4525 6034
650 561 726 635 sao
833 502 841 511 ’
1032 558 1634 638 nuruuartnoun

648 771 727 819 num
752 748 974 841 interpretes,
1002 768 1044 818 eo
1073 768 1174 819 sensu
1202 770 1299 841 quem
1325 747 1426 820 habet
1453 746 1538 843 apud
1556 758 1690 819 autores
1705 768 1822 819 omnes
1843 744 2026 819 Ecclesia-

649 868 764 953 sticos,
792 885 854 959 pro
882 860 1109 934 Ordinationo.
1169 862 1296 933 Verum
1327 867 1532 935 commumior
1551 867 1685 934 ommno
1709 884 1790 934 usus
1814 862 1900 934 illius
1927 865 2026 937 vocis

649 990 702 1054 est
726 984 759 1051 iu
787 978 920 1050 diversa
947 977 1047 1073 plone
1074 977 1335 1070 significatione,
1370 1001 1491 1074 nempe
1523 977 1719 1065 Simonias,
1749 981 1825 1051 sivo
1857 980 2026 1073 pecuniu-

649 1119 741 1187 rum,
769 1105 824 1166 aut
850 1116 1021 1165 munerum
1049 1098 1228 1166 exactione
1254 1116 1316 1188 pro
1334 1092 1607 1167 ordinationibus.
1658 1093 1709 1165 Ea
1726 1095 1922 1186 acceptione
1948 1091 2026 1165 ire-

649 1221 789 1307 qnenter
815 1213 978 1306 reperitur
1006 1213 1038 1281 in
1064 1207 1213 1281 Historia
1232 1209 1446 1299 Suruccuica,
1472 1231 1537 1282 nec
1563 1230 1637 1280 eam
1664 1212 1829 1302 interpres
1853 1208 2027 1281 intellexit.

648 1327 787 1400 Frustra
822 1349 906 1419 ergo
938 1327 1109 1399 laboratur
1136 1327 1168 1396 in
1200 1324 1286 1397 illius
1322 1328 1419 1397 vocis
1455 1324 1662 1421 etymologia
1695 1324 1914 1419 explicanda,
1950 1347 2027 1396 cum

647 1466 721 1515 rem
746 1448 870 1538 ipsam,
898 1443 940 1514 de
967 1465 1032 1537 qua
1060 1443 1184 1533 agitur,
1211 1452 1394 1513 teneamus.
1449 1441 1579 1535 Quippe
1605 1451 1732 1513 ceruum
1759 1450 1872 1513 estex
1891 1440 2027 1513 Severo

648 1559 819 1656 Episcopo
845 1557 1050 1632 Aschmoniu
1078 1558 1218 1652 aliisque
1246 1556 1433 1646 autoribus,
1460 1579 1625 1651 nunquam
1652 1557 1849 1629 electionem
1870 1558 2027 1629 Patriar-

649 1674 785 1747 charum
810 1674 1113 1749 Alexandrinorum
1149 1675 1190 1746 ad
1227 1674 1319 1748 solos
1350 1674 1591 1771 Presbyteros,
1628 1676 1824 1768 praesertim
1851 1672 2027 1745 duodenos

648 1785 744 1881 illos,
782 1814 866 1887 quos
901 1814 920 1861 a
953 1791 1072 1863 Marco
1107 1794 1273 1863 institutos
1306 1791 1439 1875 volunt,
1466 1792 1684 1885 pertinuisse,
1713 1788 1790 1880 sed,
1818 1799 1853 1860 ut
1887 1787 2027 1883 ultique,

649 1907 693 1979 ad
719 1908 870 2003 plebem,
899 1906 1050 1996 Olenum,
1078 1917 1112 1978 et
1137 1907 1337 2002 Episcopus.
1391 1905 1510 2000 Neque
1537 1904 1569 1976 id
1597 1904 1703 1978 solum
1731 1905 1876 2001 probant
1902 1903 2027 1976 Histo-

648 2025 720 2094 riae
745 2021 1053 2097 Alexandrinorum
1079 2022 1325 2111 Jacobitarum,
1353 2021 1413 2096 sed
1441 2022 1598 2096 Canones
1626 2025 1750 2117 antiqui
1764 2034 1798 2094 et
1816 2023 2028 2093 recentiores

650 2136 693 2210 alr
733 2140 915 2235 Aegyptiis
957 2138 1107 2229 collecti,
1146 2141 1345 2233 praesertim
1379 2137 1601 2211 Echmimeusi
1644 2149 1678 2210 et
1711 2136 1920 2212 Ebnassalo:
1957 2145 2027 2207 tum

651 2256 751 2325 etiam
778 2255 1005 2329 Collectiones
1033 2255 1118 2327 oliae
1152 2259 1290 2328 minoris
1321 2258 1437 2350 pretii,
1464 2254 1532 2327 sed
1562 2276 1630 2326 non
1665 2255 1804 2326 levioris
1840 2254 1928 2349 apud
1965 2272 2029 2324 eos
2169 2346 2173 2353 .

650 2373 844 2442 autoritatis.
898 2371 982 2443 Eam
1008 2393 1112 2466 porro
1142 2370 1345 2467 disciplinam
1373 2370 1540 2445 stabiliunt
1573 2394 1619 2442 ex
1646 2369 1819 2443 Ganonum
1845 2367 2028 2465 Apostoli·
2067 2452 2076 2471 .

650 2507 767 2557 corum
798 2496 833 2558 et
866 2486 1144 2559 Clementinarum
1179 2487 1455 2560 constitutionum
1489 2490 1681 2577 autoritate,
1717 2507 1803 2581 quae
1840 2484 1926 2581 apud
1965 2506 2028 2555 eos

648 2605 850 2673 inconcussa
877 2614 937 2675 est.
991 2603 1029 2675 Si
1056 2602 1134 2697 quid
1160 2612 1276 2675 contra
1301 2603 1530 2677 Alexandriae
1557 2600 1773 2676 observatum
1793 2600 1929 2693 diisset,
1957 2622 2029 2671 no-

555 2772 558 2777 .
650 2727 750 2790 tatum
777 2716 880 2807 foret,
909 2728 942 2791 et
969 2742 1014 2791 ex
1039 2719 1148 2792 Marci
1172 2717 1413 2811 Evangelistae
1439 2722 1642 2791 institutione
1670 2716 1945 2791 commendatum.

347 2835 436 2934 ⁸Ouid
471 2842 637 2894 verisimilius
754 2834 878 2906 XXVI.
906 2834 1004 2920 Quod
1031 2858 1116 2927 ergo
1143 2836 1357 2909 verisimilius
1387 2846 1439 2908 est
1465 2835 1508 2907 ud
1535 2837 1841 2931 interpretationem
1854 2831 2026 2928 Eutyclrii,

325 2920 446 3075 {¹:522}
459 2923 886 3067 ‘ffigffiodepropouemus
927 2949 1086 3023 Fatemur
1113 2975 1189 3023 eum
1215 2950 1361 3024 labulam
1387 2951 1430 3023 de
1456 2950 1631 3024 duodecim
1646 2949 1925 3045 Presbyteromm
1937 2946 2029 3019 Col-

613 3053 619 3065 ’
649 3066 741 3160 legio
768 3071 812 3138 ita
839 3066 1067 3156 intellexisse,
1093 3078 1129 3140 ut
1154 3072 1237 3163 ipsis
1265 3067 1409 3160 eligendi
1427 3065 1675 3156 Patriorcham,
1698 3070 1754 3158 jus
1770 3064 1925 3137 tributum
1942 3084 2029 3135 cre-

652 3182 780 3255 diderit.
833 3185 921 3256 Dum
947 3206 1031 3255 vero
1059 3187 1105 3254 ait
1130 3206 1245 3257 manus
1273 3188 1335 3280 ipsi
1363 3183 1558 3257 sacerdotes
1585 3185 1806 3279 imposuisse,
1832 3179 1912 3252 nihil
1938 3178 2030 3250 aliud

652 3300 871 3391 significatum
897 3299 1023 3389 voluit,
1052 3322 1151 3394 quam
1178 3300 1320 3372 electum
1348 3325 1367 3372 a
1395 3324 1433 3374 se
1461 3300 1689 3389 sacerdotem,
1716 3295 1932 3370 ordinandum
1962 3319 2031 3367 ou-

650 3437 769 3504 russe,
796 3419 881 3486 sicut
907 3419 940 3486 in
966 3418 1036 3489 vita
1055 3415 1235 3511 Agrippini
1260 3416 1475 3489 Patriarchae
1501 3418 1543 3488 X.
1570 3416 1712 3507 legimus
1740 3416 1938 3485 cormeoisso
1955 3435 2030 3506 po-

646 3530 762 3622 pulum
788 3536 822 3599 et
847 3554 965 3602 monos
991 3534 1189 3624 imposuisse
1216 3531 1282 3616 illi,
1310 3538 1414 3626 atquo
1439 3532 1529 3603 illum
1549 3532 1762 3602 ordinavisse
1780 3528 2031 3599 Potriarclaom

652 3652 686 3715 ct
712 3650 749 3715 in
775 3646 856 3716 sedo
881 3645 926 3715 D.
953 3646 1069 3717 Murci
1095 3645 1329 3718 collocavisse.
1381 3647 1512 3743 Nempe
1537 3647 1678 3742 populus
1696 3643 1921 3742 proponebat:
1948 3643 2030 3717 sui·

650 3761 759 3852 iragia
787 3785 807 3831 a
832 3761 1072 3855 Presbyteris,
1100 3773 1134 3834 et
1159 3760 1337 3858 Episcopis
1364 3760 1662 3835 confirmabantur:
1690 3773 1755 3833 tum
1778 3758 2029 3856 procedebatur

652 3875 693 3948 ad
731 3874 1001 3968 Ordinationem,
1044 3876 1086 3949 ab
1119 3877 1184 3950 illis
1217 3878 1425 3969 faciendam,
1464 3882 1518 3973 qui
1557 3878 1730 3951 ordinandi
1763 3881 1819 3969 jus
1851 3875 2029 3969 haberent,

650 4014 770 4086 nempe
803 3991 1002 4089 Episcopis3
1046 4016 1113 4066 non
1146 3993 1380 4089 Presbyteris,
1422 3995 1524 4067 multo
1561 3997 1668 4065 minus
1703 3993 1826 4067 Laicis.
1888 3993 2030 4067 Certum

651 4110 771 4204 quippe
808 4119 861 4180 est
899 4131 945 4180 ex
985 4112 1191 4205 sequentium
1230 4110 1440 4184 saeculorum
1482 4110 1674 4205 disciplina,
1711 4132 1797 4205 quae
1831 4113 2030 4205 antiquioris

649 4226 830 4318 praecipua
856 4223 1057 4297 lineamenta
1083 4229 1235 4317 retinuit,
1262 4229 1506 4321 impositionem
1531 4248 1684 4298 manuum
1712 4225 1755 4297 ad
1782 4224 1923 4297 dandum
1939 4225 2029 4322 Spi-

648 4344 745 4411 ritum
773 4351 941 4428 sanctum,
968 4351 1235 4437 potestatemque
1261 4342 1387 4434 ligandi
1413 4353 1447 4414 et
1474 4341 1644 4430 solvendi,
1671 4341 1788 4413 etalio
1811 4340 1852 4413 ad
1874 4340 2030 4433 iungen-

649 4454 725 4527 dum
752 4461 815 4526 rite
842 4464 875 4526 et
900 4455 1048 4547 legitime
1074 4456 1299 4529 sacerdotium
1325 4461 1533 4546 necessaria,
1560 4479 1727 4553 nunquam
1750 4456 1791 4529 ab
1814 4457 1887 4529 aliis
1904 4456 2031 4528 factam

650 4594 747 4659 esse,
777 4595 875 4666 quam
903 4570 944 4644 al>
972 4561 1164 4667 Episcopis:
1190 4575 1356 4645 neminem
1382 4576 1468 4645 inter
1493 4583 1543 4645 tot
1560 4571 1771 4646 Patriarchas
1799 4571 1895 4643 aliter
1920 4571 2029 4644 inisse

649 4690 877 4774 constitutum,
906 4709 1004 4781 quarn
1030 4686 1225 4783 Episcopali
1253 4688 1481 4779 ordinatione,
1508 4699 1565 4761 unt
1589 4692 1622 4760 iu
1643 4687 1726 4762 sede
1743 4687 1784 4759 D.
1800 4688 1919 4778 Marci,
1940 4710 2030 4783 qnae

648 4801 761 4874 ultima
788 4813 861 4875 erat
893 4808 1178 4877 caeremoniarum
1213 4827 1313 4901 pars,
1346 4805 1546 4880 collocatum
1582 4804 1623 4877 ab
1660 4806 1733 4879 aliis
1767 4804 1890 4896 inisse,
1928 4826 2028 4900 mam

650 4916 691 4990 ab
718 4917 904 5015 Episcopis.
