<?xml version="1.0" encoding="UTF-8"?>
<!DOCTYPE html PUBLIC "-//W3C//DTD XHTML 1.0 Transitional//EN"
    "http://www.w3.org/TR/xhtml1/DTD/xhtml1-transitional.dtd">
<html xmlns="http://www.w3.org/1999/xhtml" xml:lang="en" lang="en">
 <head>
  <title>
</title>
<meta http-equiv="Content-Type" content="text/html;charset=utf-8" />
  <meta name='ocr-system' content='tesseract 3.04.00' />
  <meta name='ocr-capabilities' content='ocr_page ocr_carea ocr_par ocr_line ocrx_word'/>
</head>
<body>
  <div class='ocr_page' id='page_1' title='image "./liturgiarumorie00unkngoog/liturgiarumorie00unkngoog_1161.png"; bbox 0 0 4525 6034; ppageno 0'>
   <div class='ocr_carea' id='block_1_1' title="bbox 281 1033 1546 1346">
    <p class='ocr_par' dir='ltr' id='par_1_1' title="bbox 281 1033 1546 1346">
     <span class='ocr_line' id='line_1_1' title="bbox 281 1033 1546 1132; baseline -0.001 -1"><span class='ocrx_word' id='word_1_1' title='bbox 281 1041 346 1131; x_wconf 91' lang='lat' dir='ltr'><strong>IN</strong></span> <span class='ocrx_word' id='word_1_2' title='bbox 386 1037 769 1132; x_wconf 79' lang='lat' dir='ltr'><strong>LITURGIAM</strong></span> <span class='ocrx_word' id='word_1_3' title='bbox 811 1033 1128 1130; x_wconf 84' lang='lat' dir='ltr'><strong>DIONYSII</strong></span> <span class='ocrx_word' id='word_1_4' title='bbox 1168 1036 1546 1132; x_wconf 79' lang='lat' dir='ltr'><strong>BARSALIBI</strong></span> 
     </span>
     <span class='ocr_line' id='line_1_2' title="bbox 827 1261 1006 1346; baseline -0.017 -2"><span class='ocrx_word' id='word_1_5' title='bbox 827 1261 1006 1346; x_wconf 72' lang='lat' dir='ltr'><strong>NOTAE</strong></span> 
     </span>
    </p>
   </div>
   <div class='ocr_carea' id='block_1_2' title="bbox 691 1543 1144 1637">
    <p class='ocr_par' dir='ltr' id='par_1_2' title="bbox 691 1543 1144 1637">
     <span class='ocr_line' id='line_1_3' title="bbox 691 1543 1144 1637; baseline 0.002 -23"><span class='ocrx_word' id='word_1_6' title='bbox 691 1544 726 1615; x_wconf 82' lang='lat'><strong>1.</strong></span> <span class='ocrx_word' id='word_1_7' title='bbox 765 1543 927 1637; x_wconf 74' lang='lat' dir='ltr'><strong><em>Dionysii</em></strong></span> <span class='ocrx_word' id='word_1_8' title='bbox 953 1543 1144 1618; x_wconf 81' lang='lat' dir='ltr'><strong>Borsulibi.</strong></span> 
     </span>
    </p>
   </div>
   <div class='ocr_carea' id='block_1_3' title="bbox 228 1733 1606 1933">
    <p class='ocr_par' dir='ltr' id='par_1_3' title="bbox 228 1733 1606 1933">
     <span class='ocr_line' id='line_1_4' title="bbox 330 1733 1605 1830; baseline -0.002 -17"><span class='ocrx_word' id='word_1_9' title='bbox 330 1733 563 1813; x_wconf 76' lang='lat' dir='ltr'><strong>Guassnnarnus</strong></span> <span class='ocrx_word' id='word_1_10' title='bbox 591 1747 646 1810; x_wconf 87' lang='lat' dir='ltr'><strong>luit</strong></span> <span class='ocrx_word' id='word_1_11' title='bbox 674 1749 754 1811; x_wconf 90' lang='lat' dir='ltr'><strong>inter</strong></span> <span class='ocrx_word' id='word_1_12' title='bbox 779 1749 874 1830; x_wconf 78' lang='lat' dir='ltr'><strong>Syros</strong></span> <span class='ocrx_word' id='word_1_13' title='bbox 895 1746 1048 1811; x_wconf 87' lang='lat' dir='ltr'><strong>Jacobitus</strong></span> <span class='ocrx_word' id='word_1_14' title='bbox 1071 1746 1262 1830; x_wconf 81' lang='lat' dir='ltr'><strong>Theologus:</strong></span> <span class='ocrx_word' id='word_1_15' title='bbox 1292 1746 1459 1810; x_wconf 88' lang='lat' dir='ltr'><strong>vocabatur</strong></span> <span class='ocrx_word' id='word_1_16' title='bbox 1482 1766 1605 1830; x_wconf 85' lang='lat' dir='ltr'><strong>quoque</strong></span> 
     </span>
     <span class='ocr_line' id='line_1_5' title="bbox 228 1848 1606 1933; baseline 0.003 -21"><span class='ocrx_word' id='word_1_17' title='bbox 228 1849 381 1929; x_wconf 85' lang='lat' dir='ltr'><strong>lacobus,</strong></span> <span class='ocrx_word' id='word_1_18' title='bbox 405 1857 437 1911; x_wconf 93' lang='lat' dir='ltr'><strong>ut</strong></span> <span class='ocrx_word' id='word_1_19' title='bbox 460 1848 615 1914; x_wconf 82' lang='lat' dir='ltr'><strong>didicimus</strong></span> <span class='ocrx_word' id='word_1_20' title='bbox 638 1870 679 1913; x_wconf 86' lang='lat' dir='ltr'><strong>ex</strong></span> <span class='ocrx_word' id='word_1_21' title='bbox 701 1851 815 1932; x_wconf 75' lang='lat' dir='ltr'><strong>aliquot</strong></span> <span class='ocrx_word' id='word_1_22' title='bbox 837 1849 1001 1914; x_wconf 77' lang='lat' dir='ltr'><strong>codicibus</strong></span> <span class='ocrx_word' id='word_1_23' title='bbox 1023 1851 1237 1933; x_wconf 75' lang='lat' dir='ltr'><strong>manuscriptis</strong></span> <span class='ocrx_word' id='word_1_24' title='bbox 1267 1851 1334 1932; x_wconf 91' lang='lat' dir='ltr'><strong>ejus</strong></span> <span class='ocrx_word' id='word_1_25' title='bbox 1356 1869 1493 1933; x_wconf 88' lang='lat' dir='ltr'><strong>operum.</strong></span> <span class='ocrx_word' id='word_1_26' title='bbox 1537 1853 1606 1916; x_wconf 85' lang='lat' dir='ltr'><strong>Fuit</strong></span> 
     </span>
    </p>
   </div>
   <div class='ocr_carea' id='block_1_4' title="bbox 229 1947 1781 2031">
    <p class='ocr_par' dir='ltr' id='par_1_4' title="bbox 229 1947 1781 2031">
     <span class='ocr_line' id='line_1_6' title="bbox 229 1947 1781 2031; baseline 0 -21"><span class='ocrx_word' id='word_1_27' title='bbox 229 1947 423 2030; x_wconf 88' lang='lat' dir='ltr'><strong>Metropolita</strong></span> <span class='ocrx_word' id='word_1_28' title='bbox 436 1948 574 2028; x_wconf 83' lang='lat' dir='ltr'><strong>Amidae,</strong></span> <span class='ocrx_word' id='word_1_29' title='bbox 589 1949 705 2012; x_wconf 84' lang='lat' dir='ltr'><strong>veteris</strong></span> <span class='ocrx_word' id='word_1_30' title='bbox 718 1957 749 2012; x_wconf 90' lang='lat' dir='ltr'><strong>et</strong></span> <span class='ocrx_word' id='word_1_31' title='bbox 772 1948 908 2012; x_wconf 84' lang='lat' dir='ltr'><strong>lanosae</strong></span> <span class='ocrx_word' id='word_1_32' title='bbox 929 1951 1025 2026; x_wconf 90' lang='lat' dir='ltr'><strong>urbis,</strong></span> <span class='ocrx_word' id='word_1_33' title='bbox 1048 1950 1086 2012; x_wconf 90' lang='lat' dir='ltr'><strong>de</strong></span> <span class='ocrx_word' id='word_1_34' title='bbox 1109 1968 1168 2031; x_wconf 90' lang='lat' dir='ltr'><strong>qua</strong></span> <span class='ocrx_word' id='word_1_35' title='bbox 1184 1949 1294 2012; x_wconf 84' lang='lat' dir='ltr'><strong>Graeci</strong></span> <span class='ocrx_word' id='word_1_36' title='bbox 1316 1957 1347 2013; x_wconf 92' lang='lat' dir='ltr'><strong>et</strong></span> <span class='ocrx_word' id='word_1_37' title='bbox 1359 1949 1457 2012; x_wconf 85' lang='lat' dir='ltr'><strong>Latini</strong></span> <span class='ocrx_word' id='word_1_38' title='bbox 1471 1960 1607 2030; x_wconf 84' lang='lat' dir='ltr'><strong>veteres,</strong></span> <span class='ocrx_word' id='word_1_39' title='bbox 1673 1961 1700 2013; x_wconf 76' lang='lat'><strong>⁷.</strong></span> <span class='ocrx_word' id='word_1_40' title='bbox 1774 1997 1781 2010; x_wconf 89' lang='lat'><strong>.</strong></span> 
     </span>
    </p>
   </div>
   <div class='ocr_carea' id='block_1_5' title="bbox 230 2048 1607 2231">
    <p class='ocr_par' dir='ltr' id='par_1_5' title="bbox 230 2048 1607 2231">
     <span class='ocr_line' id='line_1_7' title="bbox 230 2048 1607 2133; baseline 0.001 -23"><span class='ocrx_word' id='word_1_41' title='bbox 230 2048 307 2111; x_wconf 89' lang='lat' dir='ltr'><strong>sitae</strong></span> <span class='ocrx_word' id='word_1_42' title='bbox 331 2048 368 2111; x_wconf 90' lang='lat' dir='ltr'><strong>ad</strong></span> <span class='ocrx_word' id='word_1_43' title='bbox 391 2048 519 2133; x_wconf 80' lang='lat' dir='ltr'><strong>Tigrim,</strong></span> <span class='ocrx_word' id='word_1_44' title='bbox 550 2068 628 2130; x_wconf 84' lang='lat' dir='ltr'><strong>quae</strong></span> <span class='ocrx_word' id='word_1_45' title='bbox 650 2050 873 2130; x_wconf 78' lang='lat' dir='ltr'><strong>posterioribus</strong></span> <span class='ocrx_word' id='word_1_46' title='bbox 895 2049 1024 2112; x_wconf 87' lang='lat' dir='ltr'><strong>saeculis</strong></span> <span class='ocrx_word' id='word_1_47' title='bbox 1047 2048 1197 2128; x_wconf 88' lang='lat' dir='ltr'><strong>Caramit,</strong></span> <span class='ocrx_word' id='word_1_48' title='bbox 1226 2049 1292 2111; x_wconf 86' lang='lat' dir='ltr'><strong>sive</strong></span> <span class='ocrx_word' id='word_1_49' title='bbox 1319 2048 1519 2112; x_wconf 84' lang='lat' dir='ltr'><strong>Mara-Amid</strong></span> <span class='ocrx_word' id='word_1_50' title='bbox 1548 2050 1607 2112; x_wconf 89' lang='lat' dir='ltr'><strong>hoc</strong></span> 
     </span>
     <span class='ocr_line' id='line_1_8' title="bbox 231 2147 1607 2231; baseline 0.002 -23"><span class='ocrx_word' id='word_1_51' title='bbox 231 2154 279 2209; x_wconf 89' lang='lat' dir='ltr'><strong>est</strong></span> <span class='ocrx_word' id='word_1_52' title='bbox 300 2148 394 2230; x_wconf 85' lang='lat' dir='ltr'><strong>Nigra</strong></span> <span class='ocrx_word' id='word_1_53' title='bbox 418 2167 435 2210; x_wconf 90' lang='lat' dir='ltr'><strong>a</strong></span> <span class='ocrx_word' id='word_1_54' title='bbox 458 2148 565 2212; x_wconf 88' lang='lat' dir='ltr'><strong>Turois</strong></span> <span class='ocrx_word' id='word_1_55' title='bbox 588 2148 668 2212; x_wconf 90' lang='lat' dir='ltr'><strong>dicta</strong></span> <span class='ocrx_word' id='word_1_56' title='bbox 691 2157 748 2212; x_wconf 89' lang='lat' dir='ltr'><strong>est.</strong></span> <span class='ocrx_word' id='word_1_57' title='bbox 793 2148 839 2210; x_wconf 90' lang='lat' dir='ltr'><strong>De</strong></span> <span class='ocrx_word' id='word_1_58' title='bbox 868 2165 904 2209; x_wconf 89' lang='lat' dir='ltr'><strong>ea</strong></span> <span class='ocrx_word' id='word_1_59' title='bbox 932 2147 1098 2228; x_wconf 83' lang='lat' dir='ltr'><strong>Abulleda,</strong></span> <span class='ocrx_word' id='word_1_60' title='bbox 1133 2156 1165 2211; x_wconf 90' lang='lat' dir='ltr'><strong>et</strong></span> <span class='ocrx_word' id='word_1_61' title='bbox 1193 2147 1244 2210; x_wconf 93' lang='lat' dir='ltr'><strong>alii</strong></span> <span class='ocrx_word' id='word_1_62' title='bbox 1272 2147 1393 2211; x_wconf 84' lang='lat' dir='ltr'><strong>Arabes</strong></span> <span class='ocrx_word' id='word_1_63' title='bbox 1423 2149 1607 2231; x_wconf 80' lang='lat' dir='ltr'><strong>Geographi,</strong></span> 
     </span>
    </p>
   </div>
   <div class='ocr_carea' id='block_1_6' title="bbox 231 2245 1720 2330">
    <p class='ocr_par' dir='ltr' id='par_1_6' title="bbox 231 2245 1720 2330">
     <span class='ocr_line' id='line_1_9' title="bbox 231 2245 1720 2330; baseline 0.001 -22"><span class='ocrx_word' id='word_1_64' title='bbox 231 2247 282 2327; x_wconf 87' lang='lat' dir='ltr'><strong>qui</strong></span> <span class='ocrx_word' id='word_1_65' title='bbox 304 2265 370 2309; x_wconf 88' lang='lat' dir='ltr'><strong>eam</strong></span> <span class='ocrx_word' id='word_1_66' title='bbox 392 2247 576 2330; x_wconf 72' lang='lat' dir='ltr'><strong>Metropolim</strong></span> <span class='ocrx_word' id='word_1_67' title='bbox 599 2265 669 2310; x_wconf 91' lang='lat' dir='ltr'><strong>esse</strong></span> <span class='ocrx_word' id='word_1_68' title='bbox 693 2245 794 2310; x_wconf 91' lang='lat' dir='ltr'><strong>dicunt</strong></span> <span class='ocrx_word' id='word_1_69' title='bbox 816 2247 995 2310; x_wconf 86' lang='lat' dir='ltr'><strong>Provinciae</strong></span> <span class='ocrx_word' id='word_1_70' title='bbox 1016 2246 1114 2326; x_wconf 90' lang='lat' dir='ltr'><strong>illius,</strong></span> <span class='ocrx_word' id='word_1_71' title='bbox 1143 2265 1222 2328; x_wconf 87' lang='lat' dir='ltr'><strong>quae</strong></span> <span class='ocrx_word' id='word_1_72' title='bbox 1244 2245 1405 2310; x_wconf 87' lang='lat' dir='ltr'><strong>Diarbekir</strong></span> <span class='ocrx_word' id='word_1_73' title='bbox 1427 2246 1607 2328; x_wconf 89' lang='lat' dir='ltr'><strong>appellatur,</strong></span> <span class='ocrx_word' id='word_1_74' title='bbox 1718 2245 1720 2250; x_wconf 75' lang='grc'>’</span> 
     </span>
    </p>
   </div>
   <div class='ocr_carea' id='block_1_7' title="bbox 230 2345 1610 3418">
    <p class='ocr_par' dir='ltr' id='par_1_7' title="bbox 230 2345 1610 3418">
     <span class='ocr_line' id='line_1_10' title="bbox 230 2345 1608 2428; baseline 0.002 -22"><span class='ocrx_word' id='word_1_75' title='bbox 230 2352 408 2426; x_wconf 89' lang='lat' dir='ltr'><strong>partemque</strong></span> <span class='ocrx_word' id='word_1_76' title='bbox 431 2347 544 2409; x_wconf 87' lang='lat' dir='ltr'><strong>veteris</strong></span> <span class='ocrx_word' id='word_1_77' title='bbox 566 2346 803 2427; x_wconf 70' lang='lat' dir='ltr'><strong>Mesopotamiae</strong></span> <span class='ocrx_word' id='word_1_78' title='bbox 827 2346 970 2409; x_wconf 87' lang='lat' dir='ltr'><strong>continet.</strong></span> <span class='ocrx_word' id='word_1_79' title='bbox 1007 2346 1113 2408; x_wconf 87' lang='lat' dir='ltr'><strong>Daca</strong></span> <span class='ocrx_word' id='word_1_80' title='bbox 1136 2346 1211 2408; x_wconf 92' lang='lat' dir='ltr'><strong>urbe</strong></span> <span class='ocrx_word' id='word_1_81' title='bbox 1235 2345 1328 2408; x_wconf 90' lang='lat' dir='ltr'><strong>multa</strong></span> <span class='ocrx_word' id='word_1_82' title='bbox 1351 2345 1470 2409; x_wconf 89' lang='lat' dir='ltr'><strong>erudite</strong></span> <span class='ocrx_word' id='word_1_83' title='bbox 1486 2348 1608 2428; x_wconf 86' lang='lat' dir='ltr'><strong>scripsit</strong></span> 
     </span>
     <span class='ocr_line' id='line_1_11' title="bbox 230 2443 1607 2528; baseline 0.001 -21"><span class='ocrx_word' id='word_1_84' title='bbox 230 2444 365 2507; x_wconf 81' lang='lat' dir='ltr'><strong>lacobus</strong></span> <span class='ocrx_word' id='word_1_85' title='bbox 388 2443 494 2510; x_wconf 88' lang='lat' dir='ltr'><strong>Golius</strong></span> <span class='ocrx_word' id='word_1_86' title='bbox 515 2446 546 2506; x_wconf 93' lang='lat' dir='ltr'><strong>in</strong></span> <span class='ocrx_word' id='word_1_87' title='bbox 569 2447 649 2508; x_wconf 92' lang='lat' dir='ltr'><strong>notis</strong></span> <span class='ocrx_word' id='word_1_88' title='bbox 672 2443 928 2528; x_wconf 79' lang='lat' dir='ltr'><strong>adhllraganum</strong></span> <span class='ocrx_word' id='word_1_89' title='bbox 964 2443 1073 2527; x_wconf 78' lang='lat' dir='ltr'><strong>Magna</strong></span> <span class='ocrx_word' id='word_1_90' title='bbox 1084 2444 1250 2526; x_wconf 77' lang='lat' dir='ltr'><strong>Dionysius</strong></span> <span class='ocrx_word' id='word_1_91' title='bbox 1267 2446 1347 2507; x_wconf 89' lang='lat' dir='ltr'><strong>inter</strong></span> <span class='ocrx_word' id='word_1_92' title='bbox 1358 2462 1432 2507; x_wconf 88' lang='lat' dir='ltr'><strong>suos</strong></span> <span class='ocrx_word' id='word_1_93' title='bbox 1450 2445 1607 2509; x_wconf 88' lang='lat' dir='ltr'><strong>doctrinae</strong></span> 
     </span>
     <span class='ocr_line' id='line_1_12' title="bbox 231 2543 1608 2629; baseline 0.001 -24"><span class='ocrx_word' id='word_1_94' title='bbox 231 2551 262 2606; x_wconf 92' lang='lat' dir='ltr'><strong>et</strong></span> <span class='ocrx_word' id='word_1_95' title='bbox 283 2544 403 2625; x_wconf 86' lang='lat' dir='ltr'><strong>pictatis</strong></span> <span class='ocrx_word' id='word_1_96' title='bbox 426 2543 504 2607; x_wconf 88' lang='lat' dir='ltr'><strong>lama</strong></span> <span class='ocrx_word' id='word_1_97' title='bbox 526 2543 770 2620; x_wconf 89' lang='lat' dir='ltr'><strong>commendatur,</strong></span> <span class='ocrx_word' id='word_1_98' title='bbox 798 2544 910 2624; x_wconf 84' lang='lat' dir='ltr'><strong>vixque</strong></span> <span class='ocrx_word' id='word_1_99' title='bbox 939 2543 1022 2614; x_wconf 87' lang='lat' dir='ltr'><strong>ullus</strong></span> <span class='ocrx_word' id='word_1_100' title='bbox 1042 2552 1089 2606; x_wconf 89' lang='lat' dir='ltr'><strong>est</strong></span> <span class='ocrx_word' id='word_1_101' title='bbox 1110 2545 1190 2608; x_wconf 91' lang='lat' dir='ltr'><strong>inter</strong></span> <span class='ocrx_word' id='word_1_102' title='bbox 1212 2544 1399 2625; x_wconf 86' lang='lat' dir='ltr'><strong>posteriores</strong></span> <span class='ocrx_word' id='word_1_103' title='bbox 1423 2544 1608 2629; x_wconf 82' lang='lat' dir='ltr'><strong>Theologos,</strong></span> 
     </span>
     <span class='ocr_line' id='line_1_13' title="bbox 231 2641 1608 2725; baseline 0.001 -20"><span class='ocrx_word' id='word_1_104' title='bbox 231 2642 318 2723; x_wconf 90' lang='lat' dir='ltr'><strong>cujus</strong></span> <span class='ocrx_word' id='word_1_105' title='bbox 348 2644 519 2706; x_wconf 87' lang='lat' dir='ltr'><strong>testimonia</strong></span> <span class='ocrx_word' id='word_1_106' title='bbox 547 2642 738 2725; x_wconf 82' lang='lat' dir='ltr'><strong>frequentius</strong></span> <span class='ocrx_word' id='word_1_107' title='bbox 769 2650 941 2707; x_wconf 87' lang='lat' dir='ltr'><strong>occurrant.</strong></span> <span class='ocrx_word' id='word_1_108' title='bbox 985 2643 1060 2705; x_wconf 86' lang='lat' dir='ltr'><strong>Erat</strong></span> <span class='ocrx_word' id='word_1_109' title='bbox 1089 2661 1163 2705; x_wconf 89' lang='lat' dir='ltr'><strong>sane</strong></span> <span class='ocrx_word' id='word_1_110' title='bbox 1193 2641 1244 2704; x_wconf 94' lang='lat' dir='ltr'><strong>illa</strong></span> <span class='ocrx_word' id='word_1_111' title='bbox 1274 2643 1401 2724; x_wconf 76' lang='lat' dir='ltr'><strong>dignus,</strong></span> <span class='ocrx_word' id='word_1_112' title='bbox 1433 2661 1495 2706; x_wconf 93' lang='lat' dir='ltr'><strong>non</strong></span> <span class='ocrx_word' id='word_1_113' title='bbox 1516 2643 1608 2706; x_wconf 90' lang='lat' dir='ltr'><strong>modo</strong></span> 
     </span>
     <span class='ocr_line' id='line_1_14' title="bbox 232 2740 1609 2831; baseline 0.001 -27"><span class='ocrx_word' id='word_1_114' title='bbox 232 2742 313 2822; x_wconf 88' lang='lat' dir='ltr'><strong>quod</strong></span> <span class='ocrx_word' id='word_1_115' title='bbox 336 2742 429 2805; x_wconf 89' lang='lat' dir='ltr'><strong>multa</strong></span> <span class='ocrx_word' id='word_1_116' title='bbox 451 2742 620 2823; x_wconf 86' lang='lat' dir='ltr'><strong>scripserit,</strong></span> <span class='ocrx_word' id='word_1_117' title='bbox 644 2742 863 2805; x_wconf 88' lang='lat' dir='ltr'><strong>verumetiam</strong></span> <span class='ocrx_word' id='word_1_118' title='bbox 886 2740 967 2823; x_wconf 86' lang='lat' dir='ltr'><strong>quod</strong></span> <span class='ocrx_word' id='word_1_119' title='bbox 989 2741 1055 2822; x_wconf 87' lang='lat' dir='ltr'><strong>ejus</strong></span> <span class='ocrx_word' id='word_1_120' title='bbox 1078 2744 1192 2831; x_wconf 80' lang='lat' dir='ltr'><strong>scripta</strong></span> <span class='ocrx_word' id='word_1_121' title='bbox 1215 2759 1277 2804; x_wconf 94' lang='lat' dir='ltr'><strong>non</strong></span> <span class='ocrx_word' id='word_1_122' title='bbox 1299 2740 1483 2805; x_wconf 89' lang='lat' dir='ltr'><strong>mediocrem</strong></span> <span class='ocrx_word' id='word_1_123' title='bbox 1505 2760 1609 2805; x_wconf 88' lang='lat' dir='ltr'><strong>rerum</strong></span> 
     </span>
     <span class='ocr_line' id='line_1_15' title="bbox 231 2831 1609 2922; baseline 0 -17"><span class='ocrx_word' id='word_1_124' title='bbox 231 2859 386 2905; x_wconf 89' lang='lat' dir='ltr'><strong>sacrarum</strong></span> <span class='ocrx_word' id='word_1_125' title='bbox 409 2842 548 2922; x_wconf 87' lang='lat' dir='ltr'><strong>peritiam</strong></span> <span class='ocrx_word' id='word_1_126' title='bbox 571 2839 788 2920; x_wconf 84' lang='lat' dir='ltr'><strong>demonstrent,</strong></span> <span class='ocrx_word' id='word_1_127' title='bbox 811 2848 874 2903; x_wconf 86' lang='lat' dir='ltr'><strong>turn</strong></span> <span class='ocrx_word' id='word_1_128' title='bbox 896 2840 978 2922; x_wconf 90' lang='lat' dir='ltr'><strong>quod</strong></span> <span class='ocrx_word' id='word_1_129' title='bbox 1000 2842 1030 2902; x_wconf 93' lang='lat' dir='ltr'><strong>in</strong></span> <span class='ocrx_word' id='word_1_130' title='bbox 1052 2840 1182 2904; x_wconf 90' lang='lat' dir='ltr'><strong>lectione</strong></span> <span class='ocrx_word' id='word_1_131' title='bbox 1205 2831 1378 2903; x_wconf 81' lang='lat' dir='ltr'><strong>sanc‘torum</strong></span> <span class='ocrx_word' id='word_1_132' title='bbox 1394 2842 1514 2903; x_wconf 89' lang='lat' dir='ltr'><strong>Patrum</strong></span> <span class='ocrx_word' id='word_1_133' title='bbox 1533 2860 1609 2905; x_wconf 86' lang='lat' dir='ltr'><strong>ver-</strong></span> 
     </span>
     <span class='ocr_line' id='line_1_16' title="bbox 231 2939 1607 3023; baseline 0.001 -21"><span class='ocrx_word' id='word_1_134' title='bbox 231 2939 414 3004; x_wconf 87' lang='lat' dir='ltr'><strong>satissimum</strong></span> <span class='ocrx_word' id='word_1_135' title='bbox 437 2959 506 3004; x_wconf 89' lang='lat' dir='ltr'><strong>cum</strong></span> <span class='ocrx_word' id='word_1_136' title='bbox 529 2939 634 3018; x_wconf 83' lang='lat' dir='ltr'><strong>luisse,</strong></span> <span class='ocrx_word' id='word_1_137' title='bbox 659 2948 690 3004; x_wconf 91' lang='lat' dir='ltr'><strong>et</strong></span> <span class='ocrx_word' id='word_1_138' title='bbox 713 2939 891 3021; x_wconf 89' lang='lat' dir='ltr'><strong>disciplinae</strong></span> <span class='ocrx_word' id='word_1_139' title='bbox 907 2939 1141 3003; x_wconf 83' lang='lat' dir='ltr'><strong>Ecclesiasticus</strong></span> <span class='ocrx_word' id='word_1_140' title='bbox 1162 2941 1282 3019; x_wconf 79' lang='lat' dir='ltr'><strong>veteris</strong></span> <span class='ocrx_word' id='word_1_141' title='bbox 1299 2940 1429 3020; x_wconf 91' lang='lat' dir='ltr'><strong>peritum</strong></span> <span class='ocrx_word' id='word_1_142' title='bbox 1452 2958 1607 3023; x_wconf 85' lang='lat' dir='ltr'><strong>agnosca-</strong></span> 
     </span>
     <span class='ocr_line' id='line_1_17' title="bbox 230 3037 1607 3122; baseline 0 -21"><span class='ocrx_word' id='word_1_143' title='bbox 230 3047 291 3102; x_wconf 91' lang='lat' dir='ltr'><strong>tur.</strong></span> <span class='ocrx_word' id='word_1_144' title='bbox 326 3038 454 3121; x_wconf 89' lang='lat' dir='ltr'><strong>Scripsit</strong></span> <span class='ocrx_word' id='word_1_145' title='bbox 476 3047 576 3102; x_wconf 89' lang='lat' dir='ltr'><strong>autem</strong></span> <span class='ocrx_word' id='word_1_146' title='bbox 598 3039 750 3120; x_wconf 87' lang='lat' dir='ltr'><strong>prolixum</strong></span> <span class='ocrx_word' id='word_1_147' title='bbox 766 3037 1018 3102; x_wconf 79' lang='lat' dir='ltr'><strong>commentarium</strong></span> <span class='ocrx_word' id='word_1_148' title='bbox 1041 3039 1071 3101; x_wconf 91' lang='lat' dir='ltr'><strong>in</strong></span> <span class='ocrx_word' id='word_1_149' title='bbox 1094 3046 1224 3121; x_wconf 89' lang='lat' dir='ltr'><strong>quatuor</strong></span> <span class='ocrx_word' id='word_1_150' title='bbox 1237 3038 1414 3122; x_wconf 82' lang='lat' dir='ltr'><strong>Evangelia,</strong></span> <span class='ocrx_word' id='word_1_151' title='bbox 1438 3041 1524 3121; x_wconf 88' lang='lat' dir='ltr'><strong>cujus</strong></span> <span class='ocrx_word' id='word_1_152' title='bbox 1548 3038 1607 3101; x_wconf 89' lang='lat' dir='ltr'><strong>duo</strong></span> 
     </span>
     <span class='ocr_line' id='line_1_18' title="bbox 232 3137 1609 3220; baseline 0.001 -20"><span class='ocrx_word' id='word_1_153' title='bbox 232 3139 417 3220; x_wconf 86' lang='lat' dir='ltr'><strong>exemplaria</strong></span> <span class='ocrx_word' id='word_1_154' title='bbox 447 3147 551 3202; x_wconf 86' lang='lat' dir='ltr'><strong>extant</strong></span> <span class='ocrx_word' id='word_1_155' title='bbox 579 3140 609 3201; x_wconf 91' lang='lat' dir='ltr'><strong>in</strong></span> <span class='ocrx_word' id='word_1_156' title='bbox 636 3138 822 3202; x_wconf 88' lang='lat' dir='ltr'><strong>Bibliotheca</strong></span> <span class='ocrx_word' id='word_1_157' title='bbox 852 3137 1037 3202; x_wconf 84' lang='lat' dir='ltr'><strong>Colbertina.</strong></span> <span class='ocrx_word' id='word_1_158' title='bbox 1082 3137 1116 3200; x_wconf 93' lang='lat' dir='ltr'><strong>ln</strong></span> <span class='ocrx_word' id='word_1_159' title='bbox 1144 3138 1221 3201; x_wconf 90' lang='lat' dir='ltr'><strong>alios</strong></span> <span class='ocrx_word' id='word_1_160' title='bbox 1249 3155 1372 3219; x_wconf 84' lang='lat' dir='ltr'><strong>quoque</strong></span> <span class='ocrx_word' id='word_1_161' title='bbox 1394 3137 1473 3201; x_wconf 89' lang='lat' dir='ltr'><strong>Novi</strong></span> <span class='ocrx_word' id='word_1_162' title='bbox 1497 3139 1609 3202; x_wconf 87' lang='lat' dir='ltr'><strong>Testa-</strong></span> 
     </span>
     <span class='ocr_line' id='line_1_19' title="bbox 230 3236 1610 3319; baseline -0.001 -19"><span class='ocrx_word' id='word_1_163' title='bbox 230 3240 323 3301; x_wconf 89' lang='lat' dir='ltr'><strong>menti</strong></span> <span class='ocrx_word' id='word_1_164' title='bbox 353 3237 448 3301; x_wconf 88' lang='lat' dir='ltr'><strong>libros</strong></span> <span class='ocrx_word' id='word_1_165' title='bbox 478 3245 708 3300; x_wconf 89' lang='lat' dir='ltr'><strong>commentatum</strong></span> <span class='ocrx_word' id='word_1_166' title='bbox 737 3236 808 3300; x_wconf 93' lang='lat' dir='ltr'><strong>illud</strong></span> <span class='ocrx_word' id='word_1_167' title='bbox 844 3236 954 3316; x_wconf 83' lang='lat' dir='ltr'><strong>luisse,</strong></span> <span class='ocrx_word' id='word_1_168' title='bbox 992 3236 1122 3318; x_wconf 84' lang='lat' dir='ltr'><strong>probant</strong></span> <span class='ocrx_word' id='word_1_169' title='bbox 1151 3238 1318 3299; x_wconf 88' lang='lat' dir='ltr'><strong>testimonia</strong></span> <span class='ocrx_word' id='word_1_170' title='bbox 1348 3236 1435 3319; x_wconf 90' lang='lat' dir='ltr'><strong>hujus</strong></span> <span class='ocrx_word' id='word_1_171' title='bbox 1466 3239 1610 3318; x_wconf 91' lang='lat' dir='ltr'><strong>operisa</strong></span> 
     </span>
     <span class='ocr_line' id='line_1_20' title="bbox 231 3335 1608 3418; baseline 0 -19"><span class='ocrx_word' id='word_1_172' title='bbox 231 3337 383 3400; x_wconf 89' lang='lat' dir='ltr'><strong>Pocockio</strong></span> <span class='ocrx_word' id='word_1_173' title='bbox 406 3338 508 3416; x_wconf 88' lang='lat' dir='ltr'><strong>citata,</strong></span> <span class='ocrx_word' id='word_1_174' title='bbox 538 3339 569 3400; x_wconf 93' lang='lat' dir='ltr'><strong>in</strong></span> <span class='ocrx_word' id='word_1_175' title='bbox 598 3339 677 3400; x_wconf 90' lang='lat' dir='ltr'><strong>notis</strong></span> <span class='ocrx_word' id='word_1_176' title='bbox 708 3337 745 3399; x_wconf 93' lang='lat' dir='ltr'><strong>ad</strong></span> <span class='ocrx_word' id='word_1_177' title='bbox 768 3335 922 3418; x_wconf 87' lang='lat' dir='ltr'><strong>Epistulas</strong></span> <span class='ocrx_word' id='word_1_178' title='bbox 946 3335 1117 3400; x_wconf 87' lang='lat' dir='ltr'><strong>Catholicas</strong></span> <span class='ocrx_word' id='word_1_179' title='bbox 1141 3336 1266 3417; x_wconf 80' lang='lat' dir='ltr'><strong>Syriaca</strong></span> <span class='ocrx_word' id='word_1_180' title='bbox 1289 3354 1307 3397; x_wconf 91' lang='lat' dir='ltr'><strong>a</strong></span> <span class='ocrx_word' id='word_1_181' title='bbox 1330 3354 1364 3398; x_wconf 87' lang='lat' dir='ltr'><strong>se</strong></span> <span class='ocrx_word' id='word_1_182' title='bbox 1387 3336 1493 3415; x_wconf 90' lang='lat' dir='ltr'><strong>editas,</strong></span> <span class='ocrx_word' id='word_1_183' title='bbox 1517 3345 1548 3399; x_wconf 88' lang='lat' dir='ltr'><strong>et</strong></span> <span class='ocrx_word' id='word_1_184' title='bbox 1570 3337 1608 3398; x_wconf 90' lang='lat' dir='ltr'><strong>ab</strong></span> 
     </span>
    </p>
   </div>
   <div class='ocr_carea' id='block_1_8' title="bbox 1652 2458 1905 2528">
    <p class='ocr_par' dir='ltr' id='par_1_8' title="bbox 1652 2458 1905 2528">
     <span class='ocr_line' id='line_1_21' title="bbox 1652 2458 1905 2528; baseline 0.012 -18"><span class='ocrx_word' id='word_1_185' title='bbox 1652 2458 1905 2528; x_wconf 66' lang='lat' dir='ltr'><strong>pmmm</strong></span> 
     </span>
    </p>
   </div>
   <div class='ocr_carea' id='block_1_9' title="bbox 231 3434 1725 3519">
    <p class='ocr_par' dir='ltr' id='par_1_9' title="bbox 231 3434 1725 3519">
     <span class='ocr_line' id='line_1_22' title="bbox 231 3434 1725 3519; baseline -0.002 -20"><span class='ocrx_word' id='word_1_186' title='bbox 231 3437 298 3499; x_wconf 89' lang='lat' dir='ltr'><strong>allis</strong></span> <span class='ocrx_word' id='word_1_187' title='bbox 321 3437 491 3499; x_wconf 90' lang='lat' dir='ltr'><strong>autoribus:</strong></span> <span class='ocrx_word' id='word_1_188' title='bbox 514 3437 569 3500; x_wconf 91' lang='lat' dir='ltr'><strong>sed</strong></span> <span class='ocrx_word' id='word_1_189' title='bbox 592 3436 642 3499; x_wconf 94' lang='lat' dir='ltr'><strong>illa</strong></span> <span class='ocrx_word' id='word_1_190' title='bbox 665 3454 759 3519; x_wconf 89' lang='lat' dir='ltr'><strong>opera</strong></span> <span class='ocrx_word' id='word_1_191' title='bbox 780 3453 842 3498; x_wconf 92' lang='lat' dir='ltr'><strong>non</strong></span> <span class='ocrx_word' id='word_1_192' title='bbox 865 3435 1003 3501; x_wconf 86' lang='lat' dir='ltr'><strong>vidimus.</strong></span> <span class='ocrx_word' id='word_1_193' title='bbox 1038 3435 1291 3501; x_wconf 68' lang='lat' dir='ltr'><strong>Commentariun]</strong></span> <span class='ocrx_word' id='word_1_194' title='bbox 1313 3436 1343 3496; x_wconf 91' lang='lat' dir='ltr'><strong>in</strong></span> <span class='ocrx_word' id='word_1_195' title='bbox 1357 3434 1522 3517; x_wconf 86' lang='lat' dir='ltr'><strong>Liturgiam</strong></span> <span class='ocrx_word' id='word_1_196' title='bbox 1545 3436 1609 3517; x_wconf 84' lang='lat' dir='ltr'><strong>Sy·</strong></span> <span class='ocrx_word' id='word_1_197' title='bbox 1724 3493 1725 3496; x_wconf 74' lang='grc'>,</span> 
     </span>
    </p>
   </div>
   <div class='ocr_carea' id='block_1_10' title="bbox 230 3533 1609 3913">
    <p class='ocr_par' dir='ltr' id='par_1_10' title="bbox 230 3533 1609 3913">
     <span class='ocr_line' id='line_1_23' title="bbox 231 3533 1609 3618; baseline 0.001 -22"><span class='ocrx_word' id='word_1_198' title='bbox 231 3538 344 3598; x_wconf 90' lang='lat' dir='ltr'><strong>riacam</strong></span> <span class='ocrx_word' id='word_1_199' title='bbox 365 3537 461 3598; x_wconf 90' lang='lat' dir='ltr'><strong>sancti</strong></span> <span class='ocrx_word' id='word_1_200' title='bbox 482 3536 604 3615; x_wconf 81' lang='lat' dir='ltr'><strong>iacobi,</strong></span> <span class='ocrx_word' id='word_1_201' title='bbox 634 3554 694 3617; x_wconf 89' lang='lat' dir='ltr'><strong>qao</strong></span> <span class='ocrx_word' id='word_1_202' title='bbox 718 3535 894 3618; x_wconf 82' lang='lat' dir='ltr'><strong>frequenter</strong></span> <span class='ocrx_word' id='word_1_203' title='bbox 916 3538 963 3597; x_wconf 92' lang='lat' dir='ltr'><strong>usi</strong></span> <span class='ocrx_word' id='word_1_204' title='bbox 985 3552 1104 3613; x_wconf 90' lang='lat' dir='ltr'><strong>sumus,</strong></span> <span class='ocrx_word' id='word_1_205' title='bbox 1132 3552 1283 3615; x_wconf 80' lang='lat' dir='ltr'><strong>quernaque</strong></span> <span class='ocrx_word' id='word_1_206' title='bbox 1305 3533 1424 3616; x_wconf 83' lang='lat' dir='ltr'><strong>lgnatio</strong></span> <span class='ocrx_word' id='word_1_207' title='bbox 1447 3534 1609 3616; x_wconf 88' lang='lat' dir='ltr'><strong>Metropo-</strong></span> 
     </span>
     <span class='ocr_line' id='line_1_24' title="bbox 230 3632 1608 3716; baseline -0.001 -20"><span class='ocrx_word' id='word_1_208' title='bbox 230 3636 302 3697; x_wconf 90' lang='lat' dir='ltr'><strong>litae</strong></span> <span class='ocrx_word' id='word_1_209' title='bbox 325 3634 599 3716; x_wconf 83' lang='lat' dir='ltr'><strong>Hierosolymitano</strong></span> <span class='ocrx_word' id='word_1_210' title='bbox 623 3635 743 3699; x_wconf 84' lang='lat' dir='ltr'><strong>direxit.</strong></span> <span class='ocrx_word' id='word_1_211' title='bbox 788 3635 960 3697; x_wconf 83' lang='lat' dir='ltr'><strong>Tractatum</strong></span> <span class='ocrx_word' id='word_1_212' title='bbox 989 3632 1027 3697; x_wconf 90' lang='lat' dir='ltr'><strong>dc</strong></span> <span class='ocrx_word' id='word_1_213' title='bbox 1049 3633 1251 3714; x_wconf 85' lang='lat' dir='ltr'><strong>suscipiendis</strong></span> <span class='ocrx_word' id='word_1_214' title='bbox 1273 3632 1516 3714; x_wconf 89' lang='lat' dir='ltr'><strong>poenitentibus,</strong></span> <span class='ocrx_word' id='word_1_215' title='bbox 1540 3651 1608 3695; x_wconf 90' lang='lat' dir='ltr'><strong>cum</strong></span> 
     </span>
     <span class='ocr_line' id='line_1_25' title="bbox 232 3732 1608 3816; baseline 0 -21"><span class='ocrx_word' id='word_1_216' title='bbox 232 3733 413 3797; x_wconf 88' lang='lat' dir='ltr'><strong>collectione</strong></span> <span class='ocrx_word' id='word_1_217' title='bbox 437 3734 592 3798; x_wconf 88' lang='lat' dir='ltr'><strong>Canonum</strong></span> <span class='ocrx_word' id='word_1_218' title='bbox 615 3733 874 3798; x_wconf 86' lang='lat' dir='ltr'><strong>Poenitentialium</strong></span> <span class='ocrx_word' id='word_1_219' title='bbox 905 3733 942 3796; x_wconf 92' lang='lat' dir='ltr'><strong>ab</strong></span> <span class='ocrx_word' id='word_1_220' title='bbox 965 3734 1124 3816; x_wconf 90' lang='lat' dir='ltr'><strong>Episcopis</strong></span> <span class='ocrx_word' id='word_1_221' title='bbox 1147 3732 1403 3812; x_wconf 89' lang='lat' dir='ltr'><strong>Mesopotamenis</strong></span> <span class='ocrx_word' id='word_1_222' title='bbox 1425 3734 1608 3795; x_wconf 91' lang='lat' dir='ltr'><strong>constituto-</strong></span> 
     </span>
     <span class='ocr_line' id='line_1_26' title="bbox 231 3830 1608 3913; baseline -0.001 -19"><span class='ocrx_word' id='word_1_223' title='bbox 231 3851 297 3894; x_wconf 89' lang='lat' dir='ltr'><strong>rum</strong></span> <span class='ocrx_word' id='word_1_224' title='bbox 320 3852 361 3895; x_wconf 88' lang='lat' dir='ltr'><strong>ex</strong></span> <span class='ocrx_word' id='word_1_225' title='bbox 383 3834 533 3895; x_wconf 89' lang='lat' dir='ltr'><strong>communi</strong></span> <span class='ocrx_word' id='word_1_226' title='bbox 553 3833 692 3911; x_wconf 87' lang='lat' dir='ltr'><strong>consilio,</strong></span> <span class='ocrx_word' id='word_1_227' title='bbox 715 3833 745 3894; x_wconf 91' lang='lat' dir='ltr'><strong>in</strong></span> <span class='ocrx_word' id='word_1_228' title='bbox 768 3832 875 3912; x_wconf 85' lang='lat' dir='ltr'><strong>quibus</strong></span> <span class='ocrx_word' id='word_1_229' title='bbox 898 3849 993 3910; x_wconf 88' lang='lat' dir='ltr'><strong>nova,</strong></span> <span class='ocrx_word' id='word_1_230' title='bbox 1016 3832 1196 3913; x_wconf 88' lang='lat' dir='ltr'><strong>praesertim</strong></span> <span class='ocrx_word' id='word_1_231' title='bbox 1218 3832 1301 3893; x_wconf 90' lang='lat' dir='ltr'><strong>circa</strong></span> <span class='ocrx_word' id='word_1_232' title='bbox 1322 3830 1608 3895; x_wconf 87' lang='lat' dir='ltr'><strong>Ecclesiasticorum</strong></span> 
     </span>
    </p>
   </div>
   <div class='ocr_carea' id='block_1_11' title="bbox 231 3929 1656 4014">
    <p class='ocr_par' dir='ltr' id='par_1_11' title="bbox 231 3929 1656 4014">
     <span class='ocr_line' id='line_1_27' title="bbox 231 3929 1656 4014; baseline 0.001 -21"><span class='ocrx_word' id='word_1_233' title='bbox 231 3932 449 4013; x_wconf 87' lang='lat' dir='ltr'><strong>poenitentiam</strong></span> <span class='ocrx_word' id='word_1_234' title='bbox 480 3931 638 4014; x_wconf 88' lang='lat' dir='ltr'><strong>disciplina</strong></span> <span class='ocrx_word' id='word_1_235' title='bbox 668 3931 894 4013; x_wconf 87' lang='lat' dir='ltr'><strong>praescribitur.</strong></span> <span class='ocrx_word' id='word_1_236' title='bbox 941 3932 1101 3994; x_wconf 91' lang='lat' dir='ltr'><strong>Orationes</strong></span> <span class='ocrx_word' id='word_1_237' title='bbox 1137 3931 1237 3993; x_wconf 88' lang='lat' dir='ltr'><strong>varias</strong></span> <span class='ocrx_word' id='word_1_238' title='bbox 1274 3932 1363 3994; x_wconf 83' lang='lat' dir='ltr'><strong>etiarn</strong></span> <span class='ocrx_word' id='word_1_239' title='bbox 1396 3929 1521 4014; x_wconf 82' lang='lat' dir='ltr'><strong>collegit</strong></span> <span class='ocrx_word' id='word_1_240' title='bbox 1557 3942 1609 3994; x_wconf 90' lang='lat' dir='ltr'><strong>aut</strong></span> <span class='ocrx_word' id='word_1_241' title='bbox 1653 3987 1656 3994; x_wconf 90' lang='lat'><strong>.</strong></span> 
     </span>
    </p>
   </div>
   <div class='ocr_carea' id='block_1_12' title="bbox 231 4028 1610 5201">
    <p class='ocr_par' dir='ltr' id='par_1_12' title="bbox 231 4028 1610 5201">
     <span class='ocr_line' id='line_1_28' title="bbox 232 4028 1609 4113; baseline -0.001 -20"><span class='ocrx_word' id='word_1_242' title='bbox 232 4032 402 4112; x_wconf 87' lang='lat' dir='ltr'><strong>composuit</strong></span> <span class='ocrx_word' id='word_1_243' title='bbox 430 4049 525 4113; x_wconf 91' lang='lat' dir='ltr'><strong>super</strong></span> <span class='ocrx_word' id='word_1_244' title='bbox 552 4032 743 4113; x_wconf 89' lang='lat' dir='ltr'><strong>poenitentes</strong></span> <span class='ocrx_word' id='word_1_245' title='bbox 765 4030 944 4092; x_wconf 90' lang='lat' dir='ltr'><strong>recitandas.</strong></span> <span class='ocrx_word' id='word_1_246' title='bbox 990 4031 1161 4092; x_wconf 88' lang='lat' dir='ltr'><strong>Tractatum</strong></span> <span class='ocrx_word' id='word_1_247' title='bbox 1183 4028 1222 4091; x_wconf 87' lang='lat' dir='ltr'><strong>de</strong></span> <span class='ocrx_word' id='word_1_248' title='bbox 1244 4030 1337 4092; x_wconf 86' lang='lat' dir='ltr'><strong>variis</strong></span> <span class='ocrx_word' id='word_1_249' title='bbox 1361 4029 1517 4092; x_wconf 90' lang='lat' dir='ltr'><strong>Ecclesiae</strong></span> <span class='ocrx_word' id='word_1_250' title='bbox 1541 4031 1609 4091; x_wconf 90' lang='lat' dir='ltr'><strong>riti-</strong></span> 
     </span>
     <span class='ocr_line' id='line_1_29' title="bbox 232 4115 1608 4212; baseline -0.001 -19"><span class='ocrx_word' id='word_1_251' title='bbox 232 4131 306 4210; x_wconf 90' lang='lat' dir='ltr'><strong>bus,</strong></span> <span class='ocrx_word' id='word_1_252' title='bbox 338 4130 375 4193; x_wconf 91' lang='lat' dir='ltr'><strong>iis</strong></span> <span class='ocrx_word' id='word_1_253' title='bbox 398 4115 595 4212; x_wconf 80' lang='lat' dir='ltr'><strong>praesertim,</strong></span> <span class='ocrx_word' id='word_1_254' title='bbox 626 4132 677 4212; x_wconf 84' lang='lat' dir='ltr'><strong>qui</strong></span> <span class='ocrx_word' id='word_1_255' title='bbox 698 4136 836 4210; x_wconf 88' lang='lat' dir='ltr'><strong>spectant</strong></span> <span class='ocrx_word' id='word_1_256' title='bbox 858 4129 897 4191; x_wconf 92' lang='lat' dir='ltr'><strong>ad</strong></span> <span class='ocrx_word' id='word_1_257' title='bbox 919 4129 1127 4191; x_wconf 86' lang='lat' dir='ltr'><strong>Eucharistiae</strong></span> <span class='ocrx_word' id='word_1_258' title='bbox 1149 4127 1394 4192; x_wconf 88' lang='lat' dir='ltr'><strong>celebrationem.</strong></span> <span class='ocrx_word' id='word_1_259' title='bbox 1439 4127 1517 4190; x_wconf 88' lang='lat' dir='ltr'><strong>Citat</strong></span> <span class='ocrx_word' id='word_1_260' title='bbox 1538 4128 1608 4209; x_wconf 92' lang='lat' dir='ltr'><strong>ipse</strong></span> 
     </span>
     <span class='ocr_line' id='line_1_30' title="bbox 234 4225 1609 4292; baseline -0.002 -2"><span class='ocrx_word' id='word_1_261' title='bbox 234 4228 405 4291; x_wconf 83' lang='lat' dir='ltr'><strong>Tractatum</strong></span> <span class='ocrx_word' id='word_1_262' title='bbox 429 4228 578 4291; x_wconf 89' lang='lat' dir='ltr'><strong>adversus</strong></span> <span class='ocrx_word' id='word_1_263' title='bbox 601 4229 767 4292; x_wconf 72' lang='lat' dir='ltr'><strong>Arulenus:</strong></span> <span class='ocrx_word' id='word_1_264' title='bbox 791 4225 881 4288; x_wconf 90' lang='lat' dir='ltr'><strong>alium</strong></span> <span class='ocrx_word' id='word_1_265' title='bbox 902 4227 1029 4291; x_wconf 86' lang='lat' dir='ltr'><strong>vidimus</strong></span> <span class='ocrx_word' id='word_1_266' title='bbox 1053 4227 1199 4290; x_wconf 88' lang='lat' dir='ltr'><strong>adversus</strong></span> <span class='ocrx_word' id='word_1_267' title='bbox 1221 4227 1432 4291; x_wconf 90' lang='lat' dir='ltr'><strong>Nestorianos.</strong></span> <span class='ocrx_word' id='word_1_268' title='bbox 1477 4228 1609 4289; x_wconf 88' lang='lat' dir='ltr'><strong>Tracta-</strong></span> 
     </span>
     <span class='ocr_line' id='line_1_31' title="bbox 231 4324 1606 4410; baseline -0.002 -20"><span class='ocrx_word' id='word_1_269' title='bbox 231 4336 295 4390; x_wconf 89' lang='lat' dir='ltr'><strong>tum</strong></span> <span class='ocrx_word' id='word_1_270' title='bbox 317 4326 356 4391; x_wconf 89' lang='lat' dir='ltr'><strong>de</strong></span> <span class='ocrx_word' id='word_1_271' title='bbox 377 4327 466 4390; x_wconf 87' lang='lat' dir='ltr'><strong>Feria</strong></span> <span class='ocrx_word' id='word_1_272' title='bbox 488 4328 524 4389; x_wconf 83' lang='lat' dir='ltr'><strong>V.</strong></span> <span class='ocrx_word' id='word_1_273' title='bbox 548 4329 655 4410; x_wconf 89' lang='lat' dir='ltr'><strong>majori</strong></span> <span class='ocrx_word' id='word_1_274' title='bbox 682 4329 746 4389; x_wconf 91' lang='lat' dir='ltr'><strong>sive</strong></span> <span class='ocrx_word' id='word_1_275' title='bbox 778 4325 816 4389; x_wconf 89' lang='lat' dir='ltr'><strong>de</strong></span> <span class='ocrx_word' id='word_1_276' title='bbox 845 4327 1028 4389; x_wconf 89' lang='lat' dir='ltr'><strong>institutione</strong></span> <span class='ocrx_word' id='word_1_277' title='bbox 1058 4326 1285 4404; x_wconf 86' lang='lat' dir='ltr'><strong>Eucharistiae,</strong></span> <span class='ocrx_word' id='word_1_278' title='bbox 1315 4336 1347 4390; x_wconf 92' lang='lat' dir='ltr'><strong>et</strong></span> <span class='ocrx_word' id='word_1_279' title='bbox 1375 4326 1433 4388; x_wconf 92' lang='lat' dir='ltr'><strong>alia</strong></span> <span class='ocrx_word' id='word_1_280' title='bbox 1460 4343 1539 4407; x_wconf 90' lang='lat' dir='ltr'><strong>quae</strong></span> <span class='ocrx_word' id='word_1_281' title='bbox 1568 4324 1606 4387; x_wconf 92' lang='lat' dir='ltr'><strong>ad</strong></span> 
     </span>
     <span class='ocr_line' id='line_1_32' title="bbox 233 4423 1610 4508; baseline -0.004 -19"><span class='ocrx_word' id='word_1_282' title='bbox 233 4444 338 4490; x_wconf 87' lang='lat' dir='ltr'><strong>manus</strong></span> <span class='ocrx_word' id='word_1_283' title='bbox 361 4434 480 4489; x_wconf 90' lang='lat' dir='ltr'><strong>nostras</strong></span> <span class='ocrx_word' id='word_1_284' title='bbox 514 4444 574 4489; x_wconf 93' lang='lat' dir='ltr'><strong>non</strong></span> <span class='ocrx_word' id='word_1_285' title='bbox 607 4433 822 4508; x_wconf 86' lang='lat' dir='ltr'><strong>pervenerunt.</strong></span> <span class='ocrx_word' id='word_1_286' title='bbox 868 4423 901 4486; x_wconf 93' lang='lat' dir='ltr'><strong>ln</strong></span> <span class='ocrx_word' id='word_1_287' title='bbox 935 4424 1072 4489; x_wconf 89' lang='lat' dir='ltr'><strong>omnibus</strong></span> <span class='ocrx_word' id='word_1_288' title='bbox 1102 4427 1186 4489; x_wconf 90' lang='lat' dir='ltr'><strong>libris</strong></span> <span class='ocrx_word' id='word_1_289' title='bbox 1223 4425 1400 4508; x_wconf 77' lang='lat' dir='ltr'><strong>frequenter</strong></span> <span class='ocrx_word' id='word_1_290' title='bbox 1432 4430 1610 4508; x_wconf 79' lang='lat' dir='ltr'><strong>propugnat</strong></span> 
     </span>
     <span class='ocr_line' id='line_1_33' title="bbox 231 4523 1607 4607; baseline -0.004 -18"><span class='ocrx_word' id='word_1_291' title='bbox 231 4524 512 4607; x_wconf 82' lang='lat' dir='ltr'><strong>Monophysitarum</strong></span> <span class='ocrx_word' id='word_1_292' title='bbox 535 4527 707 4606; x_wconf 89' lang='lat' dir='ltr'><strong>opinionem</strong></span> <span class='ocrx_word' id='word_1_293' title='bbox 735 4524 882 4586; x_wconf 86' lang='lat' dir='ltr'><strong>adversus</strong></span> <span class='ocrx_word' id='word_1_294' title='bbox 905 4523 1188 4606; x_wconf 77' lang='lat' dir='ltr'><strong>calchedonenses,</strong></span> <span class='ocrx_word' id='word_1_295' title='bbox 1219 4526 1259 4588; x_wconf 91' lang='lat' dir='ltr'><strong>ita</strong></span> <span class='ocrx_word' id='word_1_296' title='bbox 1282 4527 1361 4589; x_wconf 88' lang='lat' dir='ltr'><strong>enirn</strong></span> <span class='ocrx_word' id='word_1_297' title='bbox 1383 4524 1495 4606; x_wconf 88' lang='lat' dir='ltr'><strong>ubique</strong></span> <span class='ocrx_word' id='word_1_298' title='bbox 1517 4530 1607 4586; x_wconf 84' lang='lat' dir='ltr'><strong>vocat</strong></span> 
     </span>
     <span class='ocr_line' id='line_1_34' title="bbox 232 4621 1609 4707; baseline -0.003 -20"><span class='ocrx_word' id='word_1_299' title='bbox 232 4625 437 4688; x_wconf 84' lang='lat' dir='ltr'><strong>Orthodoxos.</strong></span> <span class='ocrx_word' id='word_1_300' title='bbox 482 4625 670 4692; x_wconf 86' lang='lat' dir='ltr'><strong>Existimavit</strong></span> <span class='ocrx_word' id='word_1_301' title='bbox 699 4623 828 4686; x_wconf 84' lang='lat' dir='ltr'><strong>Faustus</strong></span> <span class='ocrx_word' id='word_1_302' title='bbox 851 4622 1002 4686; x_wconf 90' lang='lat' dir='ltr'><strong>Naironus</strong></span> <span class='ocrx_word' id='word_1_303' title='bbox 1030 4623 1112 4688; x_wconf 91' lang='lat' dir='ltr'><strong>illurn</strong></span> <span class='ocrx_word' id='word_1_304' title='bbox 1135 4624 1300 4707; x_wconf 82' lang='lat' dir='ltr'><strong>exprimis</strong></span> <span class='ocrx_word' id='word_1_305' title='bbox 1322 4624 1524 4688; x_wconf 86' lang='lat' dir='ltr'><strong>Jacobitarum</strong></span> <span class='ocrx_word' id='word_1_306' title='bbox 1549 4621 1609 4683; x_wconf 88' lang='lat' dir='ltr'><strong>do-</strong></span> 
     </span>
     <span class='ocr_line' id='line_1_35' title="bbox 233 4720 1609 4806; baseline -0.001 -22"><span class='ocrx_word' id='word_1_307' title='bbox 233 4722 380 4802; x_wconf 87' lang='lat' dir='ltr'><strong>ctoribus,</strong></span> <span class='ocrx_word' id='word_1_308' title='bbox 403 4724 454 4805; x_wconf 92' lang='lat' dir='ltr'><strong>qui</strong></span> <span class='ocrx_word' id='word_1_309' title='bbox 476 4723 567 4805; x_wconf 93' lang='lat' dir='ltr'><strong>paulo</strong></span> <span class='ocrx_word' id='word_1_310' title='bbox 590 4731 660 4805; x_wconf 93' lang='lat' dir='ltr'><strong>post</strong></span> <span class='ocrx_word' id='word_1_311' title='bbox 676 4722 928 4787; x_wconf 83' lang='lat' dir='ltr'><strong>calchedonense</strong></span> <span class='ocrx_word' id='word_1_312' title='bbox 945 4723 1109 4786; x_wconf 87' lang='lat' dir='ltr'><strong>Concilium</strong></span> <span class='ocrx_word' id='word_1_313' title='bbox 1132 4725 1310 4806; x_wconf 87' lang='lat' dir='ltr'><strong>scripserint</strong></span> <span class='ocrx_word' id='word_1_314' title='bbox 1336 4722 1446 4786; x_wconf 88' lang='lat' dir='ltr'><strong>luisse:</strong></span> <span class='ocrx_word' id='word_1_315' title='bbox 1470 4721 1526 4785; x_wconf 90' lang='lat' dir='ltr'><strong>sed</strong></span> <span class='ocrx_word' id='word_1_316' title='bbox 1548 4720 1609 4783; x_wconf 91' lang='lat' dir='ltr'><strong>fal-</strong></span> 
     </span>
     <span class='ocr_line' id='line_1_36' title="bbox 233 4820 1609 4906; baseline -0.004 -22"><span class='ocrx_word' id='word_1_317' title='bbox 233 4822 314 4888; x_wconf 88' lang='lat' dir='ltr'><strong>litur.</strong></span> <span class='ocrx_word' id='word_1_318' title='bbox 358 4823 434 4885; x_wconf 88' lang='lat' dir='ltr'><strong>Nam</strong></span> <span class='ocrx_word' id='word_1_319' title='bbox 464 4823 495 4885; x_wconf 93' lang='lat' dir='ltr'><strong>in</strong></span> <span class='ocrx_word' id='word_1_320' title='bbox 523 4822 676 4905; x_wconf 89' lang='lat' dir='ltr'><strong>Epistola,</strong></span> <span class='ocrx_word' id='word_1_321' title='bbox 708 4821 931 4885; x_wconf 89' lang='lat' dir='ltr'><strong>Commentario</strong></span> <span class='ocrx_word' id='word_1_322' title='bbox 961 4824 991 4884; x_wconf 92' lang='lat' dir='ltr'><strong>in</strong></span> <span class='ocrx_word' id='word_1_323' title='bbox 1020 4822 1187 4906; x_wconf 83' lang='lat' dir='ltr'><strong>Liturgiam</strong></span> <span class='ocrx_word' id='word_1_324' title='bbox 1210 4824 1379 4905; x_wconf 88' lang='lat' dir='ltr'><strong>praemissa</strong></span> <span class='ocrx_word' id='word_1_325' title='bbox 1400 4822 1438 4884; x_wconf 90' lang='lat' dir='ltr'><strong>ad</strong></span> <span class='ocrx_word' id='word_1_326' title='bbox 1461 4820 1609 4902; x_wconf 85' lang='lat' dir='ltr'><strong>lgnatium</strong></span> 
     </span>
     <span class='ocr_line' id='line_1_37' title="bbox 233 4920 1608 5003; baseline -0.004 -19"><span class='ocrx_word' id='word_1_327' title='bbox 233 4922 538 5003; x_wconf 74' lang='lat' dir='ltr'><strong>hierosolymitanum</strong></span> <span class='ocrx_word' id='word_1_328' title='bbox 566 4921 843 5002; x_wconf 85' lang='lat' dir='ltr'><strong>Metropolitanum,</strong></span> <span class='ocrx_word' id='word_1_329' title='bbox 872 4920 977 4983; x_wconf 90' lang='lat' dir='ltr'><strong>scribit</strong></span> <span class='ocrx_word' id='word_1_330' title='bbox 1003 4920 1085 4982; x_wconf 90' lang='lat' dir='ltr'><strong>illum</strong></span> <span class='ocrx_word' id='word_1_331' title='bbox 1108 4939 1124 4983; x_wconf 90' lang='lat' dir='ltr'><strong>a</strong></span> <span class='ocrx_word' id='word_1_332' title='bbox 1148 4939 1184 4984; x_wconf 90' lang='lat' dir='ltr'><strong>se</strong></span> <span class='ocrx_word' id='word_1_333' title='bbox 1206 4921 1376 5003; x_wconf 89' lang='lat' dir='ltr'><strong>postulasse</strong></span> <span class='ocrx_word' id='word_1_334' title='bbox 1399 4927 1432 4982; x_wconf 93' lang='lat' dir='ltr'><strong>ut</strong></span> <span class='ocrx_word' id='word_1_335' title='bbox 1453 4924 1608 4998; x_wconf 88' lang='lat' dir='ltr'><strong>iuterpre-</strong></span> 
     </span>
     <span class='ocr_line' id='line_1_38' title="bbox 234 5018 1606 5104; baseline -0.003 -23"><span class='ocrx_word' id='word_1_336' title='bbox 234 5022 377 5086; x_wconf 90' lang='lat' dir='ltr'><strong>tationcm</strong></span> <span class='ocrx_word' id='word_1_337' title='bbox 399 5020 554 5104; x_wconf 79' lang='lat' dir='ltr'><strong>liturgiae</strong></span> <span class='ocrx_word' id='word_1_338' title='bbox 576 5023 723 5096; x_wconf 86' lang='lat' dir='ltr'><strong>mitteret,</strong></span> <span class='ocrx_word' id='word_1_339' title='bbox 746 5037 786 5081; x_wconf 89' lang='lat' dir='ltr'><strong>ex</strong></span> <span class='ocrx_word' id='word_1_340' title='bbox 810 5020 939 5099; x_wconf 90' lang='lat' dir='ltr'><strong>antiquis</strong></span> <span class='ocrx_word' id='word_1_341' title='bbox 962 5020 1136 5096; x_wconf 88' lang='lat' dir='ltr'><strong>collectam,</strong></span> <span class='ocrx_word' id='word_1_342' title='bbox 1158 5028 1192 5082; x_wconf 92' lang='lat' dir='ltr'><strong>ut</strong></span> <span class='ocrx_word' id='word_1_343' title='bbox 1213 5021 1340 5084; x_wconf 90' lang='lat' dir='ltr'><strong>haberet</strong></span> <span class='ocrx_word' id='word_1_344' title='bbox 1362 5020 1433 5101; x_wconf 88' lang='lat' dir='ltr'><strong>quid</strong></span> <span class='ocrx_word' id='word_1_345' title='bbox 1455 5018 1606 5093; x_wconf 85' lang='lat' dir='ltr'><strong>Rauracis,</strong></span> 
     </span>
     <span class='ocr_line' id='line_1_39' title="bbox 234 5116 1606 5201; baseline -0.002 -19"><span class='ocrx_word' id='word_1_346' title='bbox 234 5120 300 5182; x_wconf 84' lang='lat' dir='ltr'><strong>sive</strong></span> <span class='ocrx_word' id='word_1_347' title='bbox 327 5120 452 5183; x_wconf 85' lang='lat' dir='ltr'><strong>Francis</strong></span> <span class='ocrx_word' id='word_1_348' title='bbox 481 5121 693 5201; x_wconf 88' lang='lat' dir='ltr'><strong>responderet.</strong></span> <span class='ocrx_word' id='word_1_349' title='bbox 737 5118 832 5200; x_wconf 80' lang='lat' dir='ltr'><strong>lgitur</strong></span> <span class='ocrx_word' id='word_1_350' title='bbox 861 5116 971 5181; x_wconf 84' lang='lat' dir='ltr'><strong>Franci</strong></span> <span class='ocrx_word' id='word_1_351' title='bbox 1001 5120 1107 5184; x_wconf 85' lang='lat' dir='ltr'><strong>urbem</strong></span> <span class='ocrx_word' id='word_1_352' title='bbox 1135 5127 1270 5183; x_wconf 90' lang='lat' dir='ltr'><strong>sanctam</strong></span> <span class='ocrx_word' id='word_1_353' title='bbox 1300 5119 1397 5183; x_wconf 88' lang='lat' dir='ltr'><strong>adhuc</strong></span> <span class='ocrx_word' id='word_1_354' title='bbox 1421 5117 1606 5183; x_wconf 89' lang='lat' dir='ltr'><strong>obtinebant.</strong></span> 
     </span>
    </p>
   </div>
   <div class='ocr_carea' id='block_1_13' title="bbox 1311 5220 1398 5297">
    <p class='ocr_par' dir='ltr' id='par_1_13' title="bbox 1311 5220 1398 5297">
     <span class='ocr_line' id='line_1_40' title="bbox 1311 5220 1398 5297; baseline 0.011 -1"><span class='ocrx_word' id='word_1_355' title='bbox 1311 5220 1398 5297; x_wconf 74' lang='lat'><strong>60*</strong></span> 
     </span>
    </p>
   </div>
   <div class='ocr_carea' id='block_1_14' title="bbox 0 0 2275 6034">
    <p class='ocr_par' dir='ltr' id='par_1_14' title="bbox 0 0 2275 6034">
     <span class='ocr_line' id='line_1_41' title="bbox 0 0 2275 6034; baseline 0 0"><span class='ocrx_word' id='word_1_356' title='bbox 0 0 2275 6034; x_wconf 95' lang='lat' dir='ltr'><strong> </strong></span> 
     </span>
    </p>
   </div>
  </div>
 </body>
</html>
