4525 6034
561 586 1190 669 SANCTICYRILLL
1514 584 1565 656 47

301 781 488 853 Diaconum
526 779 679 853 Adorate
704 779 812 850 Deum
838 799 913 849 cum
938 779 1067 849 timore.

300 931 485 1004 Sacerdoa.
529 932 673 1004 Oramus
700 940 734 1001 et
759 928 977 1001 obsecramus
1003 928 1186 1001 bonitatem
1221 937 1310 998 tuam
1346 936 1474 999 amator
1499 926 1567 998 bo-

201 1052 334 1121 minum:
369 1071 414 1120 ne
457 1047 643 1122 confundas
676 1067 740 1120 nos
776 1043 972 1117 confusione
1016 1055 1171 1133 aeterua,
1204 1066 1313 1139 neque
1345 1044 1477 1135 rejicias
1504 1064 1566 1115 nos

202 1188 320 1239 servos
347 1175 434 1254 tuos,
460 1187 571 1260 neque
597 1162 742 1259 repellas
769 1183 832 1235 nos
859 1186 879 1233 a
905 1160 994 1234 facie
1021 1171 1087 1253 tua,
1119 1182 1229 1256 neque
1256 1158 1347 1232 dicas
1373 1159 1472 1232 nobis
1498 1183 1566 1232 ne-

206 1284 272 1353 scio
304 1303 389 1354 vos:
429 1280 489 1353 scd
525 1279 565 1352 da
600 1300 704 1375 aquas
737 1278 901 1375 capitibus
941 1282 1082 1367 nostris,
1114 1287 1150 1350 ει
1183 1277 1309 1350 iontem
1344 1275 1567 1373 lacrymarum

206 1397 310 1470 oculis
335 1400 473 1486 nostrie,
500 1406 536 1468 ut
560 1396 730 1491 ploremus
759 1395 812 1467 die
839 1418 879 1467 ac
896 1406 1126 1469 noctecoram
1146 1405 1179 1466 ιε
1195 1393 1459 1482 delicmnostra3
1487 1396 1563 1488 quia

73 1592 80 1605 ,
202 1535 263 1585 nos
296 1535 409 1585 sumus
442 1511 584 1609 populus
619 1522 712 1603 tuus,
747 1521 781 1583 ει
815 1532 900 1584 oves
939 1534 1086 1607 pascuae
1118 1520 1204 1582 tuae.
1261 1510 1347 1583 Dele
1379 1512 1567 1605 iniquitates

202 1638 346 1719 nostras,
372 1640 406 1701 et
444 1633 574 1701 remitte
609 1627 728 1699 delicta
754 1637 891 1718 nostra,
924 1651 1010 1722 quae
1044 1630 1267 1700 commisimus
1297 1625 1485 1698 voluntarie
1512 1635 1569 1697 aut

203 1743 433 1835 involuntarie,
459 1748 605 1818 scienter
630 1742 687 1815 vel
713 1746 918 1836 ignoranter,
934 1743 1063 1816 occulta
1091 1754 1126 1815 et
1140 1742 1314 1816 manifesta
1330 1765 1415 1837 quae
1440 1741 1567 1837 pridem

65 1882 73 1923 :
203 1864 413 1952 agnovimus,
440 1871 496 1933 aut
521 1883 609 1956 quac
636 1857 728 1931 obliti
754 1882 879 1950 sumus,
906 1871 940 1932 et
966 1883 1052 1956 quiae
1077 1864 1174 1934 novit
1208 1881 1331 1933 nomen
1357 1869 1445 1930 tuum
1482 1881 1567 1930 san-

65 2034 70 2043 .
202 1987 298 2050 ctum.
349 1977 452 2067 Audi,
477 1978 632 2068 Domine,
660 1976 927 2071 deprecationem
954 1975 1060 2071 plebis
1086 1987 1180 2049 tuae:
1206 1980 1337 2073 respice
1365 1974 1408 2048 ad
1425 1977 1567 2069 suspiria

177 2113 378 2194 ,servorum
403 2104 551 2166 tuorum:
576 2115 687 2189 neque
713 2101 850 2188 propter
875 2078 1012 2187 peccata
1028 2117 1116 2183 mea,
1137 2103 1193 2167 aut
1212 2092 1429 2165 immunditias
1457 2091 1567 2164 cordis

201 2212 274 2300 mei,
304 2208 462 2305 deprives
490 2209 647 2306 populum
672 2219 761 2280 tuum
789 2209 934 2281 adventu
959 2210 1102 2306 Spiritus
1129 2215 1176 2282 tui
1204 2214 1320 2282 sancti.

305 2359 466 2453 Populus.
507 2359 673 2433 Miserere
698 2361 816 2451 nostri,
841 2361 935 2433 Deus
961 2370 1058 2457 pater
1084 2363 1303 2456 omnipotens.

303 2509 481 2582 Sacerdos
505 2511 648 2582 incoluit
672 2534 790 2582 monae
815 2533 896 2582 ecoe
919 2511 1006 2600 celo,
1034 2514 1206 2606 eieipnum
1232 2512 1345 2581 crocia
1368 2511 1459 2602 socii
1482 2531 1568 2582 oer-

202 2648 256 2697 roe
275 2627 449 2720 populum,
475 2650 557 2699 mos
582 2628 668 2699 dicit
693 2628 767 2699 alto
791 2650 886 2700 ooce.

304 2774 452 2873 Populus
478 2781 566 2850 enim
593 2789 688 2870 tuus,
721 2788 755 2850 et
786 2777 941 2851 Ecclesia
973 2786 1028 2851 tua
1063 2778 1242 2851 obsecrant
1272 2787 1306 2849 te
1340 2777 1506 2854 dicentes:
1534 2783 1569 2848 et

204 2917 280 2965 moa
305 2898 450 2987 respicit
475 2896 522 2966 ud
549 2896 728 2968 Orientem.

303 3045 467 3138 Populos.
508 3045 672 3120 Miserere
697 3050 815 3140 nostri,
842 3048 934 3119 Deus
959 3057 1055 3144 pater
1081 3050 1302 3141 omnipotens.

307 3195 494 3268 Sacerdos.
532 3196 697 3273 Miserere
722 3202 841 3291 nostri,
866 3200 960 3271 Deus
986 3208 1082 3294 pater
1108 3201 1328 3294 omnipotens:

303 3345 492 3419 Diocoam
531 3347 684 3436 Adorate
711 3351 820 3422 Deum
844 3359 973 3444 patrem
1000 3353 1265 3445 omnipotentem.

305 3495 482 3571 Sacerdos
493 3498 594 3570 ‘dicit
619 3502 868 3581 invocationem
892 3507 1036 3571 secreto.
1062 3499 1107 3573 Ει
1127 3503 1218 3573 mitte
1245 3500 1398 3573 deorsum
1427 3524 1472 3573 ex
1498 3525 1569 3574 ex-

207 3610 295 3684 celso
323 3622 382 3685 tuo
410 3626 541 3705 sancto,
576 3624 681 3687 etex
712 3613 900 3688 habitaculo
926 3626 983 3688 tuo
1015 3628 1227 3714 praeparato,
1253 3626 1288 3690 et
1314 3640 1360 3690 ex
1385 3620 1568 3690 incircum-

207 3732 328 3825 scripto
357 3732 432 3827 sinu
457 3739 525 3822 tuo,
554 3741 659 3804 etex
685 3732 770 3804 solio
798 3735 895 3824 regni
920 3731 1051 3825 gloriae
1077 3743 1166 3824 tuae,
1193 3734 1393 3806 Paraclitum
1419 3738 1567 3830 spiritum

207 3853 295 3916 tuum
321 3853 483 3937 sanctum
517 3848 749 3923 subsistentem
783 3850 817 3919 in
842 3870 987 3943 persona
1012 3859 1080 3938 tua,
1106 3850 1360 3940 immutabilem,
1386 3875 1451 3924 nec
1478 3851 1568 3925 alte-

205 3963 322 4032 rationi
352 3960 554 4054 obnoxium,
589 3965 772 4055 dominum,
804 3964 1045 4056 vindicantem,
1079 3970 1133 4061 qui
1168 3968 1297 4039 locutus
1330 3977 1383 4040 est
1414 3971 1447 4039 in
1478 3970 1568 4061 lege,

206 4074 390 4173 Prophetis,
419 4090 452 4151 et
476 4081 669 4176 Apostolis3
696 4084 751 4177 qui
777 4091 830 4153 est
853 4081 977 4176 ubique
1003 4093 1038 4154 et
1071 4087 1181 4156 omnia
1207 4084 1284 4157 loca
1309 4084 1435 4179 replet,
1461 4108 1570 4181 neque

207 4190 282 4264 loco
308 4197 509 4271 continetur:
537 4200 591 4292 qui
616 4195 734 4287 libere,
760 4203 897 4293 propria
912 4208 1079 4293 potestate
1097 4211 1264 4297 operatur,
1291 4198 1471 4275 secundum
1497 4224 1569 4274 vo-

209 4304 362 4380 luntatem
388 4320 490 4403 mam,
516 4318 690 4408 puritatem
715 4316 750 4383 in
782 4316 824 4386 iis
856 4337 940 4409 quos
973 4314 1092 4409 diligit:
1126 4328 1159 4389 et
1189 4339 1258 4391 non
1293 4321 1378 4392 sicut
1402 4320 1568 4390 minister:

210 4426 263 4517 qui
288 4436 339 4497 εει
364 4428 506 4522 simplex
531 4434 566 4501 in
591 4440 710 4500 natura
738 4452 810 4519 sna,
843 4435 936 4502 etin
969 4437 1164 4527 operatione
1194 4455 1254 4507 sua
1280 4433 1466 4528 multiplex:
1493 4433 1569 4507 lons

211 4538 368 4613 donorum
384 4542 587 4618 divinorum:
614 4544 903 4620 consubstantialis
928 4546 997 4638 tibi,
1025 4560 1091 4621 ate
1108 4551 1306 4646 procedens,
1325 4554 1435 4623 socius
1462 4550 1569 4621 throni

209 4661 302 4747 regni
326 4657 458 4751 gloriae
484 4672 572 4745 tuae,
604 4685 679 4733 cum
704 4661 790 4736 Filio
823 4673 879 4736 tuo
908 4666 1094 4756 unigenito,
1125 4667 1283 4756 Domino,
1317 4666 1405 4756 Deo,
1438 4666 1568 4739 Salva-

209 4779 281 4843 tore
306 4784 339 4845 et
364 4797 449 4868 rege
476 4782 619 4851 omnium
647 4788 795 4852 nostrum
829 4780 911 4854 lesu
939 4779 1089 4871 Christo,
1117 4803 1306 4877 supernos
1333 4804 1453 4856 servos
1481 4791 1569 4873 tuos,

212 4897 245 4957 et
270 4911 367 4987 super
392 4892 477 4965 haec
502 4894 696 4968 veneranda
722 4895 809 4968 dona
835 4899 1007 4993 proposita
1042 4918 1155 4970 coram
1182 4908 1234 4988 te,
1262 4920 1362 4993 super
1388 4898 1473 4972 bunc
1499 4924 1569 4995 pa-

211 5021 297 5096 nem,
322 5018 355 5080 et
380 5032 482 5107 super
508 5011 594 5084 hunc
620 5012 770 5105 calicem,
796 5024 832 5084 ut
857 5014 1067 5109 purificentur
1093 5024 1127 5086 et
1154 5013 1400 5088 transferantur.

238 5144 319 5189 lomus
331 5148 346 5190 t
1314 5134 1364 5208 22
