<?xml version="1.0" encoding="UTF-8"?>
<!DOCTYPE html PUBLIC "-//W3C//DTD XHTML 1.0 Transitional//EN"
    "http://www.w3.org/TR/xhtml1/DTD/xhtml1-transitional.dtd">
<html xmlns="http://www.w3.org/1999/xhtml" xml:lang="en" lang="en">
 <head>
  <title>
</title>
<meta http-equiv="Content-Type" content="text/html;charset=utf-8" />
  <meta name='ocr-system' content='tesseract 3.04.00' />
  <meta name='ocr-capabilities' content='ocr_page ocr_carea ocr_par ocr_line ocrx_word'/>
</head>
<body>
  <div class='ocr_page' id='page_1' title='image "./liturgiarumorie00unkngoog/liturgiarumorie00unkngoog_0905.png"; bbox 0 0 4525 6034; ppageno 0'>
   <div class='ocr_carea' id='block_1_1' title="bbox 596 557 1592 696">
    <p class='ocr_par' dir='ltr' id='par_1_1' title="bbox 596 557 1592 696">
     <span class='ocr_line' id='line_1_1' title="bbox 596 557 1592 696; baseline 0.001 -2"><span class='ocrx_word' id='word_1_1' title='bbox 596 557 603 576; x_wconf 35' lang='grc' dir='ltr'>ι</span> <span class='ocrx_word' id='word_1_2' title='bbox 642 617 673 694; x_wconf 87' lang='lat' dir='ltr'>S.</span> <span class='ocrx_word' id='word_1_3' title='bbox 700 616 962 696; x_wconf 77' lang='lat' dir='ltr'>attonitis</span> <span class='ocrx_word' id='word_1_4' title='bbox 993 618 1178 696; x_wconf 73' lang='lat' dir='ltr'>tonant</span> <span class='ocrx_word' id='word_1_5' title='bbox 1521 619 1592 695; x_wconf 80' lang='lat'>191</span> 
     </span>
    </p>
   </div>
   <div class='ocr_carea' id='block_1_2' title="bbox 219 806 1640 2873">
    <p class='ocr_par' dir='ltr' id='par_1_2' title="bbox 219 806 1640 2645">
     <span class='ocr_line' id='line_1_2' title="bbox 223 806 1595 910; baseline 0.001 -32"><span class='ocrx_word' id='word_1_6' title='bbox 223 828 289 901; x_wconf 87' lang='lat' dir='ltr'>que</span> <span class='ocrx_word' id='word_1_7' title='bbox 315 816 472 899; x_wconf 71' lang='lat' dir='ltr'>unquam</span> <span class='ocrx_word' id='word_1_8' title='bbox 498 815 722 879; x_wconf 73' lang='lat' dir='ltr'>contemtores</span> <span class='ocrx_word' id='word_1_9' title='bbox 749 808 931 899; x_wconf 89' lang='lat' dir='ltr'>majestatis</span> <span class='ocrx_word' id='word_1_10' title='bbox 958 816 1035 878; x_wconf 88' lang='lat' dir='ltr'>tuae</span> <span class='ocrx_word' id='word_1_11' title='bbox 1061 829 1125 879; x_wconf 90' lang='lat' dir='ltr'>uos</span> <span class='ocrx_word' id='word_1_12' title='bbox 1153 809 1186 910; x_wconf 87' lang='lat' dir='ltr'>in</span> <span class='ocrx_word' id='word_1_13' title='bbox 1213 806 1370 881; x_wconf 75' lang='lat' dir='ltr'><strong>tenebras</strong></span> <span class='ocrx_word' id='word_1_14' title='bbox 1404 811 1595 882; x_wconf 77' lang='lat' dir='ltr'>exteriores</span> 
     </span>
     <span class='ocr_line' id='line_1_3' title="bbox 222 920 1640 1018; baseline 0.001 -24"><span class='ocrx_word' id='word_1_15' title='bbox 222 925 366 1017; x_wconf 87' lang='lat' dir='ltr'>ejiciant.</span> <span class='ocrx_word' id='word_1_16' title='bbox 419 920 472 994; x_wconf 90' lang='lat' dir='ltr'>Ne</span> <span class='ocrx_word' id='word_1_17' title='bbox 498 925 712 1014; x_wconf 79' lang='lat' dir='ltr'>extinguatur</span> <span class='ocrx_word' id='word_1_18' title='bbox 744 921 854 994; x_wconf 88' lang='lat' dir='ltr'>lumen</span> <span class='ocrx_word' id='word_1_19' title='bbox 885 921 1074 1018; x_wconf 89' lang='lat' dir='ltr'>lampadum</span> <span class='ocrx_word' id='word_1_20' title='bbox 1106 933 1313 1011; x_wconf 89' lang='lat' dir='ltr'>nostrarum,</span> <span class='ocrx_word' id='word_1_21' title='bbox 1347 927 1393 996; x_wconf 91' lang='lat' dir='ltr'>ita</span> <span class='ocrx_word' id='word_1_22' title='bbox 1427 935 1465 997; x_wconf 91' lang='lat' dir='ltr'>ut</span> <span class='ocrx_word' id='word_1_23' title='bbox 1497 935 1595 997; x_wconf 85' lang='lat' dir='ltr'>extra</span> <span class='ocrx_word' id='word_1_24' title='bbox 1635 993 1640 1004; x_wconf 86' lang='grc'>,</span> 
     </span>
     <span class='ocr_line' id='line_1_4' title="bbox 221 1037 1595 1133; baseline -0.001 -22"><span class='ocrx_word' id='word_1_25' title='bbox 221 1037 317 1113; x_wconf 86' lang='lat' dir='ltr'>iores</span> <span class='ocrx_word' id='word_1_26' title='bbox 343 1038 475 1112; x_wconf 77' lang='lat' dir='ltr'>thalami</span> <span class='ocrx_word' id='word_1_27' title='bbox 501 1037 656 1133; x_wconf 88' lang='lat' dir='ltr'>nuptialis</span> <span class='ocrx_word' id='word_1_28' title='bbox 681 1041 728 1109; x_wconf 86' lang='lat' dir='ltr'>tui</span> <span class='ocrx_word' id='word_1_29' title='bbox 753 1060 995 1111; x_wconf 88' lang='lat' dir='ltr'>remaneamus.</span> <span class='ocrx_word' id='word_1_30' title='bbox 1027 1038 1081 1112; x_wconf 89' lang='lat' dir='ltr'>Ne</span> <span class='ocrx_word' id='word_1_31' title='bbox 1103 1042 1230 1133; x_wconf 87' lang='lat' dir='ltr'>justitia</span> <span class='ocrx_word' id='word_1_32' title='bbox 1256 1051 1313 1112; x_wconf 90' lang='lat' dir='ltr'>tna</span> <span class='ocrx_word' id='word_1_33' title='bbox 1338 1039 1437 1113; x_wconf 90' lang='lat' dir='ltr'>nobis</span> <span class='ocrx_word' id='word_1_34' title='bbox 1465 1040 1595 1111; x_wconf 91' lang='lat' dir='ltr'>adver-</span> 
     </span>
     <span class='ocr_line' id='line_1_5' title="bbox 221 1152 1597 1253; baseline 0 -26"><span class='ocrx_word' id='word_1_35' title='bbox 221 1164 330 1249; x_wconf 87' lang='lat' dir='ltr'>setur,</span> <span class='ocrx_word' id='word_1_36' title='bbox 363 1177 472 1251; x_wconf 87' lang='lat' dir='ltr'>neque</span> <span class='ocrx_word' id='word_1_37' title='bbox 504 1157 538 1226; x_wconf 94' lang='lat' dir='ltr'>in</span> <span class='ocrx_word' id='word_1_38' title='bbox 570 1152 727 1227; x_wconf 81' lang='lat' dir='ltr'>tenebras</span> <span class='ocrx_word' id='word_1_39' title='bbox 759 1157 965 1243; x_wconf 82' lang='lat' dir='ltr'>exteriores,</span> <span class='ocrx_word' id='word_1_40' title='bbox 998 1164 1032 1227; x_wconf 88' lang='lat' dir='ltr'>et</span> <span class='ocrx_word' id='word_1_41' title='bbox 1062 1157 1239 1228; x_wconf 90' lang='lat' dir='ltr'>stridorem</span> <span class='ocrx_word' id='word_1_42' title='bbox 1274 1155 1419 1229; x_wconf 89' lang='lat' dir='ltr'>dentiam</span> <span class='ocrx_word' id='word_1_43' title='bbox 1454 1158 1597 1253; x_wconf 83' lang='lat' dir='ltr'>projecti</span> 
     </span>
     <span class='ocr_line' id='line_1_6' title="bbox 220 1269 1594 1368; baseline 0.002 -27"><span class='ocrx_word' id='word_1_44' title='bbox 220 1275 417 1343; x_wconf 82' lang='lat' dir='ltr'>cruciemur.</span> <span class='ocrx_word' id='word_1_45' title='bbox 477 1269 611 1343; x_wconf 81' lang='lat' dir='ltr'>Exhibe</span> <span class='ocrx_word' id='word_1_46' title='bbox 647 1271 805 1343; x_wconf 80' lang='lat' dir='ltr'>auxilinm</span> <span class='ocrx_word' id='word_1_47' title='bbox 839 1275 970 1363; x_wconf 80' lang='lat' dir='ltr'>gratiae</span> <span class='ocrx_word' id='word_1_48' title='bbox 1002 1281 1094 1343; x_wconf 85' lang='lat' dir='ltr'>tuae¹</span> <span class='ocrx_word' id='word_1_49' title='bbox 1115 1294 1200 1364; x_wconf 81' lang='lat' dir='ltr'>erga</span> <span class='ocrx_word' id='word_1_50' title='bbox 1239 1271 1403 1368; x_wconf 86' lang='lat' dir='ltr'>malitiam</span> <span class='ocrx_word' id='word_1_51' title='bbox 1430 1282 1594 1346; x_wconf 78' lang='lat' dir='ltr'>nosaam:</span> 
     </span>
     <span class='ocr_line' id='line_1_7' title="bbox 221 1386 1595 1483; baseline 0.001 -25"><span class='ocrx_word' id='word_1_52' title='bbox 221 1386 353 1458; x_wconf 82' lang='lat' dir='ltr'>effunde</span> <span class='ocrx_word' id='word_1_53' title='bbox 379 1387 520 1483; x_wconf 82' lang='lat' dir='ltr'>pelagus</span> <span class='ocrx_word' id='word_1_54' title='bbox 546 1389 769 1461; x_wconf 84' lang='lat' dir='ltr'>miserationis</span> <span class='ocrx_word' id='word_1_55' title='bbox 797 1398 873 1459; x_wconf 89' lang='lat' dir='ltr'>tuae</span> <span class='ocrx_word' id='word_1_56' title='bbox 899 1410 1001 1483; x_wconf 91' lang='lat' dir='ltr'>super</span> <span class='ocrx_word' id='word_1_57' title='bbox 1026 1392 1205 1483; x_wconf 83' lang='lat' dir='ltr'>nequitiam</span> <span class='ocrx_word' id='word_1_58' title='bbox 1231 1400 1399 1476; x_wconf 87' lang='lat' dir='ltr'>nostram,</span> <span class='ocrx_word' id='word_1_59' title='bbox 1435 1402 1469 1462; x_wconf 93' lang='lat' dir='ltr'>et</span> <span class='ocrx_word' id='word_1_60' title='bbox 1496 1388 1595 1462; x_wconf 89' lang='lat' dir='ltr'>abluo</span> 
     </span>
     <span class='ocr_line' id='line_1_8' title="bbox 219 1502 1596 1580; baseline 0.001 -4"><span class='ocrx_word' id='word_1_61' title='bbox 219 1514 339 1578; x_wconf 92' lang='lat' dir='ltr'>nostra</span> <span class='ocrx_word' id='word_1_62' title='bbox 365 1509 511 1577; x_wconf 89' lang='lat' dir='ltr'>crimina.</span> <span class='ocrx_word' id='word_1_63' title='bbox 563 1504 686 1577; x_wconf 84' lang='lat' dir='ltr'>Emitte</span> <span class='ocrx_word' id='word_1_64' title='bbox 718 1503 948 1576; x_wconf 87' lang='lat' dir='ltr'>abundantiam</span> <span class='ocrx_word' id='word_1_65' title='bbox 982 1502 1179 1576; x_wconf 89' lang='lat' dir='ltr'>clementiae</span> <span class='ocrx_word' id='word_1_66' title='bbox 1211 1517 1288 1578; x_wconf 88' lang='lat' dir='ltr'>tuae</span> <span class='ocrx_word' id='word_1_67' title='bbox 1323 1516 1356 1577; x_wconf 90' lang='lat' dir='ltr'>et</span> <span class='ocrx_word' id='word_1_68' title='bbox 1389 1509 1513 1580; x_wconf 91' lang='lat' dir='ltr'>amoris</span> <span class='ocrx_word' id='word_1_69' title='bbox 1549 1509 1596 1578; x_wconf 87' lang='lat' dir='ltr'>tui</span> 
     </span>
     <span class='ocr_line' id='line_1_9' title="bbox 221 1618 1593 1717; baseline 0 -24"><span class='ocrx_word' id='word_1_70' title='bbox 221 1643 307 1713; x_wconf 82' lang='lat' dir='ltr'>erga</span> <span class='ocrx_word' id='word_1_71' title='bbox 335 1620 503 1717; x_wconf 86' lang='lat' dir='ltr'>homines,</span> <span class='ocrx_word' id='word_1_72' title='bbox 537 1631 571 1692; x_wconf 92' lang='lat' dir='ltr'>et</span> <span class='ocrx_word' id='word_1_73' title='bbox 601 1619 676 1693; x_wconf 88' lang='lat' dir='ltr'>dele</span> <span class='ocrx_word' id='word_1_74' title='bbox 702 1642 789 1715; x_wconf 83' lang='lat' dir='ltr'>qnae</span> <span class='ocrx_word' id='word_1_75' title='bbox 815 1623 849 1691; x_wconf 93' lang='lat' dir='ltr'>iu</span> <span class='ocrx_word' id='word_1_76' title='bbox 875 1618 974 1694; x_wconf 90' lang='lat' dir='ltr'>nobis</span> <span class='ocrx_word' id='word_1_77' title='bbox 1001 1620 1079 1696; x_wconf 90' lang='lat' dir='ltr'>odio</span> <span class='ocrx_word' id='word_1_78' title='bbox 1107 1621 1208 1713; x_wconf 75' lang='lat' dir='ltr'>digna</span> <span class='ocrx_word' id='word_1_79' title='bbox 1235 1635 1325 1695; x_wconf 90' lang='lat' dir='ltr'>sunt:</span> <span class='ocrx_word' id='word_1_80' title='bbox 1353 1627 1487 1696; x_wconf 89' lang='lat' dir='ltr'>contine</span> <span class='ocrx_word' id='word_1_81' title='bbox 1514 1622 1593 1694; x_wconf 88' lang='lat' dir='ltr'>Do-</span> 
     </span>
     <span class='ocr_line' id='line_1_10' title="bbox 220 1734 1593 1833; baseline 0.001 -22"><span class='ocrx_word' id='word_1_82' title='bbox 220 1743 311 1811; x_wconf 89' lang='lat' dir='ltr'>mine</span> <span class='ocrx_word' id='word_1_83' title='bbox 338 1737 560 1810; x_wconf 83' lang='lat' dir='ltr'>tortitudinem</span> <span class='ocrx_word' id='word_1_84' title='bbox 587 1745 688 1823; x_wconf 87' lang='lat' dir='ltr'>tuam,</span> <span class='ocrx_word' id='word_1_85' title='bbox 715 1745 749 1807; x_wconf 93' lang='lat' dir='ltr'>et</span> <span class='ocrx_word' id='word_1_86' title='bbox 766 1734 889 1808; x_wconf 93' lang='lat' dir='ltr'>blando</span> <span class='ocrx_word' id='word_1_87' title='bbox 911 1759 994 1830; x_wconf 84' lang='lat' dir='ltr'>erga</span> <span class='ocrx_word' id='word_1_88' title='bbox 1009 1759 1073 1811; x_wconf 89' lang='lat' dir='ltr'>nos</span> <span class='ocrx_word' id='word_1_89' title='bbox 1091 1748 1230 1833; x_wconf 91' lang='lat' dir='ltr'>aspectu</span> <span class='ocrx_word' id='word_1_90' title='bbox 1249 1748 1390 1812; x_wconf 74' lang='lat' dir='ltr'>muman</span> <span class='ocrx_word' id='word_1_91' title='bbox 1409 1740 1593 1833; x_wconf 80' lang='lat' dir='ltr'>indignatio</span> 
     </span>
     <span class='ocr_line' id='line_1_11' title="bbox 220 1852 1593 1950; baseline -0.001 -22"><span class='ocrx_word' id='word_1_92' title='bbox 220 1864 291 1947; x_wconf 89' lang='lat' dir='ltr'>tna,</span> <span class='ocrx_word' id='word_1_93' title='bbox 315 1856 493 1950; x_wconf 85' lang='lat' dir='ltr'>voltusque</span> <span class='ocrx_word' id='word_1_94' title='bbox 519 1856 564 1926; x_wconf 87' lang='lat' dir='ltr'>toi</span> <span class='ocrx_word' id='word_1_95' title='bbox 591 1855 804 1926; x_wconf 86' lang='lat' dir='ltr'>serenitatem</span> <span class='ocrx_word' id='word_1_96' title='bbox 831 1853 1023 1928; x_wconf 90' lang='lat' dir='ltr'>demonstra</span> <span class='ocrx_word' id='word_1_97' title='bbox 1049 1852 1165 1942; x_wconf 90' lang='lat' dir='ltr'>nobis,</span> <span class='ocrx_word' id='word_1_98' title='bbox 1191 1864 1227 1926; x_wconf 91' lang='lat' dir='ltr'>ut</span> <span class='ocrx_word' id='word_1_99' title='bbox 1251 1858 1402 1929; x_wconf 87' lang='lat' dir='ltr'>victores</span> <span class='ocrx_word' id='word_1_100' title='bbox 1429 1859 1462 1928; x_wconf 92' lang='lat' dir='ltr'>in</span> <span class='ocrx_word' id='word_1_101' title='bbox 1490 1877 1593 1928; x_wconf 89' lang='lat' dir='ltr'>cansa</span> 
     </span>
     <span class='ocr_line' id='line_1_12' title="bbox 221 1968 1592 2071; baseline -0.001 -27"><span class='ocrx_word' id='word_1_102' title='bbox 221 1982 437 2071; x_wconf 88' lang='lat' dir='ltr'>peccatorum</span> <span class='ocrx_word' id='word_1_103' title='bbox 463 1982 654 2043; x_wconf 87' lang='lat' dir='ltr'>nostrornm</span> <span class='ocrx_word' id='word_1_104' title='bbox 680 1990 795 2041; x_wconf 93' lang='lat' dir='ltr'>coram</span> <span class='ocrx_word' id='word_1_105' title='bbox 822 1968 904 2042; x_wconf 89' lang='lat' dir='ltr'>sede</span> <span class='ocrx_word' id='word_1_106' title='bbox 930 1972 1112 2062; x_wconf 86' lang='lat' dir='ltr'>majestatie</span> <span class='ocrx_word' id='word_1_107' title='bbox 1144 1980 1221 2043; x_wconf 87' lang='lat' dir='ltr'>tuae</span> <span class='ocrx_word' id='word_1_108' title='bbox 1253 1994 1490 2069; x_wconf 82' lang='lat' dir='ltr'>appareamus:</span> <span class='ocrx_word' id='word_1_109' title='bbox 1523 1992 1592 2043; x_wconf 91' lang='lat' dir='ltr'>nn-</span> 
     </span>
     <span class='ocr_line' id='line_1_13' title="bbox 220 2086 1593 2179; baseline -0.002 -16"><span class='ocrx_word' id='word_1_110' title='bbox 220 2112 389 2163; x_wconf 87' lang='lat' dir='ltr'>meremnr</span> <span class='ocrx_word' id='word_1_111' title='bbox 423 2091 522 2161; x_wconf 88' lang='lat' dir='ltr'>etiam</span> <span class='ocrx_word' id='word_1_112' title='bbox 554 2089 640 2158; x_wconf 89' lang='lat' dir='ltr'>inter</span> <span class='ocrx_word' id='word_1_113' title='bbox 679 2096 822 2159; x_wconf 87' lang='lat' dir='ltr'>vocatos</span> <span class='ocrx_word' id='word_1_114' title='bbox 856 2086 898 2158; x_wconf 94' lang='lat' dir='ltr'>ad</span> <span class='ocrx_word' id='word_1_115' title='bbox 937 2108 1078 2179; x_wconf 81' lang='lat' dir='ltr'>regnum</span> <span class='ocrx_word' id='word_1_116' title='bbox 1111 2097 1218 2175; x_wconf 79' lang='lat' dir='ltr'>mum,</span> <span class='ocrx_word' id='word_1_117' title='bbox 1252 2098 1286 2161; x_wconf 90' lang='lat' dir='ltr'>et</span> <span class='ocrx_word' id='word_1_118' title='bbox 1318 2092 1405 2160; x_wconf 92' lang='lat' dir='ltr'>inter</span> <span class='ocrx_word' id='word_1_119' title='bbox 1434 2091 1593 2161; x_wconf 88' lang='lat' dir='ltr'>invitatos</span> 
     </span>
     <span class='ocr_line' id='line_1_14' title="bbox 221 2201 1594 2301; baseline -0.004 -22"><span class='ocrx_word' id='word_1_120' title='bbox 221 2205 468 2280; x_wconf 86' lang='lat' dir='ltr'>discumbentes</span> <span class='ocrx_word' id='word_1_121' title='bbox 501 2204 587 2301; x_wconf 89' lang='lat' dir='ltr'>apud</span> <span class='ocrx_word' id='word_1_122' title='bbox 620 2214 654 2275; x_wconf 91' lang='lat' dir='ltr'>te</span> <span class='ocrx_word' id='word_1_123' title='bbox 685 2201 907 2286; x_wconf 85' lang='lat' dir='ltr'>collocemur,</span> <span class='ocrx_word' id='word_1_124' title='bbox 940 2211 974 2274; x_wconf 88' lang='lat' dir='ltr'>ct</span> <span class='ocrx_word' id='word_1_125' title='bbox 1007 2202 1187 2299; x_wconf 88' lang='lat' dir='ltr'>splendore</span> <span class='ocrx_word' id='word_1_126' title='bbox 1219 2203 1303 2275; x_wconf 90' lang='lat' dir='ltr'>lucis</span> <span class='ocrx_word' id='word_1_127' title='bbox 1339 2214 1416 2276; x_wconf 87' lang='lat' dir='ltr'>tuae</span> <span class='ocrx_word' id='word_1_128' title='bbox 1448 2206 1594 2275; x_wconf 84' lang='lat' dir='ltr'>eximiae</span> 
     </span>
     <span class='ocr_line' id='line_1_15' title="bbox 220 2318 1593 2420; baseline -0.004 -25"><span class='ocrx_word' id='word_1_129' title='bbox 220 2347 296 2395; x_wconf 91' lang='lat' dir='ltr'>cnm</span> <span class='ocrx_word' id='word_1_130' title='bbox 323 2321 496 2420; x_wconf 87' lang='lat' dir='ltr'>voluptate</span> <span class='ocrx_word' id='word_1_131' title='bbox 522 2319 740 2417; x_wconf 86' lang='lat' dir='ltr'>perlinamnr.</span> <span class='ocrx_word' id='word_1_132' title='bbox 773 2319 958 2415; x_wconf 89' lang='lat' dir='ltr'>Propterea</span> <span class='ocrx_word' id='word_1_133' title='bbox 973 2318 1128 2392; x_wconf 86' lang='lat' dir='ltr'>Ecclesia</span> <span class='ocrx_word' id='word_1_134' title='bbox 1154 2329 1210 2391; x_wconf 87' lang='lat' dir='ltr'>tna</span> <span class='ocrx_word' id='word_1_135' title='bbox 1237 2332 1323 2408; x_wconf 87' lang='lat' dir='ltr'>orat,</span> <span class='ocrx_word' id='word_1_136' title='bbox 1351 2330 1384 2391; x_wconf 90' lang='lat' dir='ltr'>et</span> <span class='ocrx_word' id='word_1_137' title='bbox 1409 2342 1499 2413; x_wconf 80' lang='lat' dir='ltr'>grex</span> <span class='ocrx_word' id='word_1_138' title='bbox 1517 2330 1593 2392; x_wconf 88' lang='lat' dir='ltr'>tuns</span> 
     </span>
     <span class='ocr_line' id='line_1_16' title="bbox 220 2434 1593 2536; baseline -0.005 -23"><span class='ocrx_word' id='word_1_139' title='bbox 220 2441 431 2536; x_wconf 89' lang='lat' dir='ltr'>deprecatur,</span> <span class='ocrx_word' id='word_1_140' title='bbox 457 2437 658 2511; x_wconf 77' lang='lat' dir='ltr'>atrocibus</span> <span class='ocrx_word' id='word_1_141' title='bbox 684 2434 931 2531; x_wconf 86' lang='lat' dir='ltr'>triumphalibus</span> <span class='ocrx_word' id='word_1_142' title='bbox 957 2446 992 2508; x_wconf 87' lang='lat' dir='ltr'>te</span> <span class='ocrx_word' id='word_1_143' title='bbox 1017 2435 1222 2532; x_wconf 86' lang='lat' dir='ltr'>interpellat,</span> <span class='ocrx_word' id='word_1_144' title='bbox 1252 2436 1593 2531; x_wconf 78' lang='lat' dir='ltr'>misericordiamque,</span> 
     </span>
     <span class='ocr_line' id='line_1_17' title="bbox 220 2551 1310 2645; baseline -0.005 -16"><span class='ocrx_word' id='word_1_145' title='bbox 220 2568 256 2629; x_wconf 87' lang='lat' dir='ltr'>et</span> <span class='ocrx_word' id='word_1_146' title='bbox 281 2558 489 2630; x_wconf 90' lang='lat' dir='ltr'>clementiam</span> <span class='ocrx_word' id='word_1_147' title='bbox 517 2578 537 2626; x_wconf 91' lang='lat' dir='ltr'>a</span> <span class='ocrx_word' id='word_1_148' title='bbox 562 2564 597 2626; x_wconf 89' lang='lat' dir='ltr'>te</span> <span class='ocrx_word' id='word_1_149' title='bbox 622 2552 761 2645; x_wconf 79' lang='lat' dir='ltr'>flagitat,</span> <span class='ocrx_word' id='word_1_150' title='bbox 788 2563 821 2625; x_wconf 91' lang='lat' dir='ltr'>et</span> <span class='ocrx_word' id='word_1_151' title='bbox 847 2551 1004 2627; x_wconf 90' lang='lat' dir='ltr'>obsecrat</span> <span class='ocrx_word' id='word_1_152' title='bbox 1030 2564 1063 2624; x_wconf 91' lang='lat' dir='ltr'>te</span> <span class='ocrx_word' id='word_1_153' title='bbox 1090 2553 1214 2626; x_wconf 88' lang='lat' dir='ltr'>dicens.</span> <span class='ocrx_word' id='word_1_154' title='bbox 1307 2605 1310 2616; x_wconf 85' lang='lat'>.</span> 
     </span>
    </p>

    <p class='ocr_par' dir='ltr' id='par_1_3' title="bbox 324 2668 711 2765">
     <span class='ocr_line' id='line_1_18' title="bbox 324 2668 711 2765; baseline -0.016 -20"><span class='ocrx_word' id='word_1_155' title='bbox 324 2672 484 2765; x_wconf 78' lang='lat' dir='ltr'>Populus.</span> <span class='ocrx_word' id='word_1_156' title='bbox 536 2668 711 2742; x_wconf 85' lang='lat' dir='ltr'>Miserere.</span> 
     </span>
    </p>

    <p class='ocr_par' dir='ltr' id='par_1_4' title="bbox 324 2783 1151 2873">
     <span class='ocr_line' id='line_1_19' title="bbox 324 2783 1151 2873; baseline -0.01 -12"><span class='ocrx_word' id='word_1_157' title='bbox 324 2788 511 2861; x_wconf 60' lang='lat' dir='ltr'>munaus.</span> <span class='ocrx_word' id='word_1_158' title='bbox 565 2787 671 2873; x_wconf 86' lang='lat' dir='ltr'>Quam</span> <span class='ocrx_word' id='word_1_159' title='bbox 698 2784 842 2857; x_wconf 88' lang='lat' dir='ltr'>timenda</span> <span class='ocrx_word' id='word_1_160' title='bbox 869 2793 922 2857; x_wconf 90' lang='lat' dir='ltr'>ost</span> <span class='ocrx_word' id='word_1_161' title='bbox 947 2784 1031 2856; x_wconf 89' lang='lat' dir='ltr'>haec</span> <span class='ocrx_word' id='word_1_162' title='bbox 1057 2783 1151 2857; x_wconf 92' lang='lat' dir='ltr'>bora.</span> 
     </span>
    </p>
   </div>
   <div class='ocr_carea' id='block_1_3' title="bbox 325 2902 804 2998">
    <p class='ocr_par' dir='ltr' id='par_1_5' title="bbox 325 2902 804 2998">
     <span class='ocr_line' id='line_1_20' title="bbox 325 2902 804 2998; baseline -0.01 -21"><span class='ocrx_word' id='word_1_163' title='bbox 325 2905 511 2978; x_wconf 82' lang='lat' dir='ltr'>Sacerdos.</span> <span class='ocrx_word' id='word_1_164' title='bbox 563 2902 636 2975; x_wconf 91' lang='lat' dir='ltr'>Nos</span> <span class='ocrx_word' id='word_1_165' title='bbox 663 2923 804 2998; x_wconf 85' lang='lat' dir='ltr'>quoque.</span> 
     </span>
    </p>
   </div>
   <div class='ocr_carea' id='block_1_4' title="bbox 256 3224 1565 3318">
    <p class='ocr_par' dir='ltr' id='par_1_6' title="bbox 256 3224 1565 3318">
     <span class='ocr_line' id='line_1_21' title="bbox 256 3224 1565 3318; baseline -0.006 -12"><span class='ocrx_word' id='word_1_166' title='bbox 256 3233 433 3306; x_wconf 74' lang='lat' dir='ltr'>Sacerdos</span> <span class='ocrx_word' id='word_1_167' title='bbox 462 3230 647 3303; x_wconf 73' lang='lat' dir='ltr'>actiacae</span> <span class='ocrx_word' id='word_1_168' title='bbox 672 3230 758 3301; x_wconf 77' lang='lat' dir='ltr'>dicit</span> <span class='ocrx_word' id='word_1_169' title='bbox 784 3229 981 3300; x_wconf 61' lang='lat' dir='ltr'>&amp;attacum</span> <span class='ocrx_word' id='word_1_170' title='bbox 1007 3228 1242 3299; x_wconf 78' lang='lat' dir='ltr'>luvocatioutr</span> <span class='ocrx_word' id='word_1_171' title='bbox 1267 3224 1420 3318; x_wconf 79' lang='lat' dir='ltr'>Spiritus</span> <span class='ocrx_word' id='word_1_172' title='bbox 1444 3230 1565 3298; x_wconf 81' lang='lat' dir='ltr'>saactr&#39;.</span> 
     </span>
    </p>
   </div>
   <div class='ocr_carea' id='block_1_5' title="bbox 213 3447 1592 5183">
    <p class='ocr_par' dir='ltr' id='par_1_7' title="bbox 213 3447 1592 4368">
     <span class='ocr_line' id='line_1_22' title="bbox 330 3447 1592 3541; baseline -0.002 -10"><span class='ocrx_word' id='word_1_173' title='bbox 330 3456 557 3531; x_wconf 85' lang='lat' dir='ltr'>Obsecramus</span> <span class='ocrx_word' id='word_1_174' title='bbox 584 3465 618 3525; x_wconf 91' lang='lat' dir='ltr'>te</span> <span class='ocrx_word' id='word_1_175' title='bbox 645 3457 856 3527; x_wconf 88' lang='lat' dir='ltr'>sanctissime</span> <span class='ocrx_word' id='word_1_176' title='bbox 889 3450 997 3541; x_wconf 90' lang='lat' dir='ltr'>Deus,</span> <span class='ocrx_word' id='word_1_177' title='bbox 1029 3454 1121 3524; x_wconf 89' lang='lat' dir='ltr'>mitte</span> <span class='ocrx_word' id='word_1_178' title='bbox 1155 3450 1197 3522; x_wconf 93' lang='lat' dir='ltr'>ad</span> <span class='ocrx_word' id='word_1_179' title='bbox 1230 3471 1293 3523; x_wconf 90' lang='lat' dir='ltr'>nos</span> <span class='ocrx_word' id='word_1_180' title='bbox 1329 3472 1374 3521; x_wconf 89' lang='lat' dir='ltr'>ex</span> <span class='ocrx_word' id='word_1_181' title='bbox 1405 3447 1592 3528; x_wconf 88' lang='lat' dir='ltr'>habitaculo</span> 
     </span>
     <span class='ocr_line' id='line_1_23' title="bbox 213 3565 1590 3676; baseline -0.008 -28"><span class='ocrx_word' id='word_1_182' title='bbox 213 3578 315 3668; x_wconf 82' lang='lat' dir='ltr'>regni</span> <span class='ocrx_word' id='word_1_183' title='bbox 340 3577 386 3646; x_wconf 88' lang='lat' dir='ltr'>tni</span> <span class='ocrx_word' id='word_1_184' title='bbox 413 3575 562 3676; x_wconf 66' lang='lat' dir='ltr'>aetemi,</span> <span class='ocrx_word' id='word_1_185' title='bbox 578 3581 612 3642; x_wconf 86' lang='lat' dir='ltr'>et</span> <span class='ocrx_word' id='word_1_186' title='bbox 638 3595 685 3643; x_wconf 83' lang='lat' dir='ltr'>ex</span> <span class='ocrx_word' id='word_1_187' title='bbox 710 3573 852 3662; x_wconf 82' lang='lat' dir='ltr'>regione</span> <span class='ocrx_word' id='word_1_188' title='bbox 878 3572 1089 3665; x_wconf 89' lang='lat' dir='ltr'>praesentiae</span> <span class='ocrx_word' id='word_1_189' title='bbox 1124 3578 1200 3638; x_wconf 90' lang='lat' dir='ltr'>tuae</span> <span class='ocrx_word' id='word_1_190' title='bbox 1226 3565 1405 3652; x_wconf 82' lang='lat' dir='ltr'>excelsae,</span> <span class='ocrx_word' id='word_1_191' title='bbox 1433 3566 1590 3663; x_wconf 87' lang='lat' dir='ltr'>Spiritum</span> 
     </span>
     <span class='ocr_line' id='line_1_24' title="bbox 215 3680 1591 3781; baseline -0.007 -16"><span class='ocrx_word' id='word_1_192' title='bbox 215 3703 309 3765; x_wconf 80' lang='lat' dir='ltr'>mum</span> <span class='ocrx_word' id='word_1_193' title='bbox 336 3700 504 3777; x_wconf 87' lang='lat' dir='ltr'>sanctum,</span> <span class='ocrx_word' id='word_1_194' title='bbox 531 3686 846 3760; x_wconf 87' lang='lat' dir='ltr'>consubstantialem</span> <span class='ocrx_word' id='word_1_195' title='bbox 874 3684 947 3775; x_wconf 88' lang='lat' dir='ltr'>tibi,</span> <span class='ocrx_word' id='word_1_196' title='bbox 974 3696 1008 3758; x_wconf 92' lang='lat' dir='ltr'>et</span> <span class='ocrx_word' id='word_1_197' title='bbox 1039 3686 1235 3781; x_wconf 90' lang='lat' dir='ltr'>operatione</span> <span class='ocrx_word' id='word_1_198' title='bbox 1262 3683 1456 3778; x_wconf 86' lang='lat' dir='ltr'>aequalem,</span> <span class='ocrx_word' id='word_1_199' title='bbox 1487 3680 1502 3719; x_wconf 80' lang='lat'><em>²</em></span> <span class='ocrx_word' id='word_1_200' title='bbox 1535 3687 1591 3780; x_wconf 85' lang='lat' dir='ltr'>qni</span> 
     </span>
     <span class='ocr_line' id='line_1_25' title="bbox 215 3800 1589 3902; baseline -0.006 -21"><span class='ocrx_word' id='word_1_201' title='bbox 215 3833 237 3881; x_wconf 90' lang='lat' dir='ltr'>a</span> <span class='ocrx_word' id='word_1_202' title='bbox 266 3820 300 3880; x_wconf 91' lang='lat' dir='ltr'>te</span> <span class='ocrx_word' id='word_1_203' title='bbox 326 3806 454 3902; x_wconf 86' lang='lat' dir='ltr'>absque</span> <span class='ocrx_word' id='word_1_204' title='bbox 480 3808 572 3878; x_wconf 90' lang='lat' dir='ltr'>initio</span> <span class='ocrx_word' id='word_1_205' title='bbox 597 3803 762 3901; x_wconf 90' lang='lat' dir='ltr'>procedit,</span> <span class='ocrx_word' id='word_1_206' title='bbox 787 3825 850 3898; x_wconf 89' lang='lat' dir='ltr'>per</span> <span class='ocrx_word' id='word_1_207' title='bbox 875 3805 1078 3895; x_wconf 83' lang='lat' dir='ltr'>unigenitum</span> <span class='ocrx_word' id='word_1_208' title='bbox 1105 3800 1223 3872; x_wconf 89' lang='lat' dir='ltr'>Filium</span> <span class='ocrx_word' id='word_1_209' title='bbox 1249 3808 1338 3872; x_wconf 87' lang='lat' dir='ltr'>tuum</span> <span class='ocrx_word' id='word_1_210' title='bbox 1356 3809 1390 3871; x_wconf 89' lang='lat' dir='ltr'>et</span> <span class='ocrx_word' id='word_1_211' title='bbox 1417 3803 1471 3895; x_wconf 89' lang='lat' dir='ltr'>qui</span> <span class='ocrx_word' id='word_1_212' title='bbox 1498 3824 1589 3896; x_wconf 91' lang='lat' dir='ltr'>quo-</span> 
     </span>
     <span class='ocr_line' id='line_1_26' title="bbox 215 3917 1591 4020; baseline -0.004 -24"><span class='ocrx_word' id='word_1_213' title='bbox 215 3947 360 4020; x_wconf 88' lang='lat' dir='ltr'>cumque</span> <span class='ocrx_word' id='word_1_214' title='bbox 387 3934 538 4018; x_wconf 88' lang='lat' dir='ltr'>tempore</span> <span class='ocrx_word' id='word_1_215' title='bbox 565 3922 660 3993; x_wconf 88' lang='lat' dir='ltr'>datur</span> <span class='ocrx_word' id='word_1_216' title='bbox 685 3923 727 3991; x_wconf 89' lang='lat' dir='ltr'>iis</span> <span class='ocrx_word' id='word_1_217' title='bbox 755 3921 810 4015; x_wconf 90' lang='lat' dir='ltr'>qui</span> <span class='ocrx_word' id='word_1_218' title='bbox 837 3917 894 3991; x_wconf 87' lang='lat' dir='ltr'>tibi</span> <span class='ocrx_word' id='word_1_219' title='bbox 921 3921 1051 4014; x_wconf 88' lang='lat' dir='ltr'>accepti</span> <span class='ocrx_word' id='word_1_220' title='bbox 1065 3927 1159 4003; x_wconf 90' lang='lat' dir='ltr'>sunt,</span> <span class='ocrx_word' id='word_1_221' title='bbox 1187 3937 1314 4010; x_wconf 87' lang='lat' dir='ltr'>eosque</span> <span class='ocrx_word' id='word_1_222' title='bbox 1334 3919 1389 4011; x_wconf 88' lang='lat' dir='ltr'>qni</span> <span class='ocrx_word' id='word_1_223' title='bbox 1415 3926 1449 3989; x_wconf 90' lang='lat' dir='ltr'>te</span> <span class='ocrx_word' id='word_1_224' title='bbox 1475 3918 1591 3991; x_wconf 87' lang='lat' dir='ltr'>vident</span> 
     </span>
     <span class='ocr_line' id='line_1_27' title="bbox 216 4031 1587 4135; baseline -0.005 -22"><span class='ocrx_word' id='word_1_225' title='bbox 216 4051 253 4113; x_wconf 91' lang='lat' dir='ltr'>et</span> <span class='ocrx_word' id='word_1_226' title='bbox 279 4038 466 4131; x_wconf 82' lang='lat' dir='ltr'>intelligunt</span> <span class='ocrx_word' id='word_1_227' title='bbox 491 4037 620 4135; x_wconf 88' lang='lat' dir='ltr'>perlicit</span> <span class='ocrx_word' id='word_1_228' title='bbox 646 4047 680 4108; x_wconf 93' lang='lat' dir='ltr'>et</span> <span class='ocrx_word' id='word_1_229' title='bbox 706 4046 930 4108; x_wconf 90' lang='lat' dir='ltr'>consummat:</span> <span class='ocrx_word' id='word_1_230' title='bbox 957 4044 992 4106; x_wconf 90' lang='lat' dir='ltr'>ut</span> <span class='ocrx_word' id='word_1_231' title='bbox 1018 4031 1171 4122; x_wconf 87' lang='lat' dir='ltr'>illabens,</span> <span class='ocrx_word' id='word_1_232' title='bbox 1198 4036 1493 4128; x_wconf 82' lang='lat' dir='ltr'>requiescensque,</span> <span class='ocrx_word' id='word_1_233' title='bbox 1520 4034 1587 4107; x_wconf 90' lang='lat' dir='ltr'>ha-</span> 
     </span>
     <span class='ocr_line' id='line_1_28' title="bbox 214 4149 1589 4251; baseline -0.006 -22"><span class='ocrx_word' id='word_1_234' title='bbox 214 4157 300 4229; x_wconf 90' lang='lat' dir='ltr'>bitet</span> <span class='ocrx_word' id='word_1_235' title='bbox 326 4178 428 4251; x_wconf 91' lang='lat' dir='ltr'>snper</span> <span class='ocrx_word' id='word_1_236' title='bbox 454 4154 641 4228; x_wconf 88' lang='lat' dir='ltr'>oblationes</span> <span class='ocrx_word' id='word_1_237' title='bbox 668 4157 765 4227; x_wconf 86' lang='lat' dir='ltr'>istas:</span> <span class='ocrx_word' id='word_1_238' title='bbox 793 4149 910 4246; x_wconf 75' lang='lat' dir='ltr'>quibam</span> <span class='ocrx_word' id='word_1_239' title='bbox 938 4150 1151 4224; x_wconf 88' lang='lat' dir='ltr'>sanctificatis</span> <span class='ocrx_word' id='word_1_240' title='bbox 1183 4171 1245 4244; x_wconf 92' lang='lat' dir='ltr'>per</span> <span class='ocrx_word' id='word_1_241' title='bbox 1277 4150 1432 4222; x_wconf 89' lang='lat' dir='ltr'>virtutem</span> <span class='ocrx_word' id='word_1_242' title='bbox 1459 4153 1589 4241; x_wconf 82' lang='lat' dir='ltr'>gratiae</span> 
     </span>
     <span class='ocr_line' id='line_1_29' title="bbox 214 4265 1237 4368; baseline -0.01 -23"><span class='ocrx_word' id='word_1_243' title='bbox 214 4281 294 4345; x_wconf 89' lang='lat' dir='ltr'>tuae</span> <span class='ocrx_word' id='word_1_244' title='bbox 320 4271 471 4368; x_wconf 83' lang='lat' dir='ltr'>perficiat</span> <span class='ocrx_word' id='word_1_245' title='bbox 497 4270 581 4343; x_wconf 90' lang='lat' dir='ltr'>baec</span> <span class='ocrx_word' id='word_1_246' title='bbox 606 4271 777 4366; x_wconf 76' lang='lat' dir='ltr'>mysteria,</span> <span class='ocrx_word' id='word_1_247' title='bbox 799 4277 902 4363; x_wconf 78' lang='lat' dir='ltr'>&#39;atque</span> <span class='ocrx_word' id='word_1_248' title='bbox 928 4265 984 4339; x_wconf 90' lang='lat' dir='ltr'>illa</span> <span class='ocrx_word' id='word_1_249' title='bbox 1011 4277 1237 4361; x_wconf 87' lang='lat' dir='ltr'>suscepturos.</span> 
     </span>
    </p>

    <p class='ocr_par' dir='ltr' id='par_1_8' title="bbox 320 4384 948 4459">
     <span class='ocr_line' id='line_1_30' title="bbox 320 4384 948 4459; baseline -0.008 0"><span class='ocrx_word' id='word_1_250' title='bbox 320 4387 505 4459; x_wconf 81' lang='lat' dir='ltr'>Sacerdos.</span> <span class='ocrx_word' id='word_1_251' title='bbox 558 4385 691 4458; x_wconf 87' lang='lat' dir='ltr'>Exaudi</span> <span class='ocrx_word' id='word_1_252' title='bbox 717 4407 771 4456; x_wconf 90' lang='lat' dir='ltr'>me</span> <span class='ocrx_word' id='word_1_253' title='bbox 795 4384 948 4457; x_wconf 89' lang='lat' dir='ltr'>Domine.</span> 
     </span>
    </p>

    <p class='ocr_par' dir='ltr' id='par_1_9' title="bbox 322 4495 1405 4600">
     <span class='ocr_line' id='line_1_31' title="bbox 322 4495 1405 4600; baseline -0.009 -26"><span class='ocrx_word' id='word_1_254' title='bbox 322 4504 484 4597; x_wconf 76' lang='lat' dir='ltr'>Populus.</span> <span class='ocrx_word' id='word_1_255' title='bbox 537 4502 643 4600; x_wconf 72' lang='lat' dir='ltr'>llyrie</span> <span class='ocrx_word' id='word_1_256' title='bbox 670 4500 810 4590; x_wconf 86' lang='lat' dir='ltr'>eleison,</span> <span class='ocrx_word' id='word_1_257' title='bbox 836 4500 942 4596; x_wconf 75' lang='lat' dir='ltr'>llyrie</span> <span class='ocrx_word' id='word_1_258' title='bbox 969 4498 1109 4584; x_wconf 88' lang='lat' dir='ltr'>cleison,</span> <span class='ocrx_word' id='word_1_259' title='bbox 1136 4495 1241 4591; x_wconf 78' lang='lat' dir='ltr'>Kyrie</span> <span class='ocrx_word' id='word_1_260' title='bbox 1268 4495 1405 4568; x_wconf 86' lang='lat' dir='ltr'>eleison.</span> 
     </span>
    </p>

    <p class='ocr_par' dir='ltr' id='par_1_10' title="bbox 215 4609 1591 5183">
     <span class='ocr_line' id='line_1_32' title="bbox 320 4609 1588 4711; baseline -0.006 -20"><span class='ocrx_word' id='word_1_261' title='bbox 320 4618 496 4691; x_wconf 80' lang='lat' dir='ltr'>Sacerdos</span> <span class='ocrx_word' id='word_1_262' title='bbox 529 4619 667 4690; x_wconf 84' lang='lat' dir='ltr'>eleaaao</span> <span class='ocrx_word' id='word_1_263' title='bbox 705 4640 830 4694; x_wconf 85' lang='lat' dir='ltr'>coeam.</span> <span class='ocrx_word' id='word_1_264' title='bbox 887 4614 931 4687; x_wconf 92' lang='lat' dir='ltr'>Et</span> <span class='ocrx_word' id='word_1_265' title='bbox 969 4636 1090 4711; x_wconf 90' lang='lat' dir='ltr'>panem</span> <span class='ocrx_word' id='word_1_266' title='bbox 1130 4611 1261 4707; x_wconf 87' lang='lat' dir='ltr'>quidem</span> <span class='ocrx_word' id='word_1_267' title='bbox 1303 4614 1417 4698; x_wconf 89' lang='lat' dir='ltr'>istum,</span> <span class='ocrx_word' id='word_1_268' title='bbox 1458 4609 1588 4699; x_wconf 89' lang='lat' dir='ltr'>efficiat,</span> 
     </span>
     <span class='ocr_line' id='line_1_33' title="bbox 216 4726 1589 4834; baseline -0.008 -23"><span class='ocrx_word' id='word_1_269' title='bbox 216 4759 341 4834; x_wconf 88' lang='lat' dir='ltr'>corpus</span> <span class='ocrx_word' id='word_1_270' title='bbox 367 4736 556 4825; x_wconf 83' lang='lat' dir='ltr'>vivificum,</span> <span class='ocrx_word' id='word_1_271' title='bbox 590 4742 611 4818; x_wconf 88' lang='lat'><strong>†</strong></span> <span class='ocrx_word' id='word_1_272' title='bbox 644 4755 766 4830; x_wconf 89' lang='lat' dir='ltr'>corpus</span> <span class='ocrx_word' id='word_1_273' title='bbox 801 4730 949 4804; x_wconf 89' lang='lat' dir='ltr'>coeleste</span> <span class='ocrx_word' id='word_1_274' title='bbox 976 4742 1011 4803; x_wconf 89' lang='lat' dir='ltr'>et</span> <span class='ocrx_word' id='word_1_275' title='bbox 1037 4730 1204 4819; x_wconf 88' lang='lat' dir='ltr'>salutare,</span> <span class='ocrx_word' id='word_1_276' title='bbox 1238 4734 1259 4809; x_wconf 90' lang='lat'>†</span> <span class='ocrx_word' id='word_1_277' title='bbox 1290 4748 1416 4824; x_wconf 87' lang='lat' dir='ltr'>corpus</span> <span class='ocrx_word' id='word_1_278' title='bbox 1451 4726 1589 4800; x_wconf 81' lang='lat' dir='ltr'>salvans</span> 
     </span>
     <span class='ocr_line' id='line_1_34' title="bbox 217 4841 1591 4948; baseline -0.009 -20"><span class='ocrx_word' id='word_1_279' title='bbox 217 4858 348 4928; x_wconf 88' lang='lat' dir='ltr'>animas</span> <span class='ocrx_word' id='word_1_280' title='bbox 374 4862 522 4940; x_wconf 87' lang='lat' dir='ltr'>nostras,</span> <span class='ocrx_word' id='word_1_281' title='bbox 549 4862 583 4924; x_wconf 89' lang='lat' dir='ltr'>et</span> <span class='ocrx_word' id='word_1_282' title='bbox 609 4875 753 4948; x_wconf 88' lang='lat' dir='ltr'>corpora</span> <span class='ocrx_word' id='word_1_283' title='bbox 780 4861 915 4940; x_wconf 86' lang='lat' dir='ltr'>nostra,</span> <span class='ocrx_word' id='word_1_284' title='bbox 946 4856 967 4932; x_wconf 92' lang='lat'><strong>†</strong></span> <span class='ocrx_word' id='word_1_285' title='bbox 1000 4868 1122 4942; x_wconf 88' lang='lat' dir='ltr'>corpus</span> <span class='ocrx_word' id='word_1_286' title='bbox 1158 4847 1262 4942; x_wconf 86' lang='lat' dir='ltr'>ipsius</span> <span class='ocrx_word' id='word_1_287' title='bbox 1288 4841 1423 4914; x_wconf 90' lang='lat' dir='ltr'>Domini</span> <span class='ocrx_word' id='word_1_288' title='bbox 1449 4841 1521 4938; x_wconf 29' lang='lat' dir='ltr'>,ner</span> <span class='ocrx_word' id='word_1_289' title='bbox 1556 4854 1591 4916; x_wconf 89' lang='lat' dir='ltr'>et</span> 
     </span>
     <span class='ocr_line' id='line_1_35' title="bbox 216 4960 1587 5063; baseline -0.012 -18"><span class='ocrx_word' id='word_1_290' title='bbox 216 4970 407 5045; x_wconf 86' lang='lat' dir='ltr'>Salvatoris</span> <span class='ocrx_word' id='word_1_291' title='bbox 434 4973 540 5042; x_wconf 88' lang='lat' dir='ltr'>nostri</span> <span class='ocrx_word' id='word_1_292' title='bbox 565 4969 648 5048; x_wconf 85' lang='lat' dir='ltr'>lesu</span> <span class='ocrx_word' id='word_1_293' title='bbox 675 4966 817 5058; x_wconf 79' lang='lat' dir='ltr'>Christi,</span> <span class='ocrx_word' id='word_1_294' title='bbox 844 4965 887 5038; x_wconf 93' lang='lat' dir='ltr'>ad</span> <span class='ocrx_word' id='word_1_295' title='bbox 912 4966 1181 5063; x_wconf 88' lang='lat' dir='ltr'>propitiationem</span> <span class='ocrx_word' id='word_1_296' title='bbox 1202 4960 1431 5060; x_wconf 84' lang='lat' dir='ltr'>delictorum,</span> <span class='ocrx_word' id='word_1_297' title='bbox 1461 4961 1587 5034; x_wconf 83' lang='lat' dir='ltr'>remis-</span> 
     </span>
     <span class='ocr_line' id='line_1_36' title="bbox 215 5080 1272 5183; baseline -0.013 -22"><span class='ocrx_word' id='word_1_298' title='bbox 215 5090 347 5162; x_wconf 86' lang='lat' dir='ltr'>sionem</span> <span class='ocrx_word' id='word_1_299' title='bbox 374 5097 600 5183; x_wconf 85' lang='lat' dir='ltr'>poccatorntn,</span> <span class='ocrx_word' id='word_1_300' title='bbox 627 5096 662 5158; x_wconf 88' lang='lat' dir='ltr'>et</span> <span class='ocrx_word' id='word_1_301' title='bbox 686 5087 790 5157; x_wconf 90' lang='lat' dir='ltr'>vitam</span> <span class='ocrx_word' id='word_1_302' title='bbox 817 5091 986 5157; x_wconf 86' lang='lat' dir='ltr'>aeternam</span> <span class='ocrx_word' id='word_1_303' title='bbox 1010 5080 1272 5176; x_wconf 67' lang='lat' dir='ltr'>suscipientium.</span> 
     </span>
    </p>
   </div>
   <div class='ocr_carea' id='block_1_6' title="bbox 0 0 2268 6034">
    <p class='ocr_par' dir='ltr' id='par_1_11' title="bbox 0 0 2268 6034">
     <span class='ocr_line' id='line_1_37' title="bbox 0 0 2268 6034; baseline 0 1"><span class='ocrx_word' id='word_1_304' title='bbox 0 0 2268 6034; x_wconf 95' lang='lat' dir='ltr'> </span> 
     </span>
    </p>
   </div>
  </div>
 </body>
</html>
