4525 6034
1077 613 1254 693 oleo
1307 612 1686 694 GOlllllllllS

1274 940 1360 1011 Atta
1394 939 1525 1011 Oratio.

815 1145 863 1218 Os
890 1153 978 1217 mum
1005 1146 1149 1221 Domine
1174 1167 1292 1241 purum
1318 1155 1353 1218 et
1378 1156 1528 1218 sanctum
1554 1146 1807 1240 pronunciavit,
1840 1154 1875 1217 et
1898 1146 1942 1216 ita
1969 1144 2052 1217 dixit:

711 1266 908 1359 quicumque
933 1262 1186 1334 manducaverit
1211 1283 1334 1358 corpus
1359 1284 1489 1351 meum,
1521 1271 1555 1333 et
1588 1260 1711 1334 biberit
1736 1263 1930 1353 sanguinem
1952 1284 2054 1352 meum,

711 1379 854 1452 credens
880 1382 913 1449 in
940 1401 1013 1468 me,
1039 1382 1113 1474 ipse
1139 1381 1173 1450 in
1198 1401 1253 1450 me
1278 1388 1391 1450 manet
1416 1389 1451 1451 et
1476 1400 1543 1471 ego
1569 1380 1603 1449 in
1630 1400 1690 1467 eo,
1717 1387 1751 1450 et
1777 1399 1844 1470 ego
1870 1377 2054 1452 resuscitabo

711 1517 787 1566 eum
814 1497 846 1565 in
873 1496 1059 1567 novissimo
1087 1494 1157 1566 die:
1183 1493 1281 1568 nobis
1308 1496 1409 1587 igitur
1433 1497 1597 1584 Domine,
1633 1498 1689 1591 qui
1721 1495 1923 1567 comedimus
1954 1516 2056 1590 corpus

710 1622 801 1684 tuum
827 1621 976 1687 sanctum
1003 1620 1037 1682 et
1061 1608 1203 1683 bibimus
1231 1614 1426 1704 sanguinem
1452 1622 1542 1683 tanin
1567 1613 1848 1707 propitiatorium,
1874 1633 1942 1683 nou
1965 1614 2002 1683 sit
2023 1610 2057 1685 ad

707 1727 883 1819 judicium,
910 1737 967 1799 aut
992 1726 1301 1799 condemnationem
1327 1736 1361 1799 et
1386 1730 1650 1815 accusationem,
1676 1736 1712 1798 nt
1737 1749 1847 1822 neque
1873 1725 1989 1823 poprdo
2011 1738 2056 1798 tro

713 1842 817 1916 fideli:
851 1842 913 1916 sed
945 1842 988 1916 ad
1019 1846 1152 1916 veniam
1186 1842 1395 1916 delictorum:
1437 1844 1479 1916 ad
1512 1847 1742 1917 remissionem
1773 1853 2000 1940 peccatorum,
2025 1842 2059 1916 ad

711 1962 991 2033 resurrectionem
1025 1983 1046 2032 a
1078 1963 1237 2049 mortuis,
1278 1970 1312 2032 et
1344 1959 1496 2032 fiduciam
1532 1983 1647 2034 coram
1682 1959 1768 2033 solio
1804 1969 1860 2033 tuo
1897 1957 2059 2049 tremendo,

712 2075 855 2148 Domine
881 2077 974 2148 Deus
999 2087 1135 2164 noster,
1161 2079 1196 2148 in
1221 2076 1366 2148 sacerdo.

813 2191 1000 2286 Postquam
1039 2176 1153 2264 omnia
1188 2195 1379 2287 perfecerit
1412 2214 1501 2288 quoe
1539 2194 1586 2264 ud
1620 2192 1921 2264 udmiaidoodam
1957 2213 2062 2284 corpas

712 2305 840 2378 Christi
861 2312 1056 2400 pertineat,
1082 2310 1176 2381 dicit.
1228 2307 1391 2381 Dominus
1416 2314 1524 2405 pascit
1549 2332 1603 2382 me
1629 2320 1664 2381 et
1687 2309 1767 2381 nibil
1791 2306 1871 2380 mibi
1898 2307 2011 2396 deerit,
2034 2312 2061 2377 et

709 2423 876 2518 reliquiae
902 2425 1080 2496 Paolnaao.

813 2540 1056 2639 Abetcrpitpue
1082 2542 1210 2614 mam
1235 2542 1528 2631 Embomrticurm
1556 2550 1591 2616 et
1616 2543 1711 2614 dicit,
1978 2636 1981 2645 ἢ

814 2654 853 2728 Si
878 2657 1061 2730 membrum
1088 2655 1240 2752 abquod,
1267 2658 1361 2748 (sive
1375 2659 1556 2755 particula)
1575 2667 1747 2755 superest,
1772 2667 1948 2731 remaneat
1960 2658 2061 2748 (eon-

709 2770 920 2863 mandatum)
948 2777 1108 2847 scientiae
1134 2783 1212 2846 turae
1239 2797 1324 2871 quae
1349 2775 1502 2849 mundrun
1530 2779 1666 2849 creavit
1725 2776 1764 2848 Si
1794 2773 1978 2846 membrum
2007 2772 2062 2844 ali·

712 2888 801 2984 quod
828 2901 997 2985 superest,
1025 2894 1068 2965 sit
1093 2891 1141 2963 illi
1166 2891 1327 2966 Dominus
1354 2902 1468 2966 custos
1494 2903 1529 2966 et
1553 2894 1651 2968 nobis
1677 2897 1848 2990 propitius.

812 3006 862 3077 Et
882 3013 1062 3101 postquam
1082 3011 1277 3102 perfecerit
1302 3008 1547 3081 abelmaioaem
1574 3010 1712 3099 colica,
1740 3011 1832 3080 dicit.
1893 2992 1897 2997 ’

814 3121 902 3208 Quid
926 3121 1108 3196 retribuam
1137 3123 1281 3197 Domino
1313 3146 1374 3220 pro
1401 3126 1553 3200 omnibus
1581 3149 1666 3222 quae
1692 3124 1844 3198 retribuit
1870 3122 1975 3198 mibi?
2004 3113 2065 3192 Ca·

708 3236 805 3308 licem
833 3237 948 3311 salutis
976 3242 1156 3336 accipiam,
1183 3252 1217 3314 et
1243 3262 1364 3315 nomen
1390 3243 1524 3316 Domini
1549 3240 1725 3316 invocabo.
1778 3243 1868 3316 Vota
1901 3263 1977 3313 mea
1999 3237 2062 3309 Do·

710 3361 799 3429 mino
826 3357 978 3449 reddam,
1006 3371 1070 3433 ete.

1016 3600 1097 3671 Tum
1122 3603 1208 3673 dicit
1232 3601 1322 3672 boae
1350 3601 1548 3673 Orationem
1572 3598 1617 3671 D.
1643 3597 1779 3672 decedi.

814 3805 879 3878 Fili
904 3806 1015 3896 Dens,
1043 3813 1099 3904 qui
1123 3831 1187 3905 per
1212 3807 1466 3882 immolationem
1493 3809 1557 3896 tui,
1584 3805 1725 3878 salvasti
1750 3826 1848 3893 reos,
1883 3827 1947 3900 per
1972 3803 2064 3877 sacri-

710 3922 820 3994 licium
846 3933 936 3996 tuum
961 3929 1095 3999 vivum:
1130 3926 1255 4022 dissipa
1281 3929 1457 4022 passiones
1493 3945 1605 4013 meas,
1637 3944 1718 3995 sana
1749 3920 1957 3994 infirmitates
1987 3936 2062 3991 meas

710 4050 745 4111 et
770 4042 933 4112 miserere
958 4045 1033 4113 mei

812 4155 1000 4251 Postquam
1025 4158 1188 4230 odatmrit
1213 4158 1355 4230 culicem
1380 4160 1544 4252 epompio,
1571 4157 1657 4227 dicit
1686 4154 1776 4225 barre
1811 4156 2008 4226 Orationem
2028 4148 2062 4220 l).

710 4270 869 4366 prrero.

746 4452 751 4470 ,
812 4386 986 4483 Absterge
1011 4391 1155 4465 Domine
1181 4394 1323 4487 spongia
1350 4389 1599 4463 misericordiae
1624 4401 1722 4478 tuae,
1755 4390 1865 4462 omnia
1902 4386 2063 4459 delictact

587 4537 595 4546 ¹
710 4516 850 4601 peccata
877 4529 964 4600 quae
990 4511 1140 4581 commisi
1166 4530 1281 4581 coram
1307 4519 1350 4580 te.
1376 4508 1522 4600 Ignosce
1547 4528 1610 4601 per
1634 4504 1840 4577 clemcnn'am
1873 4516 1966 4576 tuam
1989 4501 2063 4583 Rex,

713 4620 845 4695 Christe
871 4622 1060 4697 vivificator
1085 4635 1219 4716 noster,
1244 4623 1321 4696 mibi
1349 4627 1403 4719 qui
1429 4622 1657 4695 administravi
1686 4624 1846 4717 mysteria
1872 4632 1931 4693 tua
1957 4626 2065 4693 sanctu

711 4730 853 4812 Praesta
877 4739 956 4811 mihi
980 4752 1016 4813 ut
1042 4763 1117 4812 cum
1143 4743 1208 4837 piis
1235 4752 1269 4813 et
1291 4743 1389 4832 justis
1417 4743 1471 4835 qui
1499 4749 1693 4812 amaverunt
1721 4749 1777 4828 te,
1809 4739 1990 4809 ministrem
2018 4728 2064 4803 tibi

712 4855 856 4928 Domine
882 4858 917 4927 in
941 4879 1049 4949 regno
1075 4868 1132 4930 tuo
1159 4855 1318 4949 coelesti,
1344 4861 1378 4929 in
1403 4856 1540 4931 saecula
1565 4867 1750 4953 perpetuo,
1774 4854 1930 4928 Domine.
1961 4853 2065 4936 Auen,

711 4974 746 5043 in
772 4972 908 5047 saecula
934 4973 1154 5048 saeculorum.

815 5089 864 5161 Et
888 5113 962 5161 mun
987 5091 1096 5163 obluit
1118 5114 1253 5179 mauro,
1280 5091 1374 5163 dicit.
