4525 6034
708 553 785 629 448
874 487 881 501 n
1095 553 1251 631 RITUS
1292 552 1687 633 ORDlNdTIONIS

707 745 831 822 nomini
859 753 914 815 tuo
941 752 975 815 et
1001 741 1096 815 altari
1122 751 1189 815 tuo.
1242 741 1366 814 Pascat
1390 743 1490 813 etiam
1515 741 1674 839 populum
1700 754 1789 820 mum
1818 747 1850 815 in
1876 746 2007 839 puritate
2028 755 2058 816 et

708 862 895 950 sanctitate,
921 870 956 931 et
981 865 1205 952 consequatur
1230 867 1358 953 partem
1384 860 1418 929 in
1445 867 1537 930 sorte
1564 869 1771 951 sanctorum,
1797 882 1859 956 per
1883 863 2057 933 miseratio-

707 997 769 1047 nes
796 978 955 1069 unigeniti
981 976 1056 1048 Filii
1081 976 1128 1045 tui
1153 972 1237 1047 lesu
1264 972 1386 1048 Christi
1411 974 1546 1046 Domini
1571 978 1678 1048 nostri
1702 999 1766 1071 per
1793 999 1908 1072 quem,
1933 985 1991 1048 etc.

760 1092 836 1163 Pax
862 1090 1024 1164 omnibus.

760 1207 1047 1278 Archadiacoaua
1073 1206 1231 1278 Dicamus
1253 1227 1383 1295 omneS,
1462 1206 1631 1303 nicom
1652 1206 1797 1300 πάντες,
1819 1206 1977 1305 domet
1992 1234 2061 1300 ooo,

711 1321 854 1397 Oramus
881 1333 914 1395 te
927 1324 1071 1396 Domine
1085 1326 1257 1395 miserere.
1290 1321 1375 1395 Ste-
1413 1317 1514 1423 κύριε
1552 1328 1705 1423 ἐλέησον.
1762 1332 1918 1422 Στῶμιν
1940 1315 2060 1409 ⁸ercinia·

708 1462 782 1513 mus
821 1438 989 1512 decenter.
1039 1437 1172 1511 Stemus
1211 1460 1286 1510 eum
1327 1440 1375 1508 ti-
1414 1446 1557 1534 στῶμεν
1578 1440 1669 1537 μετά
1686 1440 1826 1543 φόβου·
1851 1450 1989 1537 στῶμεν
2009 1440 2061 1516 ai-

711 1578 815 1629 more.
851 1556 984 1627 Stemus
1000 1564 1207 1627 reverenter.
1242 1554 1376 1628 Stemus
1413 1556 1554 1649 λαβῶς·
1572 1561 1715 1650 στῶμεν
1735 1554 1826 1651 μετὰ
1850 1556 1989 1659 φόβου,
2011 1556 2063 1632 καὶ

709 1696 783 1745 cum
800 1675 918 1745 timore
938 1682 972 1743 et
997 1680 1145 1743 tremore
1171 1681 1206 1742 et
1232 1670 1376 1761 stanno,
1413 1667 1573 1768 τρόμου,
1594 1670 1655 1746 καὶ
1679 1672 1847 1769 ἡσυχίας,
1872 1673 1996 1759 πάντες
2010 1670 2062 1747 ai·

709 1811 892 1884 omnesque
919 1810 1062 1862 oremus.
1416 1783 1579 1882 ξώμεθα.

760 1907 835 1978 Pax
862 1904 1024 1978 omnibus.
1459 1900 1594 2004 Εἰρήνη
1612 1914 1733 1981 πᾶσιν.

760 2022 1023 2115 congregamini
1063 2024 1163 2115 igitur
1187 2019 1372 2117 Episcopi3
1456 2017 1679 2100 Συνάξασθε
1709 2019 1850 2099 οὖνόἱ
1882 2022 2061 2099 ἐπίσκοποι·

706 2138 878 2211 extendite
904 2159 1020 2210 manus
1046 2147 1192 2211 vestras.
1414 2137 1587 2213 ἐκτείνατε
1602 2136 1665 2224 τὰς
1680 2151 1808 2241 χεῖρας

705 2256 873 2349 Episcopi
899 2255 1085 2327 ostendent
1110 2278 1229 2326 monus
1253 2277 1334 2327 auos
1368 2257 1404 2325 io
1439 2255 1561 2326 ultum
1596 2263 1630 2327 et
1661 2258 1786 2352 aliquis
1817 2281 1935 2330 eonon
1966 2259 2062 2349 tcopit

759 2373 916 2444 humeros
947 2370 1082 2461 mett,
1114 2371 1194 2441 binc
1227 2375 1262 2441 et
1292 2371 1380 2442 lodo.
1447 2371 1528 2442 Trea
1558 2377 1676 2445 renim
1709 2375 1905 2469 proopw
1937 2376 2064 2467 imponit

756 2511 889 2560 monem
913 2511 1008 2559 cumo
1034 2487 1214 2559 ‹lantcram
1238 2510 1342 2580 super
1374 2494 1478 2580 eaput
1502 2488 1636 2578 dilecti,
1672 2497 1707 2562 et
1741 2492 1826 2562 dicit
1855 2490 1947 2562 hooc
1978 2491 2062 2562 Oro-

758 2609 884 2676 tiooem
909 2604 1147 2674 ordinationis.

808 2724 951 2796 Domine
978 2720 1165 2793 dominator
1190 2721 1284 2795 Dens
1311 2723 1538 2818 omnipotens,
1565 2723 1666 2796 Pater
1690 2723 2002 2812 misericordiarum,
2035 2730 2064 2793 ct
2204 2777 2205 2780 ,

704 2840 796 2912 Deus
829 2842 928 2913 totius
960 2836 1219 2928 consolationis,
1251 2836 1353 2909 Pater
1384 2839 1535 2931 Domini,
1566 2840 1651 2929 Dei,
1691 2840 1879 2913 Salvatoris
1916 2850 1950 2913 et
1981 2839 2063 2930 reg'm

703 2966 853 3030 nostrum
879 2957 1021 3028 omnium
1054 2953 1137 3025 lesu
1168 2950 1304 3025 Christi:
1341 2957 1396 3048 qni
1429 2958 1558 3028 creavit
1589 2959 1699 3052 omnia
1732 2980 1793 3054 per
1823 2960 2004 3051 potentiam
2034 2963 2065 3026 et

703 3075 899 3169 sapientiam
925 3094 1035 3145 suam:
1064 3071 1185 3165 quique
1211 3066 1351 3141 consilio
1379 3093 1440 3144 suo
1467 3070 1626 3144 stabilivit
1652 3071 1863 3145 fundamenta
1887 3071 1992 3161 orbis,
2016 3069 2065 3165 qui

701 3193 797 3264 novit
823 3192 932 3262 omnia
959 3196 1135 3282 antequam
1160 3183 1287 3256 fierent
1337 3183 1401 3271 Qui
1428 3192 1562 3261 ornavit
1588 3210 1749 3260 coronam
1775 3211 1892 3261 eorum
1921 3209 2003 3284 quae
2027 3182 2063 3256 ah
2203 3177 2204 3212 ³

702 3285 776 3404 ipso
802 3303 889 3379 lacta
916 3312 1009 3379 sunt:
1039 3305 1094 3398 qui
1120 3303 1252 3374 immisit
1278 3303 1430 3374 timorem
1457 3307 1508 3377 sni
1535 3308 1697 3377 creaturis
1725 3303 1897 3393 omnihus,
1925 3315 1960 3375 ut
1985 3301 2065 3373 ado-

703 3434 817 3495 rarent
842 3423 984 3516 gloriam
1010 3421 1181 3517 potentiae
1208 3440 1309 3491 suae:
1337 3420 1392 3513 qui
1419 3418 1509 3491 dedit
1534 3418 1632 3494 nobis
1658 3421 1861 3494 intellectum
1879 3431 1917 3493 ut
1939 3439 2064 3511 cogno·

702 3561 873 3618 sceremus
909 3539 1065 3634 Spiritum
1097 3534 1254 3608 bonitatis
1290 3537 1377 3626 ejus:
1416 3539 1471 3630 qui
1504 3540 1672 3609 constituit
1701 3536 1875 3610 Ecclesias
1915 3534 2064 3626 unigeniti
2202 3567 2203 3588 ι

703 3658 771 3745 sui,
798 3664 834 3727 ut
858 3656 1009 3728 lucerent
1034 3651 1214 3748 splendore
1239 3650 1468 3725 inenarrabili:
1505 3655 1560 3748 qui
1591 3652 1695 3746 elegit
1720 3653 1893 3726 Abraham
1922 3649 2063 3723 ddectum

702 3794 797 3846 suum
824 3771 867 3844 ad
891 3770 1129 3843 haereditatem
1156 3765 1232 3840 fidei
1259 3789 1359 3855 suae,
1387 3777 1421 3870 et
1445 3766 1562 3839 Enoch
1596 3779 1745 3842 sanctum
1779 3792 1874 3842 sunm
1911 3762 2064 3841 transulit

700 3891 734 3960 in
760 3888 934 3960 thesamos
960 3885 1062 3976 lucis,
1089 3888 1166 3980 quia
1192 3882 1238 3955 illi
1264 3892 1380 3975 gratus
1406 3881 1483 3956 luit:
1517 3887 1571 3979 qui
1598 3884 1686 3958 dedit
1711 3885 1827 3982 Moysi
1860 3882 2063 3956 humilitatem

701 4015 736 4077 et
752 4006 881 4078 Aaroni
899 4002 1138 4100 perfectionem
1152 3999 1354 4090 Sacerdotiig
1381 4002 1437 4095 qui
1455 4003 1630 4096 antiquitus
1656 4005 1751 4074 unxit
1776 4023 1893 4094 reges,
1921 4009 1955 4072 et
1973 4001 2061 4095 prin-
2201 4055 2202 4058 ,

701 4124 794 4218 cipes
828 4120 869 4191 ad
898 4119 1111 4214 judicandum
1144 4122 1178 4189 in
1211 4120 1378 4212 aequitate
1411 4117 1567 4213 populum
1599 4142 1709 4193 suum:
1747 4121 1801 4214 qui
1840 4139 1908 4189 non
1941 4113 2062 4208 reliquit

700 4238 805 4311 altare
821 4259 914 4310 suum
931 4244 1081 4310 sanetum
1101 4233 1189 4329 quod
1208 4235 1243 4305 in
1260 4232 1366 4306 coelis
1382 4242 1446 4323 est,
1471 4233 1597 4327 absque
1617 4238 1774 4308 ministris
1793 4258 1814 4305 a
1834 4233 2061 4307 constitutione

699 4354 820 4427 mundi.
846 4351 977 4425 Deinde
991 4362 1070 4447 post
1089 4353 1356 4426 constitutionem
1368 4348 1491 4439 mundi,
1506 4352 1669 4446 instituisti
1687 4352 1903 4422 ministerium
1923 4359 2013 4421 tuum
2032 4346 2061 4412 hl
2200 4391 2201 4450 3

699 4469 875 4559 Ecclesia
887 4478 923 4542 ut
934 4468 1151 4565 perficeretur
1164 4489 1228 4562 per
1241 4464 1444 4540 Sacerdotes
1459 4477 1493 4538 et
1507 4466 1645 4540 Levitas
1663 4471 1717 4563 qui
1732 4479 1832 4563 typus
1850 4476 1967 4538 essent
1981 4483 2061 4533 coe-

699 4586 831 4660 lestium
852 4588 1091 4672 ministrorum,
1118 4605 1258 4678 quorunr
1279 4585 1495 4654 ministerium
1515 4586 1712 4656 conveniret
1731 4605 1806 4654 cum
1829 4604 1947 4655 eorum
1967 4579 2060 4651 mini-

700 4707 814 4792 sterio,
835 4705 940 4801 quiin
959 4707 1151 4789 terrasunt,
1174 4698 1413 4794 laudarentque
1433 4706 1468 4769 et
1485 4698 1720 4772 benedicerent
1740 4720 1860 4772 nomen
1880 4710 1970 4771 tuum
1983 4715 2060 4766 san-

701 4833 788 4896 ctum
802 4822 896 4893 Deus
912 4840 997 4890 vere
1017 4826 1051 4889 et
1067 4817 1176 4906 unice,
1195 4838 1270 4887 cum
1291 4817 1462 4908 unigenito
1482 4814 1568 4889 Filio
1582 4827 1639 4888 tuo
1657 4826 1692 4888 et
1709 4815 1832 4911 Spiritu
1849 4821 1985 4886 sancto:
2006 4825 2061 4905 per
2199 4871 2200 4914 p

700 4963 799 5036 quem
824 4956 998 5032 precamur
1024 4942 1058 5006 et
1083 4954 1242 5025 rogamus
1268 4933 1448 5006 bonitatem
1475 4941 1585 5023 mam,
1616 4954 1678 5030 pro
1710 4930 1775 5004 hoc
1807 4952 1909 5005 servo
1943 4936 1997 4998 tuo
2022 4919 2058 4993 N.

701 5080 799 5154 quem
825 5051 1037 5148 glorificasti,
1063 5049 1265 5143 designasti,
1293 5058 1327 5121 et
1352 5047 1483 5141 elegisti
1509 5047 1580 5142 tibi,
1608 5060 1644 5122 ut
1669 5059 1761 5124 esset
1785 5045 1941 5119 Pontifex
1966 5058 2059 5160 super
