4525 6034
518 632 564 708 m
595 631 847 712 turonens
883 577 1290 716 oasroomooauo.
1513 636 1589 713 ooo

220 815 289 878 hoio
311 817 436 897 proprie
458 816 537 879 dicto
560 818 737 899 saepissime
758 825 930 900 usurpatur.
982 820 1064 882 Haec
1092 838 1168 884 vcro
1195 821 1289 884 verba
1318 822 1348 884 in
1381 821 1447 884 aliis
1478 820 1588 887 Oiilciis

220 932 281 977 non
309 916 515 996 reperiuntur,
544 914 599 978 sed
631 934 734 979 corum
761 918 831 980 loco
861 919 988 981 (iratior
1017 939 1145 1001 cyamus
1172 920 1311 986 Domino.
1363 920 1438 984 iliud
1468 939 1589 1004 quoque

218 1015 374 1098 singulare
397 1023 444 1078 est
466 1018 496 1079 in
518 1018 579 1079 ritu
600 1016 791 1091 Nestoriano,
815 1018 894 1099 quod
918 1019 1117 1099 interponitur
1139 1020 1256 1083 incensi
1276 1022 1437 1103 impositio,
1460 1029 1492 1084 et
1514 1040 1589 1085 ora-

218 1117 262 1179 tio
285 1123 415 1195 secreta,
438 1116 476 1178 ad
498 1117 627 1198 gratiam
642 1118 867 1197 postulandam,
890 1136 957 1181 cum
975 1120 1006 1180 in
1023 1117 1089 1181 aliis
1112 1117 1222 1183 Oiilciis
1246 1123 1345 1184 statim
1372 1129 1442 1202 post
1458 1120 1589 1202 Dipaum

220 1224 250 1278 et
263 1219 379 1295 jamtum
402 1225 448 1278 eat
470 1216 620 1279 Sacerdos
649 1218 770 1298 incipiat
793 1217 1009 1300 praefationem
1040 1218 1078 1281 ab
1101 1218 1206 1281 iisdem
1229 1220 1349 1299 verbis,
1377 1239 1504 1301 eamque
1527 1237 1588 1282 uno

223 1322 329 1378 tenore
350 1333 446 1395 usque
470 1316 506 1377 ad
530 1315 670 1398 hymnum
694 1317 897 1381 Cherubicum
923 1326 1134 1399 prosequatur.
1184 1318 1217 1380 ln
1241 1317 1403 1382 Codicibus
1432 1318 1589 1382 Ecclesiae

221 1413 422 1478 hialabaricae
444 1414 556 1499 iegitur
578 1417 684 1481 eadem
707 1419 815 1495 oratio,
837 1426 870 1479 ut
892 1426 1066 1499 sequentes,
1090 1419 1119 1480 in
1142 1418 1250 1500 quibus
1273 1422 1381 1482 iterum
1403 1438 1590 1483 commemo·

221 1516 354 1577 rationes
376 1513 450 1576 iiuttt
471 1524 660 1592 sanctorum3
684 1535 754 1579 mox
775 1519 914 1581 vivorum
937 1525 969 1579 et
990 1523 1185 1595 mortuorum,
1210 1519 1290 1599 quod
1311 1519 1342 1580 in
1364 1518 1431 1582 aliis
1445 1519 1590 1602 Liturgiis

222 1614 402 1678 observatur
424 1613 788 1696 ante'consecrationcm,
812 1617 960 1699 prolixius
983 1616 1072 1680 etiam
1095 1617 1255 1698 aliquando
1277 1618 1443 1700 interjectis
1465 1619 1590 1681 Diaconi

220 1715 433 1777 monitionibus
457 1715 493 1777 ad
517 1716 673 1794 orandum,
709 1725 739 1779 et
761 1717 865 1798 populi
887 1717 1041 1798 precibus,
1064 1716 1158 1799 ilyric
1180 1718 1310 1794 chisen,
1337 1718 1523 1798 ¹repetentis:
1557 1726 1590 1780 ut

220 1815 400 1895 praesertim
423 1815 454 1876 in
477 1815 571 1878 blarci
595 1816 721 1889 Graeca,
744 1825 775 1880 et
798 1816 903 1898 Cyrilli
927 1816 1063 1897 Coptica,
1086 1833 1165 1896 quae
1188 1824 1258 1879 sunt
1279 1805 1395 1884 eadem.
1427 1818 1460 1880 ln
1483 1816 1590 1899 Syria·

221 1913 265 1974 cis
287 1912 490 1977 iacobitarum
513 1916 611 1978 statim
640 1915 815 1998 proceditur
843 1916 880 1978 ad
910 1916 1179 1981 consecrationem.
1230 1915 1263 1978 io
1284 1915 1354 1978 Ritu
1376 1914 1480 1979 Latino
1503 1935 1590 1979 com-

220 2014 453 2077 memorationes
475 2023 658 2099 sanctorum,
683 2022 713 2077 et
734 2016 870 2080 vivorum
892 2006 1209 2096 praemittuntur,'sed
1232 2015 1424 2095 paucioribus
1447 2015 1559 2080 vorbis.

447 2275 467 2346 1
473 2279 506 2347 i.
546 2278 593 2347 Ei
618 2280 736 2348 conici
760 2278 907 2349 Domine
933 2277 1085 2370 Spiritus
1110 2275 1272 2367 Sanctus,
1299 2284 1364 2349 etc.

332 2466 368 2545 in
390 2479 447 2541 bac
470 2481 606 2543 oratione
630 2479 819 2543 observanda
843 2489 912 2544 sunt
935 2481 1025 2543 multa
1047 2499 1126 2561 quae
1148 2481 1268 2544 maximi
1290 2479 1328 2542 ad
1352 2477 1505 2562 Litargias
1529 2499 1587 2542 cx-

220 2583 377 2664 plicandas
400 2586 541 2646 momenti
563 2593 641 2646 sunt.
665 2581 805 2645 Continet
823 2582 873 2645 illa
896 2583 1119 2647 invocationem
1131 2583 1259 2665 Spiritus
1281 2583 1378 2647 salicti
1394 2601 1488 2665 super
1510 2583 1588 2645 dona

220 2684 390 2764 proposita,
412 2682 534 2763 illisque
556 2682 773 2764 propemodum
787 2683 901 2761 verbis,
925 2684 1032 2765 quibus
1055 2684 1085 2745 in
1107 2683 1174 2746 aliis
1187 2683 1311 2746 Graecis
1327 2680 1588 2764 Orientalibusque

219 2781 364 2864 liturgiis
386 2783 577 2862 exprimitur3
599 2784 656 2844 nisi
679 2781 759 2863 quod
781 2800 853 2863 pars
875 2782 955 2844 iliius
977 2783 1145 2864 posterior,
1174 2784 1203 2844 iu
1225 2799 1284 2863 qua
1307 2781 1430 2861 dicitur,
1460 2790 1491 2844 ct
1510 2782 1589 2848 hooc

189 2883 340 2964 «quidem
358 2901 470 2961 ponem
489 2881 591 2961 sociat
611 2901 723 2961 corpus
735 2880 857 2958 Christi,
880 2891 910 2944 ct
929 2884 1010 2963 quod
1031 2884 1063 2944 in
1085 2884 1181 2945 colice
1203 2890 1249 2944 est
1269 2884 1443 2963 sanquinem
1466 2879 1590 2957 Christi,

220 2998 282 3043 non
306 2981 487 3064 adjungitur.
533 2979 593 3042 Sed
617 2980 709 3043 verba
732 2982 789 3043 ista
821 2989 855 3043 at
875 3000 942 3043 acm
964 2981 1145 3043 oblationem
1166 2981 1325 3043 benedicat
1352 2989 1382 3042 ct
1407 2980 1589 3059 sanctificet,

221 3080 356 3142 eamdem
378 3087 557 3160 potestatem
579 3078 699 3142 habent.
728 3080 785 3143 Est
807 3089 905 3144 autem
928 3081 1003 3144 haec
1025 3081 1178 3143 invocatio
1201 3097 1240 3142 eo
1261 3078 1416 3162 Liturgiae
1437 3078 1505 3143 loco
1527 3073 1588 3160 po-

220 3181 288 3257 sita,
312 3199 372 3262 quo
395 3179 556 3260 antiquitus
578 3179 658 3241 iilam
681 3179 774 3242 luisse
807 3180 942 3242 nonnulli
963 3179 1135 3257 voluerunt,
1158 3187 1190 3240 ut
1212 3179 1290 3250 inter
1312 3178 1387 3241 alios
1409 3177 1587 3261 Neophytos

220 3278 383 3356 Rhodinus,
407 3288 436 3342 et
459 3279 654 3342 obscuriores
673 3297 733 3341 non
756 3281 855 3361 pauci,
878 3280 928 3360 qui
957 3278 1180 3340 invocationem
1204 3277 1299 3358 qualis
1322 3285 1406 3340 extat
1434 3277 1465 3339 'm
1486 3275 1589 3340 Basilii

221 3377 490 3461 Chrysostomique
511 3378 666 3459 liturgiis,
689 3375 900 3459 transpositam
927 3379 1185 3456 existimaverunt,
1207 3379 1312 3458 paucis
1335 3385 1433 3440 tameo
1455 3394 1588 3457 persua-

220 3487 333 3540 serunt
377 3479 420 3541 lta
444 3480 566 3559 quippe,
589 3477 670 3559 quod
692 3497 801 3560 magno
831 3487 941 3541 conatu
972 3476 1170 3540 amoliendum
1193 3482 1393 3552 censuerunt,
1420 3493 1482 3537 non
1512 3494 1588 3555 spe·

220 3578 312 3640 ctabit
334 3577 488 3641 invocatio
512 3577 548 3640 ad
572 3577 785 3657 perficiendam
814 3578 1091 3653 consecrationem,
1120 3576 1189 3658 quia
1220 3575 1298 3638 dicta
1321 3576 1379 3637 erit
1401 3583 1471 3637 ante
1492 3573 1587 3637 verba

219 3677 390 3741 Dominiea:
414 3697 513 3759 neque
536 3678 615 3739 enim
638 3680 718 3740 orari
741 3695 834 3758 posse
857 3697 950 3759 super
972 3675 1058 3740 donis
1076 3669 1139 3758 jam
1161 3677 1364 3751 consecratis,
1393 3691 1505 3756 capere
1527 3690 1588 3735 un-

219 3795 307 3858 quam
331 3780 428 3859 potuit
456 3777 574 3840 illorum
604 3777 754 3839 hominum
783 3776 958 3860 Theologia.
1010 3776 1094 3838 lianc
1124 3773 1348 3838 invocationem
1376 3775 1402 3835 si
1429 3774 1587 3851 vidissent,

218 3895 344 3958 magnas
372 3877 448 3940 baec
470 3877 604 3959 liturgia
635 3875 739 3939 laudes
769 3876 807 3938 ab
837 3876 895 3938 iliis
923 3883 1086 3939 consecuta
1115 3872 1237 3951 fuisset,
1272 3890 1436 3954 omnesque
1466 3892 1507 3936 ex
1536 3872 1587 3936 ilia

218 3975 425 4039 reformandas
448 3979 642 4057 pronuntiare
670 3992 731 4037 non
762 3974 963 4053 dubitassent,
993 3974 1068 4036 adeo
1096 3973 1203 4036 haeret
1231 3973 1336 4035 animis
1363 3972 1483 4036 iliorum
1511 3972 1588 4034 baec

219 4077 332 4157 opinio.
370 4074 411 4138 ht
432 4084 554 4138 veteres
577 4075 619 4137 ilii
641 4075 710 4155 Syri
733 4093 859 4155 quorum
880 4074 965 4137 Ritus
988 4073 1159 4136 Nestoriani
1186 4073 1327 4153 proprios
1351 4070 1406 4135 sibi
1438 4071 1586 4152 iecerunt,

202 4178 250 4239 ¹et
272 4176 460 4239 recentiores
490 4175 540 4256 qui
570 4174 618 4236 ilia
642 4172 743 4236 Oiilcia
766 4176 877 4254 scripta
896 4161 1105 4255 reliquerunt,
1140 4179 1191 4233 aut
1220 4188 1281 4234 non
1310 4171 1367 4234 sibi
1396 4170 1585 4251 constabant,

219 4284 270 4338 aut
292 4277 380 4338 alitor
402 4273 581 4352 sentiebant,
604 4292 670 4336 cum
694 4274 719 4335 si
741 4274 772 4334 in
793 4274 890 4354 prima
922 4273 977 4335 ista
1000 4271 1136 4354 Liturgia
1159 4269 1313 4333 {avocatio
1336 4267 1465 4350 Spiritus
1488 4271 1586 4332 sancti

219 4393 312 4455 super
335 4374 412 4436 dona
435 4375 589 4453 proposita
611 4373 670 4450 liat,
695 4380 763 4435 ante
784 4373 975 4455 pronuntiata
989 4371 1099 4435 Christi
1112 4371 1218 4447 verba,
1241 4387 1340 4450 neque
1362 4370 1466 4432 similis
1489 4369 1585 4432 altera

219 4474 369 4555 deinceps⁸
387 4472 627 4553 praescribatur,
657 4474 688 4534 in
711 4471 826 4535 duabus
849 4471 951 4534 alteris
974 4470 1126 4534 'ibeodori
1150 4477 1180 4533 et
1201 4467 1351 4547 Nestorii,
1380 4468 1487 4533 eodem
1516 4467 1586 4532 loco

219 4575 401 4655 assignatur,
424 4591 484 4653 quo
508 4579 590 4634 extat
612 4575 641 4634 in
665 4572 806 4650 Graecis,
837 4579 868 4634 et
890 4569 1093 4633 Orientalibus
1116 4568 1277 4652 Liturgiis,
1307 4568 1443 4648 ipsisque
1472 4565 1586 4644 verbis,

219 4692 296 4753 quae
320 4691 438 4752 novam,
462 4679 494 4733 ut
517 4673 599 4733 aiunt
622 4672 807 4734 Graecorum
830 4669 970 4732 haeresin
993 4678 1097 4750 aperte
1125 4669 1313 4732 confirmant.
1356 4667 1418 4728 imo
1440 4666 1471 4728 in
1491 4663 1586 4728 hiissa

220 4772 373 4835 Theodori
402 4771 621 4853 interjiciuntur
643 4771 795 4834 orationes
817 4769 928 4832 multae
950 4770 1030 4831 iuter
1044 4768 1155 4832 Christi
1177 4765 1271 4830 verba
1295 4774 1325 4829 ct
1347 4765 1584 4844 invocationem,

219 4869 299 4951 quod
321 4887 381 4932 non
404 4871 536 4933 occurrit
558 4872 587 4933 in
611 4870 686 4935 aliis.
738 4869 785 4932 Ex
807 4869 872 4934 sola
894 4868 1094 4931 iialabaricae
1117 4867 1228 4930 hiissae
1251 4864 1355 4928 Latina
1378 4864 1529 4943 versione,
1551 4872 1585 4928 ut

218 4971 306 5032 etiam
336 4989 376 5032 ex
404 4969 517 5033 Codice
547 4972 660 5051 scripto
691 4988 781 5032 manu
809 4967 934 5049 iosephi
965 4966 1156 5029 Patriarchae
1190 4964 1322 5045 suspicio
1347 4965 1432 5028 nasci
1465 4970 1586 5046 poterat

217 5087 413 5151 suppressam
436 5069 528 5132 inisse
551 5078 601 5132 aut
623 5070 835 5152 transpositam
863 5068 1104 5144 invocationem,
1135 5085 1175 5129 ex
1196 5063 1402 5146 praejudicata
1431 5064 1584 5146 opinione,

218 5169 302 5252 cujus
325 5169 434 5233 iundus
457 5168 511 5233 icit
534 5171 784 5234 turrecrematae
806 5167 966 5250 disputatio
988 5166 1171 5249 Florentiae,
1196 5164 1280 5246 cujus
1303 5172 1403 5229 tamen
1424 5164 1502 5227 ratio
1525 5162 1585 5228 ha·
1613 5193 1619 5198 a
