4525 6034
532 619 572 695 IN
597 619 805 696 lllURGlAltl
832 615 1004 696 GRllGORll
1029 618 1291 696 hBULFrlRalGlI.
1319 669 1326 682 ·
1496 618 1596 736 ,471

225 812 294 883 test,
318 806 371 885 qui
388 804 491 885 sachar
512 812 590 881 erat
613 813 664 867 aut
686 805 737 886 qni
757 804 861 885 sachis
881 812 928 882 est
948 822 1059 883 empus
1072 786 1178 866 mum:
1199 804 1279 866 unde
1291 803 1471 886 significatio
1483 803 1598 887 duplex

224 904 373 967 nascitur:
396 906 491 986 prima
514 904 593 986 quod
616 923 683 967 cum
706 904 844 968 Christus
867 903 1020 984 discipulis
1043 902 1118 966 dixit
1130 904 1197 966 Hoc
1219 911 1265 966 est
1277 923 1389 984 corpus
1409 925 1517 981 meum,
1539 914 1597 971 etc.

224 1005 310 1086 panis
329 991 480 1085 jam'erat
501 1003 597 1067 factus
621 1023 732 1087 corpus
755 1004 881 1067 Christi:
912 1003 1026 1084 altera,
1048 1004 1130 1084 quod
1152 1003 1249 1067 tactus
1278 1005 1317 1067 sit
1343 1012 1450 1085 postea
1481 1022 1596 1087 corpus

226 1103 346 1166 Christi.
380 1104 494 1166 Neutra
516 1106 665 1168 sententia
687 1104 847 1185 quidquam
869 1103 982 1165 habere
1005 1101 1126 1166 videtur
1148 1104 1227 1167 vitii:
1252 1121 1351 1184 neque
1375 1106 1455 1167 enim
1478 1113 1594 1168 certum

225 1212 272 1267 est
300 1203 404 1267 verbis
433 1204 507 1281 illis,
538 1204 686 1267 Christum
715 1221 913 1267 consecrasse
941 1204 1027 1284 panis
1056 1211 1087 1265 et
1116 1203 1178 1266 vini
1206 1203 1371 1267 elementa:
1402 1222 1470 1266 cum
1497 1207 1598 1269 multis

225 1303 390 1388 'theologis
413 1305 541 1385 placeat,
565 1312 702 1367 autorem
724 1305 983 1384 institutoremque
1006 1303 1283 1382 Sacramentorum,
1311 1303 1376 1366 sola
1400 1304 1596 1384 otnnlpoten-

224 1404 266 1465 tia
289 1404 549 1467 consecrationem
571 1402 756 1485 perfecisse:
786 1423 853 1466 cum
876 1422 951 1467 vero
974 1403 1024 1466 illa
1046 1403 1140 1466 verba
1163 1404 1386 1485 pronuntiavit,
1409 1412 1525 1466 certum
1548 1412 1596 1468 est

224 1510 419 1571 transmutata
449 1511 520 1567 tunc
549 1503 642 1567 luisse
665 1505 695 1566 in
717 1522 828 1586 corpus
851 1501 963 1567 Christi
991 1512 1022 1566 et
1043 1503 1230 1584 sanguinem.
1274 1502 1321 1564 De
1343 1512 1493 1568 momento
1516 1522 1595 1567 con-

224 1604 415 1679 secrationis,
439 1611 491 1666 aut
513 1603 593 1666 illius
615 1602 710 1666 torma
740 1602 811 1666 nibil
833 1604 987 1687 cogitasse
1010 1602 1189 1685 Gregorium
1213 1619 1250 1665 eo
1272 1603 1385 1665 certius
1417 1612 1481 1680 est,
1512 1602 1594 1684 quod

225 1701 264 1764 de
287 1703 337 1765 tali
360 1703 538 1785 quaestione
560 1702 641 1766 nulla
663 1721 793 1785 unquam
814 1703 896 1765 inter
917 1702 1086 1766 Orientales
1110 1703 1317 1766 controversia
1338 1702 1403 1766 fuit.

750 1985 785 2055 1.
823 1982 902 2053 Cum
930 1982 1063 2054 edisset.

331 2174 388 2251 Ira
409 2185 555 2268 quaedam
569 2186 712 2268 Syriacae
734 2187 899 2268 liturgiae,
921 2194 954 2250 ut
977 2185 1120 2268 Copticae
1145 2194 1176 2249 et
1197 2186 1407 2250 Nestorianae:
1435 2206 1475 2251 ex
1496 2187 1612 2251 tradia

229 2291 310 2353 tione
335 2291 496 2370 antiquitus
519 2298 657 2371 recepta,
687 2290 743 2354 sed
765 2309 842 2372 quae
871 2290 908 2353 ab
930 2290 1134 2373 Evangelistis
1162 2297 1193 2352 et
1219 2289 1368 2371 Apostolo
1395 2292 1488 2355 Paulo
1515 2309 1595 2357 con·

227 2391 345 2474 signata
368 2398 507 2453 nonest.

416 2652 450 2721 5.
488 2651 563 2722 Pro
590 2657 713 2723 sancto
737 2649 825 2723 Sion
853 2655 996 2723 omnium
1021 2649 1259 2724 Eccleaicrom
1284 2659 1402 2724 matre.

325 2843 455 2921 Souras
478 2852 508 2916 id
532 2874 571 2916 ex
593 2854 699 2918 iacobi
721 2855 866 2938 Liturgia,
889 2856 1093 2937 antiquissima
1123 2863 1154 2918 et
1181 2858 1345 2938 praecipua
1374 2857 1453 2939 apud
1482 2858 1592 2941 Syros:

227 2979 294 3022 cum
324 2967 421 3022 autem
448 2958 525 3021 baec
555 2960 797 3022 commemoratio
833 2960 870 3022 ad
906 2959 1073 3022 Ecclesiam
1101 2959 1401 3041 hierosolymitanam
1431 2980 1449 3023 a
1476 2948 1592 3028 Jacobo

225 3058 377 3123 fundatam
404 3061 528 3142 proprie
555 3061 716 3141 pertineat,
745 3059 961 3122 transtulerunt
990 3078 1056 3122 eam
1090 3058 1127 3121 ad
1155 3077 1190 3122 se
1217 3058 1375 3122 Jacobitac
1401 3058 1592 3140 Antiocheni,

225 3161 282 3223 snb
305 3178 433 3241 quorum
455 3159 629 3222 Hierarcbia
651 3159 706 3221 tuit
735 3158 912 3242 Gregorius,
935 3167 966 3221 ut
987 3157 1193 3222 honestiorem
1222 3158 1292 3221 inde
1321 3161 1590 3243 cognominationis

226 3279 299 3323 suae
323 3279 339 3321 a
361 3259 478 3322 lacobo
502 3259 649 3342 originem
669 3267 870 3364 arcesserent.
892 3258 1027 3322 videnda
1050 3276 1128 3340 quae
1151 3257 1189 3321 ad
1212 3276 1278 3321 eum
1300 3258 1400 3322 locum
1413 3262 1589 3327 notavimus.

500 3521 535 3595 6.
574 3520 727 3614 Regibus
754 3527 789 3592 et
813 3521 957 3614 Reginis
982 3520 1093 3591 Deum
1118 3519 1318 3592 timentibus.

332 3713 368 3791 lo
391 3743 430 3786 ex
453 3731 558 3787 vetere
582 3723 738 3805 disciplina
760 3742 827 3786 cum
849 3724 971 3787 vivente
987 3722 1136 3808 Gregorio
1159 3724 1345 3805 Provinciae,
1368 3726 1475 3806 quibus
1496 3743 1592 3810 prae-

225 3838 291 3893 erat
314 3836 453 3909 tanquam
475 3827 646 3890 Catholicus
669 3829 736 3890 sive
758 3826 902 3905 Mofrian,
933 3829 963 3889 in
991 3826 1275 3891 liuhamedanorum
1304 3836 1453 3909 potestate
1481 3832 1591 3897 dudum

226 3928 335 3993 lorent.
379 3927 473 3990 Erant
494 3925 615 4007 quidem
637 3927 762 3999 Amneni
791 3925 881 4007 aliqui
908 3926 1027 4010 Reguli,
1049 3926 1145 3990 hivon
1167 3946 1222 3990 seu
1243 3928 1319 4008 Leo,
1341 3929 1451 3993 Haiton
1472 3940 1503 3994 et
1525 3933 1589 4010 alii:

225 4046 330 4090 verum
353 4029 391 4090 de
414 4027 471 4089 illis
493 4043 554 4089 non
583 4028 736 4111 cogitasse
763 4027 903 4089 videntur
926 4025 995 4109 Syri
1023 4027 1190 4107 tacebitne,
1215 4028 1341 4110 quibus,
1368 4031 1426 4092 etsi
1456 4031 1590 4095 eamdem

223 4126 502 4209 blonophysitarum
524 4134 636 4191 sectam
659 4127 874 4209 profiterentur
896 4145 962 4189 cum
984 4127 1142 4206 Armenis,
1177 4126 1215 4190 ob
1237 4128 1435 4210 Azpmorum,
1465 4138 1495 4193 et
1516 4133 1590 4194 meri

226 4225 339 4307 absque
362 4244 438 4308 aqua
460 4244 546 4289 usum
568 4227 598 4289 in
620 4225 766 4310 Litargia,
788 4243 848 4289 non
870 4225 959 4307 plane
982 4226 1189 4290 conveniebat.
1246 4227 1292 4290 De
1316 4227 1365 4290 illa
1389 4227 1515 4292 formula
1538 4232 1588 4294 di-

226 4329 323 4389 ximus
346 4328 376 4388 in
398 4327 477 4389 notis
501 4326 538 4389 ad
560 4326 633 4389 alias
655 4326 816 4408 liturgias.

226 4606 261 4676 7.
303 4605 456 4698 Propter
490 4627 606 4677 monos
638 4604 721 4676 tiled
756 4603 900 4698 duplex,
936 4606 1026 4699 qaod
1056 4604 1247 4698 duplicibus
1273 4605 1412 4695 dedisti,
1440 4612 1590 4702 quaracla

560 4745 659 4793 onum
684 4716 730 4792 at
756 4728 791 4792 et
815 4725 914 4792 onina
940 4727 1051 4815 typam
1076 4721 1249 4795 exhibeat.

322 4911 416 4991 Hanc
438 4926 534 4989 oratio
547 4925 703 5007 quamdam
724 4925 936 4988 obscuritatem
960 4896 1072 4988 habere
1094 4925 1223 5004 videtur,
1246 4926 1331 5008 cujus
1353 4927 1420 4991 talis
1442 4935 1490 4990 est
1511 4947 1586 4991 sen-

228 5029 330 5090 tentia.
373 5029 481 5091 Munus
505 5027 616 5111 duplex
639 5037 697 5108 est,
720 5046 830 5109 corpus
853 5027 963 5092 Christi
992 5036 1022 5091 et
1045 5029 1109 5110 ejus
1140 5031 1279 5114 sanguis:
1309 5031 1389 5111 quod
1418 5030 1585 5094 bominibus

229 5126 316 5191 datur
346 5130 397 5209 qni
425 5137 562 5192 constant
589 5148 628 5191 ex
658 5147 789 5211 corpore
818 5137 848 5192 et
878 5128 972 5191 anima
998 5127 1148 5206 rationali,
1196 5128 1250 5191 llla
1279 5131 1480 5214 comparatio,
1508 5132 1585 5195 sicut
