4525 6034
747 565 823 641 534
1252 571 1613 650 trontola

744 763 833 848 sunt,
860 768 895 831 et
921 757 963 831 ad
989 757 1252 832 misericordiam
1278 768 1368 832 tuam
1396 759 1610 833 essentialem
1641 768 1675 832 et
1699 761 1943 853 immaterialem,
1966 765 2041 855 alte,

746 879 802 970 qui
830 873 981 949 omnibus
1009 874 1098 972 quod
1124 885 1200 948 sunt
1227 873 1354 965 tribuis,
1380 888 1616 971 pervenerunt
1657 876 1790 949 Suscita
1816 878 1884 953 illos
1905 902 1953 974 per
1971 884 2043 954 nbc-

744 990 924 1064 ricordiam
965 1002 1071 1081 tuam,
1109 990 1240 1065 colloca
1276 1014 1338 1066 eos
1371 995 1458 1064 inter
1499 1015 1606 1087 agnos
1638 1001 1732 1066 turos:
1763 1016 1893 1067 numera
1920 1018 1968 1069 eos
1995 1020 2044 1069 cun

744 1107 877 1180 Sanctis
905 1111 987 1180 tuis:
1014 1131 1103 1182 voca
1131 1130 1193 1181 eos
1220 1131 1296 1180 cum
1320 1111 1469 1181 multatis
1495 1111 1574 1182 tais:
1603 1109 1711 1202 dirige
1736 1114 1813 1184 vias
1840 1133 1936 1184 corun
1956 1111 1987 1181 ad
2004 1135 2045 1184 ra-

743 1247 846 1318 gnum
873 1236 981 1298 tuum:
1012 1225 1137 1322 perfice
1169 1247 1252 1319 erga
1277 1224 1353 1298 illos
1385 1229 1627 1321 promissiones
1652 1237 1742 1315 tuas,
1775 1237 1879 1300 statue
1906 1225 1967 1300 ilos
1991 1229 2047 1299 luta

744 1352 859 1414 coetus
886 1340 1085 1415 laudantium
1112 1352 1155 1415 te.
1208 1341 1262 1414 Ne
1288 1346 1439 1415 exactius
1466 1365 1611 1416 eramen
1626 1346 1777 1417 instituas
1794 1347 2047 1440 nequitiaeopcrun

742 1458 885 1548 illorum,
913 1469 990 1531 tunc
1017 1457 1149 1554 quando
1174 1457 1264 1530 nulla
1291 1461 1353 1530 erit
1374 1461 1445 1551 jam
1472 1461 1647 1532 excusatio
1672 1481 1737 1557 pro
1768 1459 2050 1555 praesumtionibus

743 1597 877 1664 eorum,
911 1578 988 1669 quia
1022 1577 1134 1667 imago
1170 1583 1204 1647 et
1236 1573 1412 1647 similitudo
1445 1584 1501 1647 tua
1531 1575 1579 1648 illi
1613 1586 1706 1650 sunt:
1738 1574 1917 1672 fratresque
1937 1576 2051 1662 utun

743 1703 778 1765 et
810 1691 895 1764 filios
922 1695 1052 1783 gratiae
1079 1700 1156 1764 tuae
1188 1695 1321 1765 vocasti
1347 1713 1426 1782 eos,
1462 1691 1523 1764 sed
1549 1690 1724 1766 clementia
1750 1703 1807 1766 tua
1833 1694 1957 1766 Domus
1976 1695 2052 1762 inter·

742 1807 843 1903 pellet
875 1830 937 1904 pro
971 1805 1068 1880 nobis
1102 1818 1137 1879 ct
1170 1829 1233 1903 pro
1265 1807 1348 1880 illis:
1375 1818 1410 1880 et
1434 1811 1544 1901 gratia
1572 1820 1627 1881 tus
1654 1807 1716 1882 sub
1742 1808 1823 1881 velo
1849 1809 1959 1882 alarum
1978 1812 2053 1880 niso·

741 1925 908 1997 ricordiae
943 1934 1019 1998 tuae
1055 1946 1116 1996 eos
1152 1907 1314 2014 occultet,
1342 1928 1418 2020 quia
1452 1923 1560 1996 nullus
1593 1947 1708 1998 eorum
1741 1928 1797 2021 qui
1829 1924 1962 1998 muliebri
1988 1935 2052 1995 utero

741 2043 863 2134 gestari
896 2051 990 2133 sunt,
1025 2039 1111 2113 liber
1143 2039 1204 2113 luit
1236 2041 1278 2116 ab
1306 2041 1477 2114 erroribus
1511 2039 1607 2135 hujus
1633 2040 1760 2133 mundi,
1788 2051 1821 2114 et
1846 2042 1980 2116 sordibus
1999 2063 2055 2112 cn·

740 2156 882 2242 nulibus,
910 2160 973 2229 nisi
999 2156 1092 2230 solus
1118 2156 1293 2247 Dominus,
1320 2168 1354 2230 et
1378 2157 1471 2231 Deus
1498 2168 1613 2230 noster
1639 2158 1737 2231 lesus
1755 2156 1902 2231 Christus
1917 2160 2057 2250 ungena

740 2274 845 2347 Filius
872 2283 963 2348 tuus:
992 2272 1171 2348 secundum
1200 2276 1294 2366 cujus
1320 2297 1435 2349 veram
1457 2277 1723 2369 promissionem,
1749 2295 1918 2370 speramus
1941 2274 2057 2365 conrad

740 2390 1020 2479 miscricordiam,
1052 2399 1086 2462 ct
1119 2393 1351 2464 remissionem
1386 2373 1621 2487 peccatorum,
1656 2412 1742 2486 qnae
1775 2402 1911 2488 propter
1937 2412 2000 2462 cun
2017 2397 2059 2473 et

740 2517 808 2580 tam
834 2505 933 2579 nobis
962 2529 1058 2601 quarn
1086 2509 1177 2603 ipsis.

845 2622 1007 2717 Populus.
1061 2624 1219 2710 Quietem
1241 2631 1386 2718 praesta.

842 2741 1026 2812 Sacerdos.
1079 2739 1195 2813 Vanus
1223 2749 1257 2812 et
1282 2738 1539 2813 innumerabiles
1552 2742 1763 2836 insipientiae
1788 2738 1916 2836 culpas,
1939 2753 2062 2833 masau
2162 2824 2163 2827 Ἴ

737 2868 772 2930 et
798 2855 845 2929 illi
870 2855 1044 2929 voluntate
1069 2867 1187 2929 nostra
1213 2856 1341 2929 infirma
1375 2853 1546 2929 animabus
1572 2860 1696 2930 nostris
1722 2857 1961 2944 contraxImus,
1988 2870 2062 2924 onera

737 2977 858 3067 gravia
893 2981 927 3045 et
959 2971 1001 3044 ad
1037 2972 1235 3069 portandum
1268 2971 1371 3046 valde
1409 2970 1570 3061 difficilia,
1606 2994 1693 3067 quae
1727 2971 1948 3068 iniquitatibus
1975 2966 2064 3039 nostb

738 3093 994 3182 congessimus,
1028 3088 1225 3161 voluntariis
1261 3099 1295 3161 et
1327 3088 1576 3178 brvoluntariis,
1602 3093 1690 3162 notis
1716 3099 1750 3161 et
1776 3091 1920 3181 ignotis,
1952 3081 2065 3180 quatit

738 3205 964 3279 adolescentia
992 3214 1048 3277 aut
1072 3208 1106 3277 in
1133 3214 1317 3294 senectute,
1344 3203 1488 3278 anobis
1514 3208 1714 3279 commissae
1740 3215 1836 3295 sunt,
1863 3216 1897 3276 et
1921 3219 2065 3297 quaeun-

738 3345 850 3418 quea
878 3320 993 3411 nobis,
1030 3318 1072 3392 ab
1099 3322 1192 3394 initio
1227 3321 1268 3394 ad
1302 3320 1402 3394 linem
1435 3343 1541 3415 usque
1566 3324 1655 3394 vitae
1680 3320 1775 3415 hujus
1801 3318 1987 3418 temporalis
2007 3336 2066 3411 pu·

738 3449 890 3536 petratae
916 3438 1050 3527 luerint,
1076 3459 1190 3532 parce,
1217 3437 1305 3526 dele,
1332 3446 1365 3509 et
1392 3437 1515 3508 dimitte
1540 3461 1604 3533 per
1635 3437 1902 3511 misericordiam
1923 3429 2066 3508 natudu

738 3554 1017 3648 essentialemque
1044 3553 1102 3626 tibi
1129 3563 1163 3625 et
1187 3556 1376 3646 ingenitam.
1430 3551 1607 3627 conserva
1632 3577 1695 3629 nos
1722 3559 1823 3627 etiam
1849 3558 1884 3626 in
1909 3551 1969 3624 boc
1994 3545 2067 3617 labo

737 3674 830 3744 rioso
857 3669 995 3744 saeculo
1023 3670 1064 3743 ab
1093 3670 1245 3744 omnibus
1272 3670 1399 3743 insidiis
1426 3680 1460 3742 et
1485 3670 1709 3743 molitionibus
1736 3670 1894 3745 draconis
1915 3659 2069 3763 'spiritulia

650 3813 654 3820 ·
739 3791 794 3883 qui
828 3785 989 3859 observat
1023 3785 1217 3858 calcaneum
1250 3795 1414 3860 nostrum:
1451 3795 1485 3858 et
1517 3799 1616 3883 eaput
1647 3791 1719 3881 ejus
1750 3787 1881 3880 dejice,
1912 3784 2068 3855 ennead

739 3899 913 3995 confringe
941 3901 1103 3975 velociter
1130 3901 1191 3975 sub
1218 3902 1359 4006 pedibus
1386 3901 1609 3999 spiritualibus
1634 3907 1768 3976 nostris.
1822 3901 1963 3990 Quando
1992 3906 2070 3990 arim

739 4018 898 4093 odviam
925 4017 1168 4108 universalem,
1203 4041 1300 4114 quam
1333 4019 1508 4116 deprecari
1541 4042 1608 4092 non
1633 4021 1719 4110 licet,
1746 4042 1890 4113 gressus
1917 4017 2070 4109 dirigfflttt

738 4133 906 4226 Angelum
933 4133 1175 4230 tranquillitatis
1202 4146 1236 4208 et
1263 4138 1357 4232 pacis
1383 4138 1474 4208 mitte
1501 4135 1543 4208 ad
1569 4136 1727 4210 amilium
1751 4146 1924 4227 nostrmn,
1956 4143 1986 4205 et
2006 4127 2070 4200 lilo-

737 4273 799 4324 ros
823 4250 866 4324 ab
894 4255 984 4323 omni
1008 4250 1168 4341 vindicta,
1194 4251 1446 4348 inculpatusque
1472 4275 1587 4338 coram
1613 4254 1698 4328 solio
1713 4256 1902 4348 majestatis
1927 4262 2007 4334 tuae,
2023 4265 2072 4316 ox·

737 4365 833 4453 bibe;
861 4377 895 4439 et
920 4392 995 4441 cum
1021 4366 1085 4441 illis
1113 4370 1168 4463 qui
1194 4379 1385 4441 meruerunt
1411 4378 1501 4443 stare
1528 4392 1642 4443 coram
1668 4382 1701 4442 te
1726 4369 1813 4442 lacis
1842 4368 2006 4456 revehis,
2025 4359 2072 4433 ud-

734 4485 841 4576 junge
867 4508 946 4558 nos:
980 4493 1080 4580 atque
1106 4488 1141 4557 in
1167 4494 1261 4558 sorte
1286 4484 1463 4559 habitaculi
1488 4491 1535 4558 tui
1560 4488 1736 4577 coelestis,
1768 4486 1829 4560 ubi
1863 4487 2010 4584 placium
2034 4475 2073 4548 ill

737 4599 838 4672 luerit
870 4623 934 4673 nos
970 4599 1117 4691 colloca3
1149 4610 1184 4672 ut
1217 4624 1282 4674 uua
1313 4623 1402 4675 voca
1433 4602 1618 4700 triumphali
1648 4602 1820 4677 laudemus
1857 4616 1893 4677 et
1926 4598 2074 4676 exdeus

738 4739 860 4789 nomen
894 4727 985 4789 tuum
1017 4717 1203 4811 gloriosum
1234 4728 1269 4789 et
1299 4716 1527 4813 benedictum,
1567 4719 1727 4817 simulque
1764 4724 1932 4815 unigeniti
1958 4708 2075 4791 Filiitu’

736 4834 871 4906 Domini
898 4836 1003 4907 nostri
1028 4835 1110 4908 lesu
1138 4833 1268 4908 Christi.

840 4949 1001 5044 Populus.
1054 4949 1107 5022 Ut

840 5066 1025 5139 Sacerdos.
1077 5068 1161 5142 Pax.
