4525 6034
651 726 655 731 ,
707 643 1117 722 nltxtlbtlttn
1564 652 1616 727 99

273 829 441 927 ΟἹεραύς
462 835 551 925 λίγει
575 837 632 904 καί
653 832 672 905 ὁ
695 831 777 916 λαός
801 831 896 908 ἄπο-
990 830 1167 904 Medea
1191 832 1471 928 diciteeqoentia
1489 841 1524 906 et
1542 857 1616 931 po·

221 938 362 1029 κρῖνεται
383 934 423 1009 τὰ
446 928 560 1028 Κύριε
576 933 730 1026 limace.
934 933 1037 1027 peto
1060 936 1255 1029 respondet.
1297 936 1404 1031 llyrie
1430 937 1569 1011 eleison.

268 1040 321 1108 Σὲ
347 1031 582 1130 δαςιοπαῦμεν
603 1038 744 1134 Χριστί
770 1031 898 1119 ὁθεός
992 1034 1045 1107 'le
1086 1036 1306 1111 obsecramus
1351 1038 1483 1113 Christe
1520 1041 1615 1116 Deus

219 1135 332 1232 ἡμῶν.
940 1147 1066 1211 noster.

273 1246 344 1335 Τῆς
378 1241 563 1336 ἐκκλησίας
595 1263 664 1315 σου
693 1236 795 1339 κύριε
826 1237 895 1336 τὴν
988 1238 1166 1314 Ecclesiae
1201 1252 1279 1315 tuae
1312 1244 1457 1317 Domine
1488 1245 1614 1319 lunda-

216 1341 375 1443 κρηπῖδα
391 1340 606 1439 κατάπηξον.
674 1377 684 1394 ·
936 1355 1083 1415 menmm
1109 1344 1279 1417 confirma.

271 1452 341 1541 Τῆς
360 1443 500 1547 ἀγοίοιης
514 1445 605 1541 ἡμῖν
627 1443 697 1540 τὴν
716 1442 895 1541 ὁμόνοιαν
991 1445 1148 1520 Caritatis
1184 1447 1282 1520 nobis
1309 1447 1524 1522 concordiam
1549 1474 1614 1523 ra-

216 1548 382 1645 ριῒωσον.
937 1546 1055 1621 dicitas
1081 1547 1206 1622 ihsere.

217 1658 340 1851 ξησΤῆς
356 1652 506 1735 πίστεως
526 1648 595 1746 τὴν
620 1647 799 1747 ἀλήθειαν
819 1649 893 1727 αὔ-
986 1649 1083 1723 Fidei
1109 1657 1288 1725 veritatem
1314 1675 1413 1746 auge.

282 1782 337 1829 ον.

269 1864 340 1952 Τῆς
356 1863 419 1955 σῆς
433 1854 609 1955 εὐσεβείας
620 1854 893 1953 ἤμῖντὴνὸδὸν
986 1855 1037 1928 Pii
1063 1860 1110 1929 tui
1137 1856 1243 1931 cultus
1259 1860 1350 1929 viam
1369 1868 1496 1931 rectam
1513 1859 1611 1933 nobis

216 1954 482 2058 εὐθντόμηοον.
934 1959 1052 2051 dirige.

269 2062 364 2148 Τοῦς
380 2068 552 2158 ποιμένας
567 2060 766 2162 ὀχύροσον.
988 2060 1148 2135 Pastores
1175 2061 1310 2136 robora.

269 2164 364 2250 Τούς
412 2172 718 2264 ποιμαινομνους
768 2162 894 2266 diopol-
988 2161 1060 2237 Eos
1075 2168 1332 2261 quipascuotur,
1351 2187 1611 2262 securosprae-

215 2273 322 2344 λίσαι.
937 2276 1000 2341 sta.

264 2371 408 2469 Δόςτῴ
424 2368 548 2471 κλήρῳ
563 2369 858 2467 τήνείκοσμίαν.
989 2369 1042 2440 Da
1072 2366 1173 2442 Clcro
1199 2392 1329 2442 momm
1354 2370 1573 2459 honestatem,

267 2483 352 2560 Τοῖς
367 2473 850 2575 μοναχολτήνίγκράτειαν.
987 2470 1164 2545 Monachis
1193 2475 1456 2569 temperantiam,

269 2586 353 2664 Τοῖς
367 2584 407 2655 ἓν
423 2578 605 2679 παρθενίᾳ
622 2577 665 2653 τὸ
679 2588 893 2679 σωφρονεῖν.
987 2574 1056 2647 Illis
1099 2578 1154 2670 qui
1186 2580 1412 2668 virginitatem
1453 2584 1612 2668 servant,

887 2766 890 2771 ¹
935 2681 1201 2773 temperantiam,

269 2791 352 2869 Τοῖς
378 2788 418 2860 ἐν
443 2790 565 2881 σεμνῷ
589 2781 700 2883 γάμῳ
731 2782 800 2880 τὴν
830 2781 892 2858 ed-
987 2780 1055 2852 Illis
1085 2785 1141 2875 qui
1168 2791 1244 2854 sunt
1262 2784 1296 2852 in
1317 2779 1505 2855 honorabili
1522 2803 1612 2853 oon·

216 2885 339 2977 ζώιαν.
930 2884 1040 2976 jugio,
1066 2883 1189 2956 honam
1215 2887 1330 2973 vitam,

269 2998 353 3075 Τοῖς
369 2994 410 3066 ἐν
424 2990 598 3087 μετανοίᾳ
614 2986 657 3063 τὸ
674 2990 776 3073 ἔλεος.
986 2982 1055 3059 Illis
1083 2989 1139 3081 qui
1155 2989 1407 3081 inpoenitentia
1428 2995 1515 3078 sunt,
1542 2988 1612 3057 mi-

935 3089 1168 3179 sericordiam,

269 3204 352 3281 Τοῖς
365 3202 564 3271 πλουτοῦσι
580 3192 650 3291 τὴν
667 3191 890 3294 αἰγαθότητα.
985 3190 1153 3264 Divitibus
1179 3188 1374 3279 bonitatem,

270 3307 352 3383 Τοῖς
367 3297 889 3396 πενομενοιςτὴνέπικουρίαν.
986 3293 1214 3385 [adigentibus
1245 3293 1455 3385 adjutorium,

270 3409 352 3485 Τοῖς
367 3412 524 3498 πτωχοῖς
539 3399 606 3500 τὴν
622 3399 813 3499 βοήθειαν.
985 3394 1192 3491 Pauperibus
1219 3395 1387 3468 auxilium

270 3503 362 3590 Τοΰς
378 3502 583 3603 πρεσβύτας
599 3502 813 3603 περίζωσον.
986 3500 1095 3571 Senes
1122 3498 1248 3571 robore
1276 3502 1425 3590 accinge.

271 3606 475 3692 Τοῦςνῖους
490 3605 735 3708 σωφρόνισον.
986 3602 1138 3673 iuvenes
1164 3610 1389 3695 temperantes
1416 3601 1521 3674 effice.

270 3709 362 3794 Τοῦς
378 3708 549 3796 ἀπίστους
562 3710 788 3807 ἐπέστρεψαν.
987 3703 1142 3776 lnlideles
1169 3714 1341 3776 converte.

265 3818 421 3888 Παῦσον
441 3820 503 3909 τῆς
528 3813 712 3910 ἐκκλησίας
741 3808 786 3886 τοί
805 3810 890 3906 σχί-
950 3824 952 3833 ’
987 3804 1181 3902 Comprime
1201 3804 1378 3882 Ecclesiae
1398 3805 1586 3879 schismata.

218 3939 345 4011 σματα.

272 4026 356 4094 Τῶν
388 4021 557 4117 αἱρέσεων
587 4015 793 4093 κατάλυσον
818 4014 865 4090 τοὶ
985 4010 1185 4086 haereseon
1211 4009 1361 4084 fremitus
1388 4011 1532 4085 destrue.

219 4120 450 4221 sevirum·

267 4239 416 4326 Πάντας
441 4242 534 4340 ἡμᾶς
550 4238 639 4337 πρὸς
656 4238 724 4338 τήν
747 4247 809 4335 τῆς
828 4244 892 4334 σῆς
985 4232 1059 4306 Nos
1095 4254 1213 4306 omnes
1254 4233 1298 4304 ad
1336 4234 1383 4328 pii
1421 4229 1527 4304 cultus
1564 4233 1611 4302 tui

217 4343 391 4440 εὐσεβείας
406 4344 584 4440 ὁμόνοιαν
600 4341 775 4442 σύναψον,
935 4336 1150 4410 concordiam
1178 4337 1356 4428 conjunge.

262 4469 296 4543 ‘0
316 4469 411 4554 Λαός
432 4473 531 4563 λέγει.
575 4462 688 4563 Κύριε
702 4467 855 4561 elehem.
986 4466 1149 4561 Populos.
1175 4467 1282 4562 Kyrie
1309 4467 1448 4540 eleison.

242 4588 582 4782 έθτέςείξίίὲίίίείτχ
603 4578 891 4770 ξᾜθηῑῆκρ
985 4632 1171 4706 Sacerdos.
1198 4632 1367 4704 Memento
1380 4632 1525 4705 Domine
1541 4654 1611 4726 pa·

219 4716 522 4886 Σαθολιχῆςῖηγκῖίῇ
554 4714 892 4885 ἁηξωσζολᾶῆζᾝ
934 4752 984 4822 cis
1012 4758 1169 4840 sanctae,
1202 4751 1311 4838 unius,
1340 4745 1551 4837 Catholicae,
1578 4755 1612 4818 et

220 4894 420 4989 ἐκκλησίας,
439 4900 500 4989 τῆς
520 4890 591 4968 ἀπὸ
613 4889 799 4992 περάτων,
827 4896 892 4975 ἕως
933 4864 1155 4962 Apostolicae
1184 4873 1262 4936 tuae
1293 4862 1489 4953 Ecclesiae,
1525 4885 1611 4958 quae

222 4994 384 5095 περάτων
407 5005 469 5091 τῆς
485 4998 712 5094 mmmm,
736 4995 797 5071 καὶ
817 5000 892 5071 τῶν
934 4993 988 5056 est
1014 5005 1034 5054 a
1060 4980 1180 5055 linibus
1206 5001 1314 5075 usque
1340 4979 1491 5053 adfines
1519 4978 1611 5052 orbis

222 5100 259 5173 ἐν
291 5097 382 5197 αὐτῇ
420 5098 640 5199 ὀρθοὸόξων
673 5095 890 5191 ἐπισκόπων,
934 5108 1111 5172 eteorum
1138 5099 1253 5194 quiin
1286 5094 1342 5169 illa
1374 5104 1450 5170 suut
1481 5095 1610 5170 Ortho-
