4525 6034
383 1327 414 1382 P.
431 1331 475 1382 22.
493 1329 510 1381 l.
528 1332 571 1383 32.

387 1553 519 1608 Confessio
543 1557 575 1609 de
597 1557 656 1611 'iri-

351 1641 436 1692 nitate

381 4227 411 4281 P.
428 4229 472 4279 22.
491 4227 507 4279 l.
524 4226 568 4279 36.

671 503 749 578 244
834 549 836 554 -
1144 504 1556 587 COMMENTARIUS

669 688 825 752 Ecclesiae
855 690 1025 771 perveniat,
1054 691 1122 772 quia
1150 708 1258 772 nempe
1288 691 1464 755 Sanctorum
1492 693 1707 756 communionis
1734 712 1771 757 ea
1800 695 1877 758 ratio
1905 702 1968 773 est,
1996 705 2031 758 ut

670 807 732 852 non
760 789 849 853 modo
880 792 1007 853 Sanctos
1036 791 1067 853 in
1095 791 1189 853 coelis
1218 808 1285 852 cum
1308 789 1428 854 Christo
1450 798 1639 872 regnantes,
1670 799 1702 856 et
1728 793 1832 858 bdeles
1861 797 1893 857 in
1919 796 2030 858 unitate

671 888 736 970 ejus
759 897 789 952 et
811 907 886 969 pace
910 889 1077 970 defunctos,
1100 889 1157 974 sed
1179 897 1210 952 et
1232 889 1402 952 laborantes
1423 890 1455 951 in
1476 889 1534 952 hac
1555 892 1618 954 vita
1639 892 1725 955 dmnl
1747 895 1919 979 conjungat,
1943 898 2028 976 qnasi

670 988 757 1050 unius
780 990 918 1069 corporis
940 990 1080 1053 membra.
1104 988 1194 1052 Extat
1216 988 1292 1052 haec
1313 988 1472 1052 Absolutio
1494 1008 1591 1071 prope
1621 991 1726 1055 iisdem
1755 993 1883 1073 uerbis,
1919 996 1951 1057 in
1975 994 2029 1057 tt-

669 1087 769 1170 turgia
791 1087 972 1171 Aethiopum
995 1089 1161 1166 communi,
1185 1106 1263 1171 quae
1285 1108 1326 1152 err
1348 1087 1473 1171 Coptica
1495 1089 1630 1153 desumta
1654 1100 1710 1156 est.

1148 1351 1239 1424 Unus
1264 1352 1376 1424 Pater
1401 1351 1560 1426 Sanctus.

760 1561 851 1654 Quin
880 1573 918 1635 ad
946 1573 1161 1637 communionis
1191 1573 1353 1656 legitimam
1379 1574 1641 1657 praeparationem
1669 1582 1807 1656 specum
1836 1577 2028 1657 prosequitur

670 1675 830 1739 Orientalis
852 1675 1009 1740 Ecclesiae
1031 1677 1206 1759 disciplina,
1236 1684 1268 1764 et
1289 1695 1355 1740 etun
1377 1680 1472 1759 prima
1500 1685 1532 1740 et
1559 1679 1722 1759 praecipua
1756 1678 1888 1742 conditio
1918 1681 1957 1742 sit
1986 1698 2026 1743 ue

670 1776 759 1839 detur
780 1774 922 1838 Sanctum
945 1777 1086 1856 canibus,
1110 1784 1269 1859 antequam
1291 1776 1416 1841 ulterius
1438 1778 1652 1860 progrediatur
1664 1776 1813 1842 Sacerdos
1836 1777 2027 1859 dispensator

667 1875 877 1957 mysteriorum
899 1875 976 1954 bei,
1000 1875 1090 1938 edicit
1110 1893 1168 1957 per
1189 1875 1353 1938 Diaconum
1375 1877 1509 1939 solennia
1531 1876 1582 1938 illa
1603 1876 1715 1954 uerba,
1739 1896 1817 1959 quae
1839 1897 1878 1940 ex
1897 1879 2028 1960 autqui-

665 1977 734 2038 tatis
756 1977 927 2038 reuerentia
950 1975 1065 2038 Graece
1087 1974 1227 2038 dicuntur
1247 1963 1347 2037 Μετᾶ
1367 1961 1475 2060 φόβου
1495 1974 1542 2058 τῷ
1562 1972 1633 2057 θεῷ
1652 1967 1854 2061 πρόσχωμεν.
1883 1976 1957 2040 timu
1986 1981 2029 2040 ti-

666 2094 752 2138 more
772 2075 837 2139 Deo
859 2077 1067 2138 attendcmum
1089 2093 1168 2156 quae
1190 2074 1318 2137 hortatio
1341 2091 1402 2136 nnn
1424 2075 1528 2152 modo,
1557 2082 1590 2137 ut
1618 2075 1648 2136 in
1671 2074 1736 2140 aliis
1763 2077 1844 2139 sacri
1871 2077 2029 2140 ministerii

666 2175 818 2257 partibus,
840 2175 1034 2237 attentionem
1055 2181 1085 2236 et
1107 2175 1215 2237 mentis
1238 2172 1276 2236 ad
1297 2173 1392 2236 Deum
1420 2173 1617 2236 elevationem
1643 2174 1808 2256 siguificat,
1836 2176 1891 2239 sed
1918 2178 2029 2260 singu-

667 2273 762 2338 larem
783 2284 814 2337 et
835 2275 1042 2356 praecipuam,
1066 2273 1103 2336 ad
1126 2272 1277 2336 Christum
1299 2275 1330 2335 iu
1351 2272 1539 2338 Eucharistia
1561 2281 1768 2355 praesentem,
1796 2282 1829 2337 ut
1849 2275 1944 2339 relata
1963 2275 2027 2339 Ga-

669 2374 772 2438 brielis
795 2373 985 2435 Patriarchae
1006 2381 1037 2436 et
1059 2372 1185 2436 aliorum
1205 2371 1300 2434 uerba
1322 2372 1419 2453 palam
1442 2372 1562 2437 iaciunt.
1585 2373 1693 2437 Postea
1716 2376 1784 2455 quia
1807 2377 1902 2456 prima
1920 2376 2028 2458 dispo-

669 2475 739 2536 sitio
761 2491 866 2536 eornm
888 2474 939 2553 qui
966 2473 1112 2536 accedunt
1141 2471 1178 2534 ad
1206 2471 1391 2535 Sacrameuti
1420 2461 1647 2553 perceptionem
1673 2474 1749 2538 fides
1778 2483 1845 2551 est,
1874 2476 2029 2558 proiertur
2111 2491 2116 2500 ’

669 2594 687 2638 a
710 2571 969 2638 circumstantibus
991 2570 1143 2635 consessio
1167 2572 1248 2633 circa
1271 2571 1463 2648 Trinitatem,
1486 2571 1532 2635 his
1547 2571 1665 2635 verbis:
1690 2572 1771 2637 Unus
1782 2574 1877 2638 Pater
1887 2576 2028 2652 Schema,

671 2693 748 2756 quae
770 2675 867 2737 oratio
889 2678 972 2734 extat
993 2672 1024 2734 in
1046 2671 1172 2734 Graecis
1193 2669 1429 2748 Alexandrinis,
1452 2678 1486 2733 ut
1507 2672 1537 2733 in
1560 2671 1642 2751 aliis,
1671 2673 1790 2754 paulum
1819 2676 1969 2738 immutata
1996 2676 2028 2737 iu

666 2773 745 2835 hunc
766 2773 900 2836 modum:
925 2772 1006 2834 Umrs
1026 2771 1173 2848 Scncbn,
1195 2789 1273 2833 acres
1293 2770 1440 2832 Dornr'nrrs
1460 2769 1551 2833 Jenrs
1573 2769 1727 2834 Chrisbcm
1748 2773 1779 2835 in
1802 2793 1838 2836 ea
1859 2773 1975 2852 iacobi,
1997 2782 2028 2837 et

665 2873 697 2935 in
720 2872 846 2936 Graecis
869 2873 934 2936 aliis
956 2872 1108 2947 similiter,
1130 2872 1172 2933 ita
1193 2878 1226 2932 ut
1248 2869 1286 2932 ad
1308 2869 1457 2933 Christum
1478 2869 1575 2932 solum
1599 2870 1757 2933 referatur.
1802 2872 1908 2936 Lectio
1938 2892 2027 2955 quam

666 2974 914 3055 interpretatione
936 2979 1039 3035 nostra
1061 2971 1282 3053 expressimus,
1305 2975 1352 3033 est
1374 2969 1561 3051 antiquorum
1584 2968 1679 3035 Codd.
1703 2970 1896 3053 Copticorum
1910 2972 2027 3035 Biblio-

668 3074 775 3137 thecae
796 3071 927 3155 Regiae,
957 3072 1137 3152 inquibus,
1167 3072 1247 3133 utin
1277 3069 1424 3132 Gabrielis
1452 3069 1575 3150 Rituali,
1603 3069 1718 3133 Graece
1747 3071 1805 3135 dici
1832 3073 2027 3154 praecipitur,

667 3171 713 3235 bis
735 3173 837 3236 uerbis
859 3189 937 3253 quae
959 3171 1072 3234 librarii
1094 3169 1215 3251 linguae
1236 3169 1366 3250 imperiti
1387 3170 1463 3232 mire
1485 3179 1693 3252 corruperunt
1716 3158 1776 3243 Εἷς
1797 3159 1907 3256 πατὴρ
1924 3160 2026 3255 ἅγιος,

667 3260 716 3345 εἷς
737 3262 809 3345 υἱός
830 3259 939 3355 ἅγιος,
960 3268 1093 3348 πνεῦμα
1114 3259 1212 3352 ἅγιον.
1260 3255 1366 3354 Ἀμήν.
1404 3269 1535 3333 Arabico
1564 3277 1721 3351 exponunt
1746 3288 1808 3334 non
1836 3289 1897 3335 uno
1926 3271 2025 3334 modo.

665 3370 698 3433 ln
720 3390 781 3434 uno
804 3371 995 3452 antiquiore,
1017 3371 1148 3433 &ochas
1166 3376 1257 3450 puter
1276 3388 1370 3431 mars:
1391 3368 1522 3431 Senem
1540 3370 1620 3449 itlius
1647 3387 1738 3444 uuor,
1766 3369 1896 3432 Sensim
1923 3370 2026 3450 Spiri-

665 3478 714 3533 tus
740 3471 885 3533 amcam:
912 3471 944 3532 in
971 3468 1030 3532 alio
1059 3469 1182 3548 melius,
1219 3467 1301 3531 linas
1326 3476 1372 3530 ert
1398 3466 1492 3531 Pater
1520 3467 1666 3545 Scnchrm
1704 3478 1760 3533 etc.
1791 3471 1869 3532 sicut
1897 3469 2023 3532 Graece.

664 3570 806 3633 Eundem
820 3569 975 3632 formulam
994 3568 1138 3633 exhibent
1150 3566 1506 3651 Syriacuelacobitarum
1519 3568 1690 3651 liturgiae,
1712 3569 1769 3632 nisi
1792 3568 1873 3650 quod
1902 3568 2024 3648 addunt,

664 3673 726 3750 ipat
743 3670 844 3751 picato
865 3676 895 3732 ct
919 3670 1089 3750 pretiorum
1115 3671 1197 3731 actio
1226 3671 1258 3730 in
1285 3669 1417 3730 casada.
1447 3668 1550 3734 Amen.
1601 3669 1673 3731 Eam
1705 3669 1871 3733 orationem
1901 3670 2025 3749 exponit

664 3757 826 3851 Dionysius
849 3768 1008 3843 Earsalibi3
1031 3768 1221 3849 meminitque
1242 3770 1308 3850 ejus
1329 3767 1461 3830 lacobus
1483 3767 1664 3832 Edesseuus.
1687 3768 1779 3831 Extat
1800 3785 1922 3849 quoque
1944 3768 2023 3848 apud

664 3867 870 3932 Nestorianos.
914 3867 1025 3931 Omnes
1054 3875 1143 3949 atque
1171 3868 1250 3930 iuter
1278 3866 1354 3930 alios
1380 3866 1584 3944 Ebnassalus,
1613 3876 1718 3932 notant
1746 3886 1813 3946 earn
1845 3867 1904 3930 dici
1933 3865 2023 3949 paulo

666 3974 823 4047 antequam
845 3967 1042 4031 ostendantur
1062 3966 1175 4048 populo
1197 3985 1286 4031 sacra
1307 3963 1460 4050 mysteria.

1198 4229 1331 4301 Sancta
1356 4232 1493 4302 saneim.

393 4469 489 4520 sanata
506 4470 607 4532 aaron,
626 4475 652 4519 ar
750 4441 843 4520 limo
866 4452 1100 4516 celebratissima
1122 4450 1201 4533 apud
1224 4454 1360 4533 antiquos
1373 4450 1560 4515 Christianos
1582 4452 1686 4533 verba,
1709 4461 1778 4515 tunc
1800 4450 1860 4514 diei
1878 4449 2024 4515 aSaeer-

344 4554 455 4607 elavatio
465 4552 652 4607 Eucharistiae.

665 4558 736 4621 dota
771 4564 873 4621 mouet
906 4556 1025 4619 rubrica
1056 4555 1178 4619 Codicis
1206 4554 1311 4638 liegii,
1341 4555 1427 4617 simul
1449 4574 1517 4619 cum
1544 4553 1692 4620 Sacerdos
1720 4554 1843 4618 assumit
1864 4554 1896 4616 in
1916 4569 2023 4616 manus

666 4659 833 4738 Spodicon‚
863 4656 928 4719 sive
956 4664 988 4719 ut
1008 4656 1139 4719 Arabica
1170 4655 1327 4732 scribitur,
1359 4654 1519 4718 labcdtcon
1550 4655 1601 4718 vel
1627 4655 1806 4732 lsbcdicon,
1838 4661 1870 4716 et
1897 4652 2022 4715 evolans

665 4765 807 4840 quantum
827 4763 946 4838 potest,
969 4756 1192 4837 ostendensque
1215 4754 1341 4836 populo,
1364 4754 1450 4817 siurul
1472 4754 1610 4817 inclamat
1631 4753 1745 4817 &ncta
1765 4755 1889 4816 emetis.
1934 4752 2023 4814 biri-

664 4875 730 4919 mus
751 4875 829 4920 voee
850 4856 900 4920 illa
922 4856 1084 4939 significari
1105 4855 1232 4918 mediam
1254 4855 1370 4918 hostiae
1393 4862 1522 4935 partem:
1553 4873 1592 4917 err
1614 4872 1673 4935 qua
1694 4853 1774 4917 calix
1795 4860 1827 4916 et
1849 4852 1924 4915 aliae
1944 4865 2022 4933 par-

663 4956 774 5021 ticulae
797 4959 1025 5041 consignantur,
1046 4965 1078 5020 et
1098 4972 1177 5038 quac
1199 4962 1373 5018 reservamr
1396 4954 1433 5017 ad
1455 4954 1652 5018 elevationem
1675 4952 1851 5030 faciendam,
1874 4951 2022 5032 simulque
