4525 6034
551 570 924 650 insinuastis
960 567 1233 647 stilicus,
1525 566 1576 641 st

428 846 608 919 Diaconus.
662 845 769 933 Quom
795 843 959 916 terribilia
984 849 1036 916 est
1060 842 1148 914 hoec
1173 842 1271 929 horo,
1299 848 1362 914 etc.

308 1054 461 1134 Foasocn
483 1065 562 1129 haec
583 1065 762 1129 hortationis
785 1065 911 1128 Diaconi
938 1064 975 1127 ad
997 1065 1242 1141 circumstantes,
1272 1062 1363 1144 paulo
1392 1071 1461 1125 ante
1489 1079 1579 1143 qnam

211 1172 426 1254 pronuncietur
448 1168 602 1232 invocatio
626 1168 754 1249 Spiritus
776 1168 889 1247 sancti,
913 1168 996 1249 Syris
1018 1170 1142 1250 propria
1165 1175 1223 1244 est,
1246 1184 1345 1247 neque
1367 1167 1396 1229 in
1419 1174 1502 1229 tanto
1524 1166 1579 1228 Li-

212 1272 378 1355 turgiarum
400 1286 524 1332 numero
546 1267 597 1330 vei
619 1286 678 1331 una
707 1268 876 1348 reperitur,
903 1268 934 1330 in
963 1286 1022 1350 qua
1044 1266 1147 1348 primis
1177 1265 1303 1329 vocibus
1331 1282 1391 1327 non
1420 1265 1579 1348 designata

211 1371 256 1433 sit
301 1370 357 1433 Est
379 1377 479 1431 autem
501 1367 648 1447 quaedam
668 1366 818 1430 Praelatio
841 1365 879 1428 ad
902 1367 997 1447 ipsam
1018 1365 1254 1445 invocationem,
1276 1383 1344 1427 cum
1366 1382 1425 1444 qua
1447 1364 1579 1444 conjun-

211 1471 340 1532 ctionem
362 1466 451 1530 habet
473 1468 694 1545 necessariam,
725 1467 982 1547 praecipuumque
1013 1465 1146 1527 continet
1174 1464 1244 1527 iidei
1273 1464 1311 1528 dc
1339 1482 1413 1526 vera
1443 1470 1475 1526 et
1503 1462 1580 1525 reali

211 1566 428 1632 elementorum
449 1566 696 1629 transmutatione
719 1572 937 1649 argumentum.
988 1564 1099 1627 Horam
1126 1565 1206 1627 enim
1233 1573 1472 1644 momentumque
1498 1569 1580 1624 tem-

210 1668 293 1749 poris
319 1666 507 1741 determinat,
530 1683 590 1746 quo
614 1666 804 1728 consecratio
827 1664 995 1746 perficitur,
1024 1664 1074 1725 vel
1096 1663 1201 1726 saltem
1225 1662 1360 1744 perlecta
1382 1669 1413 1723 et
1436 1679 1580 1724 consum-

209 1774 287 1828 mata
312 1765 496 1829 declaratur:
520 1763 639 1828 modum
663 1782 783 1845 quoque
798 1783 858 1845 quo
870 1764 1036 1846 perficitur,
1058 1782 1167 1844 nempe
1180 1762 1358 1825 adveniente
1382 1768 1413 1823 et
1435 1760 1578 1823 illabente

210 1865 325 1947 Spiritu
347 1874 464 1944 sancto,
487 1864 546 1926 hoc
568 1870 616 1926 est
637 1882 694 1945 per
715 1864 900 1940 miraculum,
924 1872 955 1925 et
978 1862 1098 1944 quidem
1120 1864 1291 1940 maximum,
1314 1861 1395 1943 quod
1418 1878 1580 1942 compara-

211 1970 257 2026 tur
284 1963 406 2046 illapsui
440 1963 592 2045 ejusdem,
623 1964 652 2025 in
679 1970 812 2025 sanctam
836 1964 991 2045 Virginem
1019 1961 1057 2025 ad
1085 1961 1303 2025 incarnationis
1331 1961 1519 2042 mysterium:
1548 1962 1580 2022 in

210 2062 372 2139 Christum,
395 2082 461 2126 cum
484 2062 514 2125 in
537 2060 670 2125 iordane
699 2062 866 2143 baptisatus
894 2069 942 2124 est
969 2061 1140 2124 aloanne:
1170 2068 1203 2123 ut
1231 2079 1325 2142 super
1354 2058 1519 2141 Apostolos
1549 2059 1581 2120 in

210 2162 376 2225 coenaculo
399 2163 480 2225 Sion.
514 2160 557 2224 lta
576 2162 722 2245 jubentur
744 2160 917 2240 Christiani,
940 2161 1080 2224 hortante
1102 2160 1249 2240 iliacum,
1272 2160 1400 2223 credere
1422 2176 1492 2221 mox
1515 2158 1581 2222 lieri

208 2267 324 2322 tanturn
347 2260 533 2339 miraculum,
557 2268 698 2343 quantum
720 2260 846 2323 humana
877 2267 978 2323 mente
1000 2260 1119 2341 concipi
1142 2263 1259 2341 nequit:
1289 2260 1355 2323 lieri
1376 2260 1407 2321 in
1429 2257 1526 2338 altari,
1550 2265 1581 2321 et

208 2362 238 2422 in
260 2360 350 2423 donis
373 2378 468 2442 super
490 2361 562 2424 illud
584 2360 765 2441 propositis:
789 2361 954 2441 attentique
976 2378 1045 2423 esse
1069 2359 1106 2421 ad
1128 2361 1263 2441 mysterii
1286 2360 1580 2434 consummationem,

209 2459 290 2540 quod
320 2460 350 2521 in
380 2459 522 2543 Liturgiis
551 2460 676 2522 Graecis
706 2458 878 2541 vulgaribus
908 2466 939 2523 ct
966 2459 1024 2521 illis
1052 2478 1130 2542 quae
1160 2468 1228 2522 sont
1257 2460 1342 2522 Ritus
1371 2457 1580 2538 Alexandrini,

207 2559 406 2640 paucioribus
428 2559 531 2622 verbis
554 2558 672 2622 dicitur.
717 2545 920 2643 Πρόσχωμεν
943 2554 1016 2641 Θεῷ
1037 2547 1122 2637 μετά
1143 2549 1260 2644 φόβου.
1288 2558 1495 2631 Attendamus,
1514 2558 1581 2620 Deo

209 2678 276 2721 man
300 2659 419 2733 timore,
442 2666 473 2720 et
494 2659 524 2719 in
553 2657 760 2734 Nestorianis,
794 2656 869 2719 Cum
898 2659 1004 2721 &more
1032 2666 1062 2720 et
1087 2658 1207 2721 silentio
1235 2660 1433 2725 abendoniae.
1478 2658 1582 2719 illonct

209 2775 285 2841 ergo
311 2758 541 2821 circumstantes
563 2757 726 2844 Diaconus,
751 2765 783 2820 ut
811 2757 849 2821 ad
879 2758 977 2821 omnia
1005 2776 1083 2839 quac
1111 2776 1183 2821 mox
1206 2776 1223 2821 a
1246 2757 1412 2822 Sacerdote
1440 2756 1582 2840 Spiritum

208 2866 345 2922 sanctum
369 2858 530 2921 invocante
553 2857 682 2921 audituri
704 2866 792 2934 sunt,
819 2860 948 2921 animum
970 2856 1123 2940 adjiciant:
1155 2857 1280 2920 credunt
1303 2857 1352 2921 ilia
1376 2857 1441 2920 lieri
1463 2876 1581 2940 quaea

208 2955 274 3018 Deo
298 2955 447 3037 postulat:
471 2974 578 3038 nempe
601 2976 658 3038 per
680 2956 850 3036 adventum,
874 2963 905 3018 ct
926 2955 1063 3037 illapsum
1078 2975 1133 3019 seu
1157 2959 1363 3038 operationem
1385 2956 1582 3019 immediatam

171 3072 175 3079 ·
210 3056 343 3137 Spiritus
365 3055 478 3130 sancti,
507 3074 617 3137 panem
644 3056 710 3119 fieri
739 3074 851 3138 corpus
881 3056 979 3137 ipsum
1009 3054 1122 3119 Christi
1152 3055 1287 3133 Domini,
1315 3058 1415 3120 vinum
1446 3055 1582 3139 eiusdem

209 3157 403 3238 sauguinem:
427 3173 486 3218 non
509 3173 566 3236 per
588 3155 676 3219 iidem
698 3157 940 3238 suscipientium,
969 3156 1076 3237 quibus
1106 3172 1167 3218 non
1197 3157 1255 3218 nisi
1284 3163 1354 3238 post
1376 3159 1449 3219 satis
1471 3155 1581 3239 longas

209 3272 321 3336 preces
345 3262 376 3316 et
398 3256 623 3336 caeremonias,
653 3256 819 3336 praebetur
848 3258 1082 3319 Sacramentum.
1127 3255 1175 3316 Ex
1202 3274 1238 3317 ea
1267 3256 1343 3335 lide,
1376 3255 1581 3336 proclamante

210 3354 329 3435 pariter
350 3353 495 3435 Diacono,
518 3358 617 3418 statim
639 3361 788 3417 testantur
809 3355 914 3417 videre
936 3372 971 3416 se
994 3353 1089 3417 oculis
1113 3353 1198 3432 idei,
1228 3352 1376 3418 Christum
1398 3354 1581 3418 immolatum

212 3471 308 3534 super
331 3453 436 3533 altare,
459 3455 637 3537 sanguinem
660 3456 725 3536 ejus
748 3456 777 3517 in
801 3452 906 3531 calice,
930 3452 1011 3535 quod
1028 3453 1291 3516 acclamationibus
1314 3453 1442 3516 credere
1464 3473 1499 3517 se
1521 3473 1582 3537 po-

211 3552 302 3633 pulus
327 3560 463 3616 testatur.

300 3652 396 3714 Recte
419 3653 511 3736 igitar
533 3653 563 3714 in
584 3651 676 3714 Libro
689 3650 1013 3714 llinisteriilliaconici
1034 3660 1155 3714 servata
1179 3659 1227 3715 est
1248 3651 1324 3714 haec
1346 3655 1443 3718 oratio
1466 3654 1581 3736 absque

211 3753 274 3816 ulla
297 3754 470 3817 mutatione.
516 3751 575 3815 Sed
597 3770 703 3833 parum
726 3750 918 3814 attenderunt
938 3751 1105 3814 Maronitac
1127 3751 1266 3815 editionis
1290 3759 1464 3833 curatores,
1496 3773 1581 3817 eam·

212 3851 291 3931 dem,
316 3851 503 3915 invocationi
525 3851 563 3913 ad
585 3869 674 3934 quam
695 3850 836 3931 retertur,
860 3857 891 3913 et
916 3868 993 3932 quae
1016 3853 1137 3915 omnino
1161 3852 1339 3933 interpolata
1362 3861 1420 3932 est,
1444 3872 1504 3916 non
1526 3873 1581 3917 re-

212 3950 377 4033 spondere.
416 3949 535 4032 Quippe
557 3960 659 4014 monet
679 3950 832 4013 Diaconus
854 3950 910 4012 hac
932 3952 997 4032 ipsa
1019 3950 1094 4014 hora
1117 3946 1262 4015 advenire
1283 3951 1423 4032 Spiritum
1445 3962 1581 4017 sanctum

211 4070 307 4133 super
330 4051 408 4113 dona
430 4052 596 4131 proposita,
619 4057 650 4114 et
672 4068 710 4113 ea
732 4050 931 4127 sanctificare,
962 4049 1143 4132 eiilccreque
1166 4051 1276 4115 Christi
1305 4072 1416 4134 corpus
1447 4063 1478 4118 et
1505 4074 1582 4118 san-

211 4150 346 4234 guinem.
390 4149 432 4212 At
454 4149 604 4214 Sacerdos
627 4151 657 4212 in
680 4151 828 4229 oratione,
851 4157 941 4232 prout
968 4149 1081 4234 legitur
1107 4154 1137 4213 in
1165 4152 1277 4214 blissali
1308 4152 1471 4217 Chaldaico
1500 4154 1582 4217 iilum

210 4251 345 4328 invocat,
369 4267 430 4313 non
451 4258 484 4313 ut
506 4248 582 4312 haec
604 4250 686 4329 liant,
708 4249 764 4313 sed
785 4259 816 4313 ut
846 4267 956 4332 corpus
986 4258 1016 4312 et
1046 4252 1170 4333 sanguia
1201 4251 1310 4314 Christi
1337 4256 1453 4333 prosint
1481 4254 1582 4315 susci·

211 4349 376 4432 pientibus‚
401 4348 438 4410 ad
460 4350 667 4413 remissionem
689 4360 882 4432 peccatorum
911 4358 941 4412 et
971 4352 1060 4413 vitam
1083 4358 1245 4416 aeternam.
1291 4352 1396 4433 Neque
1424 4360 1471 4416 cst
1501 4352 1583 4434 quod

213 4449 371 4513 doctrinae
402 4447 574 4513 Catholicae
603 4452 829 4531 impugnatores
865 4469 900 4512 se
928 4458 1087 4531 torqueant
1118 4469 1185 4514 curn
1211 4451 1368 4532 Salmasio,
1399 4454 1450 4533 qui
1477 4459 1583 4515 contra

213 4549 375 4612 lectionem
399 4547 519 4612 Codicis
543 4547 661 4631 Coptici
683 4549 837 4634 Liturgiae
866 4551 961 4612 sancti
985 4550 1143 4633 Gregorii,
1170 4552 1306 4633 illapsum
1336 4553 1431 4615 sancti
1455 4551 1583 4631 Spiritus

215 4648 253 4710 ad
276 4647 384 4711 fideles
406 4648 519 4728 retulit,
544 4656 575 4711 ut
596 4649 713 4712 scilicet
733 4668 789 4731 per
811 4649 892 4712 illum
908 4650 1093 4730 sanctificati,
1116 4650 1291 4714 Oblationes
1305 4670 1409 4715 sacras
1425 4649 1582 4733 perfidem

216 4753 433 4810 converterent
456 4747 486 4809 in
506 4767 619 4830 corpus
643 4759 673 4813 et
694 4752 870 4833 sanguinem
899 4749 1019 4814 Christi.
1064 4750 1146 4812 iliam
1175 4744 1413 4836 παρερμηνείαν
1435 4768 1490 4813 sao
1512 4749 1582 4813 loco

216 4845 426 4925 discussimus,
448 4848 574 4929 ejusque
598 4848 763 4912 futilitatem
786 4849 1067 4913 demonstravimus:
1098 4868 1197 4932 neque
1227 4851 1277 4913 illa
1306 4858 1406 4933 potest
1434 4850 1583 4914 ullatenus

215 4944 331 5010 formae
354 4946 553 5011 invocationis
577 4949 695 5031 Syriaci
718 4951 792 5012 ritus
822 4951 1050 5016 accommodari.
1096 4952 1260 5015 Potuerunt
1287 4952 1338 5032 qui
1365 4949 1496 5014 Editioni
1517 4951 1583 5013 llo-

214 5064 323 5110 manae
345 5047 541 5129 praefuerunt
570 5049 784 5112 emendationis
811 5068 884 5114 suae
912 5068 1021 5115 causas
1048 5049 1161 5114 habere
1189 5069 1263 5131 quas
1290 5053 1465 5136 perspicere
1483 5051 1583 5129 ‚facile
