4525 6034
425 989 490 1079 IN
542 989 926 1082 LITURGIAM
968 991 1154 1082 JULII
1203 992 1422 1086 PAPAE

832 1197 1009 1281 totta.

342 1392 424 1471 Juun
446 1404 572 1468 Romani
594 1404 745 1468 Pontificis
770 1406 890 1469 nomine
905 1406 1070 1488 blangiani
1093 1406 1173 1488 apud
1186 1405 1339 1470 Jacobitas
1363 1415 1469 1473 extare
1492 1421 1609 1476 certum

230 1516 294 1587 est,
324 1508 495 1570 testimonio
523 1506 683 1569 multorum
706 1506 851 1570 Codicum
873 1508 945 1571 blss.
976 1512 1027 1591 qui
1050 1527 1116 1571 eam
1139 1518 1387 1590 repraesentant:
1417 1519 1478 1574 tum
1507 1516 1607 1595 etiam,

231 1606 314 1687 quod
329 1606 497 1702 blaronitae
518 1608 708 1670 recentiores
731 1623 798 1668 eam
821 1607 899 1669 inter
921 1627 992 1671 suas
1005 1615 1174 1686 numerent,
1196 1615 1229 1670 ut
1244 1606 1317 1670 iecit
1329 1607 1482 1673 Abrabam
1494 1612 1610 1677 Ecbel-

229 1705 336 1784 lensis,
360 1705 391 1767 in
411 1704 498 1767 Notis
521 1705 559 1767 ad
582 1704 797 1783 Hebeddmu,
821 1705 943 1769 Gabriel
966 1707 1079 1770 Sionita
1101 1706 1237 1788 Epistola
1260 1707 1297 1769 ad
1318 1707 1489 1772 Bartoldum
1512 1711 1609 1773 Nihu-

232 1806 309 1895 sinm
332 1802 444 1866 etalii.
488 1802 616 1882 Tamen,
645 1823 705 1885 qua
727 1804 845 1866 ratione
867 1808 1017 1884 nescitur,
1047 1807 1125 1868 inter
1147 1823 1200 1867 eas
1223 1823 1301 1886 quae
1324 1807 1354 1868 in
1376 1806 1491 1870 blissali
1514 1808 1609 1872 Cbal·

230 1903 319 1966 daico
341 1901 441 1965 editae
463 1901 600 1979 luerunt,
627 1902 726 1966 locum
747 1921 809 1966 non
831 1903 933 1966 babuit
940 1927 950 1980 3
979 1905 1216 1967 necimmerito.
1260 1903 1367 1984 Neque
1390 1905 1468 1966 enim
1491 1904 1608 1985 Latine,

231 2001 360 2079 Graece,
384 2008 435 2062 aut
458 2000 514 2063 alia
537 2019 625 2083 quam
637 2003 763 2083 Syriaca
779 2002 880 2084 lingua
903 2004 1056 2085 reperitur
1077 2002 1149 2080 ulla,
1172 2019 1251 2083 quae
1274 2001 1354 2063 bunc
1377 2002 1492 2064 titulum
1515 2021 1609 2084 prae-

232 2099 311 2163 ferat
332 2098 479 2182 biturgia.
509 2099 666 2163 tacobttae
690 2100 759 2182 Syri
781 2102 832 2181 qui
854 2119 950 2165 novas
972 2101 1079 2163 multas
1103 2108 1348 2182 composuerunt,
1371 2108 1404 2162 ut
1415 2100 1496 2164 lulio
1509 2102 1608 2184 Papae

229 2215 320 2259 unam
343 2198 552 2276 attribuerent,
576 2216 667 2261 causa
688 2198 764 2261 baec
785 2198 851 2263 luit.
886 2199 1039 2281 Epistolas
1063 2197 1223 2262 nonnullas
1238 2199 1324 2261 istius
1340 2198 1504 2276 Pontificis,
1527 2219 1607 2282 quae

230 2296 342 2359 dudum
364 2314 382 2357 a
405 2297 479 2358 viris
501 2296 683 2360 doctissimis
706 2296 854 2379 explosae
875 2306 955 2377 sunt,
978 2300 1008 2361 in
1031 2298 1140 2379 quibus
1163 2297 1348 2379 praesidium
1366 2298 1487 2378 aliquod
1509 2300 1610 2361 errori

228 2411 298 2471 suo,
321 2394 555 2476 llonopbysitae
576 2397 731 2476 reperisse
761 2415 796 2459 se
826 2398 1013 2473 existimant,
1046 2396 1256 2461 commendant
1284 2383 1488 2478 magnopere,
1519 2406 1550 2461 et
1577 2398 1608 2460 in

228 2493 436 2558 Colleetaneis
465 2494 525 2556 illis
553 2511 632 2576 quae
662 2495 754 2557 multa
783 2504 920 2557 veterum
949 2496 1068 2558 Petrum
1098 2495 1284 2573 testimonia,
1308 2494 1346 2556 ad
1370 2495 1457 2557 unius
1481 2504 1607 2559 naturae
1687 2559 1695 2575 ,

229 2591 440 2674 probationem
462 2594 627 2671 continent,
651 2610 710 2656 nou
733 2609 830 2675 pauca
852 2613 892 2656 ex
914 2593 972 2657 illis
995 2594 1139 2677 Epistolis
1163 2592 1346 2656 referuntur.
1377 2592 1438 2657 Sed
1462 2594 1491 2656 id
1514 2613 1609 2677 prae-

231 2693 321 2772 cipue
345 2691 527 2754 observatur
549 2692 579 2754 in
601 2691 679 2753 libro
701 2693 848 2755 maximae
872 2693 951 2775 apud
973 2693 1126 2756 Jacobitas
1149 2692 1333 2770 autoritatis,
1356 2693 1408 2773 qui
1430 2693 1520 2755 Fides
1542 2693 1609 2754 Po·

231 2799 312 2852 num
335 2789 518 2871 appellatur:
541 2791 625 2852 utin
649 2790 838 2853 'tractatibus
862 2791 1008 2855 adversus
1025 2792 1181 2854 blelcbitas
1203 2797 1235 2853 et
1257 2790 1465 2867 Nestorianos‚
1487 2789 1534 2853 lsa
1557 2790 1609 2851 lilii

231 2887 338 2965 Zaraa,
362 2897 393 2951 et
415 2889 514 2952 mullis
537 2888 612 2953 aliis.
657 2889 737 2952 Nihil
759 2897 858 2953 tamen
882 2892 911 2952 in
934 2892 991 2953 ista
1005 2875 1141 2971 liturgia
1164 2887 1420 2967 animadvertitur,
1444 2887 1525 2969 quod
1538 2887 1609 2949 blo·

230 2987 459 3068 nopbysitarum
480 2988 623 3051 haeresin
646 2988 785 3053 insinuet.
832 2989 919 3063 Quod
942 2990 1022 3052 enim
1045 2990 1073 3051 in
1098 2986 1248 3068 Diptycbo
1272 3003 1380 3049 nomen
1410 2986 1519 3050 Severi
1539 2984 1609 3047 An-

229 3086 364 3149 tiocbeni
384 3087 515 3171 legatur,
537 3086 618 3150 illam
642 3087 679 3150 ad
693 3087 847 3151 lacobitas
863 3088 1049 3170 pertinuisse
1065 3086 1260 3162 demonstrat,
1283 3083 1339 3146 sed
1354 3084 1426 3147 nibil
1441 3085 1511 3148 inde
1528 3084 1610 3147 circa

229 3184 311 3246 illius
324 3186 529 3267 antiquitatem
545 3184 652 3248 deduci
668 3193 785 3267 potesta
802 3204 869 3249 cum
883 3187 997 3249 librarii
1012 3203 1106 3266 saepe
1119 3183 1230 3247 addant
1244 3201 1305 3246 non
1320 3183 1410 3246 modo
1425 3191 1609 3258 sanctorum,

231 3301 311 3364 quae
341 3284 415 3364 ipsis
438 3286 468 3347 in
491 3293 622 3348 mentem
644 3286 770 3348 veniunt
793 3286 929 3363 nomina,
954 3284 1010 3347 sed
1032 3300 1140 3346 eorum
1161 3282 1302 3359 manime,
1326 3284 1388 3363 qui,
1410 3289 1443 3343 ut
1465 3283 1608 3359 Severus,

232 3383 263 3444 in
293 3381 431 3444 Ecclesia
465 3400 520 3445 sua
547 3384 714 3446 sanctitatis
742 3391 774 3446 et
807 3384 962 3446 doctrinae
991 3382 1134 3463 opinione
1168 3379 1422 3443 commendantur.
1467 3377 1610 3451 Quanavis

231 3497 327 3560 porro
358 3479 438 3542 lulio
461 3479 597 3544 liomano
626 3479 780 3559 Pontifici,
813 3490 863 3543 aut
891 3482 956 3563 eJus
984 3481 1074 3543 aetati
1099 3479 1178 3540 banc
1206 3478 1371 3561 liturgiam
1401 3477 1520 3540 attribui
1548 3492 1610 3537 non

231 3596 326 3659 posse
349 3581 542 3661 perspicuum
564 3581 624 3654 sit,·
650 3581 729 3642 inter
751 3581 888 3662 antiquas
911 3579 1030 3661 Syriaci
1052 3580 1127 3641 ritus
1149 3575 1333 3639 numeranda
1357 3583 1455 3638 tamen
1477 3574 1609 3651 videtur,

231 3678 415 3757 praesertim
430 3679 468 3741 ob
483 3678 660 3741 brevitatem
674 3685 705 3739 et
720 3678 781 3740 stili
795 3679 1025 3760 simplicitatem,
1049 3695 1065 3739 a
1089 3694 1148 3758 qua
1171 3674 1362 3738 dellexerunt
1383 3681 1416 3735 ut
1438 3672 1609 3754 plurimum,

232 3776 286 3856 qui
310 3774 384 3837 alias
407 3777 444 3839 ad
468 3777 666 3839 vetustiorum
688 3774 814 3837 lemnam
837 3782 1083 3857 composuerunt.
1119 3772 1198 3835 Nibil
1222 3779 1321 3834 autem
1344 3772 1374 3832 in
1398 3790 1433 3833 ea
1456 3769 1611 3852 singulare

233 3875 385 3952 occurrit,
417 3874 498 3956 quod
528 3874 739 3956 explicandum
768 3875 808 3936 sit
838 3872 946 3936 lusiori
975 3873 1206 3937 commentario:
1240 3887 1309 3932 cum
1340 3885 1418 3950 quae
1448 3866 1487 3929 de
1515 3866 1611 3928 torma

232 3972 398 4035 verborum
422 3972 550 4051 Cbristi,
572 3982 603 4036 et
625 3973 829 4036 Invocationis
852 3972 982 4053 Spiritus
1004 3970 1101 4034 sancti
1123 3969 1205 4033 dicta
1228 3975 1298 4033 sunt
1320 3967 1358 4029 ad
1379 3965 1487 4028 iacobi
1508 3964 1612 4027 Litar-

232 4071 331 4151 giam,
353 4072 402 4135 isti
425 4090 546 4154 quoque
570 4072 762 4136 conveniant.

668 4392 1187 4439 ,ψ-
