4525 6034
707 511 784 629 40'2
1078 559 1681 640 nnrnrrrxeunr

708 753 765 815 aut
791 742 833 815 de
858 743 921 817 illis
947 747 1158 841 praestandis
1184 746 1281 820 fidem
1307 746 1463 823 faciebat.
1502 750 1621 845 Neque
1646 759 1759 823 tamen
1785 751 1909 827 idcirco
1934 753 2055 829 desine·

706 857 786 932 hant
811 860 1031 934 Alexandrini
1057 863 1209 937 eamdem
1235 863 1513 962 subscriptionem
1539 870 1700 959 exigere,
1727 890 1814 963 quae
1840 871 1898 942 vel
1923 869 2057 945 manebat

705 978 740 1047 in
767 974 943 1050 Ecclesiae
969 977 1152 1069 tabulario,
1187 980 1244 1053 vel
1279 983 1366 1077 apud
1400 988 1566 1058 seniorem
1600 983 1804 1081 Episcopum
1839 986 2057 1084 deponebatur.

705 1092 871 1191 Exempla
910 1106 1087 1168 occurrunt
1121 1096 1406 1189 Patriarcharnm‚
1444 1112 1479 1174 ut
1513 1099 1686 1174 Michaelis
1720 1100 1870 1176 LXVIII.
1904 1108 1956 1201 qui
1986 1105 2057 1178 tales

706 1211 920 1308 syngraphas
946 1217 982 1285 vi
1010 1224 1043 1286 et
1069 1213 1332 1288 anathematibus
1360 1216 1424 1291 sihi
1451 1221 1577 1291 restitui
1600 1221 1780 1310 jusserunt
1812 1218 1846 1291 ls
1871 1241 1971 1315 porro
1995 1244 2058 1294 cun

705 1326 805 1400 talem
831 1333 1019 1423 pactionem
1047 1331 1269 1434 quadruplici·
1287 1333 1443 1429 exemplo
1476 1334 1615 1408 fecisset
1649 1345 1748 1431 atque
1782 1356 1881 1408 unam
1915 1336 2060 1411 haherent

705 1448 910 1522 Sacerdotes
935 1451 1173 1526 Alexandrini:
1207 1451 1303 1524 aliam
1329 1451 1478 1526 loannes
1504 1451 1693 1549 Episcopus
1719 1452 1832 1542 Sace,
1866 1464 1902 1525 nt
1925 1454 2059 1551 upum

703 1588 822 1661 porum
859 1571 1044 1662 antiquior:
1077 1570 1175 1641 aliam
1201 1567 1390 1664 Episcopus
1425 1569 1569 1643 Misrae:
1610 1590 1728 1642 omnes
1763 1573 2061 1659 excommunicavit,

704 1685 768 1754 nisi
795 1684 949 1780 exempla
978 1708 1063 1779 qnae
1089 1684 1269 1774 habehant,
1296 1689 1521 1775 restituerent,
1549 1685 1637 1782 quod
1663 1696 1774 1757 nmen
1799 1683 2060 1780 facereEpisco-

704 1822 766 1894 pus
793 1800 920 1872 llisrae
947 1799 1113 1874 Sanhntus
1141 1805 1410 1876 constantissime
1435 1806 1561 1875 renuit:
1595 1801 1656 1875 sed
1688 1801 1729 1874 ab
1765 1823 1806 1874 eo
1832 1800 1986 1874 Ecclesia
2010 1823 2061 1873 sna

701 1916 816 2010 pulsus
844 1927 904 1989 est.
958 1917 996 1989 st
1023 1918 1155 2013 quando
1182 1931 1293 1992 tamen
1321 1917 1484 2012 ejusmodi
1517 1921 1773 1991 conhoversiae
1804 1919 1890 1991 inter
1915 1918 2061 1990 Alexan-

702 2031 814 2104 drinos
847 2033 1059 2106 Patriarchas
1095 2046 1128 2106 et
1162 2034 1311 2109 subditos
1351 2038 1425 2129 ejus
1459 2037 1625 2106 autoritati
1656 2032 1830 2107 Jacohitas
1866 2031 2062 2120 accidebant,

700 2153 810 2221 statim
838 2149 880 2221 ad
907 2149 1066 2223 Saltanos
1094 2160 1150 2222 aut
1170 2151 1366 2224 Praefectos
1383 2150 1644 2246 provocabatur,
1672 2173 1759 2246 quae
1772 2141 1953 2246 postrema
1971 2172 2063 2223 causa

697 2264 758 2338 linit
792 2271 980 2338 eversionis
1013 2265 1229 2362 disciplinae,
1266 2291 1341 2340 cum
1374 2268 1480 2340 ferme
1516 2289 1650 2362 semper
1681 2266 1863 2342 secundnm
1896 2289 1959 2339 eos
1989 2265 2062 2337 hlu-

696 2381 870 2454 hamedani
894 2383 1090 2475 judicarent,
1118 2387 1173 2480 qni
1199 2383 1274 2480 plus
1291 2387 1456 2481 pecuniae
1474 2381 1782 2480 repraesentabant.
1823 2383 1875 2455 Ea
1893 2386 2064 2456 occasione

698 2496 945 2571 observandum
973 2512 1025 2572 est
1051 2498 1230 2597 plerasque
1257 2497 1518 2575 constitutiones
1545 2502 1767 2573 recentiorum
1795 2498 2064 2586 Patriarcharnm‚
2199 2532 2200 2537 ¹

698 2615 913 2706 Christoduli,
942 2616 1118 2704 Gabrielis,
1148 2617 1266 2714 Cyrssli
1292 2629 1326 2691 et
1353 2618 1491 2690 aliorum
1518 2616 1560 2689 de
1587 2616 1704 2713 quibus
1731 2616 1933 2690 inHistoria
1958 2625 2064 2687 nostra

698 2732 818 2806 dictum
846 2745 912 2822 est,
940 2745 996 2806 aut
1023 2756 1160 2829 quarum
1187 2739 1382 2807 testimoniis
1412 2738 1445 2805 in
1473 2744 1545 2807 toto
1571 2733 1635 2824 hoc
1662 2755 1766 2828 opere
1792 2740 1910 2807 nostro
1938 2734 2065 2826 saepius

697 2851 833 2940 utimur,
866 2848 971 2922 factas
998 2849 1102 2922 fuisse
1137 2873 1205 2922 ex·
1215 2852 1378 2943 ejusmodi
1412 2853 1518 2947 pactis
1552 2849 1806 2936 conditionibus,
1840 2850 1930 2919 inter
1961 2867 2064 2919 novos
2185 2879 2191 2902 ι

695 2964 927 3056 Patriarchas,
955 2977 989 3038 et
1015 2966 1166 3041 subditos
1192 2970 1277 3064 ipsis
1300 2966 1578 3059 Ecclesiasticus,
1613 2976 1647 3038 et
1671 2965 1811 3038 Latous:
1839 2986 1980 3059 quarum
2004 2983 2065 3034 non

695 3095 887 3178 postremae
919 3082 1070 3174 fuerunt,
1103 3095 1139 3156 ut
1166 3084 1208 3155 ad
1238 3083 1511 3156 reformationem
1544 3082 1736 3179 disciphnae
1771 3080 1857 3155 tales
1892 3081 2066 3155 Consan-

383 3267 386 3272 „
695 3204 804 3273 tiones
831 3198 1075 3290 scriberentur,
1103 3210 1137 3272 et
1163 3199 1435 3274 observarentur.

406 3312 572 3420 proclamato
588 3321 683 3375 uisae
798 3315 1000 3389 LXXXVII.
1033 3315 1071 3388 Si
1097 3316 1327 3389 Alexandriae
1362 3318 1531 3390 ordinatus
1564 3313 1674 3388 fuerat
1712 3336 1822 3388 novus
1857 3296 2065 3402 Patriarcha,

371 3401 683 3547 ᾞἘζὲᾞυέξζω·
696 3433 812 3505 eadem
840 3436 948 3505 omnia
976 3456 1062 3529 quae
1089 3454 1171 3505 mox
1197 3432 1365 3530 explicata
1392 3443 1487 3524 sunt,
1514 3431 1642 3505 llisrae
1668 3455 1729 3506 seu
1761 3431 1908 3505 Gabinae
1945 3429 2063 3505 obser-

629 3532 635 3545 ’
693 3548 867 3623 vehantur.
920 3550 1050 3644 Nempe
1077 3551 1119 3622 ad
1146 3573 1221 3623 eam
1252 3549 1368 3622 urbem
1401 3573 1476 3621 cum
1505 3572 1630 3646 pompa
1666 3547 1911 3638 deducebatur,
1949 3558 1984 3620 et
2017 3546 2065 3618 dle

557 3656 560 3669 ’
694 3666 824 3741 solenni
862 3690 959 3739 sacra
991 3665 1150 3740 faciebat:
1191 3666 1414 3741 Proclamatio
1448 3666 1597 3759 ejusdem
1637 3687 1699 3762 per
1724 3664 1916 3761 Episcopus
1951 3664 2065 3737 eodem

693 3785 757 3854 n‘tn
782 3781 899 3874 fiebat,
929 3783 1171 3879 legebaturque
1203 3807 1249 3855 ex
1274 3782 1420 3856 Anbone
1446 3763 1616 3855 decretum
1647 3781 1836 3871 electionis,
1871 3793 1909 3854 et
1942 3780 2063 3877 Spsta-

693 3903 759 3972 tica
787 3899 1029 3990 Ordinationis,
1057 3898 1209 3990 Graece,
1238 3899 1379 3996 Coptica
1407 3908 1441 3970 et
1466 3899 1631 3972 Arabica:
1659 3877 1908 3971 acclamabatur
1930 3896 2062 3978 ’Ἀξιοςῑ

693 4027 728 4088 et
755 4040 870 4090 omnes
899 4020 954 4112 qui
981 4016 1188 4090 Ordinationi
1212 4039 1280 4088 nou
1313 4016 1545 4105 interfuerant,
1582 4026 1648 4087 tum
1683 4013 1803 4088 Clarus
1834 4014 2064 4087 Ecclesiamm

697 4132 856 4221 Cahirae,
898 4132 1095 4229 obsequium
1126 4136 1156 4205 ei
1190 4131 1373 4207 solenniter
1405 4129 1615 4219 deferebant,
1655 4141 1689 4203 et
1720 4136 1992 4206 communionem
2023 4149 2064 4198 ex

692 4256 764 4344 ejus
795 4273 894 4322 manu
928 4249 1144 4346 accipiebant.
1196 4249 1322 4322 Verum
1350 4253 1405 4343 jus
1442 4248 1530 4344 qnod
1563 4245 1731 4319 habehant
1763 4247 1993 4321 Alexandrini
2026 4241 2063 4315 ad

689 4365 969 4464 praescribendas
997 4366 1239 4462 quodammodo
1266 4365 1362 4458 le'ges
1388 4387 1478 4437 novo
1504 4362 1736 4454 Patriarchas,
1768 4371 1951 4458 antequam
1978 4362 2062 4435 ohe-

691 4482 847 4555 dientiam
871 4494 1099 4579 praestarent,
1125 4506 1313 4579 nomenque
1340 4485 1412 4575 ejus
1439 4485 1473 4552 in
1505 4479 1673 4578 Diptpcha
1708 4480 1848 4552 relatum
1881 4479 1928 4551 ad
1963 4479 2063 4551 altare

690 4609 724 4671 et
750 4603 784 4671 in
811 4598 1008 4696 quotidianis
1036 4611 1134 4672 extra
1160 4599 1343 4693 Litmgiam
1370 4598 1525 4694 precihus
1548 4606 1871 4685 commemorarent,
1910 4619 1983 4670 non
2007 4598 2062 4668 vi·

689 4714 808 4788 dentur
831 4714 989 4789 hahuisse
1016 4714 1160 4789 Cahirae
1185 4719 1349 4812 primores
1381 4712 1573 4803 Christiani,
1607 4711 1685 4785 licet
1718 4722 1858 4809 propter
1892 4735 2000 4809 opes,
2032 4720 2062 4782 et

688 4832 865 4926 dignitates
894 4836 990 4925 (uam
1015 4833 1166 4930 plerique
1191 4837 1225 4905 in
1240 4833 1393 4923 Divanis,
1419 4841 1476 4904 aut
1491 4830 1609 4905 Auliou
1625 4830 1811 4903 Ministerio
1827 4829 1938 4902 officia
1956 4850 2061 4902 exer-

689 4949 828 5042 cebant)
855 4951 942 5023 idern
963 4956 1018 5044 jus
1044 4949 1171 5022 habere
1196 4949 1399 5024 viderentur.
1432 4948 1615 5035 <Quamvis
1651 4950 1737 5019 enim
1770 4949 1917 5019 ommam
1952 4945 2059 5018 lacu-

687 5068 827 5141 bitarum
868 5070 1038 5165 Aegypti
1059 5089 1233 5163 supremus
1270 5065 1427 5141 PontiIex
1451 5063 1553 5138 foret
1585 5061 1796 5154 Paniarcha,
1836 5073 1870 5135 et
1905 5062 1952 5134 ad
1988 5083 2059 5134 euru
