4525 6034
703 479 798 554 exn
1184 482 1569 561 DISSEBTATIO

704 670 766 743 sed
791 669 1012 745 Nestorianos
1046 679 1081 742 et
1104 669 1277 744 Jacchitas
1307 670 1458 745 videmus
1484 672 1669 768 perspicuis
1695 671 1810 747 verbis
1836 676 1869 744 in
1894 673 2060 771 liturgiis,

703 785 909 883 publicisque
935 796 970 860 et
994 789 1135 883 privatis
1161 788 1336 883 precibus,
1361 787 1460 859 iidem
1486 787 1529 859 de
1553 786 1761 862 Eucharistia
1787 811 1881 863 suam
1906 794 1951 862 ita
1976 815 2059 866 con-

702 906 839 995 testari,
864 911 992 976 utnon
1017 905 1081 977 nisi
1106 925 1170 999 per
1195 914 1332 976 coactas
1359 913 1392 976 et
1417 902 1584 978 violentas
1619 907 1925 1000 interpretationes,
1958 909 2059 984 verba

703 1022 737 1091 in
765 1019 863 1093 aliam
890 1022 1085 1094 seutentiam
1113 1019 1197 1092 trahi
1222 1021 1368 1116 possint,
1394 1029 1630 1116 praeteream
1656 1043 1741 1116 quae
1773 1032 1902 1095 tenetur
1932 1027 1966 1095 in
1988 1023 2059 1096 Ec-

704 1134 809 1209 clesia
836 1135 1025 1225 catholica,
1050 1136 1149 1208 iidem
1176 1137 1249 1227 ejus
1275 1139 1497 1228 agnoscimus.
1549 1136 1668 1232 Neque
1696 1136 1780 1211 fides
1804 1137 1860 1211 illa
1888 1137 2058 1230 singuularis

702 1253 767 1324 illis
794 1263 862 1341 est,
889 1252 950 1325 sed
975 1255 1119 1326 omnium
1144 1250 1305 1341 fidelium,
1337 1274 1413 1325 cnm
1446 1275 1580 1348 semper
1611 1252 1734 1348 ultique
1769 1263 1804 1325 et
1836 1254 1878 1327 alr
1915 1253 2058 1328 omnibus

703 1381 871 1443 servatam
897 1370 986 1442 illam
1010 1368 1132 1459 luisse,
1159 1368 1252 1441 velut
1278 1371 1453 1464 antanitus
1478 1369 1656 1461 traditam,
1689 1379 1824 1466 praeter
1857 1370 1922 1441 alia
1952 1370 2059 1460 multa,

703 1485 915 1560 Orientalium
930 1484 1156 1560 Ecclesiamm
1173 1485 1214 1559 al)
1232 1508 1274 1559 ea
1293 1486 1413 1559 dudum
1438 1508 1500 1582 per
1525 1485 1679 1579 haeresin
1707 1495 1763 1560 aut
1788 1486 1930 1560 schisma
1951 1485 2059 1558 divul-

703 1624 837 1695 sorum,
864 1625 1048 1677 consensus
1075 1602 1289 1677 demonstret
1341 1601 1469 1675 Verum
1500 1605 1549 1693 si,
1583 1614 1620 1676 nt
1653 1607 1688 1674 in
1719 1602 1871 1696 Liturgia
1906 1602 2059 1693 Nestorii,

702 1719 868 1816 quidpiam
894 1719 982 1815 quod
1009 1718 1051 1791 ad
1076 1719 1232 1793 haeresin
1258 1718 1344 1791 illins
1370 1719 1598 1792 insinuandam
1615 1722 1797 1815 pertineat,
1823 1718 2058 1792 animadverti-

701 1858 790 1909 mus:
818 1845 892 1926 aut,
918 1838 1012 1906 utin
1036 1836 1278 1931 Aegyptiacis,
1304 1828 1594 1933 Menophysiticae
1620 1838 1823 1932 interspersa
1844 1837 1984 1926 semina,
1994 1836 2058 1926 Jam

699 1975 767 2025 nou
792 1951 948 2025 Ecclesia
972 1951 1135 2047 loquitm,
1162 1951 1222 2025 sed
1249 1950 1367 2040 alieni,
1399 1973 1539 2047 quorum
1572 1974 1694 2025 vocem
1727 1951 1848 2027 Christi
1883 1973 1967 2026 oves
1996 1972 2059 2022 uon

700 2069 852 2158 audiunt,
889 2066 1017 2141 scilicet
1046 2071 1122 2163 quia
1149 2068 1191 2141 de
1216 2072 1365 2142 novitme
1392 2066 1560 2140 decumae
1592 2078 1739 2141 constat:
1774 2078 1841 2141 tum
1876 2066 1965 2163 quod
1995 2087 2058 2138 non

700 2184 848 2280 ubique,
874 2184 936 2257 sed
961 2189 1046 2256 inter
1072 2185 1165 2258 solos
1191 2184 1410 2259 Nestorianns
1436 2193 1471 2255 et
1495 2182 1685 2277 Jacobitas,
1719 2183 1803 2256 haec
1835 2183 2005 2256 audianum
2028 2191 2060 2252 et

700 2299 898 2398 probentur,
925 2312 959 2373 ct
984 2299 1025 2374 ab
1053 2301 1126 2377 aliis
1153 2301 1304 2375 omnibus
1331 2300 1526 2374 Christianus
1552 2323 1627 2373 cum
1652 2301 1793 2375 horrore
1818 2302 2016 2392 rejiciuntur.

394 2446 689 2517 mrrrraqaoqueaaaee
803 2417 962 2491 Attamen
992 2440 1039 2490 ex
1062 2417 1128 2491 illis
1153 2417 1275 2491 utilium
1301 2440 1431 2514 quoque
1467 2420 1542 2514 capi
1558 2428 1686 2513 potest:
1720 2421 1841 2514 quippe
1868 2415 1976 2513 quod,
2005 2424 2058 2487 ta·-

381 2533 484 2587 aenas.
701 2538 798 2607 metsi
832 2531 996 2608 adversus
1030 2556 1237 2607 communem
1270 2545 1304 2606 et
1328 2544 1521 2630 perpetuam
1551 2532 1727 2608 Ecclesiae
1761 2533 1964 2606 universalis
1994 2531 2056 2603 do·

702 2656 841 2723 ctrinam
865 2649 943 2722 nihil
968 2660 1118 2747 possunt,
1145 2650 1258 2723 valent
1283 2661 1392 2723 tamen
1418 2673 1623 2745 magnopere
1636 2651 1678 2723 ad
1692 2649 1961 2743 cognoscendam
1975 2669 2055 2737 ean,

702 2789 799 2861 quam
826 2778 939 2840 sectae
964 2767 1041 2839 illae
1066 2766 1267 2864 profitentur.
1293 2767 1380 2839 Nam
1406 2790 1481 2839 cum
1506 2765 1677 2841 Jacotitas
1703 2767 1877 2840 videamus
1904 2770 1938 2836 in
1964 2762 2057 2836 Con-

699 2882 849 2956 fessione
873 2883 960 2974 lidei,
987 2907 1074 2980 quae
1098 2884 1135 2956 fit
1160 2894 1236 2956 ante
1249 2888 1523 2975 communionem,
1550 2886 1649 2957 etiam
1672 2883 1748 2956 dum
1762 2905 1860 2955 unam
1883 2886 1917 2953 in
1931 2879 2053 2952 Christo

700 3010 850 3073 naturam
882 3002 1096 3098 profitentur,
1122 3003 1265 3094 rejicere
1299 2999 1541 3092 confusionem,
1573 3002 1836 3074 commistionem
1868 3006 1904 3069 et
1935 2995 2057 3069 altera-

701 3120 842 3210 tionem,
875 3118 949 3192 illcs
981 3117 1023 3190 ab
1049 3116 1210 3214 Eutychis
1240 3115 1370 3189 haeresi
1402 3114 1522 3191 abesse
1554 3120 1773 3191 certissimum
1805 3123 1867 3187 est
1912 3112 1994 3188 Cum
2024 3114 2055 3181 in

700 3234 827 3307 illorum
853 3233 1026 3332 Diptycltis
1052 3238 1139 3307 inter
1165 3244 1301 3308 sanoms
1328 3256 1466 3330 quorum
1489 3236 1650 3306 memoria
1674 3233 1728 3324 fit,
1753 3231 1965 3319 Dioscoron,
1988 3227 2055 3301 Se-

702 3372 820 3424 verum
852 3360 886 3423 et
911 3350 1035 3425 similes
1059 3353 1246 3425 nominatas
1272 3349 1575 3441 animadvertimus,
1607 3349 1650 3422 de
1675 3348 1826 3445 Entpclre
1852 3369 1899 3420 ne
1923 3340 2053 3421 vertum

703 3466 848 3563 quidem:
883 3466 1007 3541 frustra
1036 3467 1111 3541 illos
1138 3470 1289 3540 accusari
1319 3466 1407 3562 quod
1441 3490 1516 3539 curn
1549 3468 1672 3539 sanctis
1705 3463 1937 3554 adnumerent,
1968 3466 2055 3532 certo

701 3583 922 3677 intelligimus.
948 3583 993 3656 Et
1018 3583 1280 3680 quandoquidem
1307 3583 1393 3680 opud
1419 3605 1536 3656 omnes
1551 3580 1721 3656 Jacobitas
1741 3579 1861 3676 ultique
1888 3579 1974 3651 idem
1990 3572 2055 3648 olr-

701 3721 886 3790 servamus,
912 3702 1090 3773 maximum
1115 3699 1245 3773 illorum
1270 3700 1441 3793 Liturgiae
1468 3699 1511 3772 ad
1536 3697 1783 3793 significandam
1808 3696 1939 3769 illorum
1963 3691 2053 3764 fidem

701 3817 831 3914 pondus
856 3815 989 3909 habeut,
1016 3828 1050 3890 et
1076 3819 1219 3891 omnium
1245 3819 1506 3892 testimoniorum
1529 3817 1607 3891 loco
1633 3837 1712 3889 esse
1737 3824 1889 3912 possunt,
1916 3807 2001 3908 quod
2014 3806 2054 3877 de

700 3934 909 4007 Nestorianis
934 3956 1065 4030 quoque
1090 3944 1145 4006 est
1168 3932 1423 4027 intelligendum
1510 4042 1512 4047 X

804 4051 878 4123 Jam
910 4049 952 4122 de
987 4050 1177 4147 disciplina,
1211 4073 1297 4146 quae
1328 4072 1406 4147 pars
1437 4049 1660 4145 Liturgiarum
1685 4059 1751 4139 est,
1783 4045 1979 4123 resumenda
2003 4047 2053 4112 est

701 4171 816 4240 oratio.
