4525 6034
480 619 1320 748 toluursulsoennsrs.
1510 619 1586 693 427

219 816 380 886 materiae
411 833 553 908 expers,
587 821 620 883 et
658 812 748 884 omni
783 808 964 885 substantia
996 810 1168 904 superior,
1202 805 1369 903 quonmdo
1396 808 1538 881 obtineri
1565 833 1585 880 a

220 927 319 1002 nobis
344 937 474 1025 posset,
504 949 565 1023 per
592 937 741 1000 aromata
766 925 978 1000 materialia?
1004 924 1130 996 Verum
1163 921 1264 995 induti
1290 921 1389 994 filiurn
1416 931 1505 993 tuum
1533 921 1589 992 di-

220 1045 360 1134 lectum,
387 1042 561 1140 aequalem
587 1041 646 1114 tibi
678 1052 862 1139 potestate,
895 1044 1025 1137 gloria,
1056 1041 1225 1113 creatione
1261 1049 1295 1110 et
1327 1041 1586 1111 conservatione

223 1181 339 1232 eorum
366 1183 450 1253 quae
476 1167 571 1247 sunt,
596 1180 659 1255 per
684 1157 920 1252 benignitatem
954 1161 1026 1250 ejus
1061 1177 1177 1256 amore
1209 1176 1291 1247 erga
1324 1155 1474 1228 homines
1507 1152 1587 1248 ple-

222 1278 404 1365 nissimam,
431 1274 583 1347 eumdem
614 1267 686 1345 ⁸in
714 1275 910 1348 sacrificium
936 1285 971 1346 et
996 1273 1197 1346 oblationem
1230 1271 1357 1363 absque
1384 1269 1531 1358 macula,
1558 1280 1591 1340 et

223 1413 340 1487 puram
367 1388 535 1464 offerimus
561 1388 632 1479 tibi,
659 1412 757 1485 quem
781 1394 889 1487 ipsum
915 1389 1168 1486 deprecatorem
1194 1386 1367 1459 nobiscum
1397 1408 1476 1459 esse
1501 1383 1591 1457 laci-

224 1528 307 1578 mus.
359 1507 588 1603 Deprecamur
614 1517 648 1578 te
674 1506 780 1592 solum
806 1505 932 1579 bonum
958 1516 993 1578 et
1016 1503 1226 1597 magnificum
1253 1505 1286 1572 in
1307 1500 1497 1575 muneribus
1512 1501 1592 1575 Do-

223 1626 325 1712 mine,
352 1648 372 1695 a
398 1647 465 1719 quo
491 1645 590 1696 omne
616 1622 726 1695 datum
751 1619 893 1713 bonnm,
920 1634 954 1696 et
980 1623 1089 1694 omnia
1116 1618 1203 1691 dona
1231 1615 1380 1713 perfecta
1408 1627 1500 1707 sunt,
1536 1620 1593 1711 qui

223 1738 332 1810 fecisti
357 1759 493 1831 magna,
520 1759 582 1809 nec
609 1736 865 1831 investigabilia,
891 1738 1066 1833 praeclara
1093 1738 1308 1828 adunatque
1335 1734 1484 1823 excelsa,
1512 1736 1592 1828 qui-

223 1853 287 1927 bus
313 1874 380 1926 non
408 1864 460 1928 est
485 1875 658 1943 numerus,
684 1865 719 1926 ut
745 1854 942 1930 sacrificiuun
967 1852 1032 1927 hoc
1057 1848 1254 1925 rationabile
1282 1852 1325 1922 sit
1355 1846 1593 1945 accipientibus

226 1968 269 2042 ad
302 1968 440 2043 salutem
473 1969 673 2065 perfectam,
710 1969 753 2042 ad
785 1968 1015 2042 liberationem
1048 1992 1068 2042 a
1101 1966 1230 2040 delictis
1258 1988 1398 2059 quorum
1431 1970 1481 2037 rei
1508 1976 1593 2052 sunt,

225 2097 259 2159 et
291 2084 334 2157 ad
366 2085 587 2159 salvationem
620 2107 640 2156 a
676 2086 844 2183 suppliciis
879 2086 1120 2171 acerbissimis,
1159 2093 1194 2154 et
1225 2080 1487 2154 intolerabilibus
1522 2102 1593 2173 ge-

223 2200 364 2290 bennae,
392 2210 490 2296 atque
517 2201 558 2273 ad
585 2200 788 2298 voluptatem
816 2213 1027 2274 aeternorum
1052 2199 1217 2273 bonorum
1244 2197 1523 2292 consequendam.

331 2317 493 2411 Populos.
544 2319 664 2391 Amen.

328 2433 504 2506 Sacerdos
534 2434 726 2505 inclinatae.
778 2433 946 2507 Memento
981 2435 1123 2506 Domine
1156 2434 1332 2506 Pastorum
1369 2427 1592 2502 Ortbodoxo-

225 2570 309 2639 mm,
336 2551 392 2644 qui
418 2551 551 2623 suntin
577 2571 784 2644 quocumque
810 2549 901 2642 loco,
927 2553 1124 2647 praesertim
1159 2570 1243 2621 voro
1275 2549 1318 2620 D.
1344 2546 1385 2619 N.
1418 2554 1452 2616 et
1477 2542 1518 2614 D.
1551 2543 1592 2616 N.

225 2668 329 2739 vitam
355 2663 414 2737 tibi
438 2663 625 2759 placentem
649 2667 732 2760 ipsis
748 2665 949 2758 concedens,
975 2664 1247 2761 prudentiamque
1273 2687 1347 2735 cnm
1373 2663 1490 2735 fiducia
1503 2684 1594 2734 con-

222 2783 389 2875 junctam,
436 2790 640 2854 senectutem
681 2780 861 2876 placidam,
900 2780 1142 2876 virtutibusque
1183 2780 1389 2852 cumulatam.
1441 2778 1494 2850 Da
1530 2778 1595 2851 illis

226 2893 401 2973 sanitatem
425 2900 591 2993 corporis,
619 2895 662 2968 ad
688 2897 912 2971 sufficiendum
928 2900 1111 2972 ministerio
1128 2895 1336 2984 sacerdotali,
1364 2906 1398 2968 et
1424 2897 1593 2992 spirituali

227 3011 375 3086 Verbum
401 3013 500 3085 etiam
525 3015 677 3086 veritatis
703 3011 758 3085 fac
783 3016 816 3085 in
843 3035 904 3087 ore
929 3013 1084 3104 babeant,
1109 3024 1146 3085 ut
1168 3021 1324 3107 quantum
1349 3016 1489 3107 possint,
1507 3034 1593 3105 gre-

227 3150 291 3222 ges
317 3127 570 3200 confirmantia
595 3149 680 3202 vera
693 3127 868 3222 religione,
895 3152 996 3226 super
1014 3129 1261 3202 bmdamentum
1287 3126 1381 3199 fidei:
1408 3150 1469 3201 eos
1485 3139 1595 3201 autem

229 3247 285 3340 qui
318 3266 364 3315 ex
395 3243 541 3318 adverso
573 3248 740 3320 constituti
772 3258 865 3334 sunt,
908 3268 983 3319 cum
1015 3247 1090 3320 celo
1121 3244 1333 3337 redarguant
1387 3242 1597 3318 Sacerdotali

229 3359 337 3432 ordini
363 3358 511 3433 concede
538 3383 612 3432 cum
638 3359 810 3436 doctrinae
836 3365 987 3451 sanitate,
1012 3362 1149 3457 longam
1164 3383 1228 3433 nec
1248 3363 1390 3453 egestati
1412 3357 1595 3433 obnoxiam

229 3484 453 3563 senectutem,
486 3485 519 3546 et
553 3498 712 3551 coronam
746 3477 876 3572 gloriae
907 3478 1021 3575 populi
1052 3481 1107 3551 tui.
1160 3478 1321 3550 Diaconis
1353 3476 1456 3549 robur
1492 3482 1595 3550 mini-

231 3594 333 3666 sterio
361 3594 568 3666 conveniens
594 3594 756 3683 concede,
784 3596 880 3670 simul
906 3619 981 3669 cum
1007 3594 1155 3670 moribus
1169 3595 1283 3683 castis,
1310 3605 1344 3665 et
1364 3615 1426 3689 spe
1439 3595 1595 3688 jucunda.

230 3707 400 3780 Memento
426 3708 570 3780 Domine
595 3732 657 3804 per
682 3707 919 3803 benignitatem
945 3711 1194 3785 misericordiae
1219 3720 1306 3798 tuae,
1334 3720 1369 3782 et
1394 3712 1459 3782 mei
1484 3712 1597 3799 intimi,

229 3847 337 3920 usque
363 3821 405 3894 ad
431 3833 554 3897 terram
579 3823 711 3917 abjecti,
739 3826 782 3900 ob
809 3850 885 3900 mea
911 3831 1060 3916 crimina,
1086 3836 1120 3900 et
1145 3828 1327 3924 propitiare
1353 3838 1493 3922 peccato
1508 3849 1597 3918 meo,

230 3940 366 4012 multum
393 3949 447 4013 est
471 3943 567 4012 enim.
601 3942 655 4014 Da
681 3943 759 4015 mibi
785 3955 820 4017 ut
845 3967 929 4041 pure
954 3949 1113 4041 aspiciam
1140 3944 1249 4016 lumen
1266 3939 1418 4015 mirabile
1435 3948 1596 4017 scientiae

232 4067 327 4145 tuae,
361 4064 394 4128 et
425 4079 466 4128 ea
503 4079 589 4152 quae
616 4080 747 4131 sursum
773 4069 849 4132 sunt
874 4082 1052 4156 quaeram,
1086 4083 1173 4155 quae
1199 4080 1330 4131 sursum
1357 4070 1431 4132 sunt
1458 4063 1596 4155 sapiam,

233 4184 268 4245 et
292 4194 360 4245 non
386 4174 532 4264 cogitem
558 4172 600 4245 de
627 4177 766 4247 terrenis
792 4174 906 4266 rebus,
933 4199 1019 4272 qnae
1044 4174 1130 4248 inira
1158 4186 1191 4247 et
1217 4173 1335 4270 procul
1357 4200 1377 4247 a
1403 4185 1436 4247 te
1456 4178 1597 4248 animam

234 4288 409 4375 inclinant,
443 4290 478 4359 in
504 4310 644 4384 eamque
671 4288 826 4365 tenebras
852 4292 1025 4384 inducunt,
1056 4304 1091 4366 ut
1116 4314 1185 4365 non
1210 4292 1274 4363 illis
1302 4313 1387 4386 quae
1413 4304 1595 4388 praestan-

232 4409 320 4478 tiora
347 4413 423 4477 sunt
447 4414 563 4477 careat
588 4409 696 4478 anima
723 4413 817 4500 mea,
846 4432 956 4506 neque
982 4412 1045 4483 sim
1071 4421 1226 4505 tanquam
1257 4408 1418 4482 aberrans
1454 4433 1474 4481 a
1508 4431 1597 4481 coe·
1661 4453 1666 4462 ·

233 4522 310 4595 lesti
325 4522 516 4612 vocatione,
544 4531 643 4616 atque
660 4522 800 4615 gloriae,
828 4535 862 4597 et
877 4525 1086 4600 beatitudinis
1105 4549 1191 4622 quae
1208 4525 1275 4598 illic
1294 4533 1357 4614 est,
1374 4528 1596 4620 privationem

235 4641 423 4714 susmeam.
474 4637 653 4711 Moderaro
684 4645 783 4714 etiam
814 4646 1012 4716 tentationes
1037 4645 1082 4715 ita
1109 4652 1144 4715 ut
1169 4641 1243 4714 illas
1270 4644 1433 4714 suetirrere
1457 4644 1597 4735 possim,

236 4765 271 4827 et
302 4751 450 4844 effugere
482 4753 599 4826 fluctus
634 4766 668 4828 et
702 4761 900 4849 agitationes
934 4761 1151 4853 nequitiarum
1183 4756 1316 4832 saeculi.
1376 4754 1598 4831 Subdiaconis

235 4873 521 4964 perseverantiam
536 4874 569 4941 in
590 4870 777 4965 honestate,
806 4885 840 4946 et
857 4875 1031 4971 praeclara
1052 4875 1327 4948 conversatione:
1350 4872 1471 4945 Psaltis
1493 4877 1597 4945 mini-

236 4988 372 5057 sterium
398 4987 584 5081 spirituale,
611 5000 646 5061 et
672 4989 863 5083 dignitatem
889 5014 1017 5064 morum
1045 4993 1308 5063 convenientem.
1360 4990 1597 5085 Interpretibue

236 5101 384 5175 concede
410 5106 641 5201 perspicacem
665 5108 915 5203 intelligentiam
940 5108 1103 5201 locorum,
1131 5110 1406 5182 attrectationem
1427 5106 1598 5180 sublimem

292 5239 416 5285 ronmn
1350 5225 1399 5300 57
