4525 6034
697 597 772 669 206
1181 594 1588 676 COMMENTARIUS

691 783 789 861 palas
836 781 1080 844 Misericordiam
1102 788 1133 842 et
1149 799 1257 861 pacem
1280 790 1310 844 et
1330 781 1517 845 Oblationern
1535 784 1714 864 perfectam.
1765 784 1807 849 lta
1835 787 1950 866 quidem
1975 786 2049 850 bra-

694 881 748 943 bes
772 889 1008 961 expresserunt,
1032 879 1086 942 sed
1109 899 1186 961 quos
1216 883 1302 962 sequi
1330 901 1392 945 non
1420 882 1581 963 oportebat
1610 884 1641 945 in
1670 902 1777 948 errore
1804 894 1862 948 tam
1891 887 2047 950 manifesto:

695 1000 762 1043 nam
785 1000 862 1063 quae
885 983 1043 1062 conjuncta
1065 987 1134 1042 sunt
1156 982 1241 1061 quasi
1264 983 1442 1044 sententiam
1466 979 1636 1061 allicerent,
1659 983 1802 1066 distingui
1824 988 1970 1065 oportuit,
1990 1005 2048 1049 cum

694 1081 790 1160 prima
812 1079 906 1143 verba
930 1081 1065 1143 dicantur
1087 1098 1104 1141 a
1127 1080 1281 1146 Diacono:
1305 1081 1490 1162 respondeat
1512 1082 1650 1163 populus.
1673 1076 1767 1157 ἔλεος
1787 1072 1917 1168 εἰρήνης,
1938 1081 2050 1147 θυσίαν

693 1172 856 1253 αἰνέσεως.
902 1180 1145 1242 Misericordiam
1163 1183 1270 1259 pacis,
1301 1183 1485 1261 sacrificium
1514 1183 1634 1257 badis,
1665 1201 1773 1265 nempe
1804 1185 1889 1265 quasi
1917 1184 2047 1265 dicerent,

694 1282 754 1360 ita,
778 1298 796 1340 0
818 1280 972 1358 Diacone,
996 1280 1102 1341 attenti
1117 1297 1219 1342 sumas
1243 1279 1281 1341 ad
1303 1279 1506 1359 Oblationem,
1531 1269 1678 1360 quaeest
1701 1283 1925 1346 misericordiae
1951 1292 1981 1346 et
1999 1302 2048 1364 pu·

695 1381 740 1442 cis
763 1378 943 1443 obtinendae
967 1376 1089 1453 eliseum
1119 1377 1277 1459 laudisque
1306 1378 1507 1442 Sacrificium:
1537 1380 1616 1460 quod
1643 1388 1741 1444 autern
1764 1382 1883 1445 Arabes
1906 1391 2047 1446 verterunt

694 1480 885 1559 Sacrificium
903 1477 1087 1557 perfectam,
1112 1497 1152 1539 ex
1174 1478 1281 1540 vitiosa
1304 1478 1435 1542 lectione
1457 1472 1610 1553 αἰνέσεως
1632 1479 1763 1560 factum,
1792 1483 1874 1563 quod
1902 1482 2048 1546 intellexe-

693 1587 762 1642 runt
786 1579 870 1660 qnasi
893 1584 975 1639 esset
997 1562 1151 1649 ἑνώσεως.
1174 1576 1216 1638 At
1238 1579 1264 1639 si
1290 1578 1473 1640 Graecarum
1495 1579 1697 1662 Litargiarum
1719 1581 1880 1644 lectionem
1899 1582 2046 1663 sequimur,

693 1679 782 1761 plana
805 1676 963 1756 faciliaque
987 1684 1056 1738 sunt
1079 1679 1187 1738 omnia.
1217 1675 1260 1738 lta
1289 1696 1410 1758 quoque
1441 1678 1597 1741 dicendum
1627 1679 1665 1741 de
1693 1680 1862 1762 subjunctis
1890 1680 2048 1761 particulis:

696 1779 753 1840 llbi
779 1786 848 1838 sant
874 1784 987 1837 menes
1013 1784 1149 1837 cestrae:
1186 1794 1274 1855 quem
1302 1794 1423 1839 sonsum
1450 1778 1530 1840 unde
1559 1780 1713 1859 acceperit
1741 1780 1894 1860 interpres
1926 1780 2048 1841 divinare

692 1896 754 1940 non
777 1893 954 1957 possumus:
976 1893 1045 1936 nans
1069 1875 1098 1936 in
1121 1874 1276 1937 codicillus
1300 1877 1364 1939 aliis
1388 1875 1486 1939 multis
1513 1877 1635 1959 legitur.
1667 1877 1784 1940 Leonte
1812 1881 1909 1941 cordo
1937 1886 2048 1940 cestra:

692 1977 774 2058 quod
797 1976 874 2038 idem
897 1993 967 2037 esse
991 1991 1026 2036 uc
1048 1974 1177 2036 Sursum
1198 1976 1312 2052 corda,
1335 1976 1386 2039 vel
1407 1977 1533 2039 Sursum
1555 1996 1618 2053 cor,
1648 1985 1682 2039 nt
1702 1995 1796 2058 saepe
1818 1976 1959 2040 scribitur
1979 1974 2049 2056 apud

692 2078 911 2161 Augustinum,
934 2075 1008 2137 satis
1031 2074 1160 2155 quisque
1182 2075 1331 2157 intelligit.
1370 2076 1501 2139 Tandem
1525 2076 1573 2138 illa
1595 2076 1697 2139 ultima
1720 2077 1864 2158 periodus
1887 2077 2010 2157 Dipnam
2024 2081 2050 2134 et

682 2182 799 2259 justam
829 2183 888 2237 est:
926 2193 1003 2255 quae
1033 2192 1051 2235 a
1081 2173 1247 2237 Sacerdote
1274 2176 1435 2237 resumitur
1463 2174 1658 2239 Praetutianis
1687 2178 1787 2256 initio,
1828 2176 1906 2238 male
1935 2173 2050 2237 vertitur

692 2276 808 2357 Dipnas
830 2282 860 2335 et
873 2278 991 2353 pana,
1015 2275 1100 2354 quasi
1123 2272 1161 2334 ad
1184 2278 1340 2356 sequentia
1363 2275 1456 2337 verba
1479 2276 1658 2355 pertineret3
1681 2291 1759 2357 quae
1778 2278 1809 2338 in
1827 2295 1916 2339 unam
1935 2281 2050 2338 senten
2097 2317 2102 2332 .

694 2376 762 2437 tiam
785 2374 938 2455 lnterpres
962 2375 1135 2456 conjunxit,
1159 2375 1189 2435 in
1211 2375 1289 2436 bunc
1312 2375 1440 2438 modum.
1462 2375 1579 2455 Dipsas
1600 2383 1630 2437 et
1641 2379 1746 2454 justris
1758 2384 1818 2451 est,
1842 2379 1895 2457 qai
1906 2380 2052 2455 permanet

692 2477 849 2554 prirrceps,
872 2480 930 2537 etc.
954 2473 1029 2538 Cum
1051 2473 1158 2552 procul
1181 2473 1272 2537 dubio
1294 2475 1472 2537 vertendum
1496 2476 1551 2550 sit,
1573 2475 1703 2556 Diparan
1725 2483 1755 2537 et
1768 2479 1886 2555 justam
1907 2482 1966 2553 est,
1981 2487 2050 2552 quae

681 2574 787 2658 ¹verba
817 2572 981 2635 secundum
1011 2572 1161 2635 rubricam
1189 2580 1236 2635 ter
1264 2582 1457 2654 repetuntur:
1493 2582 1523 2636 et
1552 2581 1659 2655 postea
1689 2592 1803 2637 comma
1832 2574 1998 2656 figendum,
2022 2577 2050 2632 ut

697 2675 795 2736 oratio
819 2692 836 2734 a
859 2672 1053 2753 sequentibus
1075 2672 1178 2734 verbis
1200 2673 1368 2753 incipiatur.
1414 2673 1501 2747 Quod
1523 2692 1599 2736 vero
1620 2682 1653 2735 ut
1676 2674 1754 2754 apud
1782 2672 1918 2736 Graecos
1948 2680 1977 2736 et
1996 2671 2050 2733 ba-

693 2775 773 2834 linos
796 2771 833 2834 ab
857 2791 894 2834 ca
916 2780 1024 2852 parte,
1053 2771 1188 2854 Liturgia
1219 2774 1343 2853 proprie
1374 2772 1470 2851 dicta,
1502 2775 1567 2835 sive
1596 2773 1708 2836 oblatio
1738 2774 1876 2853 incipiat,
1911 2772 2050 2835 etiamen

692 2872 879 2954 Coptitarum
912 2873 1078 2949 sententia,
1109 2872 1218 2952 probat
1250 2873 1380 2936 Historia
1409 2871 1619 2936 Patriarchalis
1649 2873 1680 2934 in
1709 2873 1769 2934 vita
1800 2873 1917 2937 Sanatii
1946 2870 2001 2934 tlt.
2022 2871 2049 2931 in

692 2990 750 3052 qua
773 2972 811 3035 de
834 2972 1006 3035 Abrabamo
1028 2972 1095 3034 viro
1118 2972 1262 3052 primario
1285 2975 1336 3054 qui
1358 2972 1395 3035 sd
1419 2991 1486 3036 eum
1509 2972 1744 3053 conquirendum
1766 2972 1890 3035 blisram
1920 2990 1974 3035 seu
1995 2968 2049 3034 Ca·

689 3071 784 3134 hiram
806 3081 949 3149 uenerat,
979 3074 1020 3132 ita
1043 3069 1192 3133 scribitur.
1223 3071 1381 3152 Impressas
1408 3081 1454 3135 est
1481 3075 1512 3134 in
1539 3072 1708 3134 Ecclesiam
1735 3070 1767 3133 S.
1796 3072 1914 3153 Serpit,
1940 3074 1972 3132 in
1997 3086 2049 3149 qun

691 3175 869 3252 conprepati
890 3179 998 3244 erant;
1020 3173 1191 3250 reperitque
1211 3172 1280 3233 illos
1301 3172 1471 3252 Liturpiam
1492 3172 1668 3234 inchoantes
1689 3170 1867 3251 dicebatque
1879 3171 1979 3250 plebs:
1999 3169 2051 3229 lli-

687 3291 778 3350 pram
806 3279 836 3332 et
855 3273 973 3350 justam
1003 3278 1057 3333 est.
1104 3268 1137 3330 ln
1169 3268 1274 3332 codice
1302 3270 1400 3352 Regio
1428 3270 1591 3333 recentiori
1621 3268 1762 3332 scribitur
1783 3269 1832 3331 bic
1856 3288 1926 3333 esse
1947 3269 2048 3330 initian

688 3368 842 3453 Liturgiae
866 3371 973 3433 Basilii.
998 3370 1031 3431 ln
1053 3368 1163 3431 Rituali
1186 3368 1334 3432 Gabriilis
1356 3370 1546 3434 Patriarchae
1569 3376 1688 3431 notatur
1710 3368 1919 3445 Sacerdotem,
1940 3367 2049 3450 quanda

685 3473 870 3550 proruerint
890 3471 1017 3533 Sursum
1039 3471 1152 3546 corda,
1176 3477 1222 3531 ter
1241 3469 1346 3549 facere
1368 3472 1485 3550 dynam
1507 3471 1618 3546 mucis,
1642 3470 1688 3531 10.
1712 3487 1802 3548 reaper
1822 3488 1858 3531 se
1879 3471 1984 3549 ipsura,
2006 3468 2048 3530 2⁰.

688 3588 779 3649 super
800 3570 957 3632 Diaconos
978 3571 1021 3631 ad
1042 3570 1141 3631 altare
1162 3571 1387 3645 ministrantes,
1410 3567 1455 3630 3⁰.
1478 3588 1569 3649 suaper
1585 3568 1736 3647 papalum

617 3748 627 3760 ἱ
774 3668 807 3731 ln
830 3669 926 3752 Regio
950 3667 1054 3731 codice
1079 3667 1351 3731 Graeco-Arabico
1382 3669 1439 3731 hae
1460 3667 1607 3730 formulae
1629 3675 1712 3729 recte
1736 3685 1907 3748 expressae
1929 3674 2006 3729 sunt:
2022 3671 2048 3726 at

688 3768 787 3831 Arabs
818 3770 866 3849 qui
897 3786 950 3831 eas
978 3769 1193 3848 interpretatus
1223 3777 1285 3847 est,
1316 3768 1381 3830 aliis
1411 3767 1536 3830 vocibus
1565 3784 1637 3830 usus
1668 3774 1715 3828 est
1744 3785 1833 3848 quam
1856 3767 1908 3848 qui
1932 3765 2047 3846 Coptica

688 3875 854 3932 verterunt.
900 3867 932 3929 ln
955 3867 1071 3930 Graeca
1092 3867 1187 3930 blarci
1211 3867 1357 3949 quaedam
1387 3886 1493 3930 vocum
1527 3867 1701 3929 diversitas:
1731 3873 1763 3928 et
1791 3883 1865 3928 rnox
1895 3855 1913 3929 ὁ
1938 3851 2048 3949 ‘lensia

688 3954 823 4051 ἔρχεται
845 3962 904 4051 τῆς
926 3954 1107 4051 daemoniis:
1135 3967 1289 4030 Sacerdos
1310 3967 1491 4029 oblationem
1512 3985 1566 4028 sea
1588 3966 1751 4027 ιἸἱτιίίοηοηι
1772 3967 1897 4045 ancipit,
1926 3962 2001 4045 quod
2021 3964 2046 4023 in

687 4066 804 4128 Graeca
837 4066 926 4150 Regii
957 4054 1042 4149 ἆρχῆ
1069 4054 1129 4148 τῆς
1156 4062 1367 4152 προκομιόῆς.
1420 4066 1500 4129 Male
1529 4065 1650 4127 Latinus
1679 4066 1832 4145 interpres
1863 4066 2047 4127 elocutionem

685 4165 815 4229 inclinat.
856 4166 929 4227 Nam
959 4183 1109 4245 nunquam
1138 4184 1176 4228 eo
1198 4183 1291 4227 sensu
1314 4167 1460 4246 accipitur
1481 4183 1542 4229 vox
1564 4150 1743 4249 Ἀναφορᾶ,
1774 4181 1873 4244 neque
1896 4159 2046 4226 elevationi

688 4264 792 4344 lacus,
817 4278 885 4329 ante
909 4266 1178 4328 consecrationem.

1183 4526 1247 4614 Oai
1272 4527 1559 4622 renascamur.

767 4737 842 4815 lna
867 4749 956 4810 etiam
978 4745 1072 4809 verba
1095 4745 1212 4810 Graece
1235 4756 1338 4810 extant
1361 4767 1401 4811 ex
1424 4747 1605 4829 antiquitatis
1632 4746 1815 4826 reverentia,
1843 4746 1875 4807 in
1902 4741 2046 4807 codicibus

688 4853 905 4937 Aegyptiacis,
935 4859 968 4913 ut
997 4861 1027 4914 et
1057 4853 1215 4932 sequentia
1237 4854 1280 4915 ad
1300 4851 1452 4915 Orierrtem
1473 4852 1636 4931 adspicite,
1666 4858 1697 4913 ct
1718 4849 1808 4911 multa
1832 4850 1902 4925 alia,
1930 4862 2045 4930 quamn

686 4954 786 5033 aliqua
796 4953 1041 5034 jamnotavimus.
1066 4951 1141 5015 Curn
1152 4950 1353 5032 prolixissima
1367 4952 1407 5014 sit
1419 4950 1584 5014 celebratio
1594 4950 1797 5033 Liturgiarum
1809 4951 1839 5011 in
1847 4948 1982 5025 Oriente,
1995 4961 2046 5025 per

686 5052 842 5116 intervalla
864 5052 974 5115 sedere
997 5051 1085 5130 licet,
1109 5060 1140 5114 at
1162 5053 1193 5114 in
1215 5051 1307 5113 certis
1330 5050 1514 5114 orationibus
1537 5059 1619 5114 stare
1641 5050 1839 5113 admouentur
1861 5065 1983 5125 omnes,
2008 5062 2044 5106 ex
