4525 6034
650 573 1183 652 lttxtnutlrtu.
1326 623 1334 632 -
1513 573 1591 650 423

221 759 303 835 utut
328 757 368 835 dd
393 760 515 836 λοιπαὶ
539 766 641 837 nem
666 757 893 858 moestitiae
919 760 1027 858 αὐτῆς
1052 758 1119 836 οὐκ
1145 763 1289 857 ἔχουσαι
1319 759 1511 847 sanxonis
1527 758 1591 861 ὑφ’

220 876 355 962 ἑαυτάς·
381 876 447 952 εἶσὶ
472 876 513 952 δὲ
537 875 643 952 αὑταὶ
668 876 692 973 ἡ
717 875 904 974 Δαμιάτα,
930 877 953 975 ἦ
979 874 1094 967 Soita,
1120 876 1144 974 ἡ
1169 883 1230 976 τῆς
1254 875 1427 977 Ἐρυθρᾶς
1444 873 1592 954 Θαλάσ-

220 1015 299 1091 σης·
324 993 496 1092 simeonis
513 994 574 1068 καὶ
592 993 615 1090 ἡ
633 993 733 1092 ’biom
785 994 873 1066 Suut
897 1002 933 1067 et
958 995 1051 1066 oliae
1076 998 1222 1090 quinque
1247 996 1457 1090 Metropoies
1482 995 1591 1066 nullos

219 1112 286 1183 sibi
312 1112 484 1203 sub'ectos
494 1112 724 1205 Episcopatus
736 1109 921 1183 badenim:
945 1118 1024 1183 suat
1049 1117 1161 1182 autem
1180 1115 1270 1183 istae
1287 1110 1465 1201 Domiuto,
1489 1110 1590 1200 Satn,

219 1227 399 1321 legendum
425 1228 537 1299 Saea:
562 1227 674 1299 Moris
698 1226 812 1314 rubri,
838 1226 985 1298 Pborao
1011 1234 1046 1298 et
1071 1230 1157 1300 Are.
1210 1226 1399 1300 Secundam
1421 1231 1530 1301 omisit
1556 1231 1591 1299 in

217 1349 379 1417 versione
406 1367 467 1417 sna
493 1343 566 1416 Leo
592 1344 753 1433 AllatiuS,
780 1346 844 1415 etsi
870 1343 958 1440 apud
977 1346 1171 1440 Aegyptios
1196 1347 1414 1431 notissimam,
1442 1353 1477 1415 et
1500 1342 1590 1439 Epi-

217 1471 363 1557 scopatu
387 1462 568 1553 insignem:
596 1471 695 1555 atque
722 1463 765 1532 ita
793 1483 868 1532 eum
896 1470 992 1532 autor
1018 1464 1163 1556 quinque
1189 1460 1353 1554 ejusmodi
1382 1459 1590 1555 Metropoles

215 1600 294 1671 esse
324 1577 426 1666 dieat3
454 1587 593 1672 quatuor
619 1586 745 1648 tautum
771 1579 976 1650 inversione
1001 1575 1209 1649 extruentur.
1261 1576 1440 1666 Dmrdotu,
1467 1576 1590 1648 Graeci

165 1761 175 1786 ,
216 1692 384 1782 scribunt,
410 1701 446 1765 ut
472 1697 572 1765 etiam
599 1692 774 1788 Coptitae,
808 1695 872 1764 etsi
902 1697 1040 1788 primam
1075 1692 1206 1764 literam
1230 1714 1292 1787 per
1327 1692 1355 1763 T
1389 1694 1589 1788 exprimant,

216 1812 292 1900 quia
322 1832 396 1880 eam
423 1808 509 1880 baud
535 1807 631 1880 aliter
657 1830 755 1904 quam
780 1814 815 1881 Δ
837 1812 1056 1903 pronuntiant.
1095 1808 1231 1882 Arabes
1249 1807 1390 1879 Dimiat.
1431 1808 1483 1880 Ea
1508 1807 1590 1882 urbs

216 1924 379 2016 singulari
405 1923 614 1996 distinetione
640 1922 728 2019 apud
754 1923 942 2014 Jacobitas,
968 1922 1029 1997 sed
1060 1946 1139 1996 sero
1175 1928 1265 1996 cirea
1300 1934 1451 2019 tempora
1483 1911 1590 1997 Marsi

215 2041 253 2112 F.
285 2040 440 2128 Zaraae,
479 2050 556 2135 post
592 2063 711 2112 annum
751 2040 937 2135 Martyrum
972 2038 1234 2113 nccctxxx.
1266 2040 1297 2112 J.
1332 2037 1370 2112 C.
1403 2037 1590 2112 MCLXIV.

215 2156 510 2252 metropolitanam
536 2155 729 2249 dignitatem
756 2153 912 2243 obtinuit,
939 2166 1038 2250 atque
1065 2179 1108 2230 eo
1136 2155 1228 2229 titulo
1257 2154 1455 2251 appellatum
1481 2152 1590 2252 repe-'

214 2276 319 2347 rimus
346 2272 559 2363 Michaelem,
587 2276 642 2367 qui
669 2271 777 2344 multis
804 2270 968 2344 adversus
999 2273 1150 2344 Marcum
1164 2272 1276 2356 ,lilium
1302 2270 1486 2345 Elbonbari
1513 2273 1588 2347 disd

213 2393 366 2485 putavit,
401 2411 463 2485 pro
500 2387 664 2461 abolenda
690 2397 905 2484 peecatorum
933 2385 1170 2460 consessione:
1205 2388 1247 2461 de
1273 2411 1338 2484 qua
1365 2386 1502 2462 historia
1531 2390 1589 2462 di-

214 2511 328 2579 ximus
353 2507 387 2575 in
412 2497 656 2577 Dissertatione
683 2502 726 2575 de
752 2505 981 2594 Paenitentia,
1008 2515 1043 2576 et
1067 2508 1101 2576 in
1127 2508 1205 2579 vitis
1222 2503 1498 2578 Patriarebamm.
1542 2507 1591 2578 At

214 2627 247 2694 in
285 2622 430 2694 Graecis
461 2620 595 2694 Notitiis
629 2619 822 2693 melioribus
863 2619 962 2693 sedes
997 2630 1121 2693 tantum
1154 2620 1366 2718 Episcopalis
1401 2632 1492 2714 erat,
1526 2623 1587 2696 sub

213 2735 395 2835 Metropoli
423 2735 628 2834 Oxyrinebo.
716 2741 723 2755 ‘

321 2855 441 2927 CXXI.
494 2875 542 2925 xr.
569 2854 799 2948 Episcopatus
825 2852 958 2924 Clutoe
984 2853 1175 2926 sturbium
1202 2860 1289 2947 ejus:
1321 2856 1381 2927 sed
1412 2856 1587 2952 Puporum
1674 2870 1724 2906 ⁸·

215 2972 317 3045 babet
343 2972 512 3045 Arabicus
539 2981 660 3043 textus.
712 2970 816 3042 Forte
843 2969 1021 3062 legendum
1049 2969 1181 3042 Cbutob
1208 2982 1244 3043 ut
1269 2975 1304 3043 in
1318 2969 1586 3060 Nomenelatdre,

214 3091 274 3162 sed
300 3089 407 3176 male,
433 3111 511 3160 nam
538 3085 677 3184 Coptiee
703 3088 824 3178 legitur
857 3086 957 3156 Cboti
992 3109 1077 3180 quae
1108 3108 1180 3159 vox
1211 3086 1299 3159 forte
1334 3091 1433 3160 etiam
1465 3091 1589 3161 vitiose

214 3209 339 3302 scripta
365 3216 427 3279 est.
478 3203 597 3299 Neque
625 3201 756 3276 dubium
784 3214 836 3275 est
862 3225 937 3274 eam
963 3225 1042 3276 esse
1074 3226 1160 3298 quae
1197 3203 1283 3299 apud
1319 3203 1430 3276 Nilum
1464 3207 1589 3277 Dexa-

213 3329 356 3420 patrinm
389 3321 412 3417 ἡ
446 3317 551 3395 Soleo
584 3320 718 3393 dieitur:
750 3341 828 3390 nam
858 3318 938 3389 Seis.
976 3320 1098 3392 Graeci
1135 3343 1204 3393 non
1236 3318 1368 3393 babent.
1427 3321 1590 3415 Adjungit

213 3443 379 3536 interpres
405 3438 537 3530 Anglus
564 3460 609 3510 ex
637 3434 816 3526 Camusio,
842 3438 916 3510 sive
943 3435 1072 3508 Lexieo
1100 3438 1250 3510 Arabico
1278 3437 1390 3508 Cbuta
1416 3460 1495 3510 esse
1522 3461 1589 3533 pa-

214 3578 291 3648 gum
319 3558 481 3651 Aegypti.
534 3555 601 3625 Hie
628 3561 757 3641 anteo,
784 3555 906 3647 inquit,
934 3559 1038 3623 totoso
1064 3552 1214 3647 ntiquom
1227 3557 1400 3646 regionem
1423 3561 1482 3624 oet
1495 3578 1589 3649 pro-

214 3677 363 3744 sioeiom
388 3674 579 3767 siguificat,
608 3674 644 3740 iu
670 3694 738 3764 qua
760 3669 879 3762 plures
905 3673 1007 3739 etiam
1033 3668 1135 3740 urbes
1158 3674 1313 3763 sumunt,
1340 3694 1384 3741 ue
1398 3676 1590 3764 propterea

217 3795 303 3881 q'us,
333 3791 466 3858 etiamsi
491 3788 684 3880 Episcopus
708 3785 907 3877 simpliciter
933 3786 1138 3878 appelletur,
1166 3809 1287 3857 reomau
1313 3793 1424 3857 torpeo
1450 3787 1588 3859 Metro-

215 3906 390 3997 politanus
423 3907 501 3997 suit.
553 3903 660 3991 Haec,
691 3906 840 3997 inquam,
876 3905 985 3973 omnia
1019 3899 1146 3996 absque
1172 3901 1239 3973 ulla
1266 3902 1386 3975 idonea
1412 3907 1589 3975 autoritate

218 4020 304 4092 dieta
332 4030 415 4095 sunt.
468 4018 587 4114 Neque
614 4021 701 4090 enim
727 4021 809 4091 satis
828 4017 1034 4089 intellexisse
1050 4016 1183 4089 videtur
1210 4029 1324 4107 autor,
1351 4022 1384 4090 in
1411 4042 1476 4115 quo
1503 4019 1588 4092 haee

216 4135 547 4232 Metropolitanomm
581 4133 708 4229 absque
747 4131 965 4225 suffraganeis
997 4133 1140 4225 dignitas
1175 4137 1381 4207 consisteret.
1441 4135 1510 4208 Sed
1544 4136 1586 4208 de

215 4250 264 4324 his
291 4265 421 4349 postea.

329 4368 463 4442 CXXII.
516 4389 573 4440 xn.
607 4367 837 4461 Episcopmus
862 4365 1005 4437 Arisebt
1046 4372 1082 4437 et
1126 4367 1312 4441 Woradoe.
1365 4369 1472 4455 witti
1512 4370 1586 4440 sive

217 4487 373 4573 omne,
400 4495 453 4558 est
478 4507 518 4555 ea
543 4481 626 4556 urbs
654 4507 752 4579 quam
771 4495 905 4555 autores
931 4485 1036 4555 nostri
1049 4483 1227 4555 Larissam
1252 4494 1391 4571 vocant,
1419 4494 1453 4556 et
1470 4484 1586 4573 buris,

105 4655 115 4682 ,
216 4612 252 4672 nt
278 4589 472 4674 Grullelmus
504 4602 644 4696 Tyrius,
685 4601 738 4696 qui
771 4621 845 4671 eam
880 4603 926 4671 ait
958 4602 1123 4695 antiquam
1152 4599 1256 4674 fuisse
1282 4599 1397 4672 urbem
1426 4599 1468 4672 ad
1494 4622 1586 4672 mare

220 4721 315 4789 sitam
342 4722 375 4788 in
403 4716 597 4805 solitudine,
634 4739 730 4811 mam
758 4726 882 4789 vocant
919 4718 995 4789 Ttet
1028 4716 1110 4788 boui
1136 4717 1264 4805 lsrael,
1298 4721 1373 4789 sive
1405 4715 1587 4787 Desertum

216 4835 362 4926 fitiorum
389 4833 519 4905 lsroet:
545 4833 634 4928 quod
660 4832 878 4928 quadraginta
910 4856 1117 4929 parasangas
1143 4838 1177 4904 in
1208 4832 1460 4925 longitudinem,
1500 4837 1585 4906 toti-

219 4948 358 5046 demque
384 4955 417 5022 in
444 4949 645 5023 latitudinem
671 4961 788 5046 patere
814 4954 900 5022 inter
925 4950 1081 5039 Koluuro,
1108 4959 1144 5020 et
1157 4950 1253 5021 Mare
1271 4949 1459 5046 Syriacum,
1486 4960 1585 5047 atque

190 5121 193 5134 .
218 5060 436 5162 Erythraeum
463 5067 610 5142 scribunt
641 5065 854 5163 Geograpbi,
889 5064 1037 5140 Yaeutus
1068 5064 1289 5158 Hamatbeus,
1319 5066 1517 5159 Ebnwerdi,
1552 5077 1587 5140 et
