<?xml version="1.0" encoding="UTF-8"?>
<!DOCTYPE html PUBLIC "-//W3C//DTD XHTML 1.0 Transitional//EN"
    "http://www.w3.org/TR/xhtml1/DTD/xhtml1-transitional.dtd">
<html xmlns="http://www.w3.org/1999/xhtml" xml:lang="en" lang="en">
 <head>
  <title>
</title>
<meta http-equiv="Content-Type" content="text/html;charset=utf-8" />
  <meta name='ocr-system' content='tesseract 3.04.00' />
  <meta name='ocr-capabilities' content='ocr_page ocr_carea ocr_par ocr_line ocrx_word'/>
</head>
<body>
  <div class='ocr_page' id='page_1' title='image "./liturgiarumorie00unkngoog/liturgiarumorie00unkngoog_0916.png"; bbox 0 0 4525 6034; ppageno 0'>
   <div class='ocr_carea' id='block_1_1' title="bbox 684 594 1557 672">
    <p class='ocr_par' dir='ltr' id='par_1_1' title="bbox 684 594 1557 672">
     <span class='ocr_line' id='line_1_1' title="bbox 684 594 1557 672; baseline 0.006 -5"><span class='ocrx_word' id='word_1_1' title='bbox 684 594 761 668; x_wconf 81' lang='lat'><strong>202</strong></span> <span class='ocrx_word' id='word_1_2' title='bbox 1194 594 1557 672; x_wconf 78' lang='lat' dir='ltr'><strong>Llllllllllb</strong></span> 
     </span>
    </p>
   </div>
   <div class='ocr_carea' id='block_1_2' title="bbox 675 779 2053 5125">
    <p class='ocr_par' dir='ltr' id='par_1_2' title="bbox 682 779 2049 992">
     <span class='ocr_line' id='line_1_2' title="bbox 682 779 2049 881; baseline 0.002 -29"><span class='ocrx_word' id='word_1_3' title='bbox 682 783 741 870; x_wconf 86' lang='lat' dir='ltr'><strong>tui,</strong></span> <span class='ocrx_word' id='word_1_4' title='bbox 766 803 829 876; x_wconf 90' lang='lat' dir='ltr'><strong>per</strong></span> <span class='ocrx_word' id='word_1_5' title='bbox 856 803 952 876; x_wconf 90' lang='lat' dir='ltr'><strong>quem</strong></span> <span class='ocrx_word' id='word_1_6' title='bbox 982 793 1016 854; x_wconf 89' lang='lat' dir='ltr'><strong>et</strong></span> <span class='ocrx_word' id='word_1_7' title='bbox 1042 803 1117 852; x_wconf 90' lang='lat' dir='ltr'><strong>cum</strong></span> <span class='ocrx_word' id='word_1_8' title='bbox 1145 802 1211 875; x_wconf 91' lang='lat' dir='ltr'><strong>quo</strong></span> <span class='ocrx_word' id='word_1_9' title='bbox 1238 790 1273 851; x_wconf 85' lang='lat' dir='ltr'><strong>ta</strong></span> <span class='ocrx_word' id='word_1_10' title='bbox 1299 779 1397 852; x_wconf 86' lang='lat' dir='ltr'><strong>decet</strong></span> <span class='ocrx_word' id='word_1_11' title='bbox 1422 779 1542 873; x_wconf 78' lang='lat' dir='ltr'><strong>gloria,</strong></span> <span class='ocrx_word' id='word_1_12' title='bbox 1574 780 1683 855; x_wconf 85' lang='lat' dir='ltr'><strong>honor</strong></span> <span class='ocrx_word' id='word_1_13' title='bbox 1708 795 1743 857; x_wconf 79' lang='lat' dir='ltr'><strong>ei</strong></span> <span class='ocrx_word' id='word_1_14' title='bbox 1767 787 1953 881; x_wconf 90' lang='lat' dir='ltr'><strong>imperinm,</strong></span> <span class='ocrx_word' id='word_1_15' title='bbox 1978 806 2049 856; x_wconf 90' lang='lat' dir='ltr'><strong>cnm</strong></span> 
     </span>
     <span class='ocr_line' id='line_1_3' title="bbox 683 896 1140 992; baseline -0.002 -24"><span class='ocrx_word' id='word_1_16' title='bbox 683 896 808 992; x_wconf 87' lang='lat' dir='ltr'><strong>Spiritu</strong></span> <span class='ocrx_word' id='word_1_17' title='bbox 833 905 891 969; x_wconf 80' lang='lat' dir='ltr'><strong>ino</strong></span> <span class='ocrx_word' id='word_1_18' title='bbox 918 899 1140 969; x_wconf 88' lang='lat' dir='ltr'><strong>sanctissimo.</strong></span> 
     </span>
    </p>

    <p class='ocr_par' dir='ltr' id='par_1_3' title="bbox 786 1011 1122 1104">
     <span class='ocr_line' id='line_1_4' title="bbox 786 1011 1122 1104; baseline 0 -23"><span class='ocrx_word' id='word_1_19' title='bbox 786 1011 949 1104; x_wconf 84' lang='lat' dir='ltr'><strong>Populus.</strong></span> <span class='ocrx_word' id='word_1_20' title='bbox 1001 1015 1122 1084; x_wconf 84' lang='lat' dir='ltr'><strong>Amen.</strong></span> 
     </span>
    </p>

    <p class='ocr_par' dir='ltr' id='par_1_4' title="bbox 786 1125 1108 1198">
     <span class='ocr_line' id='line_1_5' title="bbox 786 1125 1108 1198; baseline 0 -2"><span class='ocrx_word' id='word_1_21' title='bbox 786 1125 971 1198; x_wconf 77' lang='lat' dir='ltr'><strong><em>Sacerdos.</em></strong></span> <span class='ocrx_word' id='word_1_22' title='bbox 1024 1127 1108 1198; x_wconf 84' lang='lat' dir='ltr'><strong>Pax.</strong></span> 
     </span>
    </p>

    <p class='ocr_par' dir='ltr' id='par_1_5' title="bbox 786 1242 1384 1338">
     <span class='ocr_line' id='line_1_6' title="bbox 786 1242 1384 1338; baseline -0.002 -25"><span class='ocrx_word' id='word_1_23' title='bbox 786 1243 948 1336; x_wconf 80' lang='lat' dir='ltr'><strong>Populus.</strong></span> <span class='ocrx_word' id='word_1_24' title='bbox 1000 1242 1146 1314; x_wconf 89' lang='lat' dir='ltr'><strong>Etcum</strong></span> <span class='ocrx_word' id='word_1_25' title='bbox 1173 1244 1289 1338; x_wconf 91' lang='lat' dir='ltr'><strong>spiritu</strong></span> <span class='ocrx_word' id='word_1_26' title='bbox 1315 1251 1384 1314; x_wconf 88' lang='lat' dir='ltr'><strong>tuo.</strong></span> 
     </span>
    </p>

    <p class='ocr_par' dir='ltr' id='par_1_6' title="bbox 786 1358 1501 1453">
     <span class='ocr_line' id='line_1_7' title="bbox 786 1358 1501 1453; baseline -0.001 -24"><span class='ocrx_word' id='word_1_27' title='bbox 786 1359 976 1430; x_wconf 76' lang='lat' dir='ltr'><strong>Diaconos.</strong></span> <span class='ocrx_word' id='word_1_28' title='bbox 1029 1358 1096 1430; x_wconf 89' lang='lat' dir='ltr'><strong>Det</strong></span> <span class='ocrx_word' id='word_1_29' title='bbox 1122 1380 1241 1453; x_wconf 88' lang='lat' dir='ltr'><strong>pacem</strong></span> <span class='ocrx_word' id='word_1_30' title='bbox 1267 1359 1501 1452; x_wconf 89' lang='lat' dir='ltr'><strong>unusquisque.</strong></span> 
     </span>
    </p>

    <p class='ocr_par' dir='ltr' id='par_1_7' title="bbox 786 1474 1140 1567">
     <span class='ocr_line' id='line_1_8' title="bbox 786 1474 1140 1567; baseline -0.003 -22"><span class='ocrx_word' id='word_1_31' title='bbox 786 1475 949 1567; x_wconf 82' lang='lat' dir='ltr'><strong>Populus.</strong></span> <span class='ocrx_word' id='word_1_32' title='bbox 1003 1474 1140 1546; x_wconf 88' lang='lat' dir='ltr'><strong>Omnes.</strong></span> 
     </span>
    </p>

    <p class='ocr_par' dir='ltr' id='par_1_8' title="bbox 785 1589 1121 1662">
     <span class='ocr_line' id='line_1_9' title="bbox 785 1589 1121 1662; baseline 0 -2"><span class='ocrx_word' id='word_1_33' title='bbox 785 1589 975 1661; x_wconf 79' lang='lat' dir='ltr'><strong>Diaconos.</strong></span> <span class='ocrx_word' id='word_1_34' title='bbox 1028 1591 1121 1662; x_wconf 82' lang='lat' dir='ltr'><strong>Post.</strong></span> 
     </span>
    </p>

    <p class='ocr_par' dir='ltr' id='par_1_9' title="bbox 785 1703 1365 1798">
     <span class='ocr_line' id='line_1_10' title="bbox 785 1703 1365 1798; baseline -0.005 -23"><span class='ocrx_word' id='word_1_35' title='bbox 785 1704 947 1798; x_wconf 78' lang='lat' dir='ltr'><strong>Populus.</strong></span> <span class='ocrx_word' id='word_1_36' title='bbox 1001 1705 1124 1778; x_wconf 86' lang='lat' dir='ltr'><strong>Coram</strong></span> <span class='ocrx_word' id='word_1_37' title='bbox 1152 1714 1186 1775; x_wconf 87' lang='lat' dir='ltr'><strong>te</strong></span> <span class='ocrx_word' id='word_1_38' title='bbox 1211 1703 1365 1776; x_wconf 91' lang='lat' dir='ltr'><strong>Domine.</strong></span> 
     </span>
    </p>

    <p class='ocr_par' dir='ltr' id='par_1_10' title="bbox 678 1817 2053 2814">
     <span class='ocr_line' id='line_1_11' title="bbox 783 1817 2050 1912; baseline 0.004 -21"><span class='ocrx_word' id='word_1_39' title='bbox 783 1818 967 1891; x_wconf 79' lang='lat' dir='ltr'><strong>Sacerdos.</strong></span> <span class='ocrx_word' id='word_1_40' title='bbox 1020 1821 1128 1892; x_wconf 90' lang='lat' dir='ltr'><strong>Datur</strong></span> <span class='ocrx_word' id='word_1_41' title='bbox 1166 1822 1349 1893; x_wconf 75' lang='lat' dir='ltr'><strong>sanctitatis</strong></span> <span class='ocrx_word' id='word_1_42' title='bbox 1388 1829 1423 1890; x_wconf 89' lang='lat' dir='ltr'><strong>et</strong></span> <span class='ocrx_word' id='word_1_43' title='bbox 1463 1817 1604 1910; x_wconf 81' lang='lat' dir='ltr'><strong>largitor</strong></span> <span class='ocrx_word' id='word_1_44' title='bbox 1638 1822 1744 1893; x_wconf 89' lang='lat' dir='ltr'><strong>omnis</strong></span> <span class='ocrx_word' id='word_1_45' title='bbox 1782 1819 1864 1893; x_wconf 90' lang='lat' dir='ltr'><strong>boni</strong></span> <span class='ocrx_word' id='word_1_46' title='bbox 1897 1822 2050 1912; x_wconf 90' lang='lat' dir='ltr'><strong>Domine,</strong></span> 
     </span>
     <span class='ocr_line' id='line_1_12' title="bbox 682 1934 2052 2029; baseline 0.004 -24"><span class='ocrx_word' id='word_1_47' title='bbox 682 1937 736 2029; x_wconf 88' lang='lat' dir='ltr'><strong>qui</strong></span> <span class='ocrx_word' id='word_1_48' title='bbox 763 1957 895 2007; x_wconf 93' lang='lat' dir='ltr'><strong>omnem</strong></span> <span class='ocrx_word' id='word_1_49' title='bbox 928 1947 1116 2008; x_wconf 88' lang='lat' dir='ltr'><strong>creaturam</strong></span> <span class='ocrx_word' id='word_1_50' title='bbox 1149 1934 1347 2008; x_wconf 80' lang='lat' dir='ltr'><strong>rationalem</strong></span> <span class='ocrx_word' id='word_1_51' title='bbox 1382 1938 1559 2006; x_wconf 78' lang='lat' dir='ltr'><strong>sanctitate</strong></span> <span class='ocrx_word' id='word_1_52' title='bbox 1584 1957 1671 2029; x_wconf 87' lang='lat' dir='ltr'><strong>qnae</strong></span> <span class='ocrx_word' id='word_1_53' title='bbox 1703 1959 1723 2007; x_wconf 89' lang='lat' dir='ltr'><strong>a</strong></span> <span class='ocrx_word' id='word_1_54' title='bbox 1757 1948 1790 2009; x_wconf 90' lang='lat' dir='ltr'><strong>te</strong></span> <span class='ocrx_word' id='word_1_55' title='bbox 1822 1946 1892 2024; x_wconf 87' lang='lat' dir='ltr'><strong>est,</strong></span> <span class='ocrx_word' id='word_1_56' title='bbox 1926 1942 2052 2011; x_wconf 89' lang='lat' dir='ltr'><strong>sancti·</strong></span> 
     </span>
     <span class='ocr_line' id='line_1_13' title="bbox 679 2049 2053 2149; baseline 0.005 -29"><span class='ocrx_word' id='word_1_57' title='bbox 679 2049 777 2123; x_wconf 87' lang='lat' dir='ltr'><strong>ficas:</strong></span> <span class='ocrx_word' id='word_1_58' title='bbox 813 2050 983 2124; x_wconf 85' lang='lat' dir='ltr'><strong>sanctifica</strong></span> <span class='ocrx_word' id='word_1_59' title='bbox 1010 2072 1073 2146; x_wconf 85' lang='lat' dir='ltr'><strong>pen</strong></span> <span class='ocrx_word' id='word_1_60' title='bbox 1097 2049 1256 2145; x_wconf 83' lang='lat' dir='ltr'><strong>Spiritum</strong></span> <span class='ocrx_word' id='word_1_61' title='bbox 1289 2059 1379 2122; x_wconf 89' lang='lat' dir='ltr'><strong>tuum</strong></span> <span class='ocrx_word' id='word_1_62' title='bbox 1413 2061 1584 2139; x_wconf 88' lang='lat' dir='ltr'><strong>sanctum,</strong></span> <span class='ocrx_word' id='word_1_63' title='bbox 1616 2072 1679 2124; x_wconf 89' lang='lat' dir='ltr'><strong>nos</strong></span> <span class='ocrx_word' id='word_1_64' title='bbox 1715 2073 1840 2126; x_wconf 85' lang='lat' dir='ltr'><strong>seruus</strong></span> <span class='ocrx_word' id='word_1_65' title='bbox 1875 2065 1972 2143; x_wconf 78' lang='lat' dir='ltr'><strong>mos,</strong></span> <span class='ocrx_word' id='word_1_66' title='bbox 2004 2058 2053 2149; x_wconf 85' lang='lat' dir='ltr'><strong>qni</strong></span> 
     </span>
     <span class='ocr_line' id='line_1_14' title="bbox 679 2164 2051 2262; baseline 0.004 -26"><span class='ocrx_word' id='word_1_67' title='bbox 679 2165 875 2238; x_wconf 80' lang='lat' dir='ltr'><strong>inclinamur</strong></span> <span class='ocrx_word' id='word_1_68' title='bbox 906 2188 1022 2238; x_wconf 86' lang='lat' dir='ltr'><strong>cunam</strong></span> <span class='ocrx_word' id='word_1_69' title='bbox 1054 2177 1106 2237; x_wconf 88' lang='lat' dir='ltr'><strong>te:</strong></span> <span class='ocrx_word' id='word_1_70' title='bbox 1140 2167 1247 2239; x_wconf 89' lang='lat' dir='ltr'><strong>libera</strong></span> <span class='ocrx_word' id='word_1_71' title='bbox 1274 2187 1337 2238; x_wconf 89' lang='lat' dir='ltr'><strong>nus</strong></span> <span class='ocrx_word' id='word_1_72' title='bbox 1365 2165 1406 2237; x_wconf 89' lang='lat' dir='ltr'><strong>ab</strong></span> <span class='ocrx_word' id='word_1_73' title='bbox 1441 2164 1594 2237; x_wconf 89' lang='lat' dir='ltr'><strong>omnibns</strong></span> <span class='ocrx_word' id='word_1_74' title='bbox 1626 2168 1840 2262; x_wconf 84' lang='lat' dir='ltr'><strong>passionibus</strong></span> <span class='ocrx_word' id='word_1_75' title='bbox 1875 2169 2051 2242; x_wconf 86' lang='lat' dir='ltr'><strong>servilibus</strong></span> 
     </span>
     <span class='ocr_line' id='line_1_15' title="bbox 679 2278 2053 2379; baseline 0.007 -30"><span class='ocrx_word' id='word_1_76' title='bbox 679 2281 822 2374; x_wconf 87' lang='lat' dir='ltr'><strong>peccati,</strong></span> <span class='ocrx_word' id='word_1_77' title='bbox 849 2278 891 2350; x_wconf 93' lang='lat' dir='ltr'><strong>ab</strong></span> <span class='ocrx_word' id='word_1_78' title='bbox 919 2280 1055 2370; x_wconf 88' lang='lat' dir='ltr'><strong>invidia,</strong></span> <span class='ocrx_word' id='word_1_79' title='bbox 1083 2281 1173 2367; x_wconf 90' lang='lat' dir='ltr'><strong>dolo,</strong></span> <span class='ocrx_word' id='word_1_80' title='bbox 1201 2281 1411 2376; x_wconf 88' lang='lat' dir='ltr'><strong>deceptione,</strong></span> <span class='ocrx_word' id='word_1_81' title='bbox 1439 2279 1534 2367; x_wconf 90' lang='lat' dir='ltr'><strong>odio,</strong></span> <span class='ocrx_word' id='word_1_82' title='bbox 1562 2284 1755 2372; x_wconf 91' lang='lat' dir='ltr'><strong>inimicitiis,</strong></span> <span class='ocrx_word' id='word_1_83' title='bbox 1791 2293 1825 2354; x_wconf 89' lang='lat' dir='ltr'><strong>et</strong></span> <span class='ocrx_word' id='word_1_84' title='bbox 1860 2283 1902 2355; x_wconf 89' lang='lat' dir='ltr'><strong>ab</strong></span> <span class='ocrx_word' id='word_1_85' title='bbox 1931 2307 1976 2358; x_wconf 87' lang='lat' dir='ltr'><strong>eo</strong></span> <span class='ocrx_word' id='word_1_86' title='bbox 2002 2286 2053 2379; x_wconf 85' lang='lat' dir='ltr'><strong>qui</strong></span> 
     </span>
     <span class='ocr_line' id='line_1_16' title="bbox 679 2394 2051 2492; baseline 0.004 -27"><span class='ocrx_word' id='word_1_87' title='bbox 679 2394 801 2488; x_wconf 82' lang='lat' dir='ltr'><strong>eadem</strong></span> <span class='ocrx_word' id='word_1_88' title='bbox 825 2405 998 2491; x_wconf 90' lang='lat' dir='ltr'><strong>operatur,</strong></span> <span class='ocrx_word' id='word_1_89' title='bbox 1035 2408 1071 2469; x_wconf 90' lang='lat' dir='ltr'><strong>nt</strong></span> <span class='ocrx_word' id='word_1_90' title='bbox 1102 2419 1289 2469; x_wconf 91' lang='lat' dir='ltr'><strong>mereamur</strong></span> <span class='ocrx_word' id='word_1_91' title='bbox 1324 2406 1441 2468; x_wconf 87' lang='lat' dir='ltr'><strong>sancte</strong></span> <span class='ocrx_word' id='word_1_92' title='bbox 1479 2397 1645 2492; x_wconf 88' lang='lat' dir='ltr'><strong>perficere</strong></span> <span class='ocrx_word' id='word_1_93' title='bbox 1683 2400 1898 2472; x_wconf 81' lang='lat' dir='ltr'><strong>ministerium</strong></span> <span class='ocrx_word' id='word_1_94' title='bbox 1939 2398 2051 2472; x_wconf 82' lang='lat' dir='ltr'><strong>bonum</strong></span> 
     </span>
     <span class='ocr_line' id='line_1_17' title="bbox 678 2509 2051 2607; baseline 0.004 -25"><span class='ocrx_word' id='word_1_95' title='bbox 678 2509 971 2583; x_wconf 73' lang='lat' dir='ltr'><strong>sacramentorum</strong></span> <span class='ocrx_word' id='word_1_96' title='bbox 998 2512 1254 2600; x_wconf 86' lang='lat' dir='ltr'><strong>vivificantium,</strong></span> <span class='ocrx_word' id='word_1_97' title='bbox 1281 2534 1344 2607; x_wconf 85' lang='lat' dir='ltr'><strong>per</strong></span> <span class='ocrx_word' id='word_1_98' title='bbox 1368 2512 1558 2607; x_wconf 87' lang='lat' dir='ltr'><strong>pontificem</strong></span> <span class='ocrx_word' id='word_1_99' title='bbox 1591 2513 1773 2586; x_wconf 76' lang='lat' dir='ltr'><strong>coelestem</strong></span> <span class='ocrx_word' id='word_1_100' title='bbox 1805 2514 1923 2587; x_wconf 85' lang='lat' dir='ltr'><strong>lesum</strong></span> <span class='ocrx_word' id='word_1_101' title='bbox 1953 2513 2051 2589; x_wconf 82' lang='lat' dir='ltr'><strong>Obri-</strong></span> 
     </span>
     <span class='ocr_line' id='line_1_18' title="bbox 678 2627 2053 2724; baseline 0 -23"><span class='ocrx_word' id='word_1_102' title='bbox 678 2634 764 2701; x_wconf 85' lang='lat' dir='ltr'><strong>stnm</strong></span> <span class='ocrx_word' id='word_1_103' title='bbox 788 2628 993 2719; x_wconf 80' lang='lat' dir='ltr'><strong>unigenitum</strong></span> <span class='ocrx_word' id='word_1_104' title='bbox 1017 2627 1136 2700; x_wconf 84' lang='lat' dir='ltr'><strong>Filium</strong></span> <span class='ocrx_word' id='word_1_105' title='bbox 1161 2639 1272 2718; x_wconf 90' lang='lat' dir='ltr'><strong>tuum,</strong></span> <span class='ocrx_word' id='word_1_106' title='bbox 1306 2649 1368 2722; x_wconf 87' lang='lat' dir='ltr'><strong>per</strong></span> <span class='ocrx_word' id='word_1_107' title='bbox 1394 2650 1492 2723; x_wconf 75' lang='lat' dir='ltr'><strong>prem</strong></span> <span class='ocrx_word' id='word_1_108' title='bbox 1518 2638 1553 2699; x_wconf 90' lang='lat' dir='ltr'><strong>et</strong></span> <span class='ocrx_word' id='word_1_109' title='bbox 1577 2651 1652 2700; x_wconf 87' lang='lat' dir='ltr'><strong>cnm</strong></span> <span class='ocrx_word' id='word_1_110' title='bbox 1675 2651 1741 2724; x_wconf 81' lang='lat' dir='ltr'><strong>quio</strong></span> <span class='ocrx_word' id='word_1_111' title='bbox 1763 2639 1796 2701; x_wconf 91' lang='lat' dir='ltr'><strong>te</strong></span> <span class='ocrx_word' id='word_1_112' title='bbox 1822 2630 1921 2702; x_wconf 87' lang='lat' dir='ltr'><strong>decet</strong></span> <span class='ocrx_word' id='word_1_113' title='bbox 1948 2631 2053 2723; x_wconf 80' lang='lat' dir='ltr'><strong>gloria</strong></span> 
     </span>
     <span class='ocr_line' id='line_1_19' title="bbox 679 2739 855 2814; baseline 0.006 -2"><span class='ocrx_word' id='word_1_114' title='bbox 679 2752 713 2813; x_wconf 90' lang='lat' dir='ltr'><strong>et</strong></span> <span class='ocrx_word' id='word_1_115' title='bbox 737 2739 855 2814; x_wconf 89' lang='lat' dir='ltr'><strong>bonor.</strong></span> 
     </span>
    </p>

    <p class='ocr_par' dir='ltr' id='par_1_11' title="bbox 782 2858 1116 2951">
     <span class='ocr_line' id='line_1_20' title="bbox 782 2858 1116 2951; baseline -0.003 -22"><span class='ocrx_word' id='word_1_116' title='bbox 782 2858 943 2951; x_wconf 81' lang='lat' dir='ltr'><strong>Populus.</strong></span> <span class='ocrx_word' id='word_1_117' title='bbox 997 2861 1116 2932; x_wconf 84' lang='lat' dir='ltr'><strong>Amen.</strong></span> 
     </span>
    </p>

    <p class='ocr_par' dir='ltr' id='par_1_12' title="bbox 675 2972 2053 4910">
     <span class='ocr_line' id='line_1_21' title="bbox 783 2972 2052 3067; baseline 0.003 -22"><span class='ocrx_word' id='word_1_118' title='bbox 783 2972 968 3046; x_wconf 79' lang='lat' dir='ltr'><strong>Sacerdos.</strong></span> <span class='ocrx_word' id='word_1_119' title='bbox 1021 2974 1182 3048; x_wconf 84' lang='lat' dir='ltr'><strong>Existens</strong></span> <span class='ocrx_word' id='word_1_120' title='bbox 1215 2973 1438 3047; x_wconf 81' lang='lat' dir='ltr'><strong>essentialiter</strong></span> <span class='ocrx_word' id='word_1_121' title='bbox 1470 2984 1505 3046; x_wconf 82' lang='lat' dir='ltr'><strong>at</strong></span> <span class='ocrx_word' id='word_1_122' title='bbox 1537 2972 1579 3046; x_wconf 87' lang='lat' dir='ltr'><strong>ab</strong></span> <span class='ocrx_word' id='word_1_123' title='bbox 1616 2982 1773 3062; x_wconf 87' lang='lat' dir='ltr'><strong>aeterno,</strong></span> <span class='ocrx_word' id='word_1_124' title='bbox 1804 2978 1904 3067; x_wconf 68' lang='lat' dir='ltr'><strong>=cujus</strong></span> <span class='ocrx_word' id='word_1_125' title='bbox 1937 2988 2052 3049; x_wconf 79' lang='lat' dir='ltr'><strong>nabun</strong></span> 
     </span>
     <span class='ocr_line' id='line_1_22' title="bbox 678 3088 2051 3187; baseline 0.003 -27"><span class='ocrx_word' id='word_1_126' title='bbox 678 3088 1018 3186; x_wconf 88' lang='lat' dir='ltr'><strong>incomprehensibilis</strong></span> <span class='ocrx_word' id='word_1_127' title='bbox 1046 3101 1117 3180; x_wconf 89' lang='lat' dir='ltr'><strong>est,</strong></span> <span class='ocrx_word' id='word_1_128' title='bbox 1153 3094 1207 3185; x_wconf 88' lang='lat' dir='ltr'><strong>qui</strong></span> <span class='ocrx_word' id='word_1_129' title='bbox 1234 3113 1341 3186; x_wconf 88' lang='lat' dir='ltr'><strong>prope</strong></span> <span class='ocrx_word' id='word_1_130' title='bbox 1367 3113 1426 3179; x_wconf 93' lang='lat' dir='ltr'><strong>es,</strong></span> <span class='ocrx_word' id='word_1_131' title='bbox 1459 3101 1494 3162; x_wconf 87' lang='lat' dir='ltr'><strong>et</strong></span> <span class='ocrx_word' id='word_1_132' title='bbox 1527 3111 1690 3185; x_wconf 85' lang='lat' dir='ltr'><strong>praesens</strong></span> <span class='ocrx_word' id='word_1_133' title='bbox 1717 3089 1889 3180; x_wconf 90' lang='lat' dir='ltr'><strong>omnibus,</strong></span> <span class='ocrx_word' id='word_1_134' title='bbox 1926 3091 2051 3187; x_wconf 85' lang='lat' dir='ltr'><strong>absque</strong></span> 
     </span>
     <span class='ocr_line' id='line_1_23' title="bbox 678 3204 2052 3300; baseline 0 -23"><span class='ocrx_word' id='word_1_135' title='bbox 678 3205 744 3277; x_wconf 92' lang='lat' dir='ltr'><strong>ulla</strong></span> <span class='ocrx_word' id='word_1_136' title='bbox 771 3204 978 3278; x_wconf 86' lang='lat' dir='ltr'><strong>sublimitatis</strong></span> <span class='ocrx_word' id='word_1_137' title='bbox 1005 3216 1083 3278; x_wconf 88' lang='lat' dir='ltr'><strong>tuae</strong></span> <span class='ocrx_word' id='word_1_138' title='bbox 1109 3209 1306 3277; x_wconf 82' lang='lat' dir='ltr'><strong>mutatione:</strong></span> <span class='ocrx_word' id='word_1_139' title='bbox 1333 3208 1428 3296; x_wconf 88' lang='lat' dir='ltr'><strong>cnjus</strong></span> <span class='ocrx_word' id='word_1_140' title='bbox 1456 3205 1637 3278; x_wconf 88' lang='lat' dir='ltr'><strong>bonitatem</strong></span> <span class='ocrx_word' id='word_1_141' title='bbox 1663 3209 1788 3300; x_wconf 87' lang='lat' dir='ltr'><strong>appetit</strong></span> <span class='ocrx_word' id='word_1_142' title='bbox 1820 3217 1855 3278; x_wconf 90' lang='lat' dir='ltr'><strong>et</strong></span> <span class='ocrx_word' id='word_1_143' title='bbox 1886 3207 2052 3279; x_wconf 86' lang='lat' dir='ltr'><strong>desiderat</strong></span> 
     </span>
     <span class='ocr_line' id='line_1_24' title="bbox 678 3319 2050 3416; baseline 0.001 -25"><span class='ocrx_word' id='word_1_144' title='bbox 678 3319 907 3416; x_wconf 82' lang='lat' dir='ltr'><strong>quodcumque</strong></span> <span class='ocrx_word' id='word_1_145' title='bbox 934 3322 1064 3410; x_wconf 76' lang='lat' dir='ltr'><strong>existit,</strong></span> <span class='ocrx_word' id='word_1_146' title='bbox 1091 3320 1313 3413; x_wconf 82' lang='lat' dir='ltr'><strong>intelligibiles</strong></span> <span class='ocrx_word' id='word_1_147' title='bbox 1340 3321 1469 3415; x_wconf 90' lang='lat' dir='ltr'><strong>quidem</strong></span> <span class='ocrx_word' id='word_1_148' title='bbox 1499 3330 1533 3392; x_wconf 87' lang='lat' dir='ltr'><strong>et</strong></span> <span class='ocrx_word' id='word_1_149' title='bbox 1558 3319 1726 3392; x_wconf 86' lang='lat' dir='ltr'><strong>intellectu</strong></span> <span class='ocrx_word' id='word_1_150' title='bbox 1747 3319 1921 3416; x_wconf 87' lang='lat' dir='ltr'><strong>praeditae</strong></span> <span class='ocrx_word' id='word_1_151' title='bbox 1949 3344 2050 3394; x_wconf 85' lang='lat' dir='ltr'><strong>cren-</strong></span> 
     </span>
     <span class='ocr_line' id='line_1_25' title="bbox 678 3433 2050 3530; baseline 0.004 -25"><span class='ocrx_word' id='word_1_152' title='bbox 678 3445 792 3525; x_wconf 88' lang='lat' dir='ltr'><strong>turae,</strong></span> <span class='ocrx_word' id='word_1_153' title='bbox 823 3436 1091 3528; x_wconf 77' lang='lat' dir='ltr'><strong>intelligibiliter,</strong></span> <span class='ocrx_word' id='word_1_154' title='bbox 1124 3458 1227 3509; x_wconf 89' lang='lat' dir='ltr'><strong>sensu</strong></span> <span class='ocrx_word' id='word_1_155' title='bbox 1261 3459 1348 3509; x_wconf 88' lang='lat' dir='ltr'><strong>vero</strong></span> <span class='ocrx_word' id='word_1_156' title='bbox 1380 3435 1571 3530; x_wconf 78' lang='lat' dir='ltr'><strong>praeditae,</strong></span> <span class='ocrx_word' id='word_1_157' title='bbox 1607 3433 1817 3507; x_wconf 86' lang='lat' dir='ltr'><strong>sensibiliter.</strong></span> <span class='ocrx_word' id='word_1_158' title='bbox 1871 3438 1938 3523; x_wconf 82' lang='lat' dir='ltr'><strong>Qui</strong></span> <span class='ocrx_word' id='word_1_159' title='bbox 1981 3462 2050 3510; x_wconf 89' lang='lat' dir='ltr'><strong>cum</strong></span> 
     </span>
     <span class='ocr_line' id='line_1_26' title="bbox 677 3550 2051 3641; baseline 0.004 -21"><span class='ocrx_word' id='word_1_160' title='bbox 677 3571 762 3621; x_wconf 85' lang='lat' dir='ltr'><strong>unns</strong></span> <span class='ocrx_word' id='word_1_161' title='bbox 798 3555 844 3625; x_wconf 91' lang='lat' dir='ltr'><strong>sis</strong></span> <span class='ocrx_word' id='word_1_162' title='bbox 880 3551 1122 3640; x_wconf 88' lang='lat' dir='ltr'><strong>essentialiter,</strong></span> <span class='ocrx_word' id='word_1_163' title='bbox 1158 3562 1268 3624; x_wconf 88' lang='lat' dir='ltr'><strong>tamen</strong></span> <span class='ocrx_word' id='word_1_164' title='bbox 1304 3550 1385 3625; x_wconf 89' lang='lat' dir='ltr'><strong>ades</strong></span> <span class='ocrx_word' id='word_1_165' title='bbox 1417 3550 1592 3623; x_wconf 91' lang='lat' dir='ltr'><strong>nobiscum</strong></span> <span class='ocrx_word' id='word_1_166' title='bbox 1625 3561 1660 3622; x_wconf 91' lang='lat' dir='ltr'><strong>et</strong></span> <span class='ocrx_word' id='word_1_167' title='bbox 1693 3554 1780 3622; x_wconf 88' lang='lat' dir='ltr'><strong>inter</strong></span> <span class='ocrx_word' id='word_1_168' title='bbox 1811 3574 1893 3641; x_wconf 87' lang='lat' dir='ltr'><strong>nos,</strong></span> <span class='ocrx_word' id='word_1_169' title='bbox 1930 3558 1966 3625; x_wconf 93' lang='lat' dir='ltr'><strong>in</strong></span> <span class='ocrx_word' id='word_1_170' title='bbox 1992 3555 2051 3625; x_wconf 90' lang='lat' dir='ltr'><strong>bac</strong></span> 
     </span>
     <span class='ocr_line' id='line_1_27' title="bbox 677 3663 2052 3762; baseline 0.004 -29"><span class='ocrx_word' id='word_1_171' title='bbox 677 3663 773 3752; x_wconf 89' lang='lat' dir='ltr'><strong>bora,</strong></span> <span class='ocrx_word' id='word_1_172' title='bbox 800 3688 864 3759; x_wconf 85' lang='lat' dir='ltr'><strong>qua</strong></span> <span class='ocrx_word' id='word_1_173' title='bbox 891 3665 932 3737; x_wconf 88' lang='lat' dir='ltr'><strong>ad</strong></span> <span class='ocrx_word' id='word_1_174' title='bbox 960 3664 1045 3739; x_wconf 88' lang='lat' dir='ltr'><strong>haec</strong></span> <span class='ocrx_word' id='word_1_175' title='bbox 1073 3669 1232 3762; x_wconf 73' lang='lat' dir='ltr'><strong>mysteria</strong></span> <span class='ocrx_word' id='word_1_176' title='bbox 1259 3676 1314 3738; x_wconf 88' lang='lat' dir='ltr'><strong>tua</strong></span> <span class='ocrx_word' id='word_1_177' title='bbox 1342 3677 1458 3738; x_wconf 88' lang='lat' dir='ltr'><strong>sancta</strong></span> <span class='ocrx_word' id='word_1_178' title='bbox 1485 3668 1616 3738; x_wconf 88' lang='lat' dir='ltr'><strong>vocasti</strong></span> <span class='ocrx_word' id='word_1_179' title='bbox 1651 3676 1685 3736; x_wconf 87' lang='lat' dir='ltr'><strong>et</strong></span> <span class='ocrx_word' id='word_1_180' title='bbox 1710 3665 1878 3738; x_wconf 84' lang='lat' dir='ltr'><strong>adduxisti</strong></span> <span class='ocrx_word' id='word_1_181' title='bbox 1905 3690 1988 3744; x_wconf 85' lang='lat' dir='ltr'><strong>nos:</strong></span> <span class='ocrx_word' id='word_1_182' title='bbox 2021 3678 2052 3739; x_wconf 83' lang='lat' dir='ltr'><strong>et</strong></span> 
     </span>
     <span class='ocr_line' id='line_1_28' title="bbox 677 3763 2050 3877; baseline 0.001 -26"><span class='ocrx_word' id='word_1_183' title='bbox 677 3779 784 3851; x_wconf 81' lang='lat' dir='ltr'><strong>standi</strong></span> <span class='ocrx_word' id='word_1_184' title='bbox 818 3801 932 3852; x_wconf 91' lang='lat' dir='ltr'><strong>coram</strong></span> <span class='ocrx_word' id='word_1_185' title='bbox 965 3780 1094 3855; x_wconf 89' lang='lat' dir='ltr'><strong>sublimi</strong></span> <span class='ocrx_word' id='word_1_186' title='bbox 1129 3763 1266 3854; x_wconf 83' lang='lat' dir='ltr'><strong>Throno</strong></span> <span class='ocrx_word' id='word_1_187' title='bbox 1301 3784 1483 3872; x_wconf 87' lang='lat' dir='ltr'><strong>majestatis</strong></span> <span class='ocrx_word' id='word_1_188' title='bbox 1519 3790 1596 3852; x_wconf 90' lang='lat' dir='ltr'><strong>tuae</strong></span> <span class='ocrx_word' id='word_1_189' title='bbox 1632 3779 1752 3871; x_wconf 86' lang='lat' dir='ltr'><strong>dignos</strong></span> <span class='ocrx_word' id='word_1_190' title='bbox 1784 3779 1912 3872; x_wconf 85' lang='lat' dir='ltr'><strong>iecisti,</strong></span> <span class='ocrx_word' id='word_1_191' title='bbox 1954 3793 2050 3877; x_wconf 86' lang='lat' dir='ltr'><strong>atque</strong></span> 
     </span>
     <span class='ocr_line' id='line_1_29' title="bbox 677 3896 2053 3990; baseline 0.001 -25"><span class='ocrx_word' id='word_1_192' title='bbox 677 3896 841 3967; x_wconf 74' lang='lat' dir='ltr'><strong>necandi</strong></span> <span class='ocrx_word' id='word_1_193' title='bbox 867 3918 952 3968; x_wconf 90' lang='lat' dir='ltr'><strong>vasa</strong></span> <span class='ocrx_word' id='word_1_194' title='bbox 979 3909 1095 3970; x_wconf 84' lang='lat' dir='ltr'><strong>sancta</strong></span> <span class='ocrx_word' id='word_1_195' title='bbox 1122 3900 1295 3970; x_wconf 88' lang='lat' dir='ltr'><strong>ministerii</strong></span> <span class='ocrx_word' id='word_1_196' title='bbox 1330 3901 1376 3968; x_wconf 85' lang='lat' dir='ltr'><strong>tui</strong></span> <span class='ocrx_word' id='word_1_197' title='bbox 1402 3896 1553 3968; x_wconf 90' lang='lat' dir='ltr'><strong>manibus</strong></span> <span class='ocrx_word' id='word_1_198' title='bbox 1589 3897 1711 3967; x_wconf 89' lang='lat' dir='ltr'><strong>nostris</strong></span> <span class='ocrx_word' id='word_1_199' title='bbox 1743 3899 1890 3990; x_wconf 89' lang='lat' dir='ltr'><strong>impuris.</strong></span> <span class='ocrx_word' id='word_1_200' title='bbox 1945 3896 2053 3969; x_wconf 83' lang='lat' dir='ltr'><strong>Aufer</strong></span> 
     </span>
     <span class='ocr_line' id='line_1_30' title="bbox 677 4011 2050 4106; baseline 0.001 -25"><span class='ocrx_word' id='word_1_201' title='bbox 677 4021 787 4082; x_wconf 88' lang='lat' dir='ltr'><strong>autem</strong></span> <span class='ocrx_word' id='word_1_202' title='bbox 815 4035 834 4083; x_wconf 93' lang='lat' dir='ltr'><strong>a</strong></span> <span class='ocrx_word' id='word_1_203' title='bbox 860 4011 970 4102; x_wconf 91' lang='lat' dir='ltr'><strong>nubis,</strong></span> <span class='ocrx_word' id='word_1_204' title='bbox 996 4015 1152 4102; x_wconf 87' lang='lat' dir='ltr'><strong>Domine,</strong></span> <span class='ocrx_word' id='word_1_205' title='bbox 1179 4024 1310 4085; x_wconf 88' lang='lat' dir='ltr'><strong>vestem</strong></span> <span class='ocrx_word' id='word_1_206' title='bbox 1337 4015 1516 4106; x_wconf 90' lang='lat' dir='ltr'><strong>iniquitatis</strong></span> <span class='ocrx_word' id='word_1_207' title='bbox 1549 4034 1612 4105; x_wconf 89' lang='lat' dir='ltr'><strong>qua</strong></span> <span class='ocrx_word' id='word_1_208' title='bbox 1647 4013 1756 4081; x_wconf 88' lang='lat' dir='ltr'><strong>amicti</strong></span> <span class='ocrx_word' id='word_1_209' title='bbox 1790 4033 1922 4098; x_wconf 85' lang='lat' dir='ltr'><strong>snmus,</strong></span> <span class='ocrx_word' id='word_1_210' title='bbox 1958 4025 1994 4084; x_wconf 94' lang='lat' dir='ltr'><strong>ut</strong></span> <span class='ocrx_word' id='word_1_211' title='bbox 2031 4035 2050 4082; x_wconf 87' lang='lat' dir='ltr'><strong>a</strong></span> 
     </span>
     <span class='ocr_line' id='line_1_31' title="bbox 675 4125 2051 4219; baseline -0.001 -21"><span class='ocrx_word' id='word_1_212' title='bbox 675 4125 759 4199; x_wconf 88' lang='lat' dir='ltr'><strong>Jesa</strong></span> <span class='ocrx_word' id='word_1_213' title='bbox 784 4125 870 4198; x_wconf 89' lang='lat' dir='ltr'><strong>Filio</strong></span> <span class='ocrx_word' id='word_1_214' title='bbox 904 4127 1055 4200; x_wconf 90' lang='lat' dir='ltr'><strong>Josedek</strong></span> <span class='ocrx_word' id='word_1_215' title='bbox 1088 4128 1275 4200; x_wconf 85' lang='lat' dir='ltr'><strong>Sacerdote</strong></span> <span class='ocrx_word' id='word_1_216' title='bbox 1307 4150 1430 4219; x_wconf 84' lang='lat' dir='ltr'><strong>magno</strong></span> <span class='ocrx_word' id='word_1_217' title='bbox 1465 4131 1665 4199; x_wconf 86' lang='lat' dir='ltr'><strong>vestimenta</strong></span> <span class='ocrx_word' id='word_1_218' title='bbox 1701 4125 1836 4199; x_wconf 89' lang='lat' dir='ltr'><strong>sordida</strong></span> <span class='ocrx_word' id='word_1_219' title='bbox 1869 4126 2051 4200; x_wconf 86' lang='lat' dir='ltr'><strong>abstulisti:</strong></span> 
     </span>
     <span class='ocr_line' id='line_1_32' title="bbox 677 4242 2050 4338; baseline -0.001 -25"><span class='ocrx_word' id='word_1_220' title='bbox 677 4251 711 4313; x_wconf 90' lang='lat' dir='ltr'><strong>et</strong></span> <span class='ocrx_word' id='word_1_221' title='bbox 736 4244 861 4336; x_wconf 78' lang='lat' dir='ltr'><strong>pietate</strong></span> <span class='ocrx_word' id='word_1_222' title='bbox 888 4253 987 4338; x_wconf 87' lang='lat' dir='ltr'><strong>atque</strong></span> <span class='ocrx_word' id='word_1_223' title='bbox 1010 4246 1137 4334; x_wconf 87' lang='lat' dir='ltr'><strong>justitia</strong></span> <span class='ocrx_word' id='word_1_224' title='bbox 1171 4266 1301 4315; x_wconf 86' lang='lat' dir='ltr'><strong>exorna</strong></span> <span class='ocrx_word' id='word_1_225' title='bbox 1328 4265 1408 4330; x_wconf 88' lang='lat' dir='ltr'><strong>nos,</strong></span> <span class='ocrx_word' id='word_1_226' title='bbox 1444 4247 1528 4314; x_wconf 94' lang='lat' dir='ltr'><strong>sicut</strong></span> <span class='ocrx_word' id='word_1_227' title='bbox 1559 4242 1650 4312; x_wconf 92' lang='lat' dir='ltr'><strong>illum</strong></span> <span class='ocrx_word' id='word_1_228' title='bbox 1682 4246 1884 4314; x_wconf 77' lang='lat' dir='ltr'><strong>vestimento</strong></span> <span class='ocrx_word' id='word_1_229' title='bbox 1920 4242 2050 4334; x_wconf 85' lang='lat' dir='ltr'><strong>gloriae</strong></span> 
     </span>
     <span class='ocr_line' id='line_1_33' title="bbox 677 4357 2051 4454; baseline 0.001 -27"><span class='ocrx_word' id='word_1_230' title='bbox 677 4361 820 4446; x_wconf 83' lang='lat' dir='ltr'><strong>ornasti3</strong></span> <span class='ocrx_word' id='word_1_231' title='bbox 847 4369 883 4429; x_wconf 88' lang='lat' dir='ltr'><strong>ut</strong></span> <span class='ocrx_word' id='word_1_232' title='bbox 907 4370 941 4432; x_wconf 91' lang='lat' dir='ltr'><strong>te</strong></span> <span class='ocrx_word' id='word_1_233' title='bbox 968 4359 1043 4431; x_wconf 91' lang='lat' dir='ltr'><strong>solo</strong></span> <span class='ocrx_word' id='word_1_234' title='bbox 1071 4371 1226 4454; x_wconf 89' lang='lat' dir='ltr'><strong>tanquam</strong></span> <span class='ocrx_word' id='word_1_235' title='bbox 1253 4369 1445 4451; x_wconf 82' lang='lat' dir='ltr'><strong>tegumento</strong></span> <span class='ocrx_word' id='word_1_236' title='bbox 1473 4357 1587 4444; x_wconf 91' lang='lat' dir='ltr'><strong>induti,</strong></span> <span class='ocrx_word' id='word_1_237' title='bbox 1615 4367 1649 4428; x_wconf 87' lang='lat' dir='ltr'><strong>et</strong></span> <span class='ocrx_word' id='word_1_238' title='bbox 1675 4361 1758 4428; x_wconf 88' lang='lat' dir='ltr'><strong>sicut</strong></span> <span class='ocrx_word' id='word_1_239' title='bbox 1785 4357 1908 4452; x_wconf 84' lang='lat' dir='ltr'><strong>templa</strong></span> <span class='ocrx_word' id='word_1_240' title='bbox 1943 4379 2051 4428; x_wconf 89' lang='lat' dir='ltr'><strong>coro-</strong></span> 
     </span>
     <span class='ocr_line' id='line_1_34' title="bbox 678 4472 2051 4570; baseline 0.002 -29"><span class='ocrx_word' id='word_1_241' title='bbox 678 4480 757 4542; x_wconf 75' lang='lat' dir='ltr'><strong>nata</strong></span> <span class='ocrx_word' id='word_1_242' title='bbox 784 4472 894 4563; x_wconf 85' lang='lat' dir='ltr'><strong>gloria</strong></span> <span class='ocrx_word' id='word_1_243' title='bbox 922 4478 1118 4564; x_wconf 83' lang='lat' dir='ltr'><strong>existentes,</strong></span> <span class='ocrx_word' id='word_1_244' title='bbox 1147 4486 1180 4546; x_wconf 87' lang='lat' dir='ltr'><strong>te</strong></span> <span class='ocrx_word' id='word_1_245' title='bbox 1207 4474 1334 4570; x_wconf 88' lang='lat' dir='ltr'><strong>absque</strong></span> <span class='ocrx_word' id='word_1_246' title='bbox 1360 4474 1526 4546; x_wconf 88' lang='lat' dir='ltr'><strong>velamine</strong></span> <span class='ocrx_word' id='word_1_247' title='bbox 1546 4472 1731 4558; x_wconf 90' lang='lat' dir='ltr'><strong>videamus,</strong></span> <span class='ocrx_word' id='word_1_248' title='bbox 1756 4483 1868 4544; x_wconf 85' lang='lat' dir='ltr'><strong>mente</strong></span> <span class='ocrx_word' id='word_1_249' title='bbox 1895 4473 2051 4547; x_wconf 87' lang='lat' dir='ltr'><strong>divinitus</strong></span> 
     </span>
     <span class='ocr_line' id='line_1_35' title="bbox 675 4586 2049 4684; baseline 0.002 -27"><span class='ocrx_word' id='word_1_250' title='bbox 675 4587 852 4674; x_wconf 87' lang='lat' dir='ltr'><strong>illustrata,</strong></span> <span class='ocrx_word' id='word_1_251' title='bbox 879 4600 913 4661; x_wconf 88' lang='lat' dir='ltr'><strong>et</strong></span> <span class='ocrx_word' id='word_1_252' title='bbox 940 4589 980 4660; x_wconf 88' lang='lat' dir='ltr'><strong>ud</strong></span> <span class='ocrx_word' id='word_1_253' title='bbox 1008 4612 1157 4662; x_wconf 89' lang='lat' dir='ltr'><strong>mensam</strong></span> <span class='ocrx_word' id='word_1_254' title='bbox 1184 4594 1281 4682; x_wconf 84' lang='lat' dir='ltr'><strong>regni</strong></span> <span class='ocrx_word' id='word_1_255' title='bbox 1307 4594 1351 4662; x_wconf 86' lang='lat' dir='ltr'><strong>tui</strong></span> <span class='ocrx_word' id='word_1_256' title='bbox 1378 4590 1565 4684; x_wconf 90' lang='lat' dir='ltr'><strong>epulemur,</strong></span> <span class='ocrx_word' id='word_1_257' title='bbox 1597 4588 1673 4661; x_wconf 93' lang='lat' dir='ltr'><strong>dum</strong></span> <span class='ocrx_word' id='word_1_258' title='bbox 1698 4586 1763 4659; x_wconf 89' lang='lat' dir='ltr'><strong>boc</strong></span> <span class='ocrx_word' id='word_1_259' title='bbox 1790 4587 1956 4661; x_wconf 86' lang='lat' dir='ltr'><strong>sacrificio</strong></span> <span class='ocrx_word' id='word_1_260' title='bbox 1984 4611 2049 4660; x_wconf 89' lang='lat' dir='ltr'><strong>ou-</strong></span> 
     </span>
     <span class='ocr_line' id='line_1_36' title="bbox 676 4703 2049 4801; baseline 0.001 -29"><span class='ocrx_word' id='word_1_261' title='bbox 676 4725 748 4773; x_wconf 88' lang='lat' dir='ltr'><strong>ram</strong></span> <span class='ocrx_word' id='word_1_262' title='bbox 784 4704 881 4776; x_wconf 91' lang='lat' dir='ltr'><strong>nobis</strong></span> <span class='ocrx_word' id='word_1_263' title='bbox 915 4708 1089 4799; x_wconf 85' lang='lat' dir='ltr'><strong>proposito</strong></span> <span class='ocrx_word' id='word_1_264' title='bbox 1130 4708 1410 4778; x_wconf 88' lang='lat' dir='ltr'><strong>communicantes</strong></span> <span class='ocrx_word' id='word_1_265' title='bbox 1442 4703 1670 4801; x_wconf 88' lang='lat' dir='ltr'><strong>perfruemur,</strong></span> <span class='ocrx_word' id='word_1_266' title='bbox 1705 4714 1740 4775; x_wconf 88' lang='lat' dir='ltr'><strong>et</strong></span> <span class='ocrx_word' id='word_1_267' title='bbox 1765 4703 1951 4776; x_wconf 82' lang='lat' dir='ltr'><strong>referemus</strong></span> <span class='ocrx_word' id='word_1_268' title='bbox 1993 4704 2049 4775; x_wconf 87' lang='lat' dir='ltr'><strong>tibi</strong></span> 
     </span>
     <span class='ocr_line' id='line_1_37' title="bbox 675 4817 1662 4910; baseline 0.005 -22"><span class='ocrx_word' id='word_1_269' title='bbox 675 4817 817 4910; x_wconf 80' lang='lat' dir='ltr'><strong>gloriam</strong></span> <span class='ocrx_word' id='word_1_270' title='bbox 843 4831 878 4892; x_wconf 89' lang='lat' dir='ltr'><strong>et</strong></span> <span class='ocrx_word' id='word_1_271' title='bbox 902 4819 1043 4891; x_wconf 85' lang='lat' dir='ltr'><strong>laudem.</strong></span> <span class='ocrx_word' id='word_1_272' title='bbox 1657 4843 1662 4852; x_wconf 50' lang='lat'>⁸</span> 
     </span>
    </p>

    <p class='ocr_par' dir='ltr' id='par_1_13' title="bbox 778 4936 1113 5027">
     <span class='ocr_line' id='line_1_38' title="bbox 778 4936 1113 5027; baseline 0.003 -22"><span class='ocrx_word' id='word_1_273' title='bbox 778 4936 940 5027; x_wconf 72' lang='lat' dir='ltr'><strong>Populea.</strong></span> <span class='ocrx_word' id='word_1_274' title='bbox 992 4938 1113 5008; x_wconf 88' lang='lat' dir='ltr'><strong>Amen.</strong></span> 
     </span>
    </p>

    <p class='ocr_par' dir='ltr' id='par_1_14' title="bbox 779 5049 1348 5125">
     <span class='ocr_line' id='line_1_39' title="bbox 779 5049 1348 5125; baseline -0.002 -4"><span class='ocrx_word' id='word_1_275' title='bbox 779 5049 967 5123; x_wconf 82' lang='lat' dir='ltr'><strong>Diaconos.</strong></span> <span class='ocrx_word' id='word_1_276' title='bbox 1019 5052 1154 5125; x_wconf 84' lang='lat' dir='ltr'><strong>Stemus</strong></span> <span class='ocrx_word' id='word_1_277' title='bbox 1181 5052 1348 5124; x_wconf 87' lang='lat' dir='ltr'><strong>decenter.</strong></span> 
     </span>
    </p>
   </div>
   <div class='ocr_carea' id='block_1_3' title="bbox 0 0 2268 6034">
    <p class='ocr_par' dir='ltr' id='par_1_15' title="bbox 0 0 2268 6034">
     <span class='ocr_line' id='line_1_40' title="bbox 0 0 2268 6034; baseline 0 2"><span class='ocrx_word' id='word_1_278' title='bbox 0 0 2268 6034; x_wconf 95' lang='lat' dir='ltr'><strong> </strong></span> 
     </span>
    </p>
   </div>
  </div>
 </body>
</html>
