4525 6034
555 573 760 652 lllGHlELIS
787 573 1054 652 Palumbum
1079 572 1319 653 AllllOCllElll.
1546 579 1623 658 443

248 759 311 833 tibi
347 758 508 851 gloriam,
543 769 577 832 et
610 759 761 848 laudem,
788 763 1028 858 unigenitoque
1061 761 1148 835 Filio
1184 771 1263 854 tuo,
1302 773 1344 836 et·
1368 761 1506 859 Spiritui
1540 787 1626 838 san..

250 884 306 947 cto
332 884 401 947 tuo.

355 989 517 1083 Populus.
570 991 690 1066 Amen.

354 1104 532 1176 Sacerdos
563 1105 755 1177 inclinatus.
809 1101 1118 1177 commemoramus
1146 1128 1262 1178 coram
1288 1116 1340 1194 te,
1366 1105 1524 1202 Domine,
1551 1114 1624 1184 Pa-

250 1229 361 1294 stores
388 1230 422 1292 et
447 1221 616 1293 Doctores
643 1221 791 1310 electos,
823 1230 937 1314 patres
971 1218 1160 1314 spirituales
1193 1231 1346 1309 nostros,
1379 1224 1434 1315 qui
1467 1246 1487 1294 a
1523 1226 1627 1298 Petro

251 1334 486 1432 discipulorum
512 1337 680 1431 principe,
706 1334 883 1431 usquead
909 1333 1104 1406 bodiemum
1131 1334 1235 1423 dicum
1268 1335 1482 1431 spiritualiter
1513 1360 1627 1436 pavc-

249 1461 326 1523 runt
350 1472 493 1543 gregem
518 1460 608 1522 tuum
636 1441 848 1546 spiritualem.

354 1566 507 1638 fflcccoo
530 1587 656 1636 ccccm.
713 1565 778 1651 Qui
794 1565 970 1636 luminaria
988 1564 1140 1654 luerunt,
1166 1565 1276 1638 lucem
1289 1564 1484 1662 praebentia
1499 1566 1628 1641 Eccle-

249 1685 323 1755 siac
349 1691 425 1753 tuac
451 1691 605 1754 sanctae:
632 1703 694 1753 eos
721 1700 838 1752 omnes
866 1682 921 1774 qui
946 1676 1172 1772 Evangelium
1199 1684 1290 1752 vitae
1316 1681 1450 1777 plenum
1466 1686 1627 1775 unigeniti

249 1795 324 1867 l'ilii
356 1799 403 1867 tui
442 1818 549 1891 usque
582 1795 624 1867 ad
656 1795 739 1877 lines
783 1794 894 1866 mundi
927 1794 1223 1891 praedicaverunt:
1257 1799 1312 1890 qui
1347 1793 1482 1869 labores
1519 1800 1627 1870 susti-

250 1919 393 1984 nuerunt
423 1915 459 1983 in
484 1911 656 2006 pascendo
684 1931 793 2002 grege
818 1919 895 1981 tuo:
935 1913 990 2005 qui
1018 1912 1116 1982 etiam
1142 1909 1293 2005 pericula
1320 1910 1511 2000 subierunt,
1537 1934 1626 2006 pro·-

248 2038 325 2125 pter
350 2026 449 2099 iidem
476 2026 707 2099 Ortbodoxam
734 2049 820 2120 quae
847 2028 941 2096 inte
968 2035 1038 2097 est:
1066 2028 1122 2120 qui
1148 2028 1275 2097 zizania
1302 2023 1343 2096 ab
1367 2028 1499 2097 inimico
1520 2028 1625 2121 spiri-

249 2143 331 2215 tuali
369 2144 530 2215 seminata
562 2163 626 2237 per
657 2164 724 2213 ora
759 2139 1002 2212 baereticorum
1037 2139 1311 2231 combusserunt,
1352 2162 1415 2236 per
1456 2140 1625 2217 doctrinas

248 2269 360 2331 rectas
387 2268 421 2330 et
446 2256 600 2328 lundams
627 2278 728 2351 super
755 2278 848 2350 spem
875 2259 968 2328 vitae
994 2279 1125 2346 novae,
1159 2266 1193 2328 et
1223 2258 1465 2354 promissiones
1500 2256 1626 2330 Euan..

250 2375 393 2466 gelicas3
433 2394 496 2468 per
535 2394 675 2466 quorum
714 2373 901 2460 orationes,
935 2372 1101 2461 Domine,
1140 2371 1359 2468 deprecamur
1395 2382 1438 2443 te.
1501 2370 1626 2448 Omnes

248 2489 409 2562 haereses
441 2490 614 2583 oppositas
648 2481 809 2579 extingue
840 2496 875 2557 et
907 2487 1032 2579 dejice,
1067 2509 1187 2583 pacem
1222 2497 1417 2582 perpetuam
1449 2485 1627 2561 Ecclesiae

248 2614 328 2677 tuae
360 2603 530 2690 concede,
565 2613 599 2674 et
631 2601 672 2674 ab
708 2601 859 2675 omnibus
893 2602 990 2675 bellis
1023 2611 1057 2673 et
1092 2602 1312 2676 seditionibus
1343 2600 1501 2699 populum
1534 2614 1627 2675 tuum

248 2742 450 2817 praescrva:
478 2729 569 2791 artes
596 2717 743 2790 Summae
777 2717 912 2792 destrue
944 2728 979 2790 et
1014 2717 1160 2813 dissipa,
1193 2727 1229 2788 ut
1262 2722 1369 2792 omnis
1403 2722 1625 2811 congregatio

251 2836 456 2908 adorantium
473 2845 508 2906 te
535 2831 664 2924 scdulo,
690 2835 793 2905 vitam
812 2832 911 2905 ducat
936 2831 978 2906 ab
1008 2836 1097 2906 omni
1122 2831 1389 2929 reprehensione
1414 2830 1565 2920 liberam,
1593 2843 1627 2906 et

248 2950 434 3023 referemus
460 2949 519 3022 tibi
543 2949 687 3040 gloriam
713 2957 747 3020 et
772 2947 921 3039 laudem,
948 2956 982 3019 et
1008 2949 1178 3040 unigenito
1208 2946 1295 3019 Filio
1322 2957 1397 3039 tuo,
1425 2958 1459 3019 et
1490 2947 1627 3044 Spiritui

250 3075 368 3140 sancto
394 3073 463 3136 tuo.
1079 3065 1082 3070 ’

312 3180 516 3272 cPcpulus.
568 3179 690 3251 Amen.

354 3293 530 3366 Βαοενάοε
567 3292 760 3364 inclinatum.
821 3291 950 3382 Visita,
985 3294 1149 3380 Domine,
1190 3315 1252 3389 per
1293 3292 1501 3365 clementiam
1535 3304 1625 3365 tuam

250 3409 423 3482 defunctos
450 3407 677 3480 Ortbodoxos.
729 3408 786 3480 Ad
812 3407 917 3479 altare
944 3417 1034 3478 tuum
1061 3428 1241 3503 supernum
1267 3406 1464 3481 laccorum
1491 3426 1625 3478 memn-

248 3528 351 3613 riam,
378 3535 412 3596 ct
437 3523 609 3619 voluptate
633 3523 729 3617 reple
755 3522 830 3597 illos
856 3526 891 3594 in
916 3521 1060 3595 thalamo
1091 3533 1149 3594 tuo
1184 3521 1259 3594 lnce
1294 3521 1411 3618 plcrl03
1443 3526 1625 3619 praecipue

249 3661 335 3712 vero
367 3647 501 3735 patres,
528 3641 725 3731 magistros,
753 3648 787 3710 et
813 3637 970 3710 doctores
996 3647 1145 3727 nostros,
1171 3649 1205 3710 et
1231 3659 1293 3709 eos
1317 3659 1434 3709 omncs
1461 3658 1523 3733 pro
1544 3641 1625 3733 qui-

249 3754 312 3828 bus
339 3753 404 3826 boc
437 3753 636 3828 sacrificium
667 3751 813 3826 oblatum
850 3761 919 3842 est,
955 3754 1077 3847 quique
1110 3774 1199 3824 nuuc
1231 3755 1460 3841 nominantur,
1493 3765 1527 3825 et
1562 3775 1624 3827 eos

66 3883 71 3888 “
194 3893 201 3899 ·
251 3892 390 3964 quorum
417 3869 474 3942 tibi
501 3878 580 3941 uota
607 3870 742 3942 nomina
769 3877 854 3940 sunt.

216 3993 223 4011 “
353 3984 505 4055 mecam
520 4006 646 4056 nocem.
676 3983 800 4079 Opifex
811 3993 953 4054 naturae
966 3989 1112 4068 nostrae,
1139 3983 1233 4055 licus
1252 3993 1381 4072 noster,
1401 3982 1573 4056 adorande
1590 3991 1625 4053 et

239 4105 363 4176 sciens
390 4104 520 4188 omnia,
548 4102 604 4193 qui
630 4102 685 4171 vis
712 4102 816 4170 vitam
842 4107 876 4169 et
903 4096 1044 4170 salutem
1061 4099 1219 4186 omnium,
1245 4107 1381 4192 praesta
1399 4117 1461 4192 per
1485 4098 1624 4169 miseri-

249 4213 398 4289 cordiam
411 4224 501 4286 tuam
515 4217 711 4285 memoriam
730 4214 866 4300 bonam,
894 4223 928 4284 et
944 4214 1078 4283 veniam
1094 4210 1301 4296 delictorum,
1326 4214 1625 4305 remissionemque

248 4338 479 4425 pcccatorum,
512 4329 684 4425 patribus,
727 4330 894 4419 magistris
931 4337 966 4398 et
1000 4325 1193 4400 doctoribus
1225 4329 1367 4414 nostris,
1405 4323 1625 4419 omnibusque

248 4446 323 4520 liliis
349 4443 527 4516 Ecclesiae
553 4454 631 4515 mae
658 4452 812 4532 sanctae,
840 4445 895 4537 qui
921 4465 983 4538 per
1010 4441 1180 4514 decretum
1207 4442 1249 4515 ab
1277 4445 1444 4536 acquitate
1466 4451 1522 4512 tua
1548 4451 1625 4513 sta·-

249 4571 350 4633 tutum
378 4557 543 4630 adversus
569 4579 657 4648 uos,
691 4557 733 4628 ad
759 4560 891 4652 peccati
923 4558 1030 4632 nostri
1065 4557 1330 4647 abstersionem,
1362 4557 1441 4628 olim
1471 4553 1627 4628 biberunt

249 4674 387 4747 calicem
420 4677 586 4765 ingratum
626 4675 761 4763 mortis,
803 4675 1093 4768 separationisque
1128 4675 1369 4746 amarissimae.
1421 4671 1530 4743 Visita
1562 4691 1625 4744 eos
1695 4739 1700 4750 ,

248 4788 410 4880 Domine,
438 4799 472 4861 et
499 4788 678 4861 consolare
703 4809 764 4861 eos
791 4792 826 4859 in
851 4786 1046 4861 habitaculis
1077 4791 1111 4859 in
1146 4786 1264 4882 quibus
1299 4789 1525 4881 requiescmr:
1562 4808 1626 4881 per

248 4915 361 4976 nutum
389 4915 479 4976 tuum
505 4903 651 4975 divinum
677 4912 710 4975 et
737 4905 1035 4998 sapientissimum,
1059 4907 1182 4996 justam
1210 4902 1510 4998 dispensationem,
1537 4922 1624 4973 sen-

249 5040 322 5090 sum
350 5022 480 5091 animae
506 5016 660 5110 beatum,
687 5039 845 5109 suavem,
871 5027 906 5090 ct
935 5018 1069 5114 plenum
1104 5017 1295 5089 clementia:
1331 5038 1393 5111 per
1426 5016 1624 5089 sacrificium
1734 5021 1738 5027 ’

288 5156 412 5199 rommn.
1372 5133 1421 5205 59
