4525 6034
1024 1312 1025 1315 Ὗ
1158 1096 1655 1278 Ll'lUllGlll

975 1432 1407 1553 saliuam-
1448 1431 1829 1550 aulaeum

714 1673 976 1751 Barlaamus
1003 1673 1051 1749 ur
1079 1670 1325 1765 siruamus,
1358 1669 1534 1748 saraam
1568 1670 1770 1766 ruamus,
1806 1673 1874 1762 au
1904 1637 2057 1750 raum

1234 1806 1354 1882 sum
1379 1803 1569 1882 reulum

1115 2078 1268 2151 Primum
1295 2078 1417 2151 Oratio
1445 2085 1526 2151 uate
1551 2077 1689 2150 Pacem

726 2381 729 2386 ,
784 2278 901 2383 Duas
927 2303 1028 2375 Pater
1055 2305 1110 2398 qui
1142 2324 1180 2375 es
1217 2301 1434 2397 tranquillitas
1468 2305 1641 2375 terminum
1674 2325 1742 2376 uon
1768 2303 1916 2395 habeus,
1948 2315 1979 2377 et
2006 2326 2060 2401 pax

714 2423 921 2496 indeficiens:
949 2423 1137 2515 caritasque
1162 2416 1415 2516 inseparabilis3
1443 2423 1497 2515 qui
1524 2442 1586 2516 per
1612 2418 1845 2493 abundantiam
1866 2426 1993 2515 gratiae
2005 2431 2062 2494 luae

714 2543 837 2612 ereasli
862 2539 1027 2611 huminem
1062 2536 1104 2608 al
1139 2535 1498 2632 incorruptibilitatem:
1535 2534 1590 2606 ille
1625 2546 1735 2609 lamen
1770 2561 1812 2610 eo
1847 2538 1939 2634 quod
1970 2550 2063 2611 lraas-

713 2678 853 2750 gressus
881 2664 973 2755 esset
998 2663 1235 2750 praecepium,
1261 2675 1339 2725 reus
1365 2654 1481 2725 mortis
1507 2650 1613 2724 iaetus
1640 2663 1693 2725 est
1718 2675 1780 2749 per
1805 2656 1965 2729 iuvidiam
1992 2657 2062 2727 Dia·

712 2773 801 2862 boli;
827 2795 890 2869 per
916 2771 1095 2844 adventum
1123 2779 1234 2842 autem
1259 2771 1420 2861 unigeniti
1445 2767 1521 2840 Filii
1556 2771 1603 2840 tui
1637 2769 1772 2841 Domini
1806 2780 1840 2841 et
1873 2772 1941 2843 Dei
1970 2774 2063 2856 uestri,

712 2913 799 2987 pace
825 2912 846 2961 e
873 2887 971 2960 coela
999 2886 1145 2959 demissa
1173 2896 1295 2958 terram
1322 2884 1515 2979 replevisli3
1542 2884 1633 2979 qual
1668 2889 1766 2957 eliam
1801 2891 1974 2959 exereilus
2002 2887 2065 2959 llu-

712 3007 866 3100 gaiorum
892 3005 1023 3101 hymnis
1050 3001 1329 3092 celebraverunt,
1356 3001 1523 3073 dieentes:
1558 3000 1680 3071 Gloria
1712 3004 1748 3071 iu
1774 3003 1926 3075 excelsis
1949 3003 2019 3073 Deo
2041 3007 2065 3071 el

712 3146 816 3216 saper
842 3129 1087 3213 eorrumpere,
1120 3124 1223 3213 atque
1255 3115 1444 3189 haminibus
1476 3116 1568 3187 boae
1599 3117 1774 3189 uoluntas:
1808 3120 1912 3215 imple
1946 3118 2066 3191 Domine

713 3240 817 3311 eorda
843 3247 958 3312 nostra
983 3234 1074 3309 bona
1108 3235 1283 3321 vuluntate
1315 3242 1388 3323 tua,
1423 3256 1571 3329 purgans
1598 3256 1661 3307 uos
1688 3235 1730 3307 ab
1757 3240 1849 3308 omui
1876 3234 2021 3323 macula,
2041 3242 2066 3305 et

710 3354 858 3428 liberans
884 3377 947 3428 nas
976 3351 1017 3424 ab
1046 3355 1137 3424 amni
1163 3350 1258 3439 dolo,
1287 3349 1363 3422 odiu
1391 3349 1582 3439 mortifero,
1616 3360 1649 3422 el
1675 3349 1717 3422 ab
1745 3355 1836 3424 amni
1863 3356 2066 3451 perversitate

713 3484 747 3543 et
773 3473 902 3543 astulia.
955 3471 1096 3542 Praesta
1123 3470 1222 3539 eliam
1249 3466 1426 3538 uidemus
1453 3462 1572 3561 pacem
1605 3465 1702 3539 uubis
1729 3471 1878 3540 invicem
1904 3472 1938 3539 in
1971 3465 2066 3541 oscula

713 3598 848 3692 sancta:
876 3598 910 3658 et
937 3583 1063 3679 absque
1096 3583 1164 3655 ullu
1192 3586 1329 3656 erimine
1355 3586 1536 3679 participes
1563 3583 1741 3655 efficiamur
1767 3584 1848 3657 doni
1865 3588 1915 3657 lui
1930 3584 2066 3656 coelestis

563 3693 565 3699 ’
714 3715 747 3775 et
773 3702 1049 3798 incorruptibilis,
1076 3703 1109 3771 iu
1138 3697 1270 3773 Christo
1295 3699 1379 3771 lesu
1404 3697 1549 3771 Domino
1574 3708 1710 3791 uoslr0‚
1736 3723 1798 3796 per
1824 3724 1926 3796 quem
1955 3712 1987 3774 et
2009 3720 2067 3771 eum

714 3844 780 3915 quo
816 3832 849 3893 te
882 3819 979 3891 decet
1009 3815 1138 3910 gloria,
1152 3834 1158 3861 ·
1171 3816 1298 3905 honor,
1338 3824 1372 3889 el
1403 3818 1592 3912 imperium,
1627 3837 1700 3887 eum
1735 3816 1861 3914 Spiritu
1897 3831 1956 3892 tuo
1992 3817 2066 3907 viru,

714 3948 830 4009 sauata
859 3947 893 4008 el
917 3935 1017 4008 hana.

816 4051 976 4147 Populus.
1028 4051 1148 4122 Amen.

818 4169 1003 4241 Sacerdos.
1056 4168 1141 4273 Pax.

678 4364 681 4377 ¹
816 4285 976 4380 Populus.
1029 4282 1073 4355 Et
1100 4305 1175 4355 euru
1202 4284 1318 4380 spiritu
1345 4294 1411 4355 luo.

815 4403 1003 4474 Diaaoaaa.
1056 4402 1124 4473 Det
1149 4422 1269 4499 paoem
1293 4401 1528 4494 uuusquisque.

815 4519 977 4613 Populus.
1028 4521 1187 4607 Praesta,
1215 4529 1277 4591 ete.

816 4637 1003 4708 Diaconum.
1056 4635 1147 4708 Post.

818 4750 1001 4824 Sacerdos.
1053 4748 1237 4826 Adoraude
1264 4752 1320 4846 qui
1346 4749 1387 4823 ab
1415 4746 1555 4841 Angelis
1582 4745 1800 4840 glorificaris,
1835 4755 1872 4816 et
1901 4769 1923 4817 a
1950 4743 2067 4818 Cheru-

712 4868 781 4940 bim
806 4867 1034 4956 benedicaris,
1062 4891 1082 4940 a
1109 4866 1284 4963 Seraphim
1311 4865 1544 4955 sanctificaris,
1571 4864 1612 4936 ab
1639 4848 1751 4955 lgneis
1771 4861 1937 4955 laudaris,
1964 4885 1983 4933 a
2006 4861 2067 4955 spi-

712 4966 882 5057 ritualibus
919 4984 1106 5072 exlullaris,
1143 4993 1176 5055 el
1211 5007 1232 5056 a
1264 4982 1339 5055 filiis
1372 4982 1536 5055 hominum
1572 4979 1747 5071 exaltaris,
1781 4989 1815 5050 el
1850 4977 1897 5051 ab
1934 4976 2069 5053 amnibus

714 5104 876 5173 creaturis
902 5100 1065 5191 laudaris,
1092 5103 1224 5197 respice
1251 5099 1394 5173 Domine
1418 5097 1561 5171 famulos
1577 5100 1720 5192 tuosqui
1734 5091 2069 5169 inelinavemmtcula
