4525 6034
699 586 775 663 314
1197 556 1552 667 n'rrunarl

694 778 815 847 minum
840 775 1083 872 impudentium.
1136 777 1270 871 Adjuva
1296 800 1461 875 pauperes
1488 785 1521 848 et
1538 777 1625 849 male
1638 756 1948 849 imenusz'tihera
1970 777 2056 850 affli-

694 902 768 964 ctos
795 902 830 964 et
855 915 1057 988 oppressos,
1084 906 1117 967 et
1144 916 1204 965 eos
1231 897 1286 990 qui
1313 919 1333 967 a
1361 893 1527 990 spiritibus
1548 893 1644 966 malis
1661 902 1824 965 tentamur
1837 896 1947 990 eripe:
1974 917 2056 987 rege

695 1007 879 1105 orphanos,
907 1014 992 1082 satia
1017 1009 1190 1084 famelicos
1215 1010 1416 1106 plenitudine
1441 1010 1653 1104 benignitatis
1679 1021 1765 1082 tuae.
1817 1009 1871 1084 Da
1898 1010 2055 1085 auxilium

694 1125 759 1197 illis
786 1128 840 1221 qui
866 1136 942 1198 suut
967 1129 1000 1198 in
1026 1130 1158 1215 itinere,
1184 1136 1218 1198 et
1243 1127 1308 1202 illis
1335 1130 1449 1221 quiin
1480 1129 1582 1218 mari,
1616 1123 1767 1200 fluctibus
1802 1136 1836 1199 et
1867 1136 2056 1223 tempesta-

695 1240 781 1313 tibus
808 1245 990 1335 agitantum
1017 1253 1050 1315 et
1075 1252 1216 1338 protege
1242 1241 1429 1316 Ecclesiam
1454 1253 1561 1331 tuam,
1598 1263 1684 1337 quae
1715 1264 1777 1337 per
1808 1263 1943 1311 crucem
1971 1251 2057 1313 tuam

695 1357 843 1429 redemta
870 1369 939 1431 est:
966 1358 1077 1432 exalta
1105 1382 1237 1455 quoque
1263 1363 1336 1452 ejus
1361 1357 1545 1453 praesules,
1571 1381 1634 1455 per
1659 1358 1785 1430 Dmam
1813 1359 1967 1430 veritatis
1984 1357 2057 1430 fidei

696 1471 961 1565 observantiam,
987 1483 1020 1546 et
1045 1473 1229 1547 referemus
1255 1474 1314 1546 tibi
1340 1472 1482 1568 gloriam
1508 1486 1571 1547 etc.

800 1589 960 1684 Populos,
1011 1593 1131 1663 Amen.

798 1688 971 1779 Sacerdos
996 1708 1187 1778 inclinatas.
1238 1706 1405 1781 Memento
1432 1711 1531 1781 etiam
1556 1709 1698 1780 Domine
1723 1705 1853 1779 illoram
1871 1710 1928 1802 qui
1946 1730 2056 1780 cunam

694 1833 813 1913 gerunt
837 1822 1011 1897 Ecclesiae
1037 1834 1113 1897 tuae
1141 1834 1295 1913 sanctae,
1323 1835 1356 1896 et
1382 1828 1436 1920 qui
1461 1845 1626 1921 pauperes
1652 1822 1810 1913 adjuvant
1837 1832 1873 1894 et
1898 1826 2056 1896 necessi·

693 1947 761 2009 tate
786 1960 943 2033 pressos;
969 1949 1004 2010 nt
1029 1962 1090 2015 eos
1118 1944 1172 2036 qni
1198 1950 1448 2037 separaverunt,
1475 1951 1508 2012 et
1534 1939 1722 2015 obtuderunt
1748 1937 1950 2028 oblationes,
1979 1949 2055 2013 vota

695 2061 729 2123 ct
756 2051 901 2126 decimas
932 2054 974 2128 ad
1006 2055 1110 2127 altare
1142 2067 1231 2128 tuum
1263 2065 1430 2147 sanctum,
1464 2057 1678 2150 concedeque
1711 2054 1774 2128 illis
1805 2056 2056 2129 retributionem

695 2168 855 2242 donorum
882 2171 1083 2260 sublimium,
1109 2176 1309 2268 inutraque
1335 2171 1480 2246 sacerdo.

797 2287 959 2382 Populos.
1011 2288 1116 2385 llyrie
1145 2289 1282 2363 eleison.

797 2402 971 2477 Sacerdos
997 2405 1133 2477 elevares
1165 2429 1290 2478 ccccm.
1342 2404 1502 2478 Retribue
1527 2405 1670 2477 Domine
1702 2402 1809 2495 bona,
1842 2415 1876 2477 et
1910 2403 2055 2478 benedi·

693 2521 821 2590 ctiones
849 2520 1065 2611 abundantes,
1092 2520 1242 2595 omnibus
1269 2524 1324 2617 qui
1351 2520 1601 2594 sollicitudinem
1627 2530 1661 2591 et
1686 2544 1798 2592 curam
1823 2533 1949 2613 gerunt
1969 2546 2054 2619 pan-

691 2657 807 2731 perum
839 2647 872 2709 et
905 2641 1174 2732 peregrinomm3
1210 2647 1244 2709 et
1275 2636 1339 2709 illis
1371 2647 1445 2710 esto
1479 2637 1609 2729 adjutor
1643 2647 1677 2708 et
1702 2636 1874 2730 refugium.
1932 2640 2054 2713 Omnes

693 2754 791 2824 edam
818 2756 872 2847 qui
897 2756 1034 2826 visitant
1059 2757 1224 2850 captivos,
1250 2754 1396 2827 infirmos
1423 2763 1457 2824 et
1482 2753 1637 2826 alllictos:
1665 2775 1847 2849 omnesque
1867 2760 1925 2849 qui
1943 2779 2054 2829 emam

691 2866 812 2941 babent
827 2868 1052 2943 Ecclesianrm
1068 2880 1102 2943 et
1118 2874 1393 2944 monasteriorum
1410 2881 1609 2959 sanctorum,
1630 2870 1759 2942 custodi
1770 2868 1899 2965 absque
1918 2866 2052 2945 damno':

691 2983 862 3080 liberaque
888 2986 961 3058 illos
988 3010 1008 3058 a
1036 2985 1219 3075 scandalis3
1245 3008 1476 3084 praeparaque
1495 2985 1557 3057 illis
1577 2984 1763 3059 habitacula
1784 3009 1887 3075 nova
1916 2997 1952 3060 et
1971 2987 2053 3061 lucis

690 3100 800 3198 plena,
826 3101 1095 3198 voluptatemque
1121 3106 1155 3174 in
1180 3126 1287 3198 regno
1315 3102 1465 3192 coelesti,
1492 3113 1526 3175 et
1550 3101 1733 3175 referemus
1759 3103 1828 3194 tibi,
1856 3115 1922 3178 etc.

794 3218 953 3312 Populos.
1004 3221 1123 3292 Amen.

794 3333 969 3406 Sacerdos
993 3335 1184 3408 inclinatas.
1229 3333 1419 3432 Comprime
1445 3337 1586 3407 Domine
1612 3335 1765 3409 tumultus
1784 3335 1931 3427 Regum,
1958 3334 2045 3406 mili-

692 3462 758 3524 tum
786 3463 820 3524 et
845 3454 1049 3524 inimicorum
1077 3455 1131 3546 qui
1157 3450 1244 3524 bella
1265 3461 1400 3544 gerunt:
1437 3462 1470 3524 et
1495 3451 1589 3547 reple
1614 3450 1847 3546 tranquillitate
1873 3448 2046 3523 ecclesian

691 3578 779 3640 mam
803 3578 969 3640 sanctam:
995 3566 1100 3640 libera
1118 3590 1193 3640 eam
1217 3592 1236 3640 a
1253 3566 1450 3655 tumultibus,
1470 3567 1742 3656 dissensionibus,
1769 3578 1802 3639 et
1818 3566 2045 3652 divisionibus,

603 3776 606 3789 ι
691 3694 727 3756 ut
752 3706 827 3756 cum
854 3681 1026 3756 sedulitate
1050 3683 1273 3776 glorificemus
1299 3694 1343 3773 te,
1370 3694 1403 3755 et
1428 3688 1461 3757 iu
1488 3683 1717 3779 tranquillitate
1741 3681 1945 3755 honoremus
1971 3693 2012 3755 te.

794 3799 954 3893 Populus.
1006 3800 1110 3897 llyrie
1140 3801 1278 3874 eleison.

714 3950 720 3963 ·
796 3914 970 3988 Sacerdos
995 3916 1131 3988 elevares
1156 3939 1281 3988 ccccm.
1333 3915 1411 3988 Rex
1437 3916 1614 4003 coelestis,
1647 3925 1681 3986 et
1713 3910 1922 4007 gubernator
1947 3915 2044 3987 omna

693 4041 867 4104 creaturae
893 4034 1051 4119 Domine,
1086 4054 1263 4129 compesce
1295 4054 1397 4126 reges
1432 4043 1465 4104 et
1499 4035 1667 4105 exercitus
1700 4034 1755 4126 qui
1785 4028 1876 4102 bella
1902 4040 2041 4117 movent,

692 4151 873 4243 comprime
898 4170 1027 4245 pugnas
1055 4173 1075 4221 a
1100 4148 1219 4222 finibus
1245 4147 1352 4222 orbis:
1381 4146 1486 4221 libera
1513 4170 1652 4241 gregem
1678 4159 1766 4219 tuum
1793 4170 1813 4218 a
1840 4143 1950 4235 bebis,
1976 4147 2041 4219 dis-

692 4264 806 4354 sidiis,
837 4275 871 4337 et
897 4264 1178 4339 contemionibus:
1212 4265 1323 4338 exalta
1349 4264 1534 4338 Ecclesiam
1561 4276 1649 4338 tuam
1674 4263 1816 4337 vocibus
1853 4267 2040 4350 orationum,

693 4384 897 4476 canticisque
923 4381 1207 4477 deprecationum:
1234 4391 1268 4453 et
1293 4380 1423 4477 depebe
1449 4380 1490 4453 ab
1518 4404 1559 4454 ea
1586 4379 1777 4454 offendicula
1804 4388 1840 4452 et
1859 4378 2039 4453 scbmmam

692 4518 776 4568 orna
802 4497 889 4569 illam
916 4496 1072 4570 doctrinis
1099 4495 1315 4589 Drtbodoxis,
1342 4508 1375 4570 et
1401 4497 1591 4571 doctoribus
1618 4496 1891 4593 amplectentibus
1917 4498 2036 4567 verita·

691 4621 759 4684 tem
785 4612 876 4685 fidei:
904 4612 1062 4709 auierque
1088 4612 1129 4685 ab
1158 4635 1199 4686 ea
1225 4617 1319 4689 rixas
1344 4614 1530 4688 haereseon
1557 4617 1827 4711 perniciosarum,
1855 4623 1890 4685 et
1914 4609 2036 4683 relere-

674 4720 765 4802 'mus
791 4729 851 4802 tibi
877 4728 1019 4822 gloriam
1045 4741 1107 4803 etc.

796 4846 956 4941 Populus.
1007 4848 1125 4921 Amen.

795 4962 969 5036 Sacerdos
994 4964 1184 5036 inclinatas.
1233 4963 1402 5039 Memento
1428 4986 1559 5061 quoque
1577 4965 1727 5051 Domine,
1754 4965 1894 5037 omnium
1919 4961 2031 5056 piorur

692 5089 728 5151 et
748 5082 924 5172 justonrm,
949 5083 1083 5154 Petrum
1101 5090 1135 5152 et
1149 5078 1387 5178 Prophetarum
1413 5090 1612 5170 sanctorum,
1638 5078 2028 5176 mandemusque
