4525 6034
465 522 467 531 Δ
580 588 621 663 ΙΝ
646 586 855 664 LllllRGlllbl
882 584 1064 663 saudan
1090 587 1121 664 S.
1147 585 1277 663 Marci.
1539 589 1615 663 337

236 775 455 857 cujuscumque
477 773 564 837 ritus.
603 770 669 835 Una
691 769 847 835 difficultas
869 776 1022 851 superest,
1045 769 1127 851 quod
1150 777 1213 834 tres
1236 771 1398 836 Orationes
1421 790 1483 837 non
1505 773 1616 836 dicun·

233 882 286 936 tur
309 893 326 935 a
348 872 497 952 Diacouo,
520 871 576 934 sed
599 891 616 934 a
640 869 807 937 Sacerdote
830 868 1005 932 celebrante
1012 889 1022 946 ;
1051 888 1157 932 verum
1188 890 1224 934 ea
1252 889 1314 935 non
1343 873 1444 956 magni
1473 873 1616 937 momenti

232 981 295 1051 est,
318 991 385 1035 cum
408 971 536 1035 Diaconi
558 970 685 1033 odicium
709 971 757 1048 sit,
780 986 905 1032 monere
935 986 997 1032 non
1019 968 1109 1033 modo
1133 970 1295 1051 populum,
1327 973 1383 1035 sed
1413 972 1497 1053 ipsos
1527 973 1616 1034 etiam

232 1072 421 1135 Sacerdotes
443 1070 514 1152 quid
537 1070 697 1134 dicendum
718 1070 768 1148 sit,
791 1075 825 1131 ut
847 1067 927 1149 apud
949 1085 1006 1131 uos
1028 1070 1227 1131 annunciatur
1249 1069 1417 1133 celebranti
1439 1089 1457 1133 a
1479 1072 1616 1134 cantori-

231 1171 295 1233 bus
319 1170 501 1252 Antiphone.
543 1169 675 1251 intelligi
697 1169 788 1231 etiarn
808 1174 912 1249 potest
932 1156 993 1240 τᾶς
1013 1166 1110 1251 τρεῖς,
1131 1185 1194 1230 non
1216 1171 1299 1249 ipsas
1322 1171 1478 1235 orationes
1501 1168 1616 1233 Sacer-

233 1271 301 1333 doti
316 1269 488 1333 recitandas
502 1267 673 1350 significare
681 1287 691 1345 ;
713 1266 769 1331 sed
784 1266 908 1330 totidem
918 1265 1045 1328 Diacoui
1056 1268 1198 1348 praevius
1213 1267 1250 1331 ad
1260 1268 1404 1351 populum
1425 1269 1615 1333 monitiones.

605 1527 725 1601 Videte
749 1550 794 1599 ne
820 1530 895 1622 quis
922 1526 1254 1599 catechumenorum.

348 1722 440 1800 lsrnu
462 1751 503 1795 ex
525 1733 621 1796 ueteri
652 1731 821 1813 disciplina
851 1728 933 1813 quod
959 1729 1114 1813 liturgiae
1144 1729 1349 1811 antiquitatem
1377 1730 1536 1812 signifieat.
1572 1726 1615 1794 vln

234 1837 376 1920 Copticis
399 1835 471 1898 nihil
496 1833 602 1913 simile,
626 1836 695 1915 quia
717 1851 790 1896 usus
814 1832 1000 1914 expulsionis
1030 1831 1322 1895 catechumenorum
1345 1840 1376 1896 et
1399 1834 1616 1914 poenitentium

235 1935 454 2000 obsoleverat:
477 1942 511 1997 ut
532 1933 591 1998 boc
605 1931 760 2017 liturgiae
782 1932 863 2009 loco,
887 1931 925 1993 de
945 1932 1008 1994 suis
1026 1930 1112 2013 Syris
1136 1938 1264 1995 testatur
1278 1929 1411 1995 Jacobus
1429 1931 1614 2013 Edessenus,

234 2044 272 2099 et
294 2054 363 2098 eum
385 2043 508 2097 secutus
529 2033 693 2115 Dionysius
715 2030 871 2095 Rarsalibi.
922 2029 1153 2093 Catechumenis
1181 2048 1257 2093 vero
1285 2029 1372 2094 locus
1403 2029 1551 2111 nonfuit,
1574 2050 1615 2095 ex

233 2152 300 2215 quo
322 2132 607 2196 bluhamedanorum
630 2130 791 2214 tyrannide
812 2129 970 2194 Ecclesiae
992 2127 1163 2193 Orientalcs
1186 2148 1355 2212 oppressae
1376 2137 1462 2194 sunt:
1484 2147 1553 2192 nam
1575 2149 1615 2193 ne

233 2231 484 2296 inbarbarorum
506 2231 683 2294 servitutem
705 2231 861 2313 rapiantur
879 2228 1040 2292 Christiani
1062 2227 1202 2309 infantes,
1225 2230 1325 2292 statim
1336 2229 1481 2310 baptisari
1503 2229 1614 2309 solent,

235 2350 308 2395 cum
331 2332 407 2395 tales
431 2329 541 2393 Christi
563 2330 740 2394 charactere
762 2330 934 2413 insigmtos,
956 2346 1016 2393 non
1046 2336 1105 2391 tam
1127 2325 1217 2392 facile
1247 2327 1457 2394 bluhamedani
1484 2331 1615 2411 rapiant·

617 2591 685 2663 Hic
708 2590 861 2686 psallant
887 2588 1067 2662 Cherubim
1092 2593 1242 2683 mystice.
1284 2679 1291 2683 ¹

343 2783 521 2861 Serranum
551 2802 599 2858 est
627 2811 715 2876 quam
744 2793 921 2859 obscuravit
947 2786 1116 2873 interpres,
1151 2793 1219 2857 cani
1248 2791 1306 2856 boc
1340 2792 1409 2856 loco
1445 2792 1614 2857 orationem

235 2917 318 2987 quae
341 2899 453 2981 incipit.
479 2892 520 2961 Οἱ
541 2894 698 2984 χερουβὶμ
719 2894 904 2976 μυστικῶς,
939 2914 1018 2978 quae
1040 2895 1160 2977 quidem
1189 2913 1251 2958 nou
1279 2894 1413 2959 refertur
1441 2896 1500 2958 uisi
1525 2896 1615 2959 voci-

234 2999 296 3061 bus
317 2998 496 3061 initialibus:
519 2997 685 3080 similisque
707 3004 756 3060 est
777 2995 841 3060 aliis
865 3013 944 3077 quae
966 2999 1131 3059 occurrunt
1154 3013 1192 3058 eo
1214 2995 1282 3076 ipso
1310 2993 1380 3057 loco
1412 2993 1450 3056 ad
1472 2994 1614 3075 hymnum

236 3096 451 3161 Cherubicum.¹

840 3349 1015 3438 Reddam·

338 3547 431 3627 Nunc
453 3558 551 3622 minus
573 3566 621 3622 est
643 3576 731 3641 quam
745 3557 826 3640 quod
849 3556 922 3621 dicit
934 3557 1088 3640 interpres
1100 3575 1209 3621 mamm
1229 3557 1443 3623 uawrumm.
1466 3546 1616 3630 stratae

236 3665 301 3727 nisi
323 3662 575 3744 subintelligenda
599 3669 646 3725 est
675 3679 737 3725 uox
758 3662 885 3744 tartara
914 3669 966 3725 aut
988 3661 1047 3725 alia
1075 3660 1196 3739 similis,
1226 3660 1305 3723 idern
1333 3667 1382 3722 est
1410 3660 1457 3722 ae'
1480 3648 1616 3733 hieodoe

236 3766 307 3829 sive
322 3781 463 3843 awaus,
485 3769 519 3824 ut
532 3758 777 3838 Graecivocaut,
799 3760 958 3839 introitur,
983 3779 1050 3824 cum
1071 3762 1159 3843 panis
1173 3758 1417 3838 Eucharisticus,
1440 3758 1526 3823 simul
1547 3778 1615 3824 cum

238 3862 348 3936 calice,
370 3868 401 3924 et
423 3859 559 3943 ampullis
581 3861 643 3923 viui
666 3867 698 3924 et
719 3878 818 3942 aquae
839 3858 878 3921 ad
905 3860 1082 3925 sacrificium
1110 3859 1286 3935 destinatis,
1312 3858 1440 3922 infertur
1469 3876 1538 3922 cum
1559 3875 1615 3921 so-

237 3962 323 4026 lenni
345 3978 456 4042 pompa
477 3978 495 4021 a
517 3959 673 4036 Prothesi,
707 3959 773 4021 siue
801 3966 835 4022 ut
862 3974 920 4022 uos
950 3959 1043 4042 vulgo
1066 3959 1209 4038 dicimus,
1240 3956 1427 4032 Oredeatia5
1452 3959 1613 4021 autetiam

238 4081 281 4124 ex
304 4058 549 4140 sceuophylacio,
572 4060 639 4121 sive
661 4058 815 4138 sacristia,
842 4057 880 4120 ad
909 4059 1013 4124 altare.
1058 4058 1158 4122 Ritum
1187 4058 1356 4141 integrum,
1383 4065 1418 4119 ut
1444 4074 1462 4118 a
1490 4055 1615 4120 Graecis

239 4161 435 4239 observatur,
458 4156 621 4238 descripsit
641 4156 774 4221 lacobus
798 4156 936 4238 Goarius,
960 4166 992 4221 et
1013 4177 1054 4221 ex
1075 4156 1156 4221 illius
1176 4156 1383 4238 descriptione
1405 4154 1532 4238 intelligi
1554 4172 1616 4236 po-

240 4266 301 4322 test
324 4260 350 4321 is
373 4276 463 4340 quem
485 4265 654 4339 sequuntur
676 4255 866 4335 Orientales,
895 4257 934 4320 de
964 4258 1137 4338 quostiam
1167 4255 1295 4320 diximus
1325 4257 1357 4318 in
1379 4255 1458 4317 notis
1480 4253 1518 4316 ad
1537 4252 1615 4317 alias

239 4357 405 4439 Liturgias.
451 4357 547 4419 Tanta
569 4363 618 4419 est
639 4356 718 4419 enim
740 4355 858 4421 illorum
881 4373 957 4439 erga
984 4355 1202 4419 Eucharistiam
1222 4354 1347 4437 religio,
1375 4361 1409 4416 ut
1434 4370 1497 4416 non
1526 4352 1615 4415 modo

240 4475 309 4520 eam
330 4462 527 4535 venerentur,
550 4463 582 4520 et
603 4455 741 4535 adorent,
763 4455 819 4519 sed
841 4456 928 4537 panis
951 4456 1066 4519 etvini
1089 4454 1249 4533 elementa,
1272 4453 1371 4517 statim
1390 4461 1480 4534 atque
1503 4469 1617 4515 couse-

242 4556 371 4619 crationi
393 4554 540 4617 destiuata
562 4562 643 4635 sunt,
666 4554 783 4620 honore
803 4564 1045 4637 prosequantur,
1072 4554 1179 4637 majori
1209 4571 1297 4635 quam
1318 4552 1370 4616 ille
1392 4554 1430 4615 sit
1452 4569 1541 4632 quem
1563 4568 1617 4614 su-

238 4655 304 4717 cris
331 4651 512 4737 imaginibus
542 4660 573 4716 et
600 4662 773 4717 sannorum
802 4653 938 4735 reliquiis
961 4654 1104 4718 exhibent
1111 4674 1120 4730 ;
1146 4652 1254 4715 minori
1275 4640 1365 4733 uuam
1386 4650 1615 4715 Eucharistiam.

241 4753 352 4835 Neque
378 4754 459 4816 enim
492 4751 633 4816 audiendi
658 4761 729 4819 suat
757 4755 810 4835 qui
838 4752 974 4818 Graecos
1004 4761 1035 4818 et
1070 4752 1146 4816 alios
1181 4750 1352 4816 Orientalcs
1387 4749 1615 4828 calumniantur,

238 4853 330 4934 quasi
352 4852 504 4915 elementa
526 4852 657 4915 noudaun
679 4861 859 4916 consecrata
881 4852 1020 4933 adorent,
1042 4870 1103 4917 uon
1125 4853 1222 4934 ipsum
1243 4849 1472 4930 Eucharistiam,
1496 4847 1616 4930 quaudo

243 4951 435 5015 consecratio
464 4958 590 5032 peraeta
617 4959 679 5016 est:
711 4952 785 5015 nihil
815 4954 893 5016 enim
921 4954 1017 5038 magis
1039 4951 1193 5028 hiemum,
1215 4957 1267 5013 aut
1289 4950 1385 5032 magis
1407 4948 1524 5013 falsum.
1568 4949 1617 5011 Ex

245 5049 345 5114 futura
367 5051 596 5114 consecratione
618 5059 767 5115 uocantur
788 5041 875 5137 ἅγια,
898 5061 1018 5131 sancto,
1041 5046 1201 5131 elementa,
1224 5067 1303 5131 quae
1320 5066 1391 5113 mox
1411 5047 1617 5114 consecranda

1661 1530 1693 1582 P.
1710 1530 1772 1583 12⁸.
1790 1532 1806 1584 t
1826 1532 1869 1586 ta.

1663 4162 1766 4216 Euchol.
1781 4181 1807 4235 p.
1829 4163 1889 4216 131.
