4525 6034
564 571 617 647 lll
648 569 946 647 clausulas
982 569 1258 647 SllllllCllS.
1544 573 1593 645 99

226 754 321 833 enim,
345 762 377 816 ut
399 755 430 816 in
453 753 575 818 Canone
598 753 748 830 Romano,
771 754 985 818 determinatus
1008 763 1054 816 est
1077 771 1196 829 eorum,
1227 756 1278 835 qui
1300 756 1505 833 nominantur,
1536 773 1597 817 na·

226 871 338 916 meras.
382 852 417 914 ln
439 855 560 934 antiquo
583 854 698 917 Codice
720 853 913 933 Colbertino,
938 873 1027 935 quem
1056 856 1219 935 praecipua
1248 854 1475 935 interpretando
1498 857 1595 917 secuti

227 971 348 1030 summ,
370 960 441 1034 post
463 953 617 1034 Virginem
639 954 779 1030 hlariam,
803 951 973 1034 subjicitur,
997 963 1026 1016 et
1048 955 1178 1015 munium
1199 952 1396 1031 Sanctorum,
1425 972 1523 1034 neque
1547 954 1597 1016 alii

226 1054 426 1116 nominantur.
471 1052 503 1113 ln
526 1052 700 1116 Florentino
722 1053 872 1135 adjicitur,
895 1061 924 1115 et
946 1057 1045 1116 sancti
1066 1053 1189 1114 Domini
1200 1052 1379 1128 Baraomoe,
1402 1052 1484 1134 qnod
1507 1055 1596 1115 etiam

227 1152 355 1215 habetor
376 1153 406 1213 in
428 1151 561 1214 Romana
584 1152 732 1229 editione,
758 1153 971 1233 sequiturque,
1005 1161 1034 1214 et
1062 1154 1163 1213 sancti
1183 1151 1323 1232 Georgii,
1352 1153 1401 1232 qui
1432 1153 1595 1233 praecipue

228 1252 264 1314 ab
289 1250 492 1314 Orientalibus
515 1251 641 1327 colitur,
664 1251 723 1314 imo
746 1270 763 1314 a
785 1251 1007 1314 hluhamedanis
1030 1259 1061 1313 ct
1084 1251 1193 1313 ‘loreis
1216 1253 1306 1331 ipsis,
1329 1259 1361 1313 ut
1384 1251 1595 1331 locupletissi-

226 1369 292 1412 mus
315 1351 403 1412 testis
426 1356 472 1411 est
495 1351 542 1412 vir
565 1350 778 1413 celeberrimus
800 1350 954 1433 Augerius
978 1350 1128 1413 Gislenius
1150 1349 1350 1431 Busbequius.
1395 1351 1455 1413 lter
1469 1358 1594 1412 sanctos

227 1466 347 1531 quoqne
370 1449 536 1512 collocator
558 1450 596 1512 ab
618 1451 727 1534 insigni
751 1449 831 1530 apud
852 1452 959 1513 Persas
982 1450 1127 1514 historico
1149 1448 1380 1524 Emir-Coado,
1404 1448 1544 1512 Tabarita
1565 1456 1595 1511 et

228 1550 309 1627 aliis,
333 1550 385 1630 qui
407 1548 445 1610 de
467 1567 504 1611 eo
526 1551 599 1612 mim
622 1557 756 1626 narrant,
779 1538 868 1629 qu'ae,
891 1558 923 1612 nt
937 1549 1106 1613 Orientales
1134 1566 1237 1611 omnes
1260 1536 1444 1632 φιλόμυθοι
1468 1550 1595 1611 maxime

227 1656 313 1727 sunt,
347 1647 499 1732 Legendis
528 1649 701 1727 veteribus,
736 1646 979 1731 Graecorumque
1010 1648 1232 1710 narrationibus
1261 1648 1333 1710 nihil
1357 1649 1475 1711 cedunt.
1519 1648 1595 1710 lllud

227 1749 324 1812 solum
346 1746 508 1811 observatu
531 1747 670 1830 dignum,
701 1748 782 1829 quod
804 1757 849 1812 tot
878 1748 1014 1811 laudibus
1044 1767 1111 1810 eum
1143 1747 1309 1821 cumulant,
1338 1749 1407 1828 quia
1436 1765 1491 1828 pro
1521 1766 1595 1810 vera

225 1847 285 1911 hde
308 1847 482 1929 llartprium
511 1847 610 1911 subiit.
656 1848 759 1929 ltaque
789 1849 848 1911 coli
876 1868 893 1911 a
923 1847 1100 1912 Christianis
1130 1864 1214 1924 cum,
1243 1848 1294 1927 qni
1324 1848 1489 1909 sanctitatis
1520 1864 1594 1909 suae

223 1948 437 2011 buccinatores
460 1949 543 2028 ipsos
566 1946 701 2010 inlideles
725 1948 878 2025 habuerit,
902 1949 1001 2011 mirari
1024 1967 1112 2010 nemo
1136 1946 1235 2008 debet.
1280 1944 1320 2007 llt
1337 1954 1469 2009 monstro
1487 1946 1593 2024 simile,

224 2045 386 2108 barsomae
416 2063 545 2124 noorea,
574 2046 713 2109 scelerati
742 2048 820 2110 illius
849 2047 1007 2123 ilonachi,
1038 2048 1089 2129 qui
1119 2046 1285 2108 Proterium
1314 2044 1462 2107 occidisse
1497 2045 1593 2107 dictus

224 2145 279 2208 luit
301 2147 332 2207 in
354 2144 594 2209 calchedonensi
618 2146 769 2221 Concilio,
793 2166 810 2209 a
834 2165 893 2227 quo
917 2146 1103 2209 anathemate
1131 2144 1288 2226 perculsus
1318 2152 1383 2222 est,
1407 2145 1437 2205 in
1459 2143 1593 2207 Romana

221 2243 354 2307 editione
377 2248 562 2308 cum‘sancti
584 2245 669 2309 titolo
693 2248 830 2327 reperiri.
879 2247 1002 2309 Viderat
1024 2256 1122 2309 tamen
1146 2243 1223 2306 hanc
1238 2241 1397 2306 editionem
1413 2244 1520 2305 Frater
1532 2243 1593 2306 Jo-

225 2361 321 2405 oones
346 2346 385 2406 de
421 2344 592 2407 Tarracina
621 2345 797 2427 lbeotagiae
825 2346 987 2427 Magister,
1023 2356 1052 2409 et
1078 2347 1154 2407 nihit
1181 2352 1288 2406 conoe
1314 2344 1404 2423 fiderit
1434 2351 1464 2404 et
1499 2344 1595 2406 borma

224 2462 326 2505 mores
345 2447 519 2520 amarant,
541 2445 597 2505 aad
618 2447 720 2506 onorio
741 2464 875 2507 concamio
893 2448 968 2526 fidei
987 2452 1236 2509 sacro-sanctae
1257 2443 1414 2505 &monae
1425 2441 1592 2506 Ecclesiae.

225 2542 268 2604 At
289 2542 361 2625 qnid
390 2543 485 2624 magis
515 2543 594 2606 illios
625 2543 695 2607 lidei
725 2546 923 2623 contrarium,
952 2563 1040 2625 quarn
1070 2544 1219 2633 hominem
1250 2541 1387 2604 factionis
1422 2541 1592 2605 baereticae

226 2645 470 2726 antesignanum,
505 2642 673 2706 damnatum
708 2645 744 2706 ab
774 2644 975 2708 Oecumenica
1005 2644 1146 2726 Synodo,
1181 2645 1259 2704 inter
1288 2640 1411 2704 caelites
1439 2635 1615 2707 collocari'

224 2741 303 2804 liant
348 2759 427 2805 nunc
461 2741 628 2806 Maronitae
664 2746 866 2823 recentiores,
901 2743 969 2807 dum
1002 2743 1153 2825 Liturgias
1190 2742 1272 2821 illas,
1308 2750 1446 2820 tanquam
1480 2741 1592 2804 Eccle-

224 2842 291 2903 siae
312 2858 385 2904 suae
408 2843 549 2923 proprias
571 2841 658 2906 nobis
681 2842 849 2906 venditant:
879 2843 951 2907 illud
973 2844 1069 2907 solum
1091 2842 1254 2904 Barsomae
1277 2859 1402 2915 nomen,
1436 2838 1593 2901 Jacobita-

224 2958 302 3016 rum,
326 2958 378 3002 eas
400 2960 469 3004 osse
493 2942 684 3005 demonstrat
728 2943 811 3004 lllum
835 2944 947 3025 quippe
970 2941 1125 3023 Coptitae,
1149 2942 1199 3022 qni
1222 2941 1357 3022 ejusdem
1381 2947 1488 3005 sectae
1511 2945 1590 3017 sunt,

224 3042 291 3119 pari
314 3044 431 3103 ratione
453 3049 651 3119 venerantur,
676 3051 706 3104 et
728 3043 806 3105 inter
829 3043 976 3125 Diptycha
999 3060 1108 3104 nomen
1131 3043 1197 3122 ejus
1217 3039 1381 3102 celebrant.
1417 3038 1485 3101 Duo
1497 3056 1591 3119 prae·

224 3147 310 3201 terea
333 3140 382 3200 alii
406 3140 540 3221 ejusdem
562 3141 770 3224 appellationis
793 3151 880 3219 sunt,
903 3143 979 3206 alter
991 3142 1190 3205 Nestorianus
1204 3139 1396 3218 lletropolita
1412 3138 1591 3215 Nisibcnsis,
1638 3156 1744 3226 supet„
1764 3159 1788 3210 r,
1806 3162 1832 3212 2.

225 3239 278 3319 qui
300 3246 379 3302 teste
400 3239 549 3321 Eutychio
572 3251 686 3305 sectam
708 3241 788 3303 illam
809 3243 839 3305 in
852 3242 1068 3324 Mesopotamia
1091 3241 1150 3302 late
1172 3239 1367 3321 propagauit:
1391 3238 1512 3301 virebat
1534 3256 1591 3299 au-

224 3348 286 3401 tem
315 3347 403 3401 sexto
430 3341 569 3402 saeculo:
607 3343 653 3404 vir
684 3340 817 3404 nefarius
847 3351 877 3404 et
907 3343 1047 3423 antiquae
1076 3338 1267 3420 disciplinae,
1296 3345 1437 3418 quantum
1465 3339 1495 3400 in
1524 3338 1590 3418 ipso

223 3438 297 3517 suit,
322 3448 493 3521 corruptor.
537 3440 613 3502 Nam
636 3449 740 3503 contra
765 3441 923 3519 Canones,
946 3442 1117 3521 Episcopus
1141 3457 1208 3501 cum
1231 3446 1323 3516 esset,
1345 3456 1472 3500 uxorem
1495 3437 1590 3515 duxit,
1638 3453 1700 3506 lior.
1717 3454 1811 3507 Nara.
1832 3455 1879 3506 to.

225 3556 353 3619 maique
375 3540 648 3603 sanctimonialem:
671 3549 733 3603 tum
756 3542 853 3625 legem
876 3543 943 3604 tulit
965 3549 997 3603 ut
1019 3540 1196 3620 Episcopis,
1219 3536 1450 3615 Sacerdotibus,
1481 3537 1591 3601 Mona·

224 3638 290 3701 chia
313 3638 387 3719 ipsis
410 3638 525 3702 nubere
548 3640 663 3703 liceret.
707 3641 755 3704 Ob
778 3644 965 3704 autoritatem
987 3659 1062 3704 vero
1086 3640 1288 3721 tyrannicam,
1316 3656 1382 3700 cum
1404 3638 1435 3699 ia
1458 3638 1592 3701 ordinem

224 3738 326 3821 redigi
348 3756 408 3800 non
430 3747 551 3819 posset,
574 3739 747 3822 dignitatem
769 3742 908 3823 quamdin
930 3743 1020 3819 vixit,
1044 3741 1175 3815 retinuit,
1200 3737 1254 3801 sed
1277 3745 1346 3819 post
1368 3745 1494 3800 mortem
1516 3757 1593 3801 aaa·

223 3837 356 3900 themate
380 3837 534 3901 damnatus
557 3847 621 3917 est,
645 3848 845 3922 statutumque
867 3844 897 3904 in
920 3848 1094 3923 perpetuam
1125 3840 1191 3921 eJus
1220 3837 1446 3913 contumeliam,
1477 3845 1507 3898 et
1537 3856 1593 3919 per

225 3954 322 3999 annos
344 3937 453 4000 multos
476 3939 684 4018 observatum,
706 3960 745 4003 ne
768 3944 835 4023 quis
859 3962 899 4004 ex
928 3940 1120 4021 Metropolim
1154 3939 1324 4014 Nisibensi,
1354 3935 1392 3999 ad
1422 3956 1592 4019 supremam

224 4035 373 4098 Catholici
396 4036 568 4120 dignitatem
594 4049 805 4103 assumeretur.
851 4042 970 4104 ‘lortius
993 4039 1111 4103 tandem
1134 4038 1293 4101 Brrsomas
1310 4035 1380 4115 luit,
1403 4036 1509 4099 Nudas
1530 4058 1592 4101 co-

225 4138 428 4218 gnominatus,
451 4136 662 4218 Anachoreta,
685 4142 735 4222 qui
750 4142 847 4203 serius
871 4143 959 4220 vixit,
984 4158 1092 4221 nempe
1115 4138 1239 4202 saeculo
1259 4137 1437 4200 duodecimo
1460 4136 1590 4214 labente,

225 4237 313 4316 cujus
335 4237 395 4297 vita
419 4245 501 4300 extat
523 4239 553 4300 iu
577 4238 690 4302 Codice
711 4239 914 4304 Bibliothecae
936 4242 1064 4324 Regiae,
1088 4241 1155 4322 ipse
1177 4256 1298 4320 quoquc
1321 4235 1475 4311 Jacobita,
1505 4236 1590 4316 cajus
1627 4314 1631 4321 ,

222 4353 350 4412 nomen,
375 4355 440 4398 com
464 4338 528 4399 aliis
551 4337 765 4402 llonachorum
788 4360 827 4402 ex
850 4342 955 4403 eadem
977 4350 1061 4404 secta
1085 4340 1259 4416 celebrium,
1284 4338 1416 4401 occurrit
1437 4335 1593 4416 inaliquot

211 4434 423 4516 .Liturgiarum
447 4437 669 4518 exemplaribus
691 4442 931 4519 recentioribus,
956 4460 1022 4503 cum
1044 4443 1073 4502 in
1094 4441 1225 4520 antiquis
1254 4455 1314 4499 non
1337 4438 1462 4518 legatur.
1516 4436 1593 4497 Nul-

185 4554 192 4562 ·
221 4532 270 4595 lus
293 4552 387 4614 porro
411 4537 499 4598 trium
522 4538 639 4601 diorum
663 4537 729 4601 talis
752 4538 822 4615 luit,
846 4547 877 4601 ut
900 4540 937 4601 ab
961 4540 1144 4603 Orthodoxis
1172 4541 1314 4602 memoria
1344 4539 1407 4619 ejus
1438 4554 1505 4598 cum
1533 4536 1591 4598 ho-

221 4650 300 4695 nore
328 4635 490 4698 coleretur.
542 4638 589 4700 En
618 4655 678 4719 quo
711 4639 849 4720 perducit
877 4641 1082 4721 antiquitatum
1119 4639 1396 4702 Ecclesiasticarom
1432 4638 1590 4718 ignoratio.

223 4832 284 4894 cilii
307 4831 580 4915 calchedonensis,
602 4837 774 4919 Leonisqne
796 4838 896 4919 Papae
918 4839 1062 4903 furiosum
1085 4839 1337 4915 calumniatorem,
1358 4840 1501 4899 invocare
1524 4853 1589 4897 cum
1678 4834 1681 4839 ’

223 4941 329 4995 sancto
353 4933 505 5016 Stephano
528 4943 559 4998 et
580 4937 610 5001 S.
635 4938 769 5019 Georgia
793 4938 953 5020 docentur,
977 4947 1007 5002 et
1030 4939 1149 5020 quidem
1172 4946 1322 5021 perpetuo
1342 4937 1511 4999 testimonio
1526 4936 1590 5001 Cu·
1637 4951 1723 5021 mapa
1739 4969 1765 5020 ρ.
1785 4952 1827 5002 53.
1932 4978 1935 4985 ·

260 5059 346 5103 ramus
359 5058 383 5104 n
1336 5042 1382 5114 16
