4525 6034
552 522 604 597 hl)
621 519 828 597 mittun
844 515 1037 597 coaucta
1053 517 1083 594 S.
1104 517 1251 594 BASILII.
1512 514 1589 586 269

218 707 381 790 diligenter
411 704 609 768 administrari
639 705 763 768 calicem
790 724 808 767 a
836 704 978 767 Diaconis
1006 701 1130 784 jubeat,
1165 703 1205 764 ita
1234 707 1266 762 ut
1293 700 1431 781 juniores
1460 716 1496 761 ea
1525 698 1591 761 sola

216 809 334 869 ratione
358 824 376 868 a
398 805 448 868 tali
470 805 635 867 ministerio
657 804 863 867 excludantur.
915 804 1008 876 Date,
1032 802 1138 883 inquit,
1158 801 1323 881 prohibeat
1346 820 1384 861 ac
1404 818 1461 879 per
1488 817 1592 860 eonem

216 907 427 988 mamaea
453 905 614 985 φιίιὶφιαιιι
642 905 675 964 ia
702 911 816 965 anam
847 904 983 976 deadat,
1017 908 1048 962 et
1080 908 1243 981 eapropter
1268 899 1452 980 pacasimo
1471 898 1591 977 judicio

217 1008 278 1068 stat
298 1005 435 1068 chami.
481 1002 513 1066 ln
536 1001 724 1065 Collectione
748 1000 903 1065 Canonum
923 1000 1082 1063 Ehnassali
1104 1017 1169 1080 cap.
1194 997 1246 1060 13.
1274 999 1422 1062 statuitur.
1466 996 1512 1059 Ne
1533 1016 1592 1059 ca-

218 1106 263 1166 take
283 1122 379 1184 eaqtee
400 1105 443 1164 ud
464 1103 554 1164 lehre
574 1103 747 1181 impleatur,
774 1104 820 1164 ita
841 1110 875 1163 at
895 1099 998 1181 effluat
1019 1100 1135 1179 aliquid
1156 1107 1185 1160 et
1204 1100 1238 1160 ia
1267 1106 1382 1160 terram
1410 1095 1590 1178 effandemr.

218 1205 250 1266 ln
281 1202 456 1266 Canonihus
479 1201 530 1284 qui
559 1208 718 1264 vocantur.
765 1200 935 1281 Praecepta
960 1199 1173 1279 Apostolontm
1198 1199 1341 1260 secando.
1389 1196 1593 1277 Umaqaisqae

217 1319 366 1363 ammam
388 1321 495 1364 mam
517 1301 680 1377 manaa
702 1321 740 1362 ac
769 1303 837 1382 qais
857 1300 987 1380 infidelis
1007 1300 1051 1360 ad
1071 1300 1308 1360 commeationem
1328 1296 1593 1358 Sacramemmm

219 1403 417 1464 waidoter:
445 1408 479 1463 at
499 1403 590 1462 etiam
610 1420 649 1461 ae
669 1419 749 1476 mas,
777 1408 832 1462 aat
859 1401 944 1461 aliad
965 1397 1081 1459 animal
1101 1398 1145 1458 ad
1165 1415 1204 1458 ee
1226 1397 1369 1470 acreda,
1400 1403 1455 1457 aut
1479 1397 1595 1476 alqaid

219 1502 359 1563 decidat:
382 1507 413 1562 et
429 1507 545 1580 peccet,
568 1518 636 1561 crea
657 1500 699 1560 sit
719 1518 830 1578 corpas
853 1499 966 1562 Christi
986 1504 1016 1559 et
1037 1499 1162 1577 maestis
1184 1500 1255 1576 ejas.
1279 1495 1384 1558 Omnis
1403 1498 1497 1577 igitar
1513 1496 1593 1575 fide-

219 1602 258 1662 lis
279 1602 333 1681 qai
353 1600 561 1662 &commas
582 1600 798 1674 competentem,
819 1619 881 1662 aon
902 1600 990 1662 dehet
1010 1602 1097 1662 circa
1117 1601 1192 1662 iliad
1212 1601 1366 1680 negligeres
1392 1618 1473 1674 esse,
1500 1617 1595 1678 oeque

218 1702 298 1762 aar
319 1706 440 1779 oportet
459 1698 574 1778 aliquid
595 1694 708 1777 effamdi
729 1717 769 1757 ee
790 1698 886 1759 eadee
904 1707 1066 1780 postquam
1084 1700 1116 1760 ia
1134 1699 1193 1761 Dei
1204 1700 1324 1760 nomiae
1346 1698 1518 1761 haredictus
1540 1705 1594 1772 est,

219 1808 250 1863 et
268 1801 353 1861 &aa
371 1799 518 1878 percepit,
542 1799 613 1878 quaa
635 1798 761 1876 sanquis
790 1805 835 1859 est
857 1796 980 1859 Christi.
1026 1796 1109 1860 Coae
1135 1800 1235 1879 igitar,
1257 1785 1432 1878 quietemque
1453 1797 1512 1871 sis,
1542 1815 1594 1857 se-

219 1900 301 1974 dulo,
322 1919 362 1959 ae
383 1898 458 1977 quid
480 1915 521 1957 ea
541 1914 578 1957 eo
600 1893 785 1974 effundatur,
808 1916 847 1955 ae
869 1917 936 1957 eam
957 1898 1103 1959 ιἠιιιιιιιιάἰ
1124 1899 1251 1977 spirim
1268 1897 1422 1976 polluant,
1451 1915 1546 1976 aeque
1566 1897 1595 1956 is

221 2006 286 2060 esto
308 1998 362 2077 qui
381 1996 558 2075 operareris
578 1996 754 2074 amquam
776 1977 905 2070 Christi,
934 2016 1060 2077 retaqae
1082 1999 1126 2057 sis
1153 2005 1294 2076 taaqaaoe
1322 2002 1487 2057 contemtor
1515 1994 1595 2055 illisa

221 2099 379 2177 ιαπφιίιιίι
400 2114 459 2175 qao
480 2095 630 2156 redemtus
651 2111 693 2156 es.
708 2075 717 2094 ”
731 2093 765 2156 ln
788 2093 940 2166 Quaesitis
962 2104 993 2157 et
1015 2096 1180 2178 Responsis
1202 2096 1241 2159 de
1271 2095 1344 2158 lure
1374 2096 1513 2158 statuitur
1535 2095 1594 2157 Sa-

222 2197 388 2272 cerdotem,
411 2194 497 2274 eujus
519 2192 705 2275 negligentia
729 2193 838 2274 aliquid
861 2213 902 2255 ex
924 2212 1055 2275 corpore
1087 2203 1139 2258 aut
1167 2195 1316 2277 sangnine
1347 2194 1457 2259 Christi
1485 2192 1594 2255 cecidit

221 2314 315 2377 snper
336 2294 433 2356 altare
457 2299 507 2354 aut
529 2300 634 2370 extra,
665 2292 713 2354 vel
736 2293 767 2353 in
789 2311 876 2355 sacra
902 2296 1097 2374 vestimenta,
1132 2296 1280 2358 abstineri
1304 2314 1363 2375 per
1391 2293 1595 2374 quodraqinta

221 2395 287 2455 dies
308 2392 349 2453 oh
371 2394 482 2454 altaris
502 2394 669 2454 mraisterio
690 2399 720 2453 et
741 2395 957 2469 communione,
971 2398 1173 2476 jejuaoreqae
1190 2414 1249 2474 per
1270 2395 1345 2456 iliad
1366 2401 1489 2473 ternpus,
1518 2392 1594 2453 abs-

219 2493 341 2554 tinendo
383 2492 423 2553 ab
454 2510 508 2553 esa
540 2510 642 2553 rerum
667 2492 840 2572 piaqaam,
874 2500 905 2554 et
928 2498 1037 2575 proca
1064 2503 1152 2557 nocte
1177 2496 1393 2576 qaaqaaqate
1420 2501 1595 2554 metaaoeas

215 2589 334 2669 sacae.
358 2589 389 2652 ln
414 2590 547 2653 Historia
570 2589 761 2652 Patriarohali
784 2590 897 2674 legitur
918 2593 956 2655 de
979 2595 1060 2657 Vaza
1082 2594 1144 2657 lilio
1166 2593 1240 2675 Reja
1263 2597 1422 2674 aittequam
1445 2591 1481 2654 ad
1505 2590 1593 2654 tidem

219 2689 416 2753 Christianam
441 2697 683 2768 converteretur,
707 2708 776 2752 euin
797 2690 954 2754 Ecclesiae
984 2692 1118 2776 Bagdadi
1150 2691 1380 2773 frequentasse,
1409 2698 1442 2753 ut
1469 2690 1593 2754 Eucha-

217 2790 334 2852 ristiani
357 2789 573 2868 conculcaret,
604 2806 664 2870 quo
686 2787 849 2873 sacrilegio
871 2797 1029 2871 tantopere
1052 2792 1156 2855 attiicti
1180 2800 1249 2854 sunt
1272 2790 1448 2869 Christiani,
1478 2799 1510 2853 nt
1537 2790 1594 2852 Li-

220 2891 351 2972 turgiarn
374 2891 555 2953 omitterent.
601 2890 676 2953 Sunt
698 2888 844 2951 adversus
866 2890 1071 2973 negligentiae
1096 2893 1181 2954 istius
1210 2908 1281 2953 reos
1310 2891 1514 2971 poenitentiae
1537 2908 1593 2952 ca-

220 2989 350 3051 nonicae
371 3006 433 3050 non
457 2988 552 3051 leves.
597 2989 643 3050 Ne
672 2990 738 3069 quis
767 3007 844 3052 vero
871 2989 986 3071 judicet
1014 2992 1089 3054 haec
1120 3009 1190 3054 esse
1219 2991 1339 3072 quidem
1366 2991 1525 3052 constituta
1554 2989 1592 3051 ad

221 3087 420 3151 continendos
442 3089 472 3150 in
496 3088 598 3152 otiicio
621 3087 816 3162 Sacerdotes,
838 3097 870 3151 ut
901 3107 988 3152 sacra
1018 3090 1163 3153 decenter
1190 3091 1317 3169 obeant,
1352 3108 1413 3153 non
1443 3088 1523 3171 quod
1554 3087 1592 3150 de

221 3189 296 3270 ipsis
319 3187 520 3250 Sacramentis
543 3205 617 3250 eura
638 3187 701 3250 ulla
723 3189 772 3266 sit,
795 3188 915 3251 obstant
939 3209 975 3252 ea
998 3209 1075 3271 quae
1098 3192 1129 3253 in
1150 3191 1291 3254 iuridicis
1311 3189 1476 3271 Responsis
1499 3207 1593 3270 prae-

221 3288 373 3368 cipitmtur
403 3289 483 3350 cirea
506 3287 712 3351 Eucharistiae
741 3289 892 3352 vomitum.
945 3290 1006 3366 (lai
1030 3309 1097 3353 eam
1123 3293 1273 3353 vomuerit
1298 3309 1388 3369 casa,
1423 3297 1453 3350 et
1480 3289 1594 3368 adaque

220 3389 311 3466 culpo
333 3406 401 3464 aaa,
422 3389 500 3450 ethii
525 3389 610 3449 aliud
633 3388 740 3467 [acere
768 3395 884 3450 terretur
909 3397 1035 3469 praeter
1058 3392 1283 3470 prostrationes
1310 3397 1442 3452 coram:
1472 3396 1597 3468 etpost

221 3489 355 3549 &idaea
377 3487 626 3550 oooammicahit:
644 3495 718 3567 post
738 3487 860 3549 Menan
881 3508 965 3568 aaa,
988 3492 1018 3551 si
1037 3490 1194 3552 Sacerdos
1215 3492 1269 3565 sit,
1293 3497 1323 3551 et
1341 3490 1440 3551 acilas
1461 3489 1540 3551 alias
1562 3489 1594 3548 io

219 3590 290 3668 tpso
312 3587 379 3648 loeo
401 3589 592 3666 reperiatur:
623 3587 678 3648 sed
699 3594 772 3666 post
798 3588 935 3666 expletas
957 3592 1190 3668 prostrationes.
1240 3588 1287 3650 De
1310 3609 1347 3651 eo
1374 3608 1488 3669 qaoque
1515 3587 1596 3668 qaod

220 3688 336 3749 domim
358 3694 489 3766 egestam
511 3695 557 3748 est
578 3705 654 3748 ctera
676 3686 851 3761 hahebitis,
875 3694 905 3748 et
924 3690 956 3749 in
975 3687 1170 3767 polluentem
1188 3690 1375 3768 projicietur,
1398 3694 1453 3750 aat
1472 3690 1505 3750 ia
1526 3688 1595 3748 loco

220 3786 335 3847 merda
357 3786 524 3864 sepelietur,
547 3804 614 3847 aas
640 3786 764 3861 horae,
791 3793 916 3865 propter
943 3787 1178 3851 Eucharistiam.
1228 3787 1264 3849 st
1285 3805 1345 3867 per
1370 3786 1544 3849 cbriaatem
1567 3792 1598 3846 et

221 3887 483 3963 iateapcroatiam
504 3888 633 3947 comitere
655 3886 788 3965 coretiqit,
810 3888 876 3946 sice
904 3894 1018 3965 sponte,
1041 3889 1106 3948 aaa
1132 3887 1194 3949 alio
1217 3894 1340 3967 coqeate
1359 3888 1462 3949 caum
1490 3904 1596 3947 maa-

222 3986 292 4046 cias
312 3984 457 4060 demerit,
487 3986 673 4063 poardeatia
695 3987 759 4063 q'as
780 3984 823 4045 ad
843 3986 1047 4066 quadruplata
1073 3987 1140 4048 dies
1163 3986 1369 4065 prodaoeher:
1400 3992 1489 4065 atque
1517 3984 1595 4046 idern

221 4083 373 4165 praecipit
394 4084 424 4145 in
446 4083 707 4165 Responsionihus
729 4085 793 4146 suis
815 4085 895 4146 circa
918 4103 1063 4166 poenam,
1093 4084 1221 4147 llichacl
1243 4085 1413 4165 Episcopus
1436 4083 1593 4147 ldelichae.

221 4183 348 4246 Hoairti
365 4189 513 4262 ρεφεὴιιι
531 4185 660 4263 pituitae
682 4185 820 4246 molestia
842 4184 1003 4264 lahorami,
1027 4186 1117 4246 licere
1139 4183 1258 4265 quidem
1280 4186 1515 4246 communionem
1535 4201 1597 4245 vo-

221 4283 307 4354 luut3
329 4283 420 4344 modo
443 4284 485 4344 sit
505 4284 677 4345 invaletudo
694 4291 851 4363 perpetua.
884 4283 958 4346 Cam
979 4305 1052 4348 vero
1074 4286 1197 4364 accidit,
1219 4292 1254 4346 at
1271 4291 1343 4364 post
1362 4286 1597 4346 communionem

220 4383 364 4464 pteram
387 4390 500 4461 eperat,
523 4391 691 4445 caseatae
711 4386 744 4444 ia
771 4391 885 4445 τεπαιιι
903 4385 1059 4463 projiciat,
1081 4384 1137 4446 sed
1158 4391 1309 4459 osseroet,
1340 4384 1436 4445 donec
1457 4384 1489 4443 ia
1510 4401 1597 4443 mare

218 4483 399 4564 projecerit,
422 4489 477 4542 oet
496 4484 529 4543 io
550 4484 617 4544 laco
639 4484 750 4544 mando
772 4485 930 4562 sepelierit.
976 4483 1050 4546 Eum
1081 4485 1131 4565 qui
1159 4485 1301 4546 continuo
1329 4483 1442 4545 vomitu
1470 4480 1596 4557 laborat,

223 4588 313 4642 arcet
334 4598 352 4641 a
375 4581 584 4644 communione
606 4581 734 4644 lliohael
755 4581 902 4646 hlelichae
932 4582 1112 4664 Episcopus,
1135 4585 1198 4645 nisi
1218 4584 1407 4662 eoperieatio
1433 4601 1491 4662 per
1518 4599 1598 4662 qaa-

222 4682 372 4760 droqiato
393 4682 459 4743 dies
477 4681 565 4760 sacta
584 4681 688 4760 saera,
710 4703 780 4744 eam
794 4684 947 4746 imminuto
969 4684 1037 4745 cido
1059 4684 1155 4744 lorias
1176 4700 1210 4743 se
1231 4681 1350 4744 hadwi.
1381 4681 1487 4762 Neque
1511 4680 1599 4743 aliter

224 4785 363 4843 statuunt
392 4780 500 4844 Graeci
530 4781 685 4844 Canopum
714 4782 900 4864 interpretes
933 4782 1092 4845 Balsamon
1120 4784 1150 4844 in
1185 4782 1276 4864 Resp.
1301 4779 1350 4843 ta.
1386 4780 1424 4843 ad
1453 4781 1597 4854 Quaesita

223 4877 324 4940 Marci
353 4880 565 4958 Alexandrini,
604 4883 684 4945 circa
719 4900 773 4946 eos
804 4885 855 4964 qui
890 4883 1107 4946 Eucharistiam
1135 4882 1314 4945 vomuerint.
1358 4880 1491 4944 loannes
1523 4879 1597 4945 Citri

221 4977 408 5062 Episcopus,
432 4999 507 5065 erga
530 4981 686 5045 Ecclesiae
713 4984 875 5063 ministros,
907 4999 1035 5065 quorum
1064 4982 1249 5065 negligentia
1287 4980 1398 5061 aliquid
1427 4983 1457 5044 in
1485 4989 1597 5045 terram

1310 5097 1392 5173 50⁴·
