4525 6034
724 579 802 657 554
1226 580 1586 662 tttttttdth

724 791 787 844 ora
812 790 879 842 nno
906 777 1006 864 utque
1032 768 1149 859 corde,
1175 767 1402 844 collaudemus
1424 792 1547 844 nomen
1570 781 1660 844 mum
1680 792 1848 865 magnum,
1873 782 1906 844 at
1927 771 2048 870 inclytum

725 896 761 960 et
786 886 884 959 simul
908 886 991 958 Jesu
1018 884 1153 976 Christi,
1179 895 1214 958 et
1239 885 1381 982 Spiritus
1408 890 1454 960 tui
1479 891 1598 977 sancti,
1625 909 1725 980 nunno,
1751 897 1816 960 etc.

831 1000 992 1095 Populus.
1045 1001 1139 1074 Sicut
1165 1012 1238 1073 erat
1264 1012 1298 1074 et
1332 1013 1384 1076 est
1409 1024 1610 1099 permanens
1636 1005 1670 1074 in
1696 1006 1911 1096 generatione
1933 1025 2052 1097 genera-

724 1120 861 1205 tionum,
888 1121 981 1190 etin
1008 1117 1146 1190 saeculo
1171 1117 1294 1191 futuro.

830 1233 1015 1308 Sacerdos.
1067 1236 1142 1307 Pax
1168 1234 1278 1307 vobis.
1383 1234 1545 1328 Populus.
1597 1234 1642 1307 ttt
1667 1258 1740 1307 cnm
1768 1239 1884 1331 spiritu
1907 1245 1969 1309 tuo.

829 1350 1013 1425 Sacerdos.
1074 1351 1125 1424 Sit
1166 1349 1394 1424 misericordia
1435 1354 1548 1445 magni
1587 1354 1651 1425 Dei
1687 1363 1722 1424 et
1761 1355 1939 1426 seruatoris
1975 1357 2056 1425 uostd

723 1466 807 1540 lesu
834 1463 956 1539 Christi
984 1491 1058 1544 cum
1086 1465 1238 1539 omnihus
1265 1465 1375 1541 vohis.
1935 1456 1941 1466 “

830 1583 991 1676 Populus.
1044 1582 1089 1655 Et
1114 1606 1188 1655 cum
1216 1586 1332 1679 spiritu
1358 1592 1425 1656 tuo.

829 1697 1006 1770 Sacerdos
1027 1702 1162 1792 frangit
1187 1706 1222 1771 ei
1247 1702 1370 1792 signal.

831 1813 1011 1886 Diaconos
1033 1814 1228 1908 proclamat
1256 1814 1477 1887 Catholicum.

973 2089 1158 2162 Sacerdos.
1211 2089 1334 2163 Oratio
1360 2091 1553 2162 Dominicu.
1605 2089 1707 2164 Pater
1733 2103 1858 2164 uester.

1562 2201 1572 2232 s

834 2279 1034 2351 Benedictus
1061 2302 1100 2352 es
1125 2277 1270 2354 Domine
1296 2284 1352 2376 qui
1378 2281 1506 2354 coelum
1534 2290 1722 2375 terramque
1747 2279 1868 2377 imples
1894 2280 1994 2373 gloria
2013 2290 2064 2365 tna

727 2397 850 2491 quippe
881 2416 945 2468 nos
980 2395 1080 2468 modo
1119 2394 1274 2488 diguatus
1313 2420 1352 2471 es
1394 2418 1558 2493 usurpare
1592 2399 1783 2468 memoriam
1821 2400 2000 2471 testamenii
2031 2400 2066 2468 tui

726 2514 854 2602 sancti,
888 2510 1118 2608 perficereque
1150 2512 1347 2586 sacrificium
1380 2513 1444 2587 hoc
1470 2512 1691 2586 reverendum
1718 2522 1752 2584 et
1777 2515 1986 2586 incruentum.
2028 2513 2066 2584 lh

726 2629 838 2723 itaque
863 2628 957 2701 Deus
982 2639 1117 2720 noster,
1151 2632 1205 2726 qui
1237 2631 1424 2704 sanctificus
1450 2639 1658 2702 sacramenta
1683 2632 1767 2720 ista,
1792 2641 1937 2727 purgato
1961 2630 2066 2704 nosal

728 2747 818 2817 omni
852 2747 1096 2839 inquinamento
1127 2741 1167 2817 ‘et
1198 2749 1309 2821 carnis
1344 2755 1378 2818 et
1417 2748 1570 2843 spiritus,
1610 2744 1796 2842 docetoque
1835 2770 1901 2821 nos
1934 2749 2068 2845 perlicere

728 2860 817 2956 quod
844 2871 993 2934 sanctum
1020 2865 1131 2936 estin
1158 2865 1277 2937 timore
1303 2866 1364 2935 tui:
1391 2874 1426 2935 ut
1450 2885 1526 2935 cum
1554 2865 1741 2936 testimonio
1761 2864 1897 2938 sincero
1916 2868 2068 2936 conscien-

728 2979 797 3048 tiae
822 2987 960 3050 noemae
985 2976 1064 3051 lacti
1091 2982 1270 3075 participes
1297 2979 1589 3052 sanctificationum
1617 2988 1758 3067 tuarum,
1782 2984 1937 3054 uniamur
1961 2982 2069 3076 corpori

728 3102 763 3165 ct
787 3096 941 3186 sanguini
968 3092 1088 3168 Christi
1116 3099 1175 3186 tui,
1202 3099 1334 3191 aptique
1365 3098 1487 3185 sirnns,
1519 3103 1555 3166 ut
1586 3097 1659 3190 ipse
1685 3093 1810 3166 hahitet
1838 3100 1874 3168 in
1900 3096 2002 3183 nohis,
2022 3116 2085 3194 se·¹

728 3207 868 3281 curidum
895 3215 1150 3305 promissionem
1182 3213 1307 3308 ipsius,
1340 3213 1469 3307 sintque
1502 3209 1606 3282 corda
1637 3221 1752 3283 nostra
1785 3233 1852 3306 pru
1880 3189 2069 3308 hospitloill

728 3322 821 3398 hono
848 3329 985 3421 spiritui.
1039 3326 1087 3400 lta
1113 3327 1208 3400 Deus
1234 3338 1368 3415 noster,
1394 3349 1436 3399 ne
1461 3325 1569 3399 iacias
1603 3348 1799 3422 quemquam
1829 3339 1978 3402 nostmm
1999 3347 2070 3399 reun

729 3445 882 3537 corporis
909 3453 943 3515 et
968 3446 1139 3537 sanguinis
1167 3443 1288 3517 Christi
1313 3442 1388 3516 Filii
1413 3444 1471 3533 tui,
1497 3465 1607 3539 neque
1631 3463 1769 3535 aegrum
1790 3447 1916 3538 animo,
1941 3453 1993 3516 aut
2007 3461 2070 3514 cor·

728 3580 823 3655 pore,
850 3569 1029 3655 propterca
1057 3560 1145 3656 quod
1172 3561 1298 3653 indigni
1317 3562 1550 3656 participemus
1572 3569 1789 3633 sacrosancta
1815 3562 1990 3656 mysteria:
2013 3558 2071 3651 quin

730 3677 841 3770 potius
868 3675 1017 3748 concede
1043 3675 1153 3766 nohis,
1178 3687 1214 3748 ut
1239 3699 1345 3773 usque
1371 3676 1414 3747 ad
1440 3686 1624 3748 extremum
1651 3685 1799 3747 nostrum
1829 3677 1989 3771 spiritum,
2010 3671 2071 3769 pla·

729 3811 865 3862 ceumus
891 3790 961 3880 riht,
988 3789 1233 3888 habeamurque
1261 3792 1350 3885 digni
1376 3813 1509 3866 sumere
1536 3791 1694 3864 salutaria
1714 3801 1939 3880 sacramenta,
1964 3786 2071 3862 Domini

730 3916 764 3981 et
788 3905 1022 4004 Redemptoris
1048 3912 1154 3982 nostri
1180 3909 1263 3983 Jesu
1290 3907 1431 3999 Christi,
1461 3930 1570 4003 neque
1596 3905 1721 4000 indigni
1746 3931 1897 4005 corpore
1922 3909 2072 3978 sanetuet
2133 3923 2142 3936 ¹

731 4027 894 4116 sangiune
920 4024 1091 4120 piacidum,
1118 4024 1179 4099 sed
1206 4024 1316 4098 idonei
1343 4028 1399 4121 qui
1425 4048 1466 4097 ea
1494 4027 1707 4121 accipiamus,
1735 4046 1800 4120 quo
1827 4047 1893 4120 per
1918 4029 1987 4121 ipsa
2008 4041 2071 4091 cor-

729 4137 890 4231 roborati,
918 4140 1061 4213 mundati
1087 4152 1121 4214 et
1146 4141 1297 4237 perlecti,
1324 4145 1491 4238 possimus
1518 4140 1618 4233 digne
1644 4138 1830 4214 obsecrare
1851 4151 1897 4228 te
1924 4163 1983 4237 per
2004 4158 2069 4234 pre·

730 4258 897 4329 cntionem
922 4255 1011 4330 illam
1045 4280 1143 4352 quam
1176 4279 1239 4331 nos
1272 4256 1385 4331 docuit
1418 4259 1604 4349 unigenitus
1636 4255 1858 4349 Fidustius,
1887 4259 2072 4354 cordepuru

729 4371 911 4444 clamantes
938 4383 972 4445 et
998 4373 1162 4447 dicentes:
1188 4376 1289 4447 Pater
1314 4384 1429 4448 noster
1454 4376 1510 4469 qui
1536 4393 1575 4444 es
1600 4375 1632 4443 in
1659 4373 1773 4447 coelis.
1867 4462 1870 4466 ⁸

833 4488 995 4583 Populus.
1047 4488 1279 4564 Sanctificetur
1303 4512 1426 4564 nomen
1450 4499 1552 4581 hrum,
1578 4499 1640 4561 etc.

833 4604 1008 4678 Sacerdos
1039 4611 1098 4678 uit.
1130 4609 1296 4710 ¹Domine
1330 4608 1423 4681 Deus
1457 4616 1490 4678 et
1525 4616 1680 4679 servator
1713 4616 1849 4696 noster,
1889 4628 1934 4700 ne
1964 4600 2072 4675 tntum

729 4744 793 4796 nos
819 4725 853 4793 iu
879 4725 1078 4795 tentationes
1105 4722 1265 4814 difficiles,
1291 4733 1348 4796 aut
1371 4726 1591 4797 necessitates
1618 4745 1764 4795 amaras:
1797 4745 1845 4795 ne
1873 4722 2004 4794 inducas
2025 4734 2072 4787 nus

728 4840 763 4910 in
788 4836 927 4934 laqueos
954 4838 1150 4930 adversarii,
1176 4838 1384 4936 hostiumque
1411 4843 1591 4912 animarum
1617 4850 1823 4912 nostrarum:
1852 4861 1962 4935 neque
1986 4835 2071 4907 desti·

636 4929 646 4952 ’
729 4960 804 5026 tuus
829 4973 893 5026 nos
918 4964 954 5026 ut
978 4956 1159 5029 incidamus
1190 4959 1224 5029 in
1256 4977 1374 5028 manus
1409 4953 1661 5052 aspectabilium
1689 4967 1945 5048 grassatorum,
1974 4947 2072 5043 etuti

728 5072 832 5142 vium
858 5081 1005 5144 noenum
1032 5072 1167 5146 laedere
1193 5075 1344 5168 cupiant3
1377 5072 1438 5146 sed
1461 5069 1568 5146 liheru
1595 5093 1657 5145 nos
1683 5070 1724 5143 ah
1753 5070 1912 5146 omnihus
1938 5069 2070 5143 tentatio-
