4525 6034
676 569 752 645 asa
1155 570 1589 650 counnnrnnrns
1645 683 1651 694 α

676 753 714 818 ab
749 757 888 820 Ecclesia
920 756 1114 836 Orthodona,
1151 765 1310 838 numquam
1341 756 1378 818 ab
1406 776 1443 820 ea
1474 756 1628 820 Jacobitae
1658 757 1863 821 secessionem
1891 756 2043 825 fecissent.

675 856 782 920 Postea
806 858 883 919 enim
906 857 977 920 nihil
1001 856 1081 938 quod
1104 857 1223 920 noviter
1244 858 1409 919 institutum
1432 854 1539 920 luisset
1569 855 1686 920 Graece
1714 857 1823 920 dictum
1852 865 1909 922 est.
1955 855 2046 919 Exmt

679 974 801 1038 quoquc
824 958 855 1020 in
878 955 1002 1020 Graecis
1024 955 1223 1020 Alexandrini
1246 958 1322 1019 ritus
1344 955 1498 1039 biturgiis.

390 1082 507 1137 ΜΝ),
529 1086 663 1138 recentior.
763 1057 901 1122 Secunda
922 1074 996 1138 pars
1019 1074 1097 1136 quae
1120 1073 1181 1118 non
1204 1075 1308 1137 parem
1330 1057 1535 1137 antiquitatem
1556 1054 1658 1134 habet,
1680 1056 1711 1117 in
1733 1055 1809 1118 duas
1831 1073 1952 1137 quoque
1974 1054 2045 1118 alias

684 1155 842 1232 dividitur3
865 1174 932 1218 nam
945 1157 1041 1237 primo
1053 1155 1192 1238 adjuncta
1214 1162 1285 1218 sunt
1302 1163 1413 1218 tantum
1425 1154 1475 1219 illa
1490 1154 1594 1228 verbe,
1612 1149 1771 1235 Corposet
1785 1154 2046 1236 conpotrEmmo-

676 1257 774 1318 aoeb's
794 1256 854 1318 Dei
873 1257 987 1331 nostri,
1009 1256 1067 1316 hoc
1089 1262 1136 1316 est
1156 1256 1188 1316 in
1209 1257 1258 1317 rei
1277 1256 1426 1334 veritate,
1449 1273 1527 1337 quae
1550 1254 1670 1337 quidem
1692 1273 1732 1318 cx
1755 1254 1869 1335 Cyrillo
1891 1254 2046 1335 desumpta

679 1355 837 1434 videntur,
861 1355 1007 1418 adversus
1030 1352 1243 1432 Nestorianos,
1273 1354 1323 1434 qui
1351 1371 1466 1436 negare
1495 1354 1701 1435 probabantur
1731 1373 1772 1417 err
1798 1355 1862 1419 suis
1891 1354 2045 1436 principiis

677 1474 747 1518 esse
770 1456 800 1516 in
823 1456 918 1518 sacris
941 1453 1092 1535 mysteriis
1115 1471 1238 1516 carnem
1261 1451 1372 1515 Christi
1394 1453 1524 1516 divinam
1546 1452 1669 1530 factam;
1692 1470 1730 1515 ea
1752 1461 1851 1515 autem
1874 1453 1986 1531 verba,
2014 1459 2047 1515 ut

680 1562 712 1616 et
734 1555 909 1634 sequentia,
933 1554 1059 1635 Coptice
1081 1552 1236 1615 dicuntur:
1259 1570 1336 1633 quae
1359 1552 1478 1632 quidem
1501 1572 1568 1615 cum
1598 1553 1771 1616 contineant
1797 1551 1979 1615 luculentam
2008 1552 2045 1615 de

676 1654 883 1717 Eucharistiae
905 1655 1033 1717 veritate
1057 1651 1303 1730 Confessionem,
1326 1650 1437 1714 infecta
1459 1660 1529 1714 sunt
1550 1651 1740 1714 nihilomiuus
1768 1650 1923 1715 doctrinae
1952 1652 2044 1715 Jaco-

675 1752 787 1817 bitieae
809 1752 974 1834 particula,
998 1752 1069 1815 dum
1092 1751 1194 1814 dicunt
1216 1749 1328 1814 fecisse
1351 1771 1442 1813 onom
1462 1752 1535 1832 qnid
1555 1772 1596 1813 erc
1617 1752 1800 1814 humanitate
1829 1758 1859 1812 et
1879 1752 2044 1815 divinitate.

675 1850 730 1915 llla
752 1853 872 1933 quideru
894 1852 987 1914 verba
1009 1851 1175 1915 secundum
1198 1849 1364 1913 doctrinam
1387 1849 1593 1914 orthodoxam
1615 1850 1742 1934 intelligi
1764 1857 1908 1931 possent,
1936 1853 1963 1914 si
1993 1870 2046 1914 re-

675 1951 811 2016 ferantur
833 1951 871 2014 ad
902 1951 1045 2015 unitatem
1073 1968 1242 2032 personae:
1270 1967 1346 2012 unus
1375 1950 1487 2030 quippe
1515 1948 1653 2013 Christus
1684 1958 1749 2029 est,
1778 1966 1839 2012 non
1868 1949 2046 2013 confusione

675 2052 878 2129 substantiae,
907 2050 962 2115 sed
991 2052 1105 2113 unitate
1136 2066 1303 2131 personae,
1338 2058 1372 2111 nt
1401 2050 1432 2111 in
1460 2047 1602 2130 Symbola
1625 2047 1780 2113 Athanasii
1810 2049 1890 2111 dicto
1926 2050 2045 2131 legitur.

673 2152 788 2215 Verum
810 2149 860 2214 illa
881 2150 1037 2214 Jacobitae
1061 2148 1198 2213 referunt
1220 2148 1258 2212 ad
1281 2149 1424 2211 unitatem
1448 2156 1574 2211 naturae
1598 2167 1685 2228 quam
1708 2148 1948 2229 pertinacissime
1970 2166 2046 2228 pro-

675 2251 812 2329 fitentur,
842 2258 873 2312 et
895 2268 962 2311 cum
983 2248 1141 2330 Eutychen
1164 2248 1369 2322 detestentur,
1393 2247 1481 2328 cique
1510 2248 1665 2310 anathema
1694 2247 1876 2311 denuncient
1905 2256 2045 2329 tanquam

673 2349 929 2431 Apollinaristae;
952 2348 1063 2429 illaque
1086 2347 1181 2411 verba
1211 2347 1418 2410 confusionem
1446 2348 1618 2429 quamdam,
1650 2348 1877 2429 mistionemquc
1899 2347 2045 2411 inducere

674 2450 866 2527 viderentur,
891 2448 1041 2528 explicata
1063 2456 1135 2510 sunt
1156 2465 1213 2528 per
1234 2446 1466 2529 subsequentia,
1489 2453 1580 2527 atque
1610 2447 1651 2509 ita
1679 2446 1838 2511 Confessio
1867 2465 1935 2510 eam
1956 2465 2046 2527 quam

674 2548 766 2611 habet
788 2549 819 2611 in
840 2546 996 2611 codicibus
1027 2546 1168 2626 formam,
1203 2545 1344 2627 paulatim
1372 2546 1498 2627 accepit.
1544 2546 1620 2609 Tota
1648 2547 1741 2630 igitar
1767 2546 1862 2625 ipsius
1893 2546 2045 2608 sententia

675 2649 862 2730 cumprime
886 2649 1033 2728 pertineat
1056 2647 1094 2708 ad
1116 2646 1356 2730 agnoscendam,
1379 2645 1542 2727 verbisque
1563 2647 1790 2728 simplicissimis
1817 2644 2044 2708 contestandae

676 2748 833 2811 veritatem
856 2748 992 2828 corporis
1015 2747 1233 2829 sanguinisque
1263 2746 1381 2809 Domini
1408 2746 1503 2809 nostri
1533 2745 1608 2808 lesu
1638 2746 1766 2824 Christi,
1796 2744 1929 2808 refertur
1956 2743 2043 2807 simul

675 2846 714 2910 ad
736 2846 953 2910 lncamationis
975 2845 1079 2925 fidem,
1103 2854 1136 2908 ut
1159 2845 1227 2909 dum
1250 2864 1356 2908 verum
1378 2862 1489 2927 corpus
1511 2846 1594 2928 ejus,
1618 2852 1649 2908 et
1670 2846 1846 2927 sanguinem
1869 2845 1899 2906 in
1920 2843 2043 2907 Eucha-

675 2949 758 3010 ristia
782 2967 816 3011 sc
839 2964 1010 3031 agnoscere
1039 2946 1220 3027 profitentur
1248 2946 1422 3024 Jacobitae,
1453 2944 1540 3008 simul
1569 2945 1727 3008 veritatem
1756 2952 1907 3009 assumtae
1934 2944 1971 3007 ab
2003 2963 2041 3007 co

675 3048 775 3111 carnis
799 3053 987 3129 agnoscant,
1011 3048 1201 3127 omniumque
1222 3047 1337 3127 pariter
1365 3061 1442 3126 quae
1468 3045 1500 3108 in
1521 3042 1562 3129 τῇ
1590 3034 1734 3129 dendorp
1762 3036 1928 3126 οἰκονομίᾳ
1955 3051 2042 3126 gesta

674 3156 754 3212 sunt.
799 3147 873 3210 Eam
894 3146 983 3210 tidem
1005 3165 1071 3208 cum
1095 3147 1257 3227 antiquitus
1284 3145 1413 3227 simplex
1442 3142 1592 3226 professio
1620 3145 1738 3207 unionis
1767 3143 1922 3225 perfectae
1950 3152 2043 3206 natu·

674 3237 792 3327 rarum,
816 3247 1094 3329 conjunctionisque
1117 3246 1148 3307 in
1170 3247 1312 3308 unitatem
1335 3261 1486 3327 personae
1516 3246 1590 3306 satis
1620 3246 1823 3325 exprimeret,
1854 3243 2043 3325 postmodum

674 3356 774 3410 tamen
797 3365 864 3410 cum
886 3348 984 3409 unitas
1008 3345 1058 3408 illa
1088 3354 1231 3424 naturae,
1267 3362 1354 3426 quam
1383 3346 1440 3425 ipsi
1472 3344 1615 3424 credunt,
1645 3364 1743 3426 usque
1774 3317 1812 3407 ab
1843 3344 2042 3423 confusionis,

674 3464 762 3527 quam
785 3445 990 3525 detestantur,
1013 3464 1135 3508 sensum
1158 3445 1304 3528 progredi
1333 3445 1503 3522 videretur,
1535 3443 1637 3508 ultima
1665 3446 1759 3509 verba
1787 3443 1980 3521 addiderunt,
2009 3453 2042 3505 ut

673 3544 888 3626 Eutychianam
910 3546 1051 3609 haeresin
1073 3544 1281 3609 excluderent.
1325 3544 1369 3607 Ea
1386 3562 1479 3626 porro
1502 3563 1576 3607 cura
1591 3552 1682 3623 tanta,
1706 3563 1763 3623 ne,
1785 3544 1855 3607 dum
1869 3544 2042 3607 confessio-

672 3664 741 3707 nem
770 3644 808 3707 de
830 3645 1018 3708 Eucharistia
1045 3644 1298 3726 pronunciabant,
1337 3652 1442 3708 contra
1477 3663 1551 3708 suae
1579 3644 1618 3707 de
1646 3644 1854 3708 incarnatione
1885 3644 2042 3707 Ecclesiae

673 3746 848 3825 opinionem
863 3744 1022 3827 quidquam
1034 3744 1183 3823 dicerent,
1206 3744 1403 3807 certissimum
1418 3743 1629 3807 documentum
1652 3752 1699 3807 est
1721 3744 1849 3807 credere
1871 3745 1948 3821 illos,
1971 3761 2042 3807 esse

673 3844 704 3905 in
725 3843 914 3906 Eucharistia
937 3861 1047 3925 corpus
1071 3843 1200 3922 Christi,
1223 3862 1282 3905 non
1310 3845 1444 3925 typicum
1474 3852 1525 3907 aut
1551 3845 1857 3925 repraesentativum,
1887 3844 1941 3907 scd
1968 3842 2042 3906 illud

674 3944 772 4024 ipsum
795 3942 875 4023 quod
898 3952 1059 4007 assumtum
1090 3950 1138 4006 est
1164 3962 1182 4006 a
1212 3942 1315 4005 Verbo
1343 3944 1464 4022 divino,
1496 3964 1537 4006 ex
1563 3944 1657 4007 llario
1686 3945 1829 4027 Virgine,
1863 3951 1893 4006 et
1922 3942 2041 4005 divinae

675 4059 828 4121 personae
851 4046 1042 4125 conjunctum
1065 4045 1167 4105 intima
1190 4045 1321 4120 unitate,
1344 4061 1433 4124 quam
1454 4050 1580 4106 naturae
1603 4062 1673 4106 csse
1694 4043 1808 4106 volant
1852 4041 1937 4105 Unde
1966 4049 2039 4120 tota,

675 4159 754 4221 quae
777 4144 808 4204 in
829 4145 992 4224 posteriori
1015 4142 1223 4207 Confessionis
1245 4151 1332 4224 parte
1353 4143 1504 4225 sequitur,
1528 4162 1632 4206 eorum
1655 4142 1839 4224 Theologia,
1867 4141 1905 4204 de
1935 4141 2040 4204 incar-

674 4243 802 4306 nationis
825 4245 969 4324 mysterio
992 4242 1162 4306 frustranea
1184 4242 1282 4307 futura
1305 4243 1427 4320 fuisset,
1450 4244 1475 4306 si
1497 4261 1558 4306 non
1580 4245 1677 4325 ipsum
1699 4261 1805 4306 verum
1835 4241 1946 4305 Christi
1967 4259 2041 4303 eor-

676 4359 733 4422 pus
755 4343 785 4404 in
809 4342 1004 4406 sacramento
1027 4361 1062 4405 se
1084 4342 1213 4406 credere
1233 4345 1437 4426 agnovissent.

405 4457 502 4510 nauem
527 4458 662 4512 Contenta
764 4441 796 4504 Si
818 4441 889 4504 nihil
913 4439 992 4503 aliud
1015 4441 1175 4505 Confessio
1199 4444 1263 4525 ipsa
1291 4443 1490 4526 significaret,
1520 4460 1609 4523 quam
1638 4442 1851 4506 Eucharistiam
1874 4460 1944 4505 esse
1966 4461 2040 4504 cor-
2102 4521 2115 4530 ,

208 4605 212 4632 ,
355 4559 409 4597 ¹¹⁰⁰
442 4552 526 4611 horest
557 4545 733 4619 intelligtpus
755 4540 870 4603 Christi
890 4545 1034 4624 typicam,
1062 4544 1143 4623 qood
1163 4562 1219 4605 nos
1241 4562 1360 4619 manos,
1382 4561 1448 4605 narn
1471 4544 1511 4603 ita
1535 4542 1690 4623 explicare
1717 4542 1768 4605 vel
1796 4543 1895 4622 potius
1924 4540 2040 4603 obscu-

252 4641 256 4652 '
352 4629 663 4731 attorquamsecundum
678 4658 747 4702 rare
773 4658 940 4721 aggressus
970 4650 1017 4704 est
1048 4640 1241 4720 Albertiuus,
1273 4642 1504 4705 vetustissimam
1535 4640 1614 4704 illam
1648 4639 1821 4718 formulam,
1856 4639 2040 4703 Tertulliano

351 4715 426 4815 s',‘¹‘²¹¹
444 4718 521 4771 '⁰⁸¹¹'
538 4733 664 4787 mmm·
677 4739 810 4802 Eusebio
833 4748 863 4802 et
886 4739 1023 4804 omnibus
1047 4739 1112 4806 aliis
1136 4748 1339 4820 memoratam,
1363 4740 1480 4821 Carpere
1502 4741 1624 4817 Christi,
1653 4742 1756 4804 Amen.
1786 4744 1825 4803 ita
1855 4748 1887 4802 ut
1914 4740 2039 4802 Diacoui

352 4809 409 4855 ’Μ’
678 4847 708 4901 et
732 4838 913 4903 Sacerdotes
936 4839 1005 4902 dum
1028 4839 1102 4902 hacc
1125 4839 1264 4902 dicebant
1286 4859 1348 4905 non
1369 4842 1466 4924 magis
1489 4840 1649 4903 crederent
1671 4842 1700 4904 id
1722 4842 1803 4922 quod
1825 4839 2039 4923 porrigebatur

675 4947 706 5001 et
729 4939 933 5018 accipiebatur
956 4957 1025 5002 esse
1055 4940 1180 5021 proprie
1210 4939 1320 5003 Christi
1355 4959 1483 5022 corpus,
1516 4958 1602 5020 quam
1633 4960 1667 5004 se
1696 4961 1765 5005 esse
1796 4942 1936 5022 proprie,
1965 4938 2037 5001 illud

673 5038 832 5121 ipsummet
855 5058 983 5121 corpus,
1005 5039 1049 5119 si,
1079 5040 1215 5120 inquam,
1243 5039 1315 5102 nihil
1344 5040 1424 5104 aliud
1451 5040 1544 5104 verba
1574 5042 1640 5122 ipsa
1669 5043 1852 5124 significant,
1881 5040 1953 5104 nihil
1979 5039 2036 5101 hac
