4525 6034
456 538 760 623 oroorruluun
776 542 1327 621 ALEXANDRINORUIILIIURCIIS.
1508 532 1587 607 XCI

224 733 370 803 sostomi:
396 735 567 829 utriusque
600 733 800 828 amplissima
827 732 986 825 dignitas:
1013 735 1120 825 major
1153 743 1264 805 tamen
1298 732 1431 802 omnino
1457 727 1585 801 Eccle-

224 850 340 919 siarurn
377 871 463 943 quae
498 848 615 923 talibus
643 847 846 921 orationibus
882 850 1067 941 utebantur,
1103 848 1145 921 ad
1174 870 1232 921 eas
1259 848 1380 942 ubique
1407 867 1584 917 commen-

224 963 344 1035 dandas
371 969 551 1056 autoritas,
587 977 622 1038 ut
648 964 975 1061 Hierosolymitanae
1003 989 1088 1062 quae
1121 964 1302 1054 Iacobum,
1334 962 1585 1035 Alexandrinae

222 1102 306 1173 quae
330 1078 481 1153 Marcum
509 1086 635 1177 primos
649 1081 838 1178 Episcopos
864 1080 1056 1154 habuerant.
1102 1082 1242 1178 Absque
1267 1081 1334 1154 ulla
1360 1083 1459 1172 igitur
1483 1077 1585 1149 falsi-

218 1198 294 1267 tatis
322 1205 376 1267 uut
402 1198 611 1293 corruptelae
637 1209 727 1287 uota,
760 1209 937 1295 potuerunt
962 1199 1183 1271 Alexandrini
1214 1199 1383 1295 Episcopi,
1410 1204 1585 1291 postquam

216 1311 389 1403 Liturgiae
416 1315 517 1386 scribi
544 1326 744 1410 coepemnt,
771 1338 979 1388 communem
1005 1315 1201 1406 formulam,
1228 1325 1263 1387 ut
1289 1326 1341 1387 est
1368 1313 1499 1385 Graeca
1527 1310 1582 1382 illa

215 1437 348 1521 repertu
374 1430 407 1498 111
433 1429 560 1503 Codice
585 1432 620 1503 S.
647 1432 776 1504 Mariae
810 1429 1045 1532 Ὁὸηγητρίας
1078 1433 1165 1529 apud
1198 1430 1384 1520 Calabros,
1412 1450 1498 1524 quae
1525 1448 1587 1497 usu

216 1540 391 1616 Ecclesiae
417 1569 499 1618 suae
525 1547 654 1620 firmata
681 1558 765 1637 erat,
792 1547 899 1620 Marci
925 1549 1108 1642 Liturgiam
1136 1549 1315 1645 appellare.

319 1660 427 1733 XXV.
467 1663 558 1736 illius
584 1668 689 1759 prima
716 1664 808 1760 pars,
835 1675 870 1736 ut
896 1689 976 1739 mon
1004 1666 1209 1755 dicebamus,
1236 1685 1409 1737 commune
1437 1661 1585 1733 Officium
1624 1680 1909 1751 rtarunuurgraepn-

216 1796 323 1868 usque
349 1776 391 1848 ad
417 1780 566 1851 osculum
598 1786 692 1877 pacis
729 1791 762 1853 et
793 1781 1039 1855 Praelationem
1075 1785 1240 1873 continet,
1274 1781 1315 1853 ab
1349 1777 1406 1850 illo
1440 1777 1527 1874 quod
1554 1768 1910 1867 11111311111111111111θ

216 1891 330 1965 basilii
360 1893 499 1989 Coptica
533 1895 785 1993 praescribitur,
822 1919 890 1968 non
920 1900 1053 1971 multum
1086 1899 1254 1972 dissimile.
1309 1896 1405 1981 Quae
1441 1899 1527 1966 enim
1555 1897 1587 1964 in
1600 1853 1911 1994 {mammaemam-

218 2006 349 2080 Graeco
376 2012 561 2107 exemplari
595 2013 736 2085 lacunae
770 2013 945 2108 videntur,
973 2027 1006 2088 et
1040 2017 1166 2088 ideirco
1202 2016 1373 2088 asteriscis
1410 2011 1586 2108 ahquando

217 2122 256 2194 ab
284 2126 414 2199 editore
441 2128 594 2203 distincta
621 2141 708 2219 sunt,
742 2129 819 2201 nihil
854 2131 942 2203 aliud
969 2135 1167 2226 significant,
1204 2154 1301 2228 quam
1336 2131 1505 2203 orationes
1534 2136 1589 2198 aut

216 2240 375 2317 formulas
401 2250 606 2338 notissimas,
634 2270 716 2344 quas
749 2251 838 2319 scire
870 2248 1031 2321 deberent
1063 2272 1180 2323 omues
1214 2250 1422 2336 memoriter,
1455 2255 1489 2316 et
1513 2244 1587 2315 illas

215 2358 340 2432 idcirco
371 2364 523 2455 integras
558 2386 728 2461 apponere
754 2386 822 2438 non
835 2365 1011 2439 videbatru
1039 2369 1287 2455 necessarium
1315 2374 1414 2459 atque
1441 2361 1527 2432 idem
1553 2362 1587 2431 in

218 2475 387 2551 codicibus
415 2479 674 2576 quibuscumque
701 2489 835 2575 praeter
862 2480 1027 2574 Graecos,
1053 2483 1218 2578 Spriacis,
1244 2481 1480 2578 Aegyptiacis,
1505 2477 1586 2548 Ae-

217 2591 381 2689 thiopicis,
407 2596 576 2689 Arabicis,
603 2598 792 2670 Arnrenicis
820 2595 1028 2670 observatur.
1055 2597 1143 2670 Nihil
1169 2601 1203 2668 111
1228 2602 1334 2693 prima
1360 2605 1455 2692 parte
1482 2594 1586 2665 vide-

216 2730 300 2799 mus,
329 2712 418 2806 quod
444 2713 487 2785 ad
513 2715 715 2787 Basilianam
736 2711 902 2785 Graecam
921 2719 1042 2809 magis,
1070 2738 1167 2811 quam
1188 2713 1231 2785 ad
1258 2713 1340 2786 alias
1366 2712 1585 2783 1111151111-

217 2824 280 2897 dat:
314 2828 375 2901 sed
402 2834 512 2903 omnia
539 2835 741 2903 conveniunt
768 2853 842 2901 cum
868 2853 910 2902 ea
937 2832 1054 2904 lilarci.
1320 2822 1324 2831 “

318 2945 441 3018 XXVI.
468 2947 623 3020 Secunda
649 2969 741 3044 pars,
768 2947 895 3020 scilicet
922 2971 1007 3043 quae
1033 2951 1146 3044 incipit
1172 2972 1192 3020 a
1218 2951 1310 3044 pacis
1338 2944 1453 3018 osculo
1481 2960 1907 3038 usqueSecuuuaparsomcum

217 3060 255 3132 ad
278 3063 455 3156 Liturgiae
480 3064 598 3155 finem,
624 3087 692 3138 non
719 3075 772 3137 est
798 3063 938 3157 eadem,
963 3088 1073 3161 neque
1100 3071 1275 3155 convenit,
1309 3068 1373 3137 nisi
1413 3085 1453 3133 ea
1488 3052 1731 3155 quami'lii‘rium
1748 3053 1870 3105 “infin“-

217 3177 357 3252 diximus
383 3182 535 3272 generah
567 3181 800 3255 conformitate
832 3184 951 3253 rituum
984 3192 1018 3254 et
1045 3187 1292 3275 sententiarum,
1320 3205 1393 3253 cum
1420 3182 1526 3275 prima
1553 3185 1587 3246 et

216 3299 397 3393 praecipua
425 3298 577 3395 Coptica,
605 3321 692 3393 quae
719 3308 772 3372 est
796 3297 920 3369 Basilii.
949 3297 1004 3370 Ex
1031 3322 1071 3370 ea
1085 3304 1186 3393 igitur
1207 3304 1337 3372 ratione
1352 3297 1453 3387 illam,
1480 3292 1585 3389 qualis

220 3412 349 3486 Graece
377 3414 463 3487 editu
491 3426 563 3506 est,
589 3438 656 3488 non
684 3436 762 3488 esse
790 3415 980 3506 Cononem,
1013 3426 1047 3488 ut
1072 3439 1140 3489 uno
1166 3416 1274 3490 verbo
1301 3405 1428 3489 vocare
1456 3431 1586 3509 possu-

218 3552 300 3621 mus,
329 3550 535 3603 communem
554 3535 680 3605 veteris
708 3531 927 3606 Alexandrini
939 3535 1021 3605 ritus
1039 3534 1262 3627 intelligimus,
1290 3532 1350 3608 sed
1371 3530 1585 3624 singularem,

219 3651 267 3718 cui
293 3649 401 3743 prima
429 3646 533 3721 Officii
559 3671 640 3744 pars
666 3651 699 3719 in
713 3647 840 3720 Codice
865 3652 1089 3745 manuscripto
1108 3651 1261 3744 adjuncta
1279 3649 1390 3740 fuerit,
1415 3657 1450 3719 ut
1477 3644 1584 3717 disci-

219 3763 302 3858 phna
328 3762 481 3855 ferebat,
518 3765 649 3859 quando
677 3764 720 3838 ad
746 3786 896 3859 synaxes
930 3763 1105 3838 Christiani
1132 3768 1294 3864 Aegyptii
1331 3790 1372 3838 ea
1399 3764 1583 3837 utebantur.

219 3880 304 3953 Iieri
331 3884 431 3952 etiarn
457 3880 558 3952 iacile
584 3886 702 3978 potuit,
729 3892 765 3952 ut
791 3902 836 3951 ex
854 3902 977 3973 magno
1004 3883 1059 3955 illo
1081 3884 1308 3958 Ecclesiarum
1323 3903 1473 3970 numero,
1500 3899 1586 3977 quae

219 3994 446 4069 Alexandrino
472 3997 686 4071 Patriarchae
713 3997 887 4089 suberant,
913 4001 1090 4073 nonnullae
1117 4001 1235 4073 eadem
1269 4000 1471 4096 frequentius
1504 4006 1586 4070 ute-

220 4123 340 4204 rentur,
367 4118 521 4208 quamvis
546 4119 655 4206 major
681 4138 795 4187 earum
821 4137 902 4209 pars
928 4115 1108 4207 Basihana,
1137 4140 1222 4213 quae
1248 4120 1280 4188 in
1297 4115 1478 4189 Codicibus
1504 4115 1585 4187 Ae-

220 4235 383 4326 gyptiacis
410 4233 515 4327 prima
542 4243 605 4323 est,
631 4235 678 4304 uti
704 4231 841 4322 soleret,
869 4230 987 4304 saltem
1012 4258 1033 4305 a
1059 4245 1157 4331 capta
1184 4257 1204 4305 a
1228 4231 1479 4305 Muhamedanis
1505 4230 1584 4301 Ae-

219 4357 331 4441 gypm
358 4353 408 4423 Ita
421 4354 509 4424 enirn
529 4375 600 4424 rem
618 4375 657 4424 51
671 4351 796 4425 babere
807 4350 1015 4425 demonstrat
1034 4350 1246 4446 Aethiopum,
1260 4352 1314 4445 qui
1343 4346 1584 4442 aCoptitarum

219 4459 414 4539 Patriarchis
449 4471 558 4539 omnia
591 4490 763 4542 sacrorum
794 4471 961 4559 instituta,
994 4469 1088 4543 simul
1122 4492 1196 4539 cum
1233 4467 1363 4539 haeresi
1397 4461 1584 4535 Jacobitica

222 4592 429 4679 aecepenmt,
446 4584 636 4681 disciplina.
691 4583 808 4657 Canon
840 4589 927 4657 enirn
955 4585 1130 4660 Generalis
1157 4583 1369 4678 Aethiopum,
1401 4582 1455 4676 qui
1482 4601 1583 4650 eom-

221 4717 346 4770 munem
386 4699 558 4794 Liturgiae
595 4702 736 4775 sormam
771 4706 936 4793 continet,
973 4702 1164 4775 Basilianae
1207 4700 1380 4791 Liturgiae
1420 4697 1583 4792 Copticae

223 4816 379 4906 quaedam
406 4816 543 4890 liberior
568 4823 683 4891 versio
710 4829 772 4892 est.

320 4934 458 5007 XXVII.
492 4936 650 5009 Attamen
683 4934 816 5008 Graeco
853 4935 1036 5033 exemplari
1062 4958 1137 5006 cum
1164 4932 1313 5028 Copticis
1341 4930 1483 5023 collato,
1518 4915 1905 5002 111-811ιί118οΓῐΙΙῙίηοθεῒὶΙΙῃ

223 5048 447 5141 prehendimus
475 5051 640 5126 Graecam
667 5053 785 5146 Marci,
812 5065 846 5141 et
873 5055 1045 5150 Copticam
1075 5052 1205 5149 Cyrihi,
1232 5073 1317 5145 quae
1345 5048 1460 5121 ordine
1489 5050 1584 5120 tertia
1598 5001 1904 5155 {¹:2⁸0‡‡‘,{¹,J⁸¹⁰⁰⁰⁰⁹‘¹'

1292 5166 1378 5238 12*
