4525 6034
347 1119 412 1211 IN
454 1117 837 1211 LITURGIAM
882 1117 1146 1212 sisinii
1193 1120 1228 1212 Α
1273 1121 1480 1218 nisio

742 1337 1091 1419 besvensis

541 1491 1253 1668 ‘onsnnvnviovns

324 1840 466 1935 Qumvrs
498 1869 538 1913 ex
567 1851 681 1913 autoris
710 1852 846 1933 nomine,
877 1853 958 1935 quod
980 1853 1050 1916 huic
1071 1852 1227 1935 Liturgiae
1250 1852 1418 1933 praefixum
1441 1861 1507 1931 est,
1537 1852 1604 1916 aliis

228 1956 449 2021 recentioribus
472 1956 620 2036 praeponi
642 1955 693 2017 illa
717 1956 881 2035 debuisset,
905 1959 987 2039 iuxta
1009 1955 1182 2020 methodum
1196 1974 1285 2037 quam
1300 1956 1330 2018 in
1344 1956 1401 2018 bac
1416 1954 1604 2020 collectione

228 2057 431 2131 servavimus,
459 2054 529 2134 quia
552 2062 651 2118 tamen
674 2055 754 2118 edita
777 2057 887 2119 dudum
916 2057 1018 2119 versio
1048 2056 1127 2118 illins
1156 2053 1255 2117 fuerat
1289 2075 1307 2118 a
1334 2057 1401 2118 viro
1430 2054 1604 2118 doctissimo

228 2156 352 2220 Andrea
367 2154 474 2232 blasio,
499 2173 565 2216 eam
587 2154 712 2235 reliquis
736 2155 952 2236 subjiciendam
972 2155 1181 2238 judicavimus.
1211 2154 1249 2216 Ut
1261 2155 1301 2217 ita
1313 2154 1480 2218 faceremus
1494 2171 1605 2216 causae

228 2256 417 2337 potissimum
448 2252 525 2315 duae
554 2253 692 2326 luerunt,
737 2255 833 2318 Prima
862 2263 909 2318 est
940 2255 1020 2336 duod
1054 2261 1137 2316 extat
1166 2254 1195 2315 in
1224 2255 1412 2335 paucissimis
1444 2253 1605 2316 Codicibus

228 2352 440 2434 manuscriptis
462 2351 538 2415 haec
560 2352 710 2435 Liturgia,
734 2354 775 2416 ita
798 2363 830 2417 ut
851 2374 908 2436 per
930 2357 1026 2418 annos
1049 2353 1160 2416 multos
1183 2351 1295 2416 irustra
1318 2373 1334 2416 a
1358 2354 1444 2416 nobis
1468 2354 1605 2434 quaesita

228 2455 329 2532 luerit,
352 2457 475 2532 reperta
498 2450 617 2514 tandem
640 2454 670 2515 in
693 2454 817 2535 optimo,
840 2462 872 2516 et
893 2454 966 2516 satis
989 2460 1110 2516 vetusto
1135 2451 1249 2515 Codice
1267 2452 1453 2518 colbertino.
1491 2451 1550 2515 Sed
1573 2450 1606 2512 in

228 2553 337 2616 eodem
368 2568 428 2612 non
458 2550 515 2613 soli
543 2549 657 2615 Basilio
689 2553 847 2634 tribuitur,
879 2562 920 2616 ut·
940 2556 971 2616 in
1000 2572 1038 2616 eo
1061 2571 1151 2634 quem
1172 2552 1287 2614 Masius
1310 2561 1433 2616 secutus
1457 2560 1520 2628 est,
1549 2550 1606 2613 sed

230 2650 381 2735 Gregorio
404 2650 563 2732 Theologo
587 2652 782 2750 conjunctim:
813 2653 895 2734 quod
914 2653 1095 2716 observatur
1117 2651 1208 2714 etiam
1230 2653 1261 2713 in
1283 2653 1375 2715 variis
1399 2652 1437 2715 de
1455 2653 1526 2734 jure
1548 2668 1605 2713 re-

227 2748 350 2829 sponsis
372 2749 612 2830 Ecclesiastieis,
641 2769 720 2833 quae
743 2753 850 2816 iisdem
872 2752 1094 2816 adscribuntur.
1140 2749 1247 2812 Altera
1270 2770 1360 2814 causa
1384 2750 1440 2814 fuit
1461 2758 1494 2813 ut
1515 2752 1603 2813 istam

227 2849 355 2912 seorsim
385 2848 560 2929 ederemus,
592 2859 623 2913 et
652 2865 692 2914 ex
718 2847 804 2916 blasii
834 2853 993 2926 versione;
1023 2851 1093 2933 quia
1121 2849 1244 2912 iabores
1267 2868 1446 2933 magnorum
1468 2851 1604 2913 virorum

227 2966 284 3029 per
307 2966 384 3028 quos
408 2949 610 3030 proiecimus,
633 2951 771 3013 revereri
794 2951 910 3031 potius,
935 2969 1023 3032 quam
1045 2951 1235 3030 supprimere
1258 2947 1402 3012 debemus
1410 2970 1420 3026 ;
1450 2956 1511 3011 tum
1534 2949 1603 3030 quia

228 3046 382 3110 multoties
405 3048 500 3126 edita,
524 3047 688 3130 Theologis
711 3047 862 3112 familiaris
886 3056 947 3128 est,
978 3049 1029 3129 qui
1057 3050 1115 3110 nisi
1145 3047 1268 3131 linguae
1297 3050 1387 3129 periti
1418 3050 1493 3125 sint,
1522 3066 1604 3110 nova
1692 3072 1700 3086 ι

229 3163 324 3226 saepe
346 3148 597 3228 interpretatione
619 3147 847 3210 conturbantur.
892 3147 931 3210 Et
959 3147 1010 3210 illa
1024 3163 1114 3210 sane
1137 3165 1199 3210 non
1222 3155 1287 3210 erat
1310 3148 1469 3211 admodum
1491 3165 1605 3210 neces·

229 3246 325 3321 saria,
354 3265 421 3308 cum
445 3247 555 3328 ubique
577 3245 673 3309 ferme
696 3246 876 3309 sententiam
899 3246 1016 3327 Syriaci
1039 3245 1161 3309 Codicis
1183 3246 1313 3309 fideliter
1334 3246 1448 3309 Masius
1471 3264 1605 3327 expres-

230 3346 321 3425 serit,
354 3347 384 3408 in
416 3348 495 3409 notis
524 3346 668 3410 brevibus
697 3354 728 3408 et
756 3343 945 3427 praefatione
973 3345 1134 3428 aliquando
1163 3346 1373 3426 cespitaverit,
1407 3345 1487 3427 quod
1514 3346 1604 3408 vitari

229 3446 281 3506 vix
310 3452 448 3527 poterat,
479 3464 547 3509 cum
577 3463 665 3508 nemo
697 3453 766 3508 ante
796 3445 878 3507 illum
908 3444 1049 3526 Syriacos
1079 3446 1155 3506 ritus
1189 3443 1414 3509 Eucharisticos
1448 3445 1603 3525 explicare
1682 3433 1684 3440 ’

229 3562 396 3626 aggressus
419 3544 507 3608 foret.
551 3544 598 3607 De
620 3545 678 3608 boc
700 3553 878 3627 argumento
902 3543 1019 3607 dicetur
1041 3552 1168 3626 postea,
1198 3543 1236 3606 de
1264 3545 1407 3607 versione
1435 3562 1531 3625 pauca
1555 3544 1604 3607 di-

129 3721 137 3740 ·
230 3643 326 3706 cenda
348 3650 427 3706 sunt.

316 3741 348 3804 ln
372 3743 466 3805 sacris
491 3741 620 3821 Officiis,
650 3748 681 3804 ct
707 3742 929 3805 Ecclesiasticis
958 3743 1115 3823 precibus,
1147 3741 1233 3804 stilus
1255 3744 1398 3823 proprius
1422 3751 1483 3822 est,
1514 3761 1604 3824 quem

230 3842 389 3904 multorum
413 3840 603 3904 saeculorum
625 3860 698 3904 usus
723 3842 929 3916 consecravit,
960 3842 1010 3923 qni
1040 3842 1069 3904 in
1092 3859 1207 3904 summa
1229 3842 1418 3923 simplicitate
1442 3842 1603 3924 majestatis

229 3940 321 4004 babet
343 3941 511 4022 plurimum,
533 3960 591 4004 nee
613 3942 710 4003 minus
732 3929 863 4022 pietatis.
909 3940 967 4014 Qui
988 3942 1156 4024 scripturas
1178 3959 1300 4019 sacras,
1331 3944 1417 4024 quasi
1447 3960 1506 4004 non
1529 3941 1603 4003 satis

231 4040 358 4123 elegans
381 4039 461 4103 soret
482 4040 587 4103 Latina
609 4041 724 4120 versio,
747 4040 866 4103 cultiori
888 4040 958 4104 stilo
980 4042 1171 4121 interpretati
1192 4049 1272 4118 sunt,
1295 4048 1328 4103 ut
1349 4043 1428 4104 inter
1450 4042 1526 4104 alios
1541 4040 1604 4103 Ca·

232 4139 336 4218 stelio,
367 4142 508 4221 exiguam
538 4140 657 4203 laudem
685 4141 856 4218 consecuti,
885 4158 990 4221 parum
1018 4139 1143 4220 reliquis
1171 4139 1358 4220 profuerunt.
1402 4140 1483 4202 ldem
1506 4158 1602 4221 prope

230 4239 326 4302 blasio
348 4240 380 4301 in
402 4226 459 4302 bae
481 4242 623 4303 versione
646 4242 790 4324 configit,
819 4240 889 4303 dum
910 4239 1016 4302 Latine
1038 4238 1120 4319 loqui
1144 4238 1282 4316 allectat,
1313 4239 1390 4301 adeo
1418 4246 1451 4299 ut
1474 4238 1602 4300 Cicero-

230 4339 388 4401 nianorum
411 4339 528 4402 illorum
552 4340 690 4421 exemplo
713 4358 807 4403 voces
830 4339 1013 4416 Salvatoris,
1043 4337 1323 4415 consubstantialis,
1350 4337 1602 4418 regenerationis,

232 4446 263 4500 et
284 4438 444 4501 nonnullas
474 4438 549 4500 alias
579 4437 696 4522 fugisse
726 4439 880 4517 videatur,
902 4446 934 4501 ut
956 4438 1029 4501 alias
1051 4438 1257 4501 substitueret.
1302 4437 1366 4499 Nos
1387 4437 1418 4498 in
1441 4438 1505 4499 aliis
1529 4454 1604 4498 vcr-

232 4536 331 4601 tendis
361 4538 398 4600 ab
421 4540 543 4619 antiqua
564 4538 754 4619 simplicitate
776 4556 838 4601 non
859 4540 1056 4618 recessimus,
1087 4537 1273 4600 Graecorum
1295 4544 1430 4600 veterum
1455 4535 1604 4599 Christia-

231 4654 339 4700 norum
361 4655 457 4716 more,
480 4639 531 4719 qui
553 4638 665 4719 spretis
680 4638 802 4720 linguae
819 4657 893 4702 suae
908 4639 1137 4720 copiosissimae
1149 4636 1269 4716 divitiis,
1292 4638 1508 4717 scripturarum
1532 4633 1602 4696 stilo

231 4754 342 4817 preces
374 4758 480 4801 omnes
510 4756 581 4800 snas
613 4746 842 4819 expresserunt.
886 4738 1002 4802 Novam
1031 4738 1205 4800 versionem
1233 4735 1306 4798 dare
1336 4755 1413 4817 opus
1443 4752 1505 4798 non
1527 4740 1603 4811 erat,

233 4855 299 4899 cum
322 4856 363 4900 ex
385 4839 452 4901 aliis
474 4837 636 4921 Liturgiis,
660 4839 686 4900 si
708 4837 788 4919 quod
811 4838 972 4901 discrimen
994 4836 1156 4900 locutionis
1179 4843 1374 4915 occurreret,
1396 4835 1485 4898 facile
1507 4832 1606 4914 possit

234 4938 369 5019 agnosci.
414 4935 488 4998 lllud
513 4937 601 4999 ctiam
625 4937 741 4999 dillicile
763 4936 885 5000 luisset:
916 4955 983 4999 nam
1007 4935 1164 5016 exemplar
1187 4952 1246 5016 quo
1269 4952 1341 4997 usus
1364 4941 1411 4997 est
1433 4934 1563 5011 blasius,
1587 4949 1605 4992 a

234 5034 411 5098 Colbortiuo
434 5035 533 5098 dillert
556 5038 585 5098 in
607 5037 722 5099 multis:
750 5036 831 5099 istud
854 5054 946 5119 porro
968 5034 1065 5099 solum
1087 5035 1146 5097 bue
1168 5053 1265 5115 usque
1286 5034 1420 5096 nancisei
1442 5033 1604 5115 potuimus·

233 5132 384 5219 Integram
406 5155 446 5198 ex
469 5151 506 5198 eo
529 5136 701 5199 versionem
722 5137 880 5200 instituere
903 5153 1017 5218 operae
1039 5135 1170 5217 pretium
1191 5152 1253 5197 non
1276 5140 1352 5211 erat,
1374 5151 1474 5216 neque
1495 5131 1603 5215 perfici

1304 5236 1382 5312 73*
