4525 6034
1402 557 1552 632 350
2417 557 3135 635 LITURGIA

1609 745 1934 837 Populus.
2039 745 2282 816 Amen.

1609 859 1960 932 Sacerdos
1996 861 2382 932 inclinatus.
2452 859 2843 933 Pastoribus
2889 881 2984 930 ex
3020 882 3300 954 quorum
3338 871 3578 933 ventre
3619 857 3886 933 flumina
3930 884 4114 955 aquae

1399 981 1607 1049 vivae
1658 975 2038 1049 fluxerunt:
2098 980 2341 1071 quique
2393 984 2619 1072 potum
2673 975 3029 1047 salutarem
3086 975 3328 1048 ovibus
3381 985 3452 1047 et
3504 977 3697 1077 agnis
3752 978 3881 1047 tuis
3931 999 4112 1071 prae-

1396 1091 1718 1181 buerunt,
1791 1103 2063 1188 praesta
2141 1092 2464 1180 Domine,
2536 1092 2924 1163 memoriam
2995 1093 3258 1186 pietatis
3332 1091 3615 1166 bonam:
3687 1113 3946 1186 nosque
4013 1115 4114 1186 per

1398 1206 1660 1279 illorum
1716 1211 2237 1292 intercessiones
2253 1244 2275 1260 ·
2293 1207 2572 1280 custodi.

1608 1324 1912 1395 Elevans
1962 1346 2214 1395 vocem.
2334 1324 2423 1396 Ut
2487 1322 2746 1395 illorum
2812 1322 3113 1396 doctrina
3180 1322 3454 1395 salutari
3519 1322 4005 1396 confirmemur:
4060 1332 4116 1394 et

1401 1437 1732 1535 exemplis
1787 1449 2049 1536 patrum
2105 1463 2339 1512 eorum
2393 1442 2806 1529 insistamu8‚
2863 1448 3061 1533 atque
3113 1441 3204 1511 ita
3257 1449 3442 1511 sorte
3496 1450 3565 1510 et
3613 1437 3907 1511 funiculo
3966 1438 4114 1510 hae-

1398 1553 1696 1626 reditatis
1753 1578 1987 1627 eorum
2040 1577 2168 1629 nos
2223 1554 2464 1648 dignos
2519 1554 2802 1644 efficias,
2867 1563 2935 1626 et
2999 1558 3170 1627 inter
3237 1576 3393 1642 eos,
3461 1563 3533 1625 ut
3583 1553 3708 1641 illi,
3775 1551 4112 1627 referamus

1396 1669 1512 1742 tibi
1565 1670 1872 1763 gloriam.

1605 1786 1930 1880 Populus.
2037 1787 2277 1857 Amen.

1604 1900 1960 1976 Sacerdos
2004 1902 2392 1972 inclina-tue.
2473 1897 2952 1971 Defunctorum
2990 1900 3101 1993 qui
3140 1897 3561 1971 crediderunt
3597 1901 3945 1993 promissis
3984 1902 4114 1969 uni-

1397 2021 1605 2110 geniti
1647 2016 1795 2089 Filii
1833 2021 1951 2109 tui‚
2006 2027 2074 2090 et
2124 2021 2191 2088 in
2247 2039 2371 2112 spe
2412 2016 2927 2088 resurrectionis
2981 2011 3502 2104 obdormierunt,
3555 2035 3718 2087 ossa
3770 2019 3838 2086 in
3894 2014 4114 2111 pulve-

1396 2156 1538 2204 rem
1596 2132 1908 2222 redacta‚
1975 2132 2254 2207 odorem
2309 2134 2759 2205 suscitationis
2814 2132 3062 2203 sentire
3113 2128 3259 2203 fac:
3332 2133 3582 2202 animas
3645 2152 3881 2202 eorum
3943 2129 4115 2201 reduc

1396 2248 1481 2320 ad
1536 2270 1768 2320 eorum
1822 2249 2186 2334 cadavera.
2240 2259 2309 2320 et
2359 2249 3011 2344 praevaricationum
3065 2244 3327 2318 illorum
3381 2267 3469 2317 ne
3522 2248 3924 2317 memineris.

1606 2364 1908 2435 Elevam
1976 2387 2227 2436 vocem.
2355 2363 2445 2435 Ut
2512 2385 2638 2458 per
2701 2373 2767 2434 te
2840 2385 2878 2433 a
2939 2370 3157 2433 morte
3224 2360 3543 2458 spirituali
3610 2360 3910 2448 liberati,
3969 2370 4033 2431 et
4084 2384 4117 2431 a

1394 2481 1667 2572 gurgite
1717 2479 2111 2576 perditionis
2173 2478 2391 2551 educti
2444 2488 2514 2549 et
2564 2502 2604 2550 a
2657 2477 2815 2551 limo
2869 2481 3318 2573 corruptionis
3372 2481 3678 2565 extracti,
3734 2500 3911 2549 nunc
3941 2476 4115 2546 fortes

1396 2607 1755 2689 resurgant
1808 2606 1876 2668 et
1927 2606 2241 2668 enarrent
2293 2593 2740 2666 fortitudinem
2793 2605 2862 2665 et
2927 2597 3211 2686 gratiam
3267 2598 3586 2688 unigeniti
3638 2593 3789 2673 Filii
3858 2597 3968 2681 tui,
4015 2613 4116 2686 per

1396 2734 1594 2805 quem
1646 2734 1772 2783 nos
1827 2733 2094 2806 quoque
2146 2711 2673 2783 misericordiam
2730 2715 3054 2805 consequi
3108 2732 3481 2805 speramus,
3550 2713 4116 2803 remissionemque

1394 2837 1831 2921 pcccatorum
1887 2850 2059 2922 quae
2110 2837 2387 2922 propter
2439 2849 2591 2898 eum
2646 2836 2786 2914 est,
2839 2836 2972 2898 tam
3025 2824 3249 2918 nobis,
3304 2850 3500 2921 quam
3551 2825 3699 2899 illis.

1609 2943 1932 3035 Populus.
2040 2944 2346 3030 Quietem
2398 2951 2689 3039 praesta.

1616 3058 1987 3130 Sacerdos.
2094 3057 2182 3130 Et
2234 3080 2458 3132 novos
2511 3081 2637 3154 per
2688 3058 3046 3133 secundam
3100 3057 3563 3149 formationem
3617 3057 3859 3150 factos,
3911 3078 4120 3130 resur-

1400 3183 1799 3268 gentesque,
1855 3173 1937 3245 ad
1992 3177 2385 3247 convivium
2438 3175 2783 3270 spirituale
2831 3176 2902 3246 in
2955 3184 3320 3270 conspectu
3372 3185 3529 3261 tuo.,
3598 3197 3725 3248 nos
3778 3184 4118 3246 renovatos

1396 3301 1551 3360 tuos
1606 3290 1986 3387 aequaliter=
2025 3294 2390 3385 pervenire
2442 3302 2741 3387 praesta,
2792 3303 2864 3363 ut
2915 3294 2980 3362 in
3034 3289 3192 3377 hoc,
3266 3295 3437 3362 sicut
3502 3294 3567 3362 in
3638 3292 3915 3385 reliquis
3978 3288 4119 3382 glo-

1395 3404 1706 3495 rificetur,
1780 3417 1848 3477 et
1898 3405 2202 3479 laudetur
2252 3428 2498 3478 nomen
2563 3418 2739 3478 tuum
2807 3407 3363 3498 gloriosissimum
3429 3418 3498 3479 et
3559 3406 4009 3495 benedictum,
4065 3415 4120 3476 ut

1397 3524 1595 3592 etiam
1648 3523 1917 3595 Domini
1968 3524 2182 3594 nostri
2234 3521 2401 3594 Jesu
2454 3521 2698 3596 Christi
2751 3532 2822 3594 et
2872 3521 3156 3618 Spiritus
3210 3525 3422 3595 sancti
3453 3545 3648 3612 nunc,
3703 3534 3836 3596 etc.

1605 3637 1927 3730 Populus.
2035 3636 2139 3709 Ut.

1604 3752 1974 3823 Sacerdos.
2080 3753 2250 3825 Pax.

1602 3868 1930 3961 Populus.
2035 3866 2124 3941 Et
2176 3891 2326 3940 cum
2382 3871 2614 3965 spiritu
2666 3881 2800 3941 tuo.

1604 3983 1976 4055 Sacerdos.
2082 3983 2591 4057 Misericordiae
2642 3984 2772 4055 Dei
2828 3987 2976 4056 sint.

1603 4099 1930 4192 Populus.
2033 4097 2123 4171 Et
2174 4121 2325 4170 cum
2379 4103 2608 4195 spiritu
2662 4110 2796 4173 tuo.

1608 4215 1962 4286 Sacerdos
2006 4218 2277 4310 franqit
2330 4222 2401 4285 et
2449 4220 2678 4310 siqnat
2727 4217 2979 4287 dicens.
3089 4215 3457 4288 Credimus.

1602 4330 1963 4402 Diacomoe
2013 4330 2161 4400 alta
2211 4352 2385 4401 voce
2436 4330 2606 4402 dicit
2660 4330 3100 4402 (katholicam.

1919 4603 2273 4675 Sacerdos
2324 4605 2494 4675 dicit
2549 4604 2947 4676 Orationem
2997 4605 3092 4675 ad
3141 4605 3343 4676 Pater
3392 4615 3644 4678 noster.

1604 4791 1844 4882 Tange
1909 4793 2231 4883 Domine,
2305 4813 2632 4884 organum
2704 4791 3047 4889 spirituale
3120 4804 3414 4867 nostrum
3436 4845 3458 4880 .,
3526 4792 3704 4888 quod
3768 4793 3858 4865 ad
3920 4788 4124 4865 laudes

1396 4917 1541 4980 tuas
1597 4905 1968 4977 ordinatum
2022 4918 2149 4997 est,
2203 4908 2445 5020 studia,
2501 4917 2567 4979 et
2620 4907 2892 4982 affectus
2947 4932 3096 4980 cum
3149 4907 3435 4980 motibus
3490 4918 3560 4980 et
3629 4907 4122 5001 cogitationibus

1397 5044 1570 5116 quae
1635 5044 1761 5096 nos
1827 5023 2224 5097 conturbant
2292 5034 2631 5119 tempera,
2709 5034 2782 5095 ut
2851 5024 3212 5097 secundum
3281 5027 3758 5098 institutionem
3827 5022 4123 5116 unigeniti
