4525 6034
548 555 601 632 AD
622 552 828 630 munerati
842 549 1035 629 cornuin
1050 551 1081 628 S.
1100 549 1246 628 insuti.
1506 549 1580 624 271

215 741 338 822 primus,
361 738 450 802 dandi
473 739 710 803 communionem
733 736 882 814 methodi,
910 755 984 800 vere
1007 736 1063 799 suh
1086 743 1214 818 utraque
1236 735 1340 817 specie
1363 735 1483 799 censeri
1506 753 1586 816 pos-

214 842 289 903 sint:
312 839 452 921 illamque
475 839 581 902 saltem
604 847 775 921 agnoscant
795 856 813 899 a
834 836 922 900 nobis
952 836 990 898 ad
1020 835 1156 917 Coptitas
1182 853 1242 898 non
1271 835 1446 899 translatam
1476 835 1584 914 inisse,

214 942 264 1021 qui
293 957 360 1002 eam
387 940 576 1022 ignoramus,
610 945 643 1001 ut
672 940 760 1000 etiam
790 936 974 1018 disciplinam
1004 936 1093 999 dandi
1120 935 1338 999 Eucharistiam
1368 935 1542 1013 infantibus,
1565 952 1585 996 a

211 1038 311 1101 maltis
341 1037 471 1101 saeculis
505 1038 713 1116 intermissam,
741 1038 801 1120 jam
829 1038 999 1100 omittimus.
1043 1034 1181 1098 videnda
1210 1035 1299 1097 etiam
1331 1054 1408 1116 quae
1442 1037 1472 1097 in
1506 1034 1583 1096 hanc

211 1140 391 1201 sententiam
414 1139 557 1221 leguntur
579 1138 609 1199 in
630 1136 765 1219 Epistola
795 1135 943 1199 Gabrielis
971 1136 1103 1200 Sionitae
1131 1134 1170 1196 ad
1196 1133 1389 1197 bertholdum
1416 1134 1582 1209 Nhusium,

212 1245 243 1302 et
264 1238 348 1319 apud
370 1237 457 1301 allos.
1581 1305 1585 1314 ,

300 1339 377 1402 Sunt
400 1337 476 1398 aliae
498 1334 670 1418 singulares
692 1336 911 1412 caeremoniae,
934 1334 972 1396 de
995 1333 1102 1414 quihus
1125 1331 1275 1396 Rubrioae
1294 1332 1365 1394 nihil
1382 1335 1583 1415 praecipiunt,

210 1445 244 1500 ιιι
266 1437 307 1499 de
329 1436 422 1500 rebus
445 1435 625 1513 notissimis,
648 1451 723 1516 quas
746 1441 845 1496 tamen
868 1450 1025 1514 exponere
1047 1449 1161 1513 operae
1185 1432 1314 1513 pretium
1336 1440 1398 1510 est,
1421 1452 1461 1494 ex
1483 1430 1584 1494 Abut-

209 1536 309 1599 bircat
334 1536 384 1616 qui
408 1535 484 1597 haec
506 1541 648 1596 accurate
670 1533 886 1616 prosequitur,
915 1540 946 1595 et
976 1533 1062 1614 quus
1089 1529 1186 1594 verba
1216 1537 1375 1613 antequam
1402 1530 1584 1608 referantur,

211 1653 310 1717 pauca
333 1634 466 1715 praefari
489 1633 527 1696 ad
550 1651 654 1697 eorum
677 1632 903 1716 intelligentiam
924 1650 1054 1695 necesso
1076 1638 1134 1694 est.
1179 1631 1212 1693 ln
1239 1628 1355 1692 Graeca
1377 1628 1585 1693 Alexandrina

212 1734 352 1816 liturgia
381 1734 491 1811 llarci,
522 1752 599 1814 quae
630 1732 823 1813 Copticarum
853 1731 982 1794 omnium
1011 1730 1192 1812 primitivum
1221 1728 1376 1810 exemplar
1405 1738 1466 1807 est,
1499 1730 1584 1793 initio

211 1834 313 1896 statim
336 1832 406 1895 dnm
429 1835 587 1897 invocatur
608 1830 708 1894 divina
731 1829 903 1893 benedictio
925 1848 1018 1911 super
1040 1831 1118 1892 dona
1142 1827 1309 1908 offerenda,
1333 1828 1389 1891 sed
1411 1828 1532 1891 vixdum
1553 1830 1585 1891 in

214 1932 354 2015 prothesi
383 1931 546 2010 collocata,
582 1950 643 1994 non
674 1933 762 1994 unius
796 1931 916 2007 calicis,
945 1928 1001 1992 sed
1029 1928 1159 2011 plurium
1186 1930 1297 1991 mentio
1323 1929 1373 2006 ht,
1407 1930 1473 1991 sive
1503 1928 1585 2009 quod

213 2032 302 2095 simul
324 2050 393 2093 cum
416 2034 582 2114 praecipuo
605 2037 873 2108 consecrarentur,
896 2031 981 2107 sive,
1003 2028 1084 2110 quod
1106 2027 1279 2092 credibilius
1302 2028 1372 2092 lacit
1396 2028 1584 2091 consuetudo

213 2149 275 2194 non
299 2130 497 2194 Orientalium
519 2130 621 2209 modo,
644 2129 699 2192 sed
722 2128 959 2192 occidentalium
981 2128 1195 2206 Ecclesiarum,
1220 2129 1302 2210 quod
1325 2149 1366 2193 ex
1387 2145 1446 2192 uno
1469 2127 1584 2208 plures,

215 2239 358 2313 quantum
380 2230 554 2294 subicerent
578 2229 615 2292 ad
645 2229 774 2292 dandam
803 2228 981 2291 multitudini
1011 2229 1264 2309 communionem,
1294 2229 1470 2292 consecrari
1499 2226 1586 2290 sole-

213 2337 292 2392 rent.
315 2330 350 2394 ln
373 2330 508 2412 Copticis
530 2331 673 2411 liturgiis
696 2329 782 2391 unius
813 2336 924 2391 tantum
955 2328 1057 2391 calicis
1085 2329 1228 2391 memoria
1259 2336 1321 2407 est,
1352 2347 1452 2410 neque
1486 2334 1586 2390 tamen

214 2430 284 2492 iude
316 2429 455 2493 concludi
483 2438 582 2511 potest
609 2431 729 2492 unicum
757 2446 850 2509 super
881 2429 967 2490 altari
993 2427 1107 2506 tuisse,
1138 2427 1192 2490 sed
1220 2428 1339 2491 unicum
1370 2435 1526 2508 acceptum
1555 2429 1588 2489 in

216 2546 339 2609 manus,
363 2549 380 2591 a
405 2528 619 2593 Sacerdotibus
642 2546 730 2591 sacra
754 2526 994 2607 celebrantibus,
1025 2528 1116 2590 ineo
1140 2529 1398 2591 consecrationem
1420 2535 1586 2609 peractam,

218 2637 315 2692 etex
337 2629 446 2692 eodem
467 2628 601 2709 reliquos
625 2629 833 2708 confirmatos,
864 2633 897 2689 ut
924 2625 1083 2690 Ritnalium
1111 2625 1312 2690 Romanorum
1338 2626 1434 2691 verbo
1461 2635 1587 2705 utamur,

216 2727 278 2791 boc
301 2736 349 2790 est
370 2728 499 2790 immissa
523 2729 659 2809 corporis
683 2726 795 2790 Christi
817 2725 980 2808 particula,
1003 2734 1034 2789 et
1055 2726 1157 2790 refusa
1180 2729 1335 2810 sanguinis
1357 2735 1460 2811 parte,
1483 2729 1512 2790 in
1536 2730 1586 2790 vi·

220 2847 293 2891 num
315 2846 378 2891 non
402 2835 620 2890 consecratum.
662 2827 708 2889 De
736 2844 774 2890 eo
797 2825 876 2907 apud
898 2833 1020 2889 veteres
1041 2826 1193 2890 Romanos
1215 2829 1273 2890 ritu
1303 2828 1394 2892 docte
1418 2827 1586 2908 admodum,

217 2940 250 2995 ut
273 2930 382 3007 onmia,
412 2928 533 3009 scripsit
554 2928 601 2990 vir
625 2927 815 2991 Clarissimus
838 2924 874 2986 l).
897 2925 1030 2989 loannes
1052 2925 1243 2989 llabillonius
1262 2929 1474 2990 commentario
1492 2948 1587 3010 prae·

215 3034 267 3094 rio
291 3030 328 3093 ad
352 3027 474 3090 Ordinis
497 3028 622 3090 Romani
639 3043 747 3089 novam
766 3034 797 3088 et
820 3033 991 3088 accuratam
1005 3046 1045 3089 en
1064 3027 1164 3090 multis
1184 3027 1406 3109 exemplaribus
1424 3027 1587 3091 editionem

216 3150 290 3214 pag.
313 3127 365 3190 45.
386 3128 438 3189 ιι.
462 3135 493 3189 et
515 3127 590 3189 locis
612 3127 689 3191 aliis.
713 3125 755 3188 lbi
778 3125 869 3187 dooet
891 3142 953 3187 non
976 3125 1109 3189 eamdem
1132 3127 1226 3190 fuisse
1256 3128 1335 3209 apud
1363 3136 1485 3191 autores
1516 3130 1588 3210 opi-

216 3234 338 3294 nionem
374 3226 413 3289 de
450 3229 654 3291 commistione
684 3227 850 3308 particulae
884 3234 1081 3290 consecratae
1111 3246 1179 3291 cum
1212 3230 1281 3291 vino
1308 3244 1370 3290 nou
1397 3237 1586 3293 consecrato.

217 3331 295 3393 Aliis
318 3331 409 3406 enim,
432 3336 465 3390 ut
487 3328 658 3418 Amalario,
683 3331 713 3392 in
736 3328 830 3410 prima
853 3328 955 3410 operis
978 3328 1024 3389 sui
1048 3327 1189 3406 editione,
1210 3328 1383 3410 judicatum,
1407 3327 1588 3391 sanctificari

218 3434 321 3493 vinum
343 3446 405 3491 nou
428 3437 654 3508 consecratum,
678 3446 734 3510 per
763 3427 977 3491 sanctificatum
1006 3445 1130 3508 panem,
1161 3446 1249 3508 quam
1277 3426 1371 3490 luisse
1400 3428 1587 3490 diversarum

216 3530 424 3594 Ecclesiarum
447 3546 634 3592 communem
656 3530 834 3591 sententiam
855 3527 965 3608 prohat
986 3546 1066 3591 num,
1090 3527 1226 3609 ejusdem
1245 3526 1456 3591 commentarii
1472 3525 1523 3590 13.
1546 3546 1586 3590 err

216 3629 389 3694 blissalibns
412 3636 443 3690 et
466 3627 631 3691 Ordinan'is
653 3627 810 3704 ilamensi,
835 3629 1060 3705 Suessionensi,
1083 3626 1288 3707 Ambianensi,
1315 3629 1490 3709 Viennensi,
1514 3628 1587 3689 Vir-

220 3730 368 3808 dunensi,
392 3735 423 3790 ct
447 3726 561 3808 aliquot
583 3727 657 3790 aliis.
681 3728 809 3790 Diversa
831 3730 862 3789 in
884 3728 1031 3790 sententia
1054 3726 1148 3790 luisse
1179 3727 1322 3791 observat
1351 3734 1486 3791 sanctum
1508 3726 1588 3790 Ber·

216 3829 363 3907 nardum,
385 3827 530 3890 lacobum
554 3827 592 3890 dc
614 3828 766 3904 vitriaco,
796 3835 827 3890 et
852 3826 1040 3890 recentiores
1069 3828 1196 3904 multos,
1227 3827 1439 3909 concluditque
1467 3829 1588 3891 tandem

215 3928 291 3991 nihil
321 3927 358 3990 ab
385 3927 522 3990 Ecclesia
551 3927 684 3990 Romana
712 3927 792 3990 circa
823 3926 994 3990 alterutram
1025 3929 1197 4009 opinionem
1226 3927 1469 4009 determinatum,
1506 3927 1587 4011 quod

215 4047 294 4090 vere
317 4026 541 4109 prudenterque
564 4035 735 4091 annotatum
758 4035 814 4090 est.
859 4026 965 4108 Neque
987 4046 1060 4090 sane
1083 4046 1216 4109 operose
1239 4027 1464 4108 disquirendum
1488 4045 1526 4089 an
1549 4045 1586 4090 ca

216 4128 443 4205 commistione,
467 4128 532 4189 sive
555 4127 721 4208 particulae
750 4135 964 4205 consecratae,
999 4129 1065 4191 sive
1095 4127 1188 4191 refusi
1220 4148 1260 4191 ex
1289 4129 1404 4209 majore
1433 4127 1528 4191 calice
1555 4129 1586 4189 in

216 4226 463 4304 ministerialem,
491 4227 646 4308 sanguinis
670 4227 799 4306 Christi,
831 4229 931 4306 vinum
952 4230 993 4290 ita
1016 4237 1269 4307 consecraretur,
1299 4237 1332 4291 ut
1354 4227 1440 4291 lieret
1461 4228 1586 4307 sanguis

217 4327 341 4391 Christi.
365 4327 476 4389 Omnes
498 4327 678 4390 sanctificari
699 4327 907 4390 secundarium
927 4327 1008 4389 illum
1027 4326 1151 4390 calicem
1166 4327 1247 4390 nullo
1266 4345 1393 4408 prorsus
1413 4327 1586 4406 opinionum

217 4427 395 4490 diversitate
425 4433 625 4510 agnoverunt.
657 4427 792 4490 Ecclesia
820 4444 896 4490 vero
924 4445 1002 4507 quae
1035 4426 1123 4490 talem
1147 4430 1381 4491 commistionem
1409 4445 1467 4508 per
1495 4426 1586 4488 multa

216 4527 343 4592 saecula
366 4526 559 4604 observavit,
590 4527 659 4590 dum
688 4529 728 4591 ιιι
757 4528 855 4591 Laicis
882 4527 1119 4590 communionem
1150 4528 1214 4590 dari
1240 4527 1351 4606 voluit,
1383 4527 1455 4590 satis
1485 4526 1588 4590 docuit

218 4628 350 4691 credere
372 4644 407 4689 se
429 4626 508 4706 quod
532 4626 707 4708 adplenum
730 4629 936 4711 integramque
957 4627 1142 4690 sacramenti
1160 4628 1418 4709 participationem
1434 4623 1589 4689 sufficeret

217 4725 394 4806 specierum
416 4734 659 4789 consecratarum
682 4745 749 4790 cum
771 4746 832 4790 non
856 4728 1040 4789 consecratis
1063 4727 1245 4808 conjunctio.
1289 4727 1390 4809 Atque
1413 4727 1453 4788 ita
1477 4745 1516 4787 ex
1539 4726 1588 4789 di-

217 4825 349 4905 sciplina
371 4825 584 4889 Ecclesiastica
607 4826 791 4890 sufficienter
813 4828 1050 4906 demonstratur,
1085 4835 1135 4889 aut
1157 4826 1313 4889 Ecclesiae
1337 4826 1451 4908 judicio
1479 4825 1588 4888 laetam

217 4925 317 4989 fuisse
339 4944 379 4988 ex
401 4927 608 4989 commistione
631 4927 891 4991 consecrationem
914 4926 1015 4990 calicis
1045 4926 1261 5004 ministerialis,
1293 4935 1344 4989 aut
1370 4927 1586 4990 sanctificatio·

216 5044 308 5104 nem,
344 5033 453 5106 quanta
486 5026 650 5092 sullleicbat
684 5026 723 5090 ad
756 5029 903 5112 integram
932 5028 1170 5090 communionem
1204 5028 1342 5108 corporis
1372 5036 1404 5091 et
1431 5027 1588 5109 sanguinis

1631 1326 1705 1380 Aliae
1720 1325 1908 1381 caeremoniae.
