4525 6034
685 557 714 631 C
1171 563 1550 640 ntssnnnltto

681 758 788 840 neret,
813 747 1031 821 habuissent
1057 749 1152 840 alias,
1179 752 1260 821 ritus
1287 772 1366 823 suos
1393 749 1593 843 siugulares,
1620 756 1801 827 verisimile
1827 758 1959 830 omnino
1985 762 2048 851 sit3

680 863 759 938 nibil
784 869 927 961 supersit
952 875 1128 961 praeterea
1154 870 1186 937 in
1213 864 1381 938 literarum
1406 868 1637 960 monumentis,
1665 871 1753 964 quod
1770 872 1813 944 ad
1826 894 1899 964 eos,
1915 873 2048 950 Graeca

680 981 735 1054 illa
762 992 829 1054 tam
857 982 991 1055 Codicis
1016 981 1129 1076 Regii,
1156 1005 1253 1077 quam
1279 982 1385 1055 altera
1411 981 1565 1074 Calabri,
1603 988 1712 1078 magis
1739 986 1891 1061 accedat:
1918 991 2047 1063 confir-

681 1107 788 1168 metur
814 1120 946 1195 quoque
972 1098 1061 1170 mille
1087 1101 1218 1169 circiter
1244 1120 1402 1171 annorum
1419 1103 1610 1195 antiquitate
1628 1100 1788 1177 stabilitus
1806 1106 1888 1176 ritus
1905 1105 2048 1203 Coptica

682 1212 795 1287 Officia
820 1214 1054 1287 celebrantium
1073 1214 1300 1288 Ecclesiarum
1317 1216 1554 1288 consuetudine
1579 1237 1647 1289 non
1672 1220 1869 1314 interrupta:
1896 1219 2048 1296 Graecas

681 1334 806 1425 passim
837 1335 1022 1403 orationum
1051 1330 1213 1403 formulas
1244 1328 1363 1404 multas
1395 1328 1517 1403 babeat
1547 1329 1700 1405 Graecae
1732 1336 1870 1426 originis
1905 1336 2048 1429 indices,

682 1447 771 1541 quod
796 1451 830 1519 in
857 1448 929 1520 aliis
954 1447 1075 1540 linguis
1099 1449 1163 1519 vix
1190 1449 1350 1536 occurrit;
1384 1446 1462 1518 nihil
1486 1451 1624 1544 propias
1651 1460 1723 1541 est,
1757 1472 1855 1544 quarn
1888 1462 1924 1524 ut
1955 1453 2047 1525 ibam

681 1563 863 1659 Linrrgiam
890 1567 1054 1661 antiquum
1086 1587 1165 1637 esse
1192 1562 1351 1637 Codicem
1377 1562 1660 1637 Sacramentalem
1685 1564 1859 1639 Ecclesiae
1884 1568 2048 1641 Alexan-

681 1680 795 1754 drinae
821 1704 1036 1757 censeamus:
1067 1703 1144 1753 nam
1171 1678 1318 1775 reliquos
1345 1700 1459 1752 omnes
1487 1683 1542 1774 qui
1567 1679 1665 1755 nobis
1690 1684 1760 1755 noti
1786 1691 1873 1773 sunt,
1900 1683 1943 1757 ad
1968 1709 2049 1759 eam

679 1820 747 1871 non
773 1801 984 1895 pertinuisse,
1010 1807 1077 1870 tam
1104 1806 1197 1869 certo
1224 1804 1355 1870 constat
1380 1818 1476 1890 quam
1502 1797 1591 1892 qnod
1616 1800 1772 1870 maxime.

379 1920 667 1989 remuneratioqu—
790 1914 862 1987 XL.
914 1914 974 1988 Illa
1009 1917 1111 2006 igitur
1143 1935 1230 2008 quae
1269 1916 1376 2009 prima
1408 1916 1554 1985 occurrit
1593 1916 1628 1984 in
1668 1912 1779 2006 Regio
1817 1913 1935 1987 codice
1975 1915 2048 1987 Li-

363 2010 666 2064 ⁰⁸⁰⁰⁸‘⁰¹”¹¹⁵¹¹⁰⁸i'¹¹i¹³³·
680 2035 805 2123 turgia,
831 2034 861 2105 si
886 2054 961 2102 cnm
988 2029 1122 2122 vulgari
1154 2024 1375 2124 Coptitarum,
1412 2051 1498 2124 anae
1532 2037 1659 2102 exstat·
1677 2029 1803 2101 eadem·
1825 2033 1859 2101 in
1891 2030 2047 2104 omnibns

680 2146 926 2245 exemplaribus
954 2156 1180 2242 comparetur,
1206 2149 1371 2241 reperitur
1396 2168 1474 2219 esse
1499 2146 1598 2243 plane
1628 2145 1754 2218 similis.
1806 2145 1901 2218 Initia
1933 2156 2048 2220 tamen

681 2265 886 2361 aliquatenus
913 2263 1083 2353 dillenmt,
1110 2266 1186 2358 quia
1213 2260 1362 2335 Officium
1388 2285 1563 2335 commune
1592 2262 1697 2335 tribus
1728 2262 1888 2355 Liturgiis
1918 2263 2048 2352 Basilii,

681 2381 855 2474 Gregorii,
889 2390 922 2452 et
957 2377 1091 2477 Cyrilli,
1130 2375 1232 2450 babet
1264 2378 1435 2471 adiunctas
1450 2428 1452 2433 .
1469 2382 1637 2451 orationes
1671 2378 1824 2451 diversas
1857 2402 1944 2475 quae
1976 2403 2048 2453 non

680 2498 776 2572 simul
793 2497 959 2585 dicuntur,
986 2495 1046 2569 sed
1067 2498 1258 2587 assignatae
1285 2504 1360 2568 sunt
1381 2495 1523 2568 diversis
1548 2494 1792 2591 festivitatibus.
1844 2496 1950 2569 Deest
1975 2496 2048 2568 ali-

680 2613 758 2709 quid
783 2617 875 2685 initio
902 2612 1026 2685 codicis
1052 2611 1153 2703 Regii
1180 2633 1226 2682 ex
1251 2611 1436 2701 Basiliana3
1468 2611 1529 2684 scd
1564 2622 1718 2708 quantum
1743 2634 1810 2684 uno
1844 2610 1902 2683 vel
1938 2612 2046 2685 altero

679 2729 760 2802 lolio
787 2728 1020 2825 comprehendi
1046 2738 1196 2824 poterat,
1222 2730 1394 2822 primaque
1421 2730 1527 2801 oratio
1555 2731 1702 2820 integra,
1729 2739 1781 2800 est
1805 2734 1872 2801 τοῦ
1887 2755 2048 2802 καταπε-

678 2843 870 2941 τάσματος.
917 2845 1106 2942 Sequuntur
1133 2847 1304 2917 orationes
1330 2867 1392 2940 pro
1418 2867 1518 2940 pace,
1546 2867 1606 2916 seu
1636 2842 1682 2917 ad
1710 2840 1898 2943 Eipqmad,
1924 2846 2046 2941 quibus

680 2973 794 3035 oratrrr
819 2986 881 3058 pro
913 2965 1016 3034 variis
1042 2961 1166 3050 rebuS,
1194 2970 1228 3032 et
1252 2964 1422 3057 personis:
1450 2972 1516 3033 nrm
1543 2961 1669 3055 aliquot
1694 2960 1736 3032 ad
1763 2960 1913 3034 osculum
1938 2967 2046 3059 paciS,

679 3083 854 3176 statimque
883 3076 996 3178 Ἇρχή
1027 3084 1088 3176 τῆς
1119 3074 1374 3178 προςήοραδῆς,
1401 3098 1460 3149 seu
1486 3078 1621 3148 Initium
1654 3076 1845 3164 oblationis,
1877 3088 1912 3149 cl
1941 3089 1976 3149 ut
2007 3082 2045 3149 in

676 3197 848 3270 veteribus
874 3195 1059 3269 Ritualibus
1085 3194 1269 3291 appellatur
1295 3193 1482 3290 aliquando,
1507 3193 1685 3280 lundonia,
1713 3197 1789 3287 quia
1815 3194 1942 3266 scilicet
1966 3203 2045 3266 tunc

677 3312 816 3384 infertur
841 3311 965 3386 oblatio
993 3312 1034 3385 ad
1060 3313 1181 3400 altare,
1209 3315 1386 3406 incipitque
1417 3309 1610 3404 Annpbora
1643 3313 1780 3405 proprie
1813 3309 1919 3399 dicta,
1937 3296 2043 3405 ¹quae

636 3504 639 3509 ,
681 3427 810 3501 Canem
835 3439 952 3501 nostro
979 3428 1168 3523 respondet
1221 3424 1385 3523 Unde&
1413 3449 1454 3497 ea
1480 3436 1575 3522 parte
1606 3428 1749 3497 omnium
1776 3448 1862 3520 quae
1888 3425 2043 3523 Coptica,

680 3544 840 3639 Syriaco,
868 3544 1134 3639 autAetbiopioc
1159 3554 1274 3616 extant
1287 3542 1511 3634 liturgiarum
1526 3540 1687 3613 ducuntm
1706 3543 1807 3612 initia.
1853 3537 1935 3614 Curn
1957 3565 2043 3616 vero

680 3659 843 3732 Graecam
871 3671 904 3732 et
930 3657 1103 3757 Copticam
1128 3683 1191 3755 per
1218 3670 1332 3757 partes
1359 3663 1444 3730 inter
1477 3680 1515 3730 se
1548 3678 1744 3753 comparare
1776 3679 1844 3729 non
1878 3662 2044 3753 possimus

680 3776 870 3866 commode,
896 3776 993 3871 idque
1019 3780 1053 3848 in
1080 3776 1328 3849 Commentario
1354 3773 1396 3846 ad
1428 3774 1563 3846 easdem
1597 3777 1734 3870 proprio
1770 3795 1832 3846 suo
1866 3773 1943 3847 loeo
1971 3776 2045 3848 lieri

680 3893 818 3985 debeat,
844 3904 879 3965 ut
905 3903 1058 3989 quanam
1088 3897 1123 3963 in
1149 3890 1246 3964 nobis
1276 3891 1336 3964 luit
1364 3901 1539 3987 praestare
1568 3894 1679 3963 conati
1714 3912 1846 3978 summ,
1880 3891 2042 3985 quaedam

680 4010 887 4083 solummodo
914 4008 1068 4082 Graecae
1093 4008 1275 4101 singularia
1302 4020 1406 4081 etex
1433 4006 1551 4103 quibus
1577 4006 1620 4079 de
1645 4004 1732 4078 illius
1757 4027 1840 4096 usn,
1873 4016 1907 4077 et
1933 4007 2041 4081 desti-

678 4131 811 4199 natione
838 4129 1028 4219 conjectrua
1055 4129 1130 4222 capi
1156 4129 1280 4222 possit,
1307 4124 1572 4198 observabimus.

382 4272 522 4326 οιιιιιιιι
540 4272 663 4342 quaeram
779 4243 865 4315 XLl.
909 4243 945 4314 ln
973 4242 1132 4315 Oratione
1158 4264 1220 4338 pro
1253 4264 1338 4339 pace
1372 4242 1532 4314 memoria
1565 4238 1742 4333 singularis
1767 4238 1803 4312 fit
1828 4238 2041 4311 Patriarcbae

359 4359 392 4411 ’ὗ
405 4360 462 4412 ma
474 4360 605 4430 usurpa.
673 4359 913 4450 Alexandrini,
954 4383 1028 4431 cum
1068 4358 1132 4431 boc
1161 4345 1265 4431 titudo.
1324 4354 1427 4455 Εὐχή
1451 4355 1529 4455 περὶ
1562 4361 1631 4430 τοῦ
1652 4350 1774 4429 Ilclnoc
1826 4355 1947 4426 Oratio
1974 4375 2040 4449 pro

676 4479 789 4571 Papa.
840 4471 1047 4572 Μνήσθητι
1072 4472 1172 4574 κύριε
1201 4480 1268 4549 τοῦ
1299 4469 1503 4575 ἁγιωτάτου
1527 4470 1587 4546 καὶ
1611 4466 1890 4570 μακαριωτάτου
1915 4467 2042 4569 ἀρχιε-

678 4598 763 4694 ρέως
802 4590 907 4689 ἡμῶν
941 4590 1046 4689 ἄββα
1083 4599 1153 4667 ΔΔ.
1187 4588 1287 4667 πάντα
1321 4590 1382 4665 καὶ
1416 4586 1644 4690 πατριάρχου
1680 4594 1741 4685 τῆς
1776 4585 2043 4688 μεγαλοπόλεως

677 4706 945 4809 Ἀλεξανδρείας.
1003 4710 1187 4798 Memento,
1215 4710 1378 4797 Domine,
1407 4709 1610 4781 sanctissimi
1642 4713 1677 4777 et
1700 4704 1884 4777 homesimi
1910 4706 2040 4776 Ponti-

677 4831 753 4921 ficio
778 4830 888 4898 nonni
913 4826 1037 4899 Abbce
1062 4826 1106 4897 N.
1134 4826 1257 4919 Papae
1283 4831 1318 4896 et
1341 4825 1574 4897 Patriarebae
1598 4845 1743 4919 mameae
1768 4822 1863 4894 urbia
1874 4821 2039 4894 Alexan-

680 4943 788 5014 driae.
839 4942 895 5013 Ex
920 4941 984 5015 bac
1014 4964 1116 5039 porro
1152 4945 1333 5013 memoriae
1360 4943 1511 5034 agendae
1536 4939 1677 5014 formula
1707 4937 1916 5031 intelligitur,
1941 4941 2038 5009 ritum

681 5059 797 5134 codice
823 5080 1037 5156 expressum,
1073 5081 1152 5131 esse
1186 5057 1436 5131 Alexandrinae
1470 5058 1645 5132 Ecclesiae
1678 5059 1862 5153 proprium:
1896 5077 1973 5127 nam
2003 5054 2039 5124 in
