4525 6034
659 607 710 702 34
1165 607 1524 687 nrronorr

657 796 802 868 Domiuo
828 794 874 873 Ν.
899 795 1091 870 Patriarcba
1117 807 1235 870 nostro
1263 808 1297 870 et
1321 798 1362 870 D.
1389 796 1431 869 N.
1457 794 1692 893 Metropolita,
1717 796 1922 891 reliquisque
1946 794 2023 868 Me-

657 910 821 1008 tropolitis
849 923 883 985 et
907 911 1086 1011 Episcopis
1112 913 1313 988 venerandis
1339 915 1515 987 Dominum
1543 913 1769 1009 deprecemur.

760 1027 943 1100 Sacerdos.
970 1032 1069 1104 Dona
1096 1029 1255 1103 ditissima
1282 1030 1424 1125 Spiritus
1454 1033 1499 1100 tui
1525 1032 1632 1104 sancti
1653 1027 1803 1101 concede
1828 1030 1923 1123 ipsis,
1948 1030 2023 1101 Do-

657 1148 756 1216 mine.
808 1144 1000 1235 Memento,
1033 1148 1193 1235 Domine,
1230 1156 1419 1219 sanctorum
1451 1145 1696 1242 Episcoporum
1729 1154 1941 1234 nostrorum,
1972 1148 2024 1238 qni

657 1258 755 1333 nobis
782 1271 876 1332 recte
901 1261 1041 1335 verbnm
1068 1265 1220 1334 vemtatis
1248 1261 1456 1357 dispensant,
1489 1265 1670 1357 praecipue
1700 1282 1785 1332 vero
1810 1260 1920 1332 Patris
1953 1260 2024 1332 Pa-

657 1386 742 1448 trum
769 1386 804 1447 et
828 1377 1043 1450 Patriarchae
1067 1381 1174 1451 nostri
1201 1378 1334 1449 Domini
1359 1375 1400 1448 N.
1428 1386 1462 1449 et
1492 1378 1625 1451 Domini
1651 1375 1692 1448 N.
1717 1374 1880 1472 Episcopi
1906 1381 2021 1468 nostri,

658 1513 732 1563 cum
758 1490 894 1587 reliquis
922 1493 1074 1567 omnibus
1091 1492 1269 1589 Episcopis
1286 1491 1502 1565 Ortbodoxis.
1530 1489 1692 1565 Canitiem
1706 1497 1788 1589 ipsis
1801 1492 2024 1565 venerandam

658 1608 808 1679 concede
833 1609 994 1681 Domine:
1021 1608 1131 1682 multis
1154 1612 1248 1682 annis
1261 1613 1355 1705 ipsos
1371 1631 1551 1699 conserva,
1567 1618 1745 1705 pascentes
1759 1606 1918 1704 populum
1940 1619 2024 1680 mum

658 1746 732 1795 cum
765 1727 855 1796 omni
888 1728 1011 1820 pietate
1037 1736 1072 1797 et
1103 1728 1289 1799 sanctitate.
1316 1725 1506 1815 Memento,
1535 1726 1697 1813 Domine,
1723 1720 1931 1820 Presbyterii
1960 1724 2023 1797 bu-

653 1842 763 1932 jusce,
790 1849 825 1912 et
851 1845 1084 1936 cujuscumque
1112 1842 1248 1914 alterius
1274 1841 1355 1913 loci:
1381 1843 1585 1914 Diaconatus
1612 1844 1646 1912 in
1673 1838 1822 1927 Christo,
1856 1844 2026 1942 omnisque

656 1959 827 2029 ministerii
862 1968 897 2029 et
931 1961 1038 2029 omnis
1075 1957 1208 2030 Ordinis
1243 1956 1486 2029 Ecclesiasb'oi.
1535 1957 1705 2029 Memento
1733 1958 1844 2045 etiam,
1870 1957 2024 2046 Domine,

655 2075 860 2168 paupertatis
887 2096 995 2161 meae,
1023 2078 1077 2168 qui
1103 2096 1159 2145 me
1185 2074 1263 2146 lieet
1288 2074 1474 2166 indignum,
1500 2094 1629 2145 vocare
1660 2080 1771 2143 tamen
1798 2070 1954 2163 dignatus
1980 2096 2024 2145 es.

655 2188 787 2261 Delicta
808 2193 994 2282 juventutis
1020 2213 1118 2262 meae
1146 2198 1180 2262 et
1205 2193 1411 2283 ignorantias
1438 2212 1532 2262 meas
1558 2211 1602 2260 ne
1627 2190 1834 2276 memineris,
1871 2187 1935 2261 sed
1966 2209 2026 2258 se·

656 2304 797 2377 cundum
822 2304 1059 2378 multitudinem
1086 2310 1334 2380 miserationum
1360 2315 1501 2396 tuarum,
1528 2312 1694 2378 memento
1716 2307 1782 2376 mei
1808 2313 1857 2376 tu:
1885 2307 1916 2385 si
1942 2307 2025 2374 eninr

655 2421 844 2515 iniquitates
860 2419 1118 2519 observaveris,
1145 2423 1300 2512 Domine,
1313 2423 1466 2509 Domine,
1493 2425 1565 2517 quis
1591 2423 1716 2516 poterit
1741 2442 1856 2493 coram
1883 2431 1918 2492 te
1946 2441 2025 2491 sus-

656 2535 791 2607 tinere?
824 2535 910 2624 Quia
937 2537 1024 2634 apud
1049 2547 1083 2610 te
1117 2541 1309 2634 propitiatio
1337 2547 1407 2611 est:
1440 2540 1540 2610 visita
1571 2560 1626 2609 me
1659 2545 1694 2607 et
1724 2534 1860 2632 purifica
1894 2558 1968 2625 mc,
1992 2544 2026 2605 ut

654 2652 712 2724 ubi
739 2650 919 2725 abundavit
943 2664 1137 2750 peccatum,
1164 2655 1209 2728 ibi
1237 2652 1483 2750 superabundet
1502 2658 1610 2746 gratia
1635 2664 1701 2725 tua.
1728 2649 1898 2721 Memento
1916 2654 2026 2741 etiam,

655 2768 811 2858 Domine,
838 2791 953 2842 eorum
980 2773 1093 2866 quiin
1118 2771 1260 2845 vinculis
1283 2774 1398 2864 jacent
1425 2779 1481 2841 aut
1506 2766 1697 2841 carceribus
1723 2766 1925 2846 detinentur:
1952 2767 2027 2838 ira-

657 2893 743 2956 trum
768 2889 868 2957 etiam
895 2895 1083 2958 nostrornm
1111 2889 1225 2981 quiin
1253 2886 1356 2960 exilio
1390 2896 1483 2959 sunt:
1517 2885 1735 2972 infirmorum,
1769 2892 1826 2955 aut
1858 2889 1914 2981 qui
1940 2882 2028 2955 male

657 2998 764 3072 affecti
800 3011 889 3074 sunt:
923 3024 1039 3075 eornm
1074 3008 1130 3100 qui
1166 3027 1187 3075 a
1220 3000 1388 3098 spiritibus
1419 3001 1593 3074 immundis
1628 2999 1836 3089 infestantur,
1863 3009 1921 3072 aut
1947 3002 2028 3092 agi-

655 3121 774 3189 tantur.
799 3118 970 3191 Memento
985 3123 1096 3209 etiam,
1121 3120 1276 3207 Domine,
1303 3122 1406 3210 aeris,
1430 3116 1592 3205 imbrium,
1606 3120 1706 3205 roris,
1733 3114 1898 3187 fructuum
1916 3127 2030 3187 terrae

657 3244 691 3305 et
716 3257 864 3307 coronae
890 3238 979 3325 anni,
1015 3235 1102 3308 oculi
1135 3239 1222 3307 enim
1258 3236 1401 3309 omnium
1427 3237 1462 3305 in
1488 3244 1521 3306 te
1548 3243 1698 3330 sperant,
1734 3242 1768 3303 et
1798 3241 1833 3303 tu
1868 3229 1929 3302 das
1963 3230 2028 3302 illis

657 3371 769 3422 escam
797 3372 913 3422 eorum
939 3353 973 3422 in
999 3359 1150 3446 tempore
1177 3361 1382 3446 opportuno:
1411 3353 1521 3445 aperis
1549 3357 1582 3420 tu
1608 3371 1740 3419 manum
1765 3358 1854 3420 trram
1874 3344 2029 3420 omnibus

657 3465 882 3554 sufficientem,
908 3478 943 3539 et
968 3465 1085 3562 imples
1113 3489 1211 3541 omne
1239 3465 1359 3538 animal
1384 3464 1473 3538 bona
1499 3475 1555 3537 tna
1575 3462 1754 3551 voluntate.
1781 3463 1933 3534 Electrae
1959 3485 2029 3533 oo-

634 3602 738 3650 ›cena
764 3580 868 3677 Eripe
893 3606 957 3672 me,
984 3584 1127 3655 Domine
1153 3583 1260 3673 Deus,
1287 3582 1330 3656 ab
1359 3586 1448 3655 omni
1475 3584 1644 3674 angustia,
1672 3582 1721 3651 ira
1749 3590 1783 3651 ct
1809 3578 2029 3670 adversitate,

527 3739 534 3757 =
658 3694 699 3767 ab
736 3701 825 3769 omni
858 3698 1100 3774 machinatione
1136 3710 1171 3772 et
1202 3698 1466 3772 infestationibus
1502 3718 1740 3793 perversorum
1764 3694 1952 3783 bominum,
1982 3694 2027 3768 ab

658 3815 747 3884 omni
772 3816 896 3910 impetu
922 3822 956 3886 et
980 3815 1140 3889 violentia
1175 3814 1390 3903 daemonum,
1428 3813 1470 3887 ab
1505 3815 1594 3885 omni
1625 3812 1728 3909 plaga
1763 3838 1783 3886 a
1817 3822 1851 3884 te
1880 3814 2029 3883 immissa

657 3929 811 4017 Domine,
839 3954 925 4025 quac
950 3942 1166 4028 peccatorum
1191 3942 1381 4004 nostrornm
1408 3929 1621 4003 causanobis
1644 3926 1772 4017 accidit,
1798 3935 1833 3998 et
1858 3949 2029 4001 conserva

657 4065 720 4115 nos
753 4048 788 4116 in
820 4046 887 4118 lide
921 4047 1108 4121 orthodoxa
1143 4058 1178 4119 et
1211 4046 1451 4120 observatione
1490 4043 1718 4118 mandatorum
1759 4056 1905 4131 tuorum,
1941 4065 2029 4138 qnae

657 4166 772 4232 sancta
799 4173 885 4251 sunt,
912 4171 946 4234 et
971 4164 1115 4253 vivifica,
1142 4185 1205 4238 nos
1231 4186 1353 4259 nempe
1379 4170 1413 4234 et
1427 4184 1543 4235 omnes
1572 4165 1626 4256 qui
1644 4161 1734 4254 digni
1760 4160 1892 4232 fuerunt
1909 4181 2027 4231 corum

656 4285 692 4348 te
719 4280 916 4366 consistere,
942 4290 977 4351 et
1002 4279 1124 4352 uberes
1152 4305 1172 4352 a
1207 4290 1241 4352 te
1267 4277 1512 4352 misericordias
1540 4288 1736 4374 expectant3
1763 4282 1841 4373 quia
1872 4286 1908 4348 tu
1932 4270 2028 4348 Deus

655 4414 705 4481 es,
732 4397 865 4488 quivis
892 4396 1171 4469 misericordium:
1198 4407 1231 4469 et
1257 4394 1315 4468 tibi
1342 4395 1485 4488 gloriam
1514 4392 1710 4483 referemus,
1737 4403 1800 4465 etc.

761 4510 921 4604 Populus.
948 4513 1067 4584 Amen.

761 4627 834 4697 Pro
858 4627 1029 4721 fratribus
1051 4629 1210 4722 fidelibus
1235 4628 1421 4700 Menos.
1447 4627 1568 4701 lterum
1595 4634 1695 4721 atquc
1719 4626 1837 4696 iterum
1869 4646 2029 4697 comme-

570 4830 575 4835 ,
658 4766 824 4818 moremus
851 4743 972 4817 iratres
998 4754 1134 4817 nostros
1161 4744 1288 4836 fideles,
1317 4744 1523 4818 Christianos
1549 4764 1664 4830 veros,
1691 4744 1745 4836 qni
1762 4745 1852 4837 prius
1880 4763 2029 4813 monue-

658 4871 733 4933 runt
758 4870 793 4933 et
817 4864 1029 4954 injunxerunt
1053 4860 1152 4936 nobis
1184 4861 1318 4936 insumis
1352 4870 1387 4933 et
1419 4858 1620 4947 imbellibus,
1653 4867 1690 4929 ut
1715 4879 1880 4930 memores
1907 4880 2029 4930 eorum

659 4999 809 5052 essemus
835 4982 869 5049 in
895 4976 959 5051 boc
985 4982 1145 5073 temporis
1162 4977 1319 5051 articulo.
1351 4977 1396 5050 Et
1420 5000 1481 5073 pro
1508 4976 1572 5049 illis
1599 4977 1656 5072 qui
1682 4978 1771 5049 omni
1789 4996 1918 5068 genere
1945 4983 2030 5047 ten-

658 5097 817 5166 tationum
844 5104 878 5166 et
903 5093 1113 5170 afflictionum
1140 5099 1256 5169 vexati
1282 5104 1366 5169 sunt
