4525 6034
704 559 782 633 426
1106 560 1710 642 DEPATRIARGHA

702 745 883 820 Kowisna:
912 748 1050 821 Garhiet
1076 751 1151 822 sive
1170 747 1391 822 Occidentalis
1419 753 1515 843 regio
1530 748 1716 824 Semnoud:
1744 751 1961 844 Denjahowa,
1984 751 2054 825 hle-

702 861 801 951 noui,
835 863 1033 956 Sirahowa,
1059 865 1147 937 Fua:
1182 865 1427 954 Morahmasin,
1462 864 1595 938 Geziret
1635 865 1712 940 bani
1748 866 1894 953 Nasser‚
1926 867 2052 957 Behiret,

702 978 912 1052 Alexandria
948 992 981 1052 et
1017 985 1090 1075 ejus
1125 980 1332 1070 suburbana,
1369 1005 1495 1077 oraque
1528 984 1674 1059 Domsis.
1726 985 1763 1057 In
1794 991 1901 1056 tractu
1925 983 2054 1056 Australi

705 1096 817 1186 Gizet,
842 1097 968 1189 Atlige,
995 1097 1137 1188 Basour,
1164 1098 1271 1188 From,
1297 1098 1440 1187 Benhsa,
1468 1100 1686 1191 Aschmonhr,
1705 1098 1900 1192 hlenialout,
1926 1100 2053 1186 Ossicut,

702 1210 853 1283 Echmim
879 1223 914 1285 et
938 1212 1041 1285 lions.
1609 1241 1614 1258 ·

810 1327 977 1401 CXXVII.
1009 1329 1121 1402 Aliam
1149 1353 1281 1426 quoque
1308 1331 1505 1405 divisionem
1532 1335 1564 1404 in
1591 1331 1764 1424 Regiones
1791 1354 1852 1405 seu
1877 1333 2054 1427 prouincias

704 1449 849 1537 triginta,
876 1445 979 1518 refert
1004 1446 1198 1538 MakrizinS,
1225 1471 1323 1543 quam
1349 1441 1553 1539 referemus,
1582 1448 1742 1540 adjunctis
1774 1470 1861 1543 quae
1894 1447 1936 1519 ‘ad
1960 1469 2056 1518 remn

702 1560 1015 1636 Ecclesiasticarnm
1041 1562 1199 1635 Notitiam
1227 1568 1384 1654 attinent,
1417 1575 1569 1660 quantum
1607 1587 1647 1636 ea
1680 1563 1866 1638 observare
1899 1566 2055 1659 potuimus.

725 1747 727 1750 ,
805 1679 900 1750 Fium
926 1680 1006 1752 urbs
1033 1678 1245 1775 Episcopalis
1272 1683 1428 1752 territorii
1464 1680 1608 1753 celebris
1644 1691 1763 1775 capnt,
1794 1678 1850 1752 ubi
1885 1679 1962 1751 olim
1991 1690 2055 1750 tre-

701 1798 789 1865 centi
819 1800 997 1888 sexaginta
1031 1799 1128 1889 pagi,
1163 1805 1218 1869 aut
1251 1800 1319 1868 vici
1354 1795 1628 1886 numerabantur,
1664 1796 1876 1890 quodetiam
1913 1805 2057 1867 memorat

700 1908 776 1982 Ebn
802 1911 922 2007 Werdi
950 1910 1189 2007 Geographus:
1222 1923 1374 2010 tempore
1404 1913 1558 1986 hlahrinii
1585 1924 1715 1986 centum
1745 1915 1979 2008 quinquaginta
2002 1933 2056 1984 sex

698 2036 825 2100 tantum
859 2039 1064 2125 supererant.
1118 2029 1189 2100 Sita
1225 2039 1277 2102 est
1312 2051 1413 2126 super
1447 2027 1582 2102 fluvium
1607 2027 1747 2126 ‚losephi
1774 2028 1914 2116 (lichum,
1949 2031 2055 2123 quiin

699 2142 809 2215 Nilum
835 2144 948 2231 influit,
976 2156 1010 2217 et
1036 2143 1193 2218 aCahira
1221 2145 1346 2220 distans
1373 2147 1477 2221 trihus
1502 2147 1631 2237 diaetis,
1660 2169 1720 2219 seu
1746 2143 1888 2217 millibus
1915 2165 2056 2239 passuum

701 2259 919 2354 quradraginta
946 2271 1023 2335 octo
1052 2261 1094 2334 ad
1119 2262 1424 2360 Noto-Zephirum.
1478 2263 1535 2336 Ex
1560 2286 1602 2335 ea
1628 2261 1712 2336 urbe
1745 2285 1831 2358 quae
1864 2259 1971 2332 multis
2002 2283 2056 2332 ae-

700 2374 817 2447 diliciis
850 2376 972 2450 nobilis
1004 2377 1084 2467 luit,
1111 2376 1259 2470 balneis,
1285 2378 1475 2468 Meschitis,
1512 2378 1643 2452 Scholis
1678 2377 1855 2467 Arabicis,
1890 2386 1928 2449 ut
1959 2376 2058 2450 scribit

700 2489 878 2583 Ahulieda,
906 2497 1069 2585 originem
1096 2493 1238 2567 ducebat
1262 2494 1373 2569 Rabbi
1398 2494 1485 2567 duda
1513 2496 1610 2569 (laon
1636 2493 1779 2567 celebris
1810 2493 1899 2589 apud
1924 2495 2057 2566 ludaeos

701 2616 797 2679 autor
823 2612 990 2683 versionis
1016 2610 1231 2683 Pentateuchi
1262 2610 1453 2703 Arabicae,
1486 2634 1572 2707 qnae
1606 2633 1693 2682 anno
1721 2609 1843 2683 MDLI.
1900 2609 2056 2692 Constan-

700 2726 840 2821 tinopoli
867 2725 954 2797 edita
981 2738 1041 2800 est.
1093 2725 1148 2801 Ab
1176 2738 1294 2802 autore
1322 2732 1377 2823 qui
1411 2728 1515 2821 vulgo
1542 2730 1674 2818 Flami,
1709 2726 1773 2800 hcc
1805 2738 1858 2800 est
1885 2728 2057 2800 Fiumensis

518 2844 529 2856 “
594 2918 596 2922 ,
702 2862 722 2910 a
749 2843 856 2935 patria
883 2842 988 2916 dictus
1015 2848 1179 2941 est,‘ipsa
1204 2849 1320 2917 versio
1347 2849 1393 2916 ita
1421 2845 1597 2943 appellata.

802 2957 904 3052 Meos
937 2968 970 3030 et
1008 2959 1128 3032 Visstm
1159 2964 1395 3057 quinquaginta
1430 2964 1572 3057 qrdnque
1606 2981 1717 3057 pagos
1753 2969 1809 3030 aut
1846 2964 1946 3032 vicos
1979 2980 2057 3030 aon-

700 3076 812 3145 tinent.
865 3076 968 3169 Mens
989 3087 1041 3150 est
1067 3079 1201 3171 antiqua
1226 3076 1403 3173 Memphis,
1431 3076 1518 3172 quod
1546 3087 1579 3148 et
1605 3078 1746 3148 nominis
1772 3080 1858 3149 ratio
1896 3079 1975 3149 satis
1999 3074 2057 3145 de-

699 3200 874 3264 monstrat:
902 3199 1011 3290 Μεφι
1037 3190 1185 3265 scribunt
1212 3191 1382 3288 Coptitae,
1416 3192 1591 3288 dicuntque
1625 3178 1703 3264 esse
1728 3193 1866 3265 hlisram
1895 3196 2056 3286 antiquam,

699 3318 735 3379 ut
760 3305 939 3400 Ahulieda,
965 3308 1145 3382 Matrinius
1173 3321 1206 3381 et
1232 3333 1348 3383 omnes
1376 3309 1447 3382 alii:
1475 3335 1494 3382 a
1521 3331 1611 3384 nova
1627 3310 1731 3381 Misra
1755 3309 1853 3383 distat
1879 3313 1974 3381 unius
1999 3308 2055 3378 diei

580 3415 584 3428 ’
699 3427 827 3495 itinere.
887 3424 1006 3497 Visaim
1031 3425 1175 3498 celebris
1202 3424 1423 3523 Episcopatus
1451 3426 1539 3523 apud
1564 3425 1750 3516 Jacobitas,
1776 3426 1899 3500 multos
1924 3426 2055 3497 ihustres

556 3535 559 3542 ¹
700 3539 848 3611 doctrina
875 3539 1064 3637 Episcopos
1090 3541 1212 3615 habuit.
1272 3543 1440 3616 Vouehem
1466 3541 1622 3638 Coptitae
1650 3541 1824 3639 appellant.

806 3656 989 3748 Charisiai,
1017 3681 1103 3753 quae
1129 3657 1307 3732 Orientalis
1341 3670 1394 3733 est
1420 3669 1544 3732 nacms
1570 3651 1656 3731 illius
1688 3661 1873 3731 maritimae
1908 3659 2055 3751 regionis,

701 3775 799 3844 etiam
825 3773 970 3867 Atfigiet
993 3773 1118 3846 'dicitrrr
1154 3774 1195 3846 ah
1231 3772 1314 3847 urba
1347 3777 1481 3872 Atfige,
1515 3797 1601 3869 quae
1634 3777 1732 3847 etiam
1763 3773 1975 3872 Episcopalis
2004 3771 2055 3842 init

699 3889 812 3961 Etdeb
838 3912 858 3960 a
885 3889 1027 3985 Coptitis
1054 3888 1238 3987 appellatur
1262 3914 1372 3987 pagos
1390 3904 1424 3965 et
1445 3896 1540 3966 vicos
1566 3890 1666 3992 hahet
1689 3889 1774 3962 haec
1787 3895 1885 3984 regio
1914 3899 2053 3986 septem-

702 4005 817 4077 decim.

804 4122 942 4214 athnoe,
977 4133 1053 4196 octo
1088 4132 1213 4196 tannim
1245 4147 1353 4219 pagos
1379 4124 1492 4215 habet,
1518 4125 1639 4195 Honos
1669 4133 1795 4197 uocant
1828 4124 2003 4219 Aegyptii:
2026 4127 2055 4190 et

700 4238 762 4313 suh
794 4242 935 4330 regione
959 4240 1099 4333 Atiigiet
1126 4239 1429 4335 comprehenditur:
1467 4243 1531 4314 etsi
1563 4240 1628 4312 duo
1663 4238 1812 4331 ejusdem
1837 4242 1979 4310 nominis
2002 4238 2053 4307 ui-

700 4356 817 4429 dentur
842 4356 909 4427 loci
934 4355 1051 4429 luisse:
1079 4379 1218 4452 quorum
1243 4379 1328 4429 unus
1355 4381 1430 4430 cum
1456 4356 1581 4451 aliquot
1607 4366 1653 4428 'ex
1671 4354 1942 4446 eademregione
1955 4355 2052 4450 pagis,

700 4472 742 4545 ad
767 4476 884 4566 Atfige
910 4472 1296 4562 ciuitatem‘relerretur,
1333 4475 1416 4547 alter
1448 4483 1548 4569 caput
1581 4476 1730 4566 regionis
1764 4471 1861 4544 soret.
1912 4471 2052 4563 Namque

687 4593 809 4663 -statim
836 4599 933 4661 autor
958 4587 1065 4659 eidem
1092 4593 1210 4693 tractpi
1235 4590 1351 4664 Ahnas
1378 4593 1558 4683 nonaginta
1585 4591 1728 4685 quinque
1752 4608 1884 4685 pagoS,
1912 4595 1968 4659 aut
1993 4585 2051 4657 mi·

698 4728 799 4779 nores
824 4704 1046 4777 habitationes
1072 4704 1226 4781 attribuit.
1970 4795 1973 4802 A

802 4822 953 4913 Bebasa,
980 4830 1110 4920 cenmm
1136 4831 1171 4894 et
1196 4826 1314 4915 viginti
1339 4845 1448 4920 pagos
1481 4826 1647 4897 continet:
1681 4819 1771 4893 Urbs
1803 4822 1884 4892 satis
1920 4814 2049 4891 celebris

697 4942 732 5011 in
757 4933 945 5031 Thebaide,
972 4942 1066 5033 cujus
1093 4941 1291 5011 territorium
1327 4942 1517 5033 contiguum
1552 4949 1604 5013 est
1629 4936 1776 5030 Stagno,
1810 4947 1866 5008 aut
1898 4936 2050 5021 Piscinae,

698 5065 736 5127 nt
760 5066 896 5146 vocant,
921 5055 1100 5130 Fiumensi.
1127 5053 1199 5128 Sita
1226 5066 1279 5130 est
1304 5055 1346 5127 ad
1371 5058 1475 5152 ripam
1504 5053 1751 5129 occidentalem
1773 5052 1854 5125 Nili:
1882 5048 2049 5127 secundum
