4525 6034
1397 563 1549 638 374
2405 562 3130 640 LITURGIA

1396 752 1591 837 etati,
1647 748 1944 844 praedae
1977 751 2274 845 expositi
2309 760 2378 821 et
2427 750 2964 844 persecutionem
3017 751 3206 846 passi
3257 770 3483 821 sumus
3535 771 3660 844 pro
3714 754 3970 822 nomine
4016 761 4111 822 tuo

1395 876 1668 954 sancto;
1722 866 1830 959 qui
1885 862 2182 958 colaphis
2236 867 2420 936 caesi
2475 886 2702 937 sumus
2736 886 2776 934 a
2809 862 3120 955 gentibus
3176 864 3434 953 alienis,
3487 886 3612 959 pro
3641 865 3774 936 fide
3806 877 3914 937 tua
3949 886 4112 936 vera.

1397 978 1942 1074 Quandoquidem
1997 988 2064 1050 te
2115 1001 2249 1052 non
2307 979 2827 1072 abnegavimus,
2879 1000 2968 1050 ne
3021 978 3322 1073 abneges
3374 1000 3540 1052 nos:
3603 984 3712 1076 qui
3778 1002 3914 1053 non
3957 1001 4114 1052 cou-

1389 1099 1781 1191 tempsimus
1835 1093 2351 1166 humiliationem
2407 1104 2584 1166 tuam
2604 1147 2628 1183 ,
2680 1086 2769 1165 n'e
2819 1116 2945 1189 per
2997 1104 3398 1167 contemtum
3447 1098 3788 1190 privemur
3825 1098 4113 1168 convivio

1388 1222 1525 1284 tuo.
1632 1212 1766 1283 Pro
1821 1210 1921 1283 his
1978 1220 2046 1282 et
2098 1210 2427 1303 ejusmodi
2479 1208 2682 1282 rebus
2734 1208 3047 1284 Ecclesia
3098 1220 3210 1282 tua
3264 1220 3334 1283 et
3385 1233 3566 1304 grex
3616 1221 3766 1285 tuus
3801 1211 4115 1307 depreca-

1387 1337 1497 1400 tur
1548 1338 1618 1398 te
1684 1338 1751 1398 et
1802 1348 1926 1420 per
1978 1335 2046 1397 te
2100 1337 2167 1398 et
2221 1335 2438 1398 tecum
2493 1326 2764 1398 Patrem
2815 1335 3031 1409 tuum,
3081 1325 3332 1399 dicens,
3437 1327 3769 1400 Miserere
3806 1330 3956 1416 mei,
4006 1338 4114 1399 ete.

1598 1441 1970 1513 Sacerdos.
2076 1440 2223 1513 Nos
2279 1464 2566 1537 quoque.
2985 1439 3307 1533 Populus.
3414 1442 3518 1513 Te
3570 1441 4026 1532 glorificamus.

1599 1557 1976 1627 Diaconas.
2086 1556 2301 1642 Quam
2356 1556 2647 1628 timenda
2699 1564 2805 1628 est
2857 1553 3025 1627 haec
3075 1553 3260 1627 hora.

1454 1846 1805 1918 Sacerdos
1857 1846 2225 1916 inclinatus
2278 1847 2450 1917 dicit
2505 1846 2901 1918 Orationem
2953 1847 3425 1919 [avocationis
3473 1845 3785 1940 Spiritus
3836 1853 4062 1919 sancti.

1601 2036 1891 2107 Domine
1960 2036 2166 2107 Pater
2231 2040 2558 2107 miserere
2627 2036 2879 2124 nostri,
2960 2044 3028 2106 et
3093 2037 3278 2106 mitte
3341 2039 3624 2126 gratiam
3700 2037 3984 2132 Spiritus
4044 2039 4118 2106 tui

1389 2153 1601 2224 sancti
1657 2154 1767 2245 qui
1823 2150 2172 2224 vivificans
2227 2161 2368 2238 est,
2422 2149 2674 2246 tibique
2726 2148 3346 2239 consubstantialis;
3408 2154 3520 2245 qui
3584 2173 3710 2246 per
3775 2150 4118 2245 Prophetas

1386 2265 1647 2338 locutus
1724 2275 1855 2353 est,
1939 2269 2049 2360 qui
2115 2264 2466 2360 Apostolis
2533 2268 2960 2360 sapientiam,
3035 2268 3147 2360 qui
3216 2265 3620 2360 martyribus
3695 2266 4116 2340 fortitudinem

1388 2384 1776 2475 inspiravit,
1828 2386 1977 2477 ipse
2028 2385 2261 2453 veniat
2313 2391 2378 2453 et
2431 2384 2813 2475 requiescat
2868 2403 3072 2476 super
3123 2380 3290 2452 haec
3342 2386 3661 2475 mysteria
3719 2394 3791 2455 et
3846 2384 4120 2456 sanctifi-

1387 2505 1500 2567 cet
1550 2495 1700 2583 illa,
1756 2504 1826 2565 et
1873 2516 2001 2568 nos
2057 2518 2179 2568 sua
2234 2501 2585 2571 sanctitate
2635 2494 2912 2591 repleat.
3019 2495 3286 2567 Exaudi
3339 2517 3480 2585 me,
3533 2508 3658 2570 etc.

1599 2610 1925 2702 Populus.
2030 2610 2243 2707 Kyrie
2297 2612 2575 2685 eleison.
2681 2610 2894 2707 Kyrie
2947 2611 3224 2686 eleison.
3330 2610 3541 2708 Kyrie
3595 2613 3882 2685 eleison.

1600 2725 1969 2796 Sacerdos.
2077 2726 2169 2798 Ut
2234 2728 2605 2800 adveniens
2672 2736 2741 2798 et
2803 2730 3275 2822 requiescens,
3340 2727 3577 2799 efficiat
3641 2750 3896 2823 panem
3956 2726 4118 2813 hunc,

1383 2844 1598 2935 ipsum
1656 2862 1902 2936 corpus
1958 2839 2203 2914 Christi
2254 2842 2387 2914 Dei
2438 2846 2669 2917 nostri.

1596 2956 1919 3048 Populus.
2023 2958 2268 3030 Amen.

1595 3071 1966 3142 Sacerdos.
2073 3072 2163 3144 Et
2216 3072 2498 3145 calicem
2549 3072 2754 3161 hunc,
2810 3071 3129 3145 exhibeat
3180 3076 3394 3168 ipsum
3448 3075 3856 3164 sanguinem
3911 3072 4125 3148 Christi

1388 3188 1516 3259 Dei
1568 3191 1801 3260 nostri.
3847 3194 3859 3207 “

1596 3302 1921 3396 Populus.
2027 3304 2271 3378 Amen.

1596 3416 1967 3489 Sacerdos.
2088 3418 2179 3491 Ut
2248 3422 2594 3490 commista
2677 3428 2746 3490 et
2810 3422 2990 3490 unita
3076 3418 3422 3492 animabus
3488 3427 3560 3488 et
3638 3411 3669 3451 ⁶
3755 3417 4123 3511 corporibus

1386 3537 1663 3622 nostris,
1717 3535 1847 3605 sint
1897 3531 2095 3606 nobis
2148 3533 2232 3605 ad
2286 3539 2587 3621 veniam,
2655 3545 2724 3605 et
2784 3556 2917 3606 non
2974 3534 3060 3605 ad
3114 3537 3647 3623 accusationem3
3716 3535 3808 3605 ad
3863 3534 4125 3605 munda-

1383 3652 1667 3736 tionem,
1737 3658 1807 3720 et
1855 3670 1989 3720 uon
2044 3648 2129 3721 ad
2182 3649 2843 3736 condemnationem3
2917 3649 2998 3720 ad
3062 3649 3364 3722 fiduciam
3427 3650 3853 3725 consistendi
3921 3671 4124 3722 coram

1386 3762 1628 3836 throno
1683 3764 1959 3837 terribili
2014 3767 2380 3857 maiestatis
2433 3775 2614 3854 tuae,
2668 3777 2736 3837 et
2786 3787 2920 3836 non
2975 3766 3059 3837 ad
3114 3765 3610 3856 confusionem
3685 3773 3829 3841 imo
3886 3767 3971 3838 ad
4018 3787 4121 3835 re-

1387 3877 1795 3950 velationem
1874 3879 2098 3954 vultus
2164 3902 2395 3952 coram
2462 3880 2752 3952 timenda
2819 3885 3174 3974 majestate
3253 3892 3402 3970 tua,
3485 3886 3637 3978 quia
3712 3904 4007 3956 veraces
4070 3889 4125 3950 ct

1385 3992 1618 4065 fideles
1674 4004 1826 4067 sunt
1857 3999 2341 4089 promissiones
2382 4005 2562 4087 tuae,
2598 3996 2824 4087 Pater,
2875 3996 3027 4089 Fili,
3079 4007 3149 4068 et
3173 3996 3459 4092 Spiritus
3497 4010 3735 4072 sancte
3778 4022 3979 4085 nunc,
4018 4005 4123 4067 etc

1594 4108 1921 4203 Populus.
2025 4109 2268 4184 Amen.

1593 4223 1945 4296 Sacerdos
1995 4227 2383 4299 inclinatus.
2487 4227 2640 4300 Hoc
2705 4228 3101 4300 sacrificium
3168 4227 3503 4301 offerimus
3572 4229 3731 4318 tibi,
3806 4253 3933 4326 pro
3995 4229 4126 4300 uni-

1385 4361 1591 4411 versa
1657 4340 1969 4414 Ecclesia
2042 4341 2474 4431 Orthodoxa,
2541 4364 2665 4438 pro
2734 4343 3135 4416 Patriarchis
3200 4348 3486 4435 nostris,
3560 4367 3689 4439 pro
3765 4345 4124 4440 Episcopi8‚

1381 4476 1508 4550 pro
1564 4456 2080 4545 Sacerdotibus,
2154 4481 2280 4554 pro
2335 4459 2691 4547 Diaconis‚
2755 4481 2880 4555 pro
2934 4458 3327 4549 Monachis,
3380 4482 3505 4556 pro
3559 4459 3970 4552 Religiosis,
4018 4479 4122 4554 pro

1380 4570 1724 4643 Fidelibus
1779 4576 1988 4661 veris,
2042 4596 2168 4669 pro
2221 4574 2475 4646 vilitate
2526 4578 2660 4648 mei
2710 4579 3133 4670 peccatoriS,
3187 4587 3256 4648 et
3305 4599 3432 4671 pro
3486 4575 3978 4648 insanabilibus
4028 4579 4123 4646 in-

1381 4683 1795 4759 firmitatibus
1849 4693 2042 4778 meis,
2095 4700 2165 4762 ut
2217 4712 2416 4762 cures
2472 4713 2592 4765 eas
2642 4713 2768 4787 per
2802 4691 3130 4766 medelam
3166 4703 3343 4764 tuam
3397 4690 3940 4780 saluberrimam,
3989 4693 4123 4762 Do-

1383 4804 1562 4873 mine
1615 4807 2025 4892 misericors,
2080 4804 2259 4877 bone
2314 4817 2383 4877 et
2434 4805 2855 4898 longanimis.

1591 4918 1895 4991 Elevans
1943 4943 2194 4991 vocem.
2301 4919 2391 4993 Ut
2455 4944 2580 5017 per
2642 4921 2752 4993 illa
2826 4920 3226 5011 extollatur,
3290 4932 3357 4993 et
3421 4921 3785 5017 triumphet
3839 4922 4120 4996 Ecclesia

1379 5029 1551 5103 haec
1607 5046 1838 5107 sancta
1910 5046 1980 5108 et
2042 5036 2393 5132 praeclara
2459 5048 2605 5129 tua,
2675 5061 2851 5132 quae
2915 5038 3213 5111 extendit
3282 5041 3566 5111 tentoria
3621 5058 3755 5111 sua
3814 5064 3856 5112 a
3907 5039 4115 5110 finibus
