4525 6034
523 595 658 671 Bustttt
684 595 733 670 tx
748 590 942 703 ‘vttsttttt
968 591 1144 670 ,ttnRttt
1170 594 1284 670 tristi.
1512 593 1587 667 547

219 802 398 877 numquam
423 787 573 881 rapinam
607 784 827 873 existimavit,
853 782 918 856 boc
943 787 1051 878 ipsum
1079 780 1167 878 quod
1200 790 1292 853 esset
1318 779 1465 877 aequalis
1492 780 1587 854 Deo:

173 919 176 926 ·
219 897 281 970 sed
305 898 399 972 Deus
425 902 499 997 ipso
526 909 701 986 aeternus,
728 921 828 995 super
862 909 985 971 terram
1016 900 1110 970 visus
1147 907 1199 970 εει
1233 906 1267 968 ει
1302 920 1376 969 cum
1402 896 1587 970 bominibus

219 1024 272 1086 est
298 1027 537 1089 conversatus:
565 1017 620 1111 qui
647 1037 720 1086 cum
747 1017 780 1086 in
806 1015 913 1088 forma
927 1015 991 1086 Dei
1018 1024 1121 1100 esset,
1148 1016 1287 1085 inanivit
1313 1035 1352 1084 se
1369 1016 1453 1108 ipse,
1479 1012 1588 1086 forma

219 1134 311 1203 servi
338 1142 463 1205 sumta:
489 1136 745 1226 incarnatusque
771 1139 824 1202 εει
849 1130 893 1202 de
918 1130 1041 1225 Spiritu
1058 1138 1188 1220 sancto,
1217 1137 1251 1201 et
1277 1152 1331 1200 ex
1349 1142 1464 1202 sancta
1491 1154 1588 1204 sern-

218 1269 347 1343 perque
379 1247 521 1341 Virgine
552 1247 677 1319 llario:
712 1245 892 1320 conformis
927 1247 1035 1319 extitit
1066 1244 1176 1317 bumili
1212 1247 1366 1340 corpori·
1382 1256 1515 1333 nostro,
1554 1259 1589 1320 ut

219 1364 410 1439 conformes
445 1364 601 1437 redderet
634 1385 697 1436 nos
729 1367 863 1456 imagini
898 1373 931 1435 et
969 1362 1099 1454 gloriae
1134 1385 1225 1435 suae.
1280 1360 1366 1447 Quia
1405 1365 1492 1434 enim
1527 1385 1589 1459 per

220 1479 387 1554 bominem
423 1492 597 1579 peccatum
632 1484 817 1553 intraverat
854 1483 887 1552 in
921 1477 1091 1565 mundum,
1123 1487 1158 1550 et
1193 1499 1255 1574 per
1289 1487 1461 1573 peccatum
1486 1499 1588 1568 mors,

219 1595 326 1671 voluit
351 1597 548 1690 Unigenitus
581 1607 671 1683 tuus,
705 1594 760 1667 ille
792 1599 847 1690 qui
881 1606 933 1669 est
958 1601 992 1670 in
1018 1601 1091 1670 sinu
1121 1606 1179 1670 tuo
1213 1597 1358 1688 (Patris)
1391 1620 1465 1670 curn
1497 1608 1589 1671 esset

218 1711 328 1785 factus
362 1737 408 1785 ex
440 1713 595 1801 muliere,
629 1723 663 1784 et
688 1721 780 1785 esset
806 1709 867 1785 sub
894 1711 991 1804 lege,
1018 1714 1177 1785 damnare
1203 1725 1375 1808 peccatum
1409 1716 1440 1784 in
1469 1737 1588 1806 carne3

220 1850 286 1923 quo
312 1852 376 1902 nos
402 1833 457 1924 qui
488 1850 549 1925 per
574 1827 739 1901 Adamnm
772 1834 890 1901 mortui
917 1853 1065 1918 eramus,
1097 1834 1290 1904 viveremus
1322 1854 1384 1928 per
1411 1831 1586 1904 Christum.

220 1944 370 2041 Cumque
396 1956 538 2017 notamur
565 1954 683 2037 ageret
708 1949 741 2016 in
768 1943 832 2018 boc
859 1946 990 2035 muodo,
1017 1950 1173 2020 instruxit
1206 1969 1269 2019 nos
1303 1951 1494 2043 praeceptis
1521 1971 1587 2020 sa-

219 2060 390 2152 lutaribus,
416 2065 626 2157 removitque
653 2059 695 2133 ab
713 2060 877 2134 idolorum
892 2062 990 2152 cultu,
1019 2074 1118 2160 atque
1136 2062 1273 2135 deduxit
1298 2067 1331 2135 in
1359 2068 1586 2157 cognitionem

219 2182 281 2265 tui,
316 2178 380 2251 Dei
413 2182 488 2250 veri
520 2188 555 2251 ει
591 2179 718 2250 Patris:
754 2199 1019 2275 comparansque
1056 2203 1119 2254 nos
1161 2177 1225 2255 sibi
1261 2183 1293 2252 in
1331 2180 1486 2277 populum
1518 2204 1587 2277 pe-

219 2294 389 2383 culiarem,
416 2315 556 2386 regnum
582 2315 726 2380 sacrum,
752 2305 883 2367 coetum
901 2297 1072 2385 selectum,
1098 2305 1199 2393 atque
1225 2297 1386 2371 mundans
1401 2320 1465 2371 nos
1481 2301 1587 2393 aquis,

220 2418 254 2480 et
279 2411 489 2482 sanctificans
515 2430 579 2482 nos
605 2431 667 2504 per
692 2409 862 2505 Spiritum,
890 2411 978 2484 dedit
1010 2415 1084 2509 ipse
1116 2436 1156 2486 se
1186 2416 1325 2509 pretium
1357 2411 1444 2487 illius
1470 2418 1587 2487 mortis

218 2528 251 2597 in
288 2549 352 2620 qua
386 2524 632 2614 detinebamur,
659 2549 733 2597 cum
759 2527 949 2599 venumdati
977 2551 1127 2602 essemus
1155 2552 1217 2625 per
1242 2539 1427 2626 peccatum.
1479 2532 1587 2603 Porro

217 2653 393 2738 postquam
420 2642 650 2717 descendisset
676 2642 719 2715 de
744 2666 846 2716 cruce
873 2644 916 2715 ad
941 2643 1086 2733 interos,
1122 2655 1159 2720 ut
1184 2645 1349 2741 expleret
1362 2650 1437 2742 ipse
1464 2647 1585 2732 omnia,

219 2762 365 2831 surrexit
391 2763 486 2831 tertia
514 2758 580 2848 die,
605 2758 750 2856 lecitque
782 2762 872 2832 viam
898 2763 1077 2834 universae
1108 2763 1202 2832 carni
1229 2784 1274 2832 ex
1300 2766 1439 2834 mortuis
1465 2784 1587 2835 resur-

218 2874 330 2967 gendi.
383 2875 469 2962 Quia
495 2874 590 2948 nolas
617 2887 690 2947 erat
723 2885 758 2947 ut
792 2879 821 2947 is
854 2880 1009 2971 quierat
1041 2879 1236 2973 principium
1270 2879 1362 2949 vitae
1388 2879 1587 2949 retineretur

218 3012 280 3088 per
314 2994 579 3086 corruptionem3
610 2990 734 3064 lactum
769 3001 821 3063 est
852 2991 909 3077 ille
944 2996 999 3087 qui
1032 3003 1104 3064 erat
1141 2996 1305 3088 primitiae
1345 2994 1586 3082 dormientium,

129 3091 133 3108 '
218 3110 459 3202 primogenitus
492 3098 714 3194 mortuorum,
750 3131 816 3202 quo
850 3119 942 3180 essct
967 3110 1040 3203 ipse
1066 3111 1242 3204 primarius
1268 3113 1302 3180 in
1329 3106 1490 3181 omnibus.
1543 3106 1589 3179 Ut

219 3233 327 3295 autem
364 3223 515 3295 ascendit
546 3226 580 3294 in
613 3222 744 3295 coelum
777 3224 929 3297 consedit
955 3224 1204 3297 *adfdexteram
1238 3228 1419 3317 majestatis
1457 3230 1489 3297 in
1517 3246 1586 3295 ex-

219 3337 337 3412 celsis:
364 3342 393 3412 is
421 3344 476 3435 qui
504 3342 602 3412 etiarn
628 3347 789 3412 venturus
816 3352 868 3414 εει
884 3338 1038 3413 tributum
1057 3342 1233 3436 unicuique
1259 3340 1380 3414 bomini
1407 3340 1589 3417 secundum

220 3478 324 3551 opera
352 3459 434 3549 ejus.
487 3455 634 3552 Reliquit
659 3476 744 3527 vero
770 3457 866 3531 uobis
893 3460 1086 3529 memoriam
1121 3460 1287 3553 passionis
1314 3481 1396 3532 suae
1423 3458 1588 3547 salutaris,

220 3595 262 3644 ea
290 3595 376 3668 quae
402 3575 637 3668 proposuimus
664 3571 843 3644 secundum
869 3576 974 3668 ipsius
1001 3572 1198 3653 mandatum.

323 3689 371 3759 Et
403 3689 460 3760 bic
492 3688 667 3760 Sacerdos
699 3687 833 3759 extollit
858 3711 975 3760 ccccm
1004 3712 1109 3761 auom.
1163 3688 1249 3763 Cum
1274 3692 1360 3762 enim
1388 3700 1479 3763 esset
1504 3694 1586 3763 exi-

219 3816 312 3878 turus
339 3803 380 3876 ad
407 3827 540 3877 crucem
568 3826 661 3877 suam
688 3804 930 3894 voluntariam,
962 3827 1003 3877 ac
1036 3805 1233 3893 salutarem,
1267 3809 1300 3877 in
1328 3829 1370 3878 ea
1396 3815 1586 3899 nocte.qua

219 3921 411 3995 tradebatur
437 3944 500 4017 pro
525 3924 597 3994 vita
623 3931 659 3992 et
684 3920 912 4017 redemptione
939 3920 1069 4011 mundi,
1096 3931 1237 4017 accepto
1268 3945 1356 4018 pone
1382 3926 1415 3994 in
1442 3930 1587 4010 sanctas,

219 4041 507 4127 incontaminatae,
533 4059 635 4134 puras
662 4048 696 4109 ει
721 4036 863 4110 illibatas
890 4061 1006 4110 monus
1033 4059 1124 4127 suas,
1150 4040 1277 4130 gratias
1298 4043 1377 4131 egit,
1404 4037 1586 4124 benedixit,

220 4154 459 4242 sanctificavit,
485 4153 588 4246 fregit
613 4164 647 4225 et
672 4152 762 4226 dedit
787 4152 956 4248 discipulis
983 4156 1069 4242 suis,
1097 4164 1131 4225 ει
1156 4154 1330 4250 Apostolis
1358 4158 1426 4227 suis
1452 4158 1588 4245 sanctis,

220 4271 353 4343 dicens:
380 4271 543 4366 Accipite,
571 4268 735 4342 comedite
762 4269 804 4342 de
831 4273 919 4366 ipso:
947 4269 1021 4341 lloc
1047 4280 1100 4341 est
1125 4291 1247 4364 corpus
1275 4293 1393 4359 meum,
1421 4271 1508 4365 quod
1524 4293 1586 4366 pro

167 4481 171 4489 ⁵
220 4387 332 4477 vobis,
359 4396 393 4458 et
418 4408 480 4482 pro
507 4385 616 4458 multis
648 4385 810 4478 frangitur
842 4396 877 4457 et
911 4385 1066 4458 dividitur
1091 4390 1124 4458 in
1159 4389 1384 4483 expiationem
1416 4385 1586 4481 culparum

220 4505 517 4597 remissionemque
543 4512 757 4599 peccatorum
784 4526 825 4575 ac
852 4505 885 4575 iu
911 4504 1014 4574 vitam
1041 4505 1285 4600 sempiternam.

324 4619 486 4713 Populus.
537 4620 657 4691 Amen.

324 4721 507 4795 Sacerdos.
560 4721 717 4795 Similiter
743 4732 852 4795 autem
880 4731 915 4794 ει
940 4722 1077 4794 calicem
1097 4724 1168 4795 vini
1194 4724 1263 4794 nati
1289 4721 1406 4810 avite,
1434 4732 1468 4794 et
1484 4734 1585 4819 post-

222 4861 319 4933 quam
347 4849 585 4926 coenaverunt,
612 4842 754 4934 accepit,
779 4841 974 4934 miscuitque
1000 4840 1115 4933 aquis,
1143 4840 1270 4930 gratias
1297 4842 1377 4931 egit,
1403 4839 1586 4931 benedixit,

221 4955 452 5044 sanctificavit,
478 4980 519 5027 ac
546 4958 705 5047 gustavit,
732 4963 767 5026 et
793 4953 903 5027 divisit
928 4953 1098 5049 discipulis
1125 4956 1207 5040 suis,
1239 4962 1274 5025 et
1298 4957 1471 5050 Apostolis
1497 4980 1584 5029 san-

222 5074 295 5159 ctis,
323 5070 455 5144 dicens:
481 5073 636 5167 Accipite
662 5069 765 5143 bibite
792 5093 838 5143 ex
864 5093 907 5142 eo
926 5091 991 5144 vos
1005 5090 1140 5143 omnes:
1166 5070 1235 5143 Iste
1256 5079 1309 5145 est
1334 5076 1470 5165 sanguis
1490 5094 1584 5145 meus

261 5211 347 5253 tomus
363 5210 388 5253 u.
1345 5189 1394 5264 72
