4525 6034
1176 598 1501 676 PRAEFATIO.

650 789 886 889 indulsemnt,
916 812 1065 894 quarum
1108 788 1204 867 nulla
1241 792 1348 867 certis
1383 788 1622 870 fundamentis
1663 794 1794 892 nititur⁷
1828 790 2023 896 pleraeque

651 949 699 1001 ne
740 921 1045 1001 verisimilitudine
1090 921 1234 1026 quidem
1283 933 1547 1024 sustentantur3
1591 937 1631 1004 ut
1680 925 1738 1003 illa
1779 923 1825 1002 de
1868 922 2028 1028 Liturgia

653 1055 924 1160 Chrysostomi⁷
966 1054 1064 1159 quod
1099 1059 1129 1133 is
1163 1079 1236 1134 non
1274 1060 1319 1135 sit
1353 1056 1445 1136 illius
1484 1070 1610 1161 autor,
1647 1057 1714 1137 sed
1730 1057 1905 1136 ‘loannes
1940 1058 2028 1137 alter

542 1220 544 1227 ·
653 1191 815 1271 ducentis
847 1194 948 1268 annis
979 1193 1168 1293 posterior.

532 1349 540 1383 ¹
570 1348 583 1383 r
611 1346 639 1382 ³⁸
775 1322 1005 1402 Orientalium
1034 1347 1144 1426 porro
1178 1321 1417 1426 Liturgiarum
1448 1323 1560 1428 longe
1591 1325 1705 1429 maJ‘or
1734 1324 1924 1428 neglectus
1950 1323 2028 1403 brit:

652 1468 861 1561 compactae
893 1468 975 1536 sunt
1009 1460 1124 1557 enim,
1160 1468 1199 1534 ut
1230 1455 1383 1535 diximus
1416 1482 1499 1535 cum
1529 1458 1604 1536 aliis
1636 1462 1672 1535 in
1700 1457 1920 1537 Bibliotheca
1951 1455 2028 1535 Pa-

652 1602 767 1693 trum⁷
809 1595 871 1668 vix
901 1591 1015 1668 lectae
1047 1615 1066 1666 a
1102 1588 1314 1693 Theologis,
1347 1602 1408 1669 aut
1439 1578 1614 1669 adductae
1644 1595 1679 1669 in
1709 1594 1948 1670 testimonium
1982 1589 2028 1668 ad

640 1724 761 1802 ,iidem
789 1724 1035 1803 Eucharistiae
1076 1722 1252 1802 adversus
1290 1722 1535 1803 Protestantes
1575 1724 1846 1823 vindicandam3
1890 1749 2027 1802 naevos

652 1857 863 1960 multiplices
904 1855 1033 1961 quibus
1066 1860 1256 1935 versiones
1294 1856 1595 1961 obscurabantur,
1631 1883 1738 1936 nemo
1771 1857 2029 1959 animadvertit,

651 2003 688 2068 et
715 1996 750 2070 in
779 1991 900 2069 ultima
927 1990 1071 2069 tandem
1108 1990 1322 2093 ampbssima
1336 2078 1338 2083 ¹
1354 1990 1589 2094 Lugdunensi
1621 1990 1789 2093 editione,
1826 1991 1951 2095 quales
1983 1989 2027 2068 ab
2068 1992 2074 2001 '

651 2128 747 2203 initio
784 2123 1001 2227 prodierant,
1033 2148 1184 2202 recusae
1213 2136 1305 2203 suot
1349 2122 1502 2229 'Neque
1535 2150 1622 2204 sane
1656 2149 1799 2202 manum
1838 2123 2028 2203 salutarem

651 2258 718 2336 illis
747 2256 943 2336 admovere
966 2256 1070 2335 facile
1096 2269 1190 2335 erat:
1222 2283 1304 2336 cum
1326 2269 1362 2337 et
1386 2283 1464 2336 rara
1492 2258 1611 2337 lorent
1635 2258 1849 2360 exemplaria
1874 2258 1919 2334 ad
1938 2281 2029 2360 quas

649 2394 833 2470 recenseri
869 2391 946 2469 illas
984 2390 1195 2492 oportebat,
1237 2391 1467 2495 obstaretque
1508 2396 1780 2496 peregrinarum
1825 2391 2028 2495 linguarum

650 2524 849 2627 difficultas,
880 2549 925 2604 eo
956 2528 1116 2629 graviorq
1147 2514 1244 2628 quod
1273 2526 1385 2627 stylus
1406 2523 1683 2604 Ecclesiasticus
1706 2525 1861 2604 vocibus·
1879 2536 1916 2603 et
1936 2548 2028 2601 ver-

649 2656 705 2736 bis
743 2657 993 2761 multiplicibus
1024 2657 1200 2759 abundat,
1234 2682 1327 2761 quae
1358 2657 1488 2737 ilustra
1509 2663 1546 2737 in
1579 2658 1722 2738 Lexicis
1754 2669 2025 2764 quaererentur,
2140 2695 2146 2708 ·

651 2796 895 2895 exiguumque
926 2792 1019 2870 foret
1041 2796 1077 2869 in
1104 2791 1253 2869 advenis
1288 2790 1526 2871 Orientalibus
1554 2792 1762 2871 subsidium.

324 2937 637 3041 'Ptolemaeumque
773 2924 864 3003 Cum
890 2937 1008 3003 tamen
1042 2925 1217 3003 adversus
1250 2924 1468 3004 Catholicam
1501 2926 1547 3004 de
1573 2924 1796 3004 Eucharistia
1824 2925 1931 3003 fidem
1957 2924 2028 3002 de-

208 3056 210 3061 ’
323 3025 373 3080 '¹¹¹⁸
391 3035 557 3095 'mmm
649 3058 804 3136 clamare
832 3056 1002 3136 Claudius
1025 3055 1316 3137 Carentoniensis
1350 3064 1488 3163 eoepit,
1526 3063 1730 3163 inquisitum
1770 3071 1825 3137 est
1868 3058 2027 3161 diligen·

648 3195 717 3271 tius
750 3195 785 3270 in
819 3190 1020 3270 Orientales
1045 3190 1237 3296 liturgias
1273 3191 1319 3269 de
1354 3193 1497 3297 quibus,
1531 3218 1577 3270 ex
1612 3217 1686 3296 quo
1721 3192 1838 3270 editae
1872 3191 2025 3292 lucrant,

648 3324 826 3428 Theologi
850 3328 962 3404 nostri
989 3324 1142 3403 verbum
1170 3350 1243 3403 non
1272 3325 1452 3404 fecerant:
1486 3325 1739 3404 multominus
1768 3323 2026 3425 protestantes,

599 3450 602 3459 ’
647 3462 843 3561 quiquam
874 3482 999 3561 parum
1029 3458 1255 3561 opinionibus
1288 3462 1362 3537 suis
1395 3458 1570 3560 faverent,
1603 3483 1649 3536 ex
1681 3457 1767 3536 solis
1798 3457 2026 3536 versionibus

646 3594 731 3668 satis
770 3590 1043 3693 perspiciebant.
1104 3591 1189 3670 Duo
1221 3602 1338 3669 tammr
1375 3616 1420 3669 ex
1450 3592 1590 3670 illorum
1617 3616 1769 3670 numero
1800 3594 1962 3695 insignes
1990 3594 2026 3667 in

645 3723 755 3802 literis
789 3727 877 3825 viri,
918 3722 1100 3826 losepbus
1142 3723 1307 3828 Scaliger
1337 3735 1373 3802 et
1415 3722 1586 3803 Claudius
1625 3723 1844 3826 Salmasius,
1888 3724 2026 3802 illarum

646 3882 729 3935 cum
770 3857 877 3936 laude
907 3861 1153 3958 meminerant,
1186 3867 1223 3935 et
1257 3861 1504 3961 antiquitatem*
1530 3857 1878 3936 commendaverant.
1939 3855 2025 3934 Pri-

645 4015 726 4067 mus
756 3988 929 4068 Codicem
974 4015 1079 4069 suum
1125 4014 1197 4093 quo
1239 4001 1312 4070 tres
1352 3989 1600 4094 Aegyptiacae
1642 3990 1932 4091 continebantur,
1977 3988 2023 4067 ad

644 4121 805 4201 lllarcum
840 4122 1030 4202 Velserum
1070 4125 1234 4225 miserat,
1269 4128 1300 4203 is
1337 4122 1490 4203 Romam
1533 4123 1577 4201 ad
1624 4122 1821 4201 Victorium
1858 4122 2022 4201 Scialacb

643 4255 866 4358 Maronitam,
898 4260 958 4360 qui
990 4281 1052 4335 eas
1083 4255 1207 4335 Latine
1239 4261 1354 4336 vertit.
1415 4256 1507 4335 Eam
1533 4260 1739 4335 versionem
1772 4255 2025 4334 emendaverat

644 4391 734 4469 locis
772 4393 808 4468 in
841 4390 959 4469 multis
999 4389 1185 4493 Scaliger⁷
1219 4389 1285 4468 sed
1326 4394 1372 4468 ita
1408 4401 1447 4467 ut
1480 4392 1667 4468 minutiora
1705 4399 1840 4467 tantum
1876 4401 2023 4492 peccata

646 4524 909 4603 observaverit:
953 4547 1045 4626 quae
1082 4524 1227 4626 maJ'oris
1254 4527 1424 4602 momenti
1447 4534 1559 4613 ,erant
1589 4527 1878 4625 praetermiserit7
1908 4524 2024 4601 veteri

645 4656 738 4758 stylo
776 4652 1033 4735 Ecclesiastico
1080 4652 1219 4734 Graeco
1261 4680 1303 4734 se
1348 4656 1425 4733 ibas
1471 4657 1783 4758 interpretaturum
1832 4655 2023 4758 pollicitus,

646 4788 744 4893 quod
777 4813 958 4893 nunquam
998 4792 1180 4892 praestitit
1241 4787 1371 4893 Neque
1411 4788 1470 4866 ille
1502 4788 1753 4891 interpretandi
1794 4787 1896 4866 lebor
1942 4792 2022 4865 viro

646 4922 852 5001 doctissimo
880 4933 951 5019 tarn
976 4921 1101 5023 iacilis,
1143 4946 1250 5025 quam
1282 4921 1503 5001 existimabat
1531 4922 1673 5001 luisset:
1711 4920 1897 5001 subactum
1927 4923 2021 4998 enim

645 5058 681 5133 in
709 5059 859 5135 vetustis
891 5053 1157 5137 Ecclesiasticis
1183 5054 1310 5135 officiis
1344 5079 1427 5135 esse
1461 5054 1650 5158 oportebat
1682 5054 1792 5157 illum,
1822 5058 1883 5158 qui
1913 5052 1950 5131 id
1984 5055 2020 5130 in
