4525 6034
702 577 778 654 626
1206 578 1567 657 illontia

698 766 788 839 liciat
813 765 985 841 nobiscum
1012 770 1155 861 gratiam
1182 789 1278 840 suam
1304 766 1518 865 spiritualem
1569 766 1609 839 ln
1640 765 1804 840 menibus
1833 768 1950 840 vestris
1971 790 2039 864 prc-

700 887 820 957 camini
845 905 964 981 paoem
990 884 1165 958 nobiscum
1191 881 1353 982 omnibus.
1448 941 1455 956 .

1070 1160 1247 1232 Sacerdos
1274 1160 1359 1231 dicit
1384 1159 1475 1231 banc
1503 1159 1710 1232 Orationem,

803 1348 946 1421 Domine
971 1349 1064 1421 Dens
1091 1352 1269 1422 miserator
1295 1360 1329 1422 et
1354 1350 1546 1422 misericors
1573 1359 1608 1422 et
1632 1349 1798 1439 clemens,
1830 1372 1915 1422 nunc
1938 1353 2046 1444 incoepi

698 1465 792 1561 loqui
817 1487 932 1538 coram
960 1475 1011 1552 tc,
1038 1487 1105 1558 ego
1131 1464 1255 1561 pulvis,
1280 1477 1453 1563 peccator,
1480 1463 1622 1539 imbellis
1635 1476 1669 1538 et
1694 1489 1835 1563 pauper,
1860 1489 1936 1539 reus
1953 1490 2048 1540 coram

700 1592 735 1655 te
761 1605 808 1654 ex
834 1591 930 1653 utero
957 1584 1070 1652 matris
1097 1603 1206 1670 meae,
1232 1584 1431 1678 peregrinus
1458 1604 1479 1654 a
1504 1581 1621 1671 vulva,
1647 1592 1881 1677 transgressor
1905 1608 1925 1656 a
1948 1586 2049 1656 uisce-

699 1694 793 1771 ribns
820 1699 934 1770 matris
961 1719 1066 1768 meae.
1119 1698 1284 1770 Miserere
1309 1702 1388 1787 mei,
1413 1698 1568 1787 Domine,
1594 1720 1657 1795 per
1683 1699 1943 1772 misericordiam
1967 1710 2049 1784 ιιιιιιι,

700 1823 735 1885 et
753 1812 847 1886 educ
873 1837 927 1886 me
954 1812 996 1885 de
1023 1817 1106 1886 mari
1142 1813 1335 1886 delictorum
1368 1837 1430 1910 per
1462 1815 1672 1887 clementiam
1697 1827 1802 1889 utam:
1838 1815 1925 1888 educ
1948 1837 1996 1886 me
2017 1813 2051 1885 tle

701 1928 829 2029 abysso
855 1939 1070 2027 pcccatorum
1097 1953 1246 2003 meorum
1273 1953 1334 2027 per
1360 1930 1597 2025 benignitatem
1625 1942 1736 2005 tuam:
1764 1955 1847 2005 sana
1874 1933 1981 2004 ulcera
2002 1934 2051 1999 ri·

700 2049 821 2120 tiorum
848 2069 1010 2136 meorum,
1037 2054 1072 2119 et
1096 2046 1216 2144 plagas
1243 2046 1444 2121 offensarum
1470 2072 1632 2140 mearum,
1658 2061 1692 2122 tn
1713 2050 1927 2122 confirmator
1950 2057 1981 2120 et
2002 2070 2052 2119 sa-

700 2175 808 2237 nator.
861 2163 914 2236 Da
941 2163 1018 2236 mibi
1044 2173 1081 2237 ιιι
1106 2167 1254 2259 aperiam
1282 2187 1322 2238 os
1347 2188 1457 2238 meum
1484 2188 1599 2239 coram
1634 2175 1686 2258 te,
1712 2165 1915 2262 dignumque
1939 2187 1989 2237 me
2008 2162 2053 2235 lac

700 2292 736 2355 ιιι
762 2302 918 2354 moveam
944 2278 1033 2353 labia
1059 2302 1136 2353 mea
1163 2280 1250 2378 apud
1276 2290 1320 2354 te.
1374 2279 1533 2355 Concede
1559 2281 1637 2355 mibi
1662 2292 1698 2356 ιιι
1722 2281 1860 2378 placare
1887 2293 1921 2353 te
1947 2282 2054 2376 possim

700 2402 790 2471 circa
818 2396 964 2469 offensas
989 2420 1105 2487 meas,
1141 2406 1175 2469 et
1201 2396 1244 2469 ad
1270 2397 1482 2471 obtinendam
1514 2401 1747 2472 remissionem
1773 2408 1999 2495 peccatorum,
2028 2406 2055 2467 et

699 2517 833 2588 veniam
859 2512 1067 2601 delictorum,
1094 2522 1128 2585 et
1156 2511 1371 2588 abolitionem
1397 2515 1599 2588 macularum
1625 2538 1773 2588 mennam
1792 2516 2056 2611 propriammet

698 2640 914 2729 peccatorum
941 2651 1058 2702 corum
1085 2631 1141 2724 qui
1167 2628 1244 2701 mihi
1271 2628 1397 2703 similes
1423 2641 1458 2702 et
1484 2633 1569 2704 socii
1596 2641 1685 2703 sunl:
1719 2641 1801 2703 ata
1832 2641 1869 2702 te
1896 2639 2001 2727 petam
2022 2650 2056 2699 ea

700 2770 786 2844 quae
819 2748 1022 2819 conveniunt
1055 2745 1217 2818 divinitati
1249 2757 1347 2835 tuae,
1382 2758 1416 2820 ct
1447 2770 1534 2844 quae
1566 2745 1728 2844 postulari
1759 2746 1904 2820 debent:
1939 2748 2057 2841 quina

701 2863 797 2937 dives
823 2862 1012 2934 thesaurum
1038 2860 1143 2936 babes
1171 2865 1226 2958 qui
1252 2885 1419 2958 nunquam
1446 2864 1575 2953 deficil3
1608 2862 1858 2959 offerunturque
1892 2859 1951 2933 tibi
1983 2862 2057 2933 omni

700 2989 852 3075 tempore
878 2982 1056 3076 petitiones
1083 2978 1253 3070 diversae,
1280 2989 1315 3053 et
1340 2979 1576 3055 distribuuntur
1602 2979 1782 3053 secundnm
1798 3002 1861 3051 eas
1889 2988 1961 3051 ate
1985 2977 2060 3049 lonc

702 3096 899 3170 abundantia
927 3093 1055 3190 absque
1081 3116 1230 3169 numero.
1282 3095 1337 3169 Ne
1362 3100 1518 3170 irascaris
1544 3095 1637 3182 mibi,
1664 3095 1829 3189 benigue,
1855 3105 1892 3167 et
1916 3094 2060 3187 longani-

700 3215 776 3304 mm,
802 3216 879 3309 quia
904 3234 971 3286 non
998 3210 1073 3284 talis
1108 3220 1161 3284 est
1192 3211 1269 3286 mibi
1296 3234 1409 3286 eoram
1444 3224 1477 3286 te
1510 3213 1647 3302 fidncia,
1682 3224 1719 3285 ut
1750 3211 1959 3285 confidenter
1988 3211 2059 3281 baec

702 3329 809 3402 dicam
835 3351 951 3402 coram
977 3331 1153 3420 majestate
1179 3340 1254 3402 tua:
1281 3351 1397 3402 vemm
1417 3327 1551 3426 suscipe
1571 3352 1626 3402 mc
1651 3340 1687 3401 ιιι
1712 3329 1792 3402 illud
1819 3327 1972 3415 audeam,
1998 3328 2061 3422 quia

700 3467 822 3519 nomen
849 3456 937 3519 tunm
963 3466 1121 3539 magnum
1148 3447 1340 3519 invocatum
1375 3455 1555 3542 estsuper
1587 3468 1650 3518 mc.
1701 3446 1845 3542 Suscipe
1879 3442 2060 3518 sacrificinm

700 3562 765 3635 boc
792 3585 838 3635 ex
863 3559 1014 3635 manibus
1040 3563 1124 3633 meis
1151 3559 1336 3635 imbellibus
1362 3584 1424 3659 pro
1459 3562 1583 3658 populo
1610 3572 1667 3635 tun
1702 3573 1736 3635 et
1770 3561 1895 3634 ovibus
1929 3579 2061 3657 pascuae

701 3688 797 3750 urae:
824 3688 1026 3777 quapropter
1051 3680 1231 3771 gratiarum
1259 3681 1423 3753 actionem
1449 3678 1555 3753 reddo
1581 3681 1704 3752 nomini
1731 3688 1808 3766 tun,
1837 3687 1873 3750 et
1900 3677 2062 3750 adoratio·

684 3816 778 3870 nem
805 3793 911 3868 offero
937 3796 1102 3887 majestati
1128 3804 1205 3866 tuac
1231 3793 1375 3869 Domine
1401 3799 1556 3868 omnium.

857 4070 1033 4142 Sacerdos
1059 4071 1145 4141 dicit
1169 4070 1259 4142 bono
1287 4071 1485 4142 Orationem
1510 4071 1743 4143 inclinationis
1768 4078 1921 4144 secreto.

802 4262 946 4336 Domine
972 4261 1065 4334 Dens
1091 4269 1232 4358 potens,
1258 4282 1419 4353 rogamus
1454 4271 1509 4352 tc,
1543 4261 1798 4351 benedicentes,
1832 4271 1869 4333 et
1898 4260 2061 4334 adorantes

699 4401 812 4451 coram
841 4390 895 4468 te;
921 4388 1084 4451 converte
1111 4388 1277 4450 errantes:
1305 4377 1449 4450 illumina
1468 4400 1529 4451 eos
1557 4381 1611 4474 qui
1637 4381 1760 4450 suntin
1786 4376 1960 4467 tenebris3
1985 4397 2060 4447 con-

699 4494 795 4567 firma
821 4493 967 4568 debiles:
995 4496 1090 4586 erige
1116 4495 1251 4590 lapsos3
1286 4493 1470 4568 corrobora
1504 4504 1648 4568 stantes:
1687 4504 1721 4565 et
1752 4517 1914 4589 eaquae
1941 4514 2061 4567 conre-

700 4614 794 4684 niunt
819 4622 853 4684 et
878 4610 968 4684 utilia
995 4618 1081 4698 sunt,
1109 4610 1262 4683 omnibus
1278 4612 1421 4708 provide
1447 4634 1508 4708 per
1529 4614 1759 4684 miserationes
1785 4620 1873 4684 tuas.
1901 4611 2061 4704 Rogamus

701 4729 801 4799 ctiam
828 4735 863 4800 et
888 4728 1106 4824 deprecamur
1132 4737 1166 4799 te
1191 4725 1334 4802 Domine
1369 4739 1404 4800 ut
1429 4730 1618 4801 memineris
1650 4727 1692 4799 ad
1724 4731 1821 4800 istam
1855 4727 2061 4810 oblationem,

700 4843 845 4937 Patmm,
877 4843 902 4878 ¹¹
927 4842 1203 4933 Pataiarcbarum,
1228 4844 1482 4942 Prophetarum,
1494 4843 1749 4940 Apostolorum,
1761 4845 1964 4942 Martyrum,
1977 4840 2061 4916 Con·

622 4993 625 5000 ·
699 4958 880 5048 fessorum,
892 4961 1086 5046 Doctorum,
1100 4958 1355 5057 Episcoporum,
1369 4961 1600 5052 Sacerdotem,
1622 4962 1863 5050 Diaconorum,
1879 4973 1917 5035 et
1932 4962 2061 5037 οιιιιιίιιιι

701 5079 756 5172 qui
782 5078 961 5174 participes
987 5074 1119 5147 fuerunt
1145 5078 1317 5150 ministerii
1343 5081 1464 5168 nostri,
1492 5082 1548 5174 qui
1580 5101 1626 5151 ex
1650 5076 1715 5151 boc
1741 5077 1884 5152 sanctulo
1912 5076 2059 5156 tinemut

1952 5581 2200 6019 l
