4525 6034
644 607 804 684 SEVERI
831 604 1126 684 inridebunt
1491 608 1563 685 321
1606 624 1615 639 ‘

211 794 357 867 ccoelis
384 794 427 868 ad
453 814 528 891 nos,
553 804 590 866 ut
614 815 677 867 uos
703 797 737 866 in
763 803 853 868 terra
878 797 1009 891 positos
1034 798 1068 867 in
1094 794 1236 869 sublime
1262 795 1305 868 ad
1331 803 1364 867 te
1380 795 1568 886 extolleret,

210 909 324 982 inclina
358 914 534 983 etiamnum
560 909 662 984 corda
698 921 831 1002 nostra,
866 912 908 984 ad
941 910 1162 985 obediendum
1195 912 1357 985 mandatis
1391 915 1472 1000 tuis,
1502 913 1568 986 de-

209 1034 337 1098 struens
373 1024 575 1098 altitudinem
615 1026 826 1099 tenebrosam
864 1050 950 1123 quae
988 1027 1157 1100 extollitur
1201 1032 1236 1100 in
1271 1029 1369 1102 nobis
1403 1027 1570 1103 adversus

209 1145 376 1214 scientiam
411 1145 475 1230 tui‚
508 1153 542 1215 ct
568 1146 742 1239 captivans
776 1164 892 1215 omnes
931 1146 1154 1236 cogitationes
1192 1156 1346 1232 nonnam
1388 1145 1568 1218 secundum

206 1255 599 1330 formambnmiliationis
626 1257 783 1350 Fului,
811 1262 866 1353 qni
898 1257 1015 1332 lubens
1050 1258 1180 1333 bundlis
1210 1258 1318 1333 iactis
1354 1269 1406 1334 est
1430 1272 1569 1357 propter

205 1396 276 1462 nos,
302 1397 364 1470 per
389 1373 630 1469 beneplacitum
656 1385 747 1447 tuum
772 1373 865 1447 Deus
890 1376 1001 1465 Pater,
1035 1386 1169 1449 etcum
1203 1399 1268 1472 quo
1300 1387 1336 1448 te
1362 1376 1460 1449 decet
1484 1378 1567 1471 glo-

205 1493 263 1578 ria,
289 1501 352 1563 etc.
1546 1497 1547 1500 ’

303 1607 465 1701 Populum.
518 1607 637 1688 Amen.

303 1723 487 1794 Sacerdos.
540 1723 632 1795 Deus
667 1723 904 1818 mysteriorum
937 1720 1167 1812 iueilabibum,
1210 1731 1245 1794 et
1278 1724 1566 1815 inaccessibilium‚

202 1860 305 1935 penes
333 1861 430 1934 quem
456 1850 532 1912 sunt
556 1838 702 1912 thesauri
729 1836 914 1910 absconditi
940 1839 1100 1910 scientiae
1126 1849 1161 1912 et
1187 1841 1391 1935 sapientiae,
1418 1845 1473 1935 qui
1498 1844 1566 1915 mi-

202 1957 371 2028 nisterium
403 1955 498 2028 officii
524 1957 619 2028 istius
652 1953 750 2027 uobis
776 1952 951 2043 revelasti,
978 1976 1053 2025 cunr
1091 1953 1197 2027 adbuc
1230 1954 1372 2031 infantes
1403 1978 1566 2047 essemus,

202 2081 329 2143 utnon
355 2071 494 2168 amplius
520 2083 674 2167 tanquam
709 2069 913 2143 Sacerdotes
943 2069 1091 2159 ludoici,
1118 2093 1220 2167 super
1253 2081 1370 2168 pectus
1403 2070 1566 2147 ferremus

199 2188 369 2284 pectorale
394 2190 611 2263 revelationis
638 2197 671 2259 et
696 2190 845 2259 veritatis
868 2186 1001 2280 judicii,
1032 2190 1066 2259 in
1097 2199 1214 2261 sancta
1249 2187 1446 2261 Sanctorum
1479 2212 1565 2285 pro-

201 2308 390 2400 spicientes,
418 2304 478 2377 sed
505 2307 678 2377 sanctitate
704 2302 807 2375 induti
821 2299 961 2374 verbum
988 2313 1022 2376 et
1043 2290 1181 2396 germen
1208 2328 1255 2377 ex
1281 2306 1353 2376 sinu
1380 2314 1449 2396 tuo,
1468 2307 1565 2379 Pon-

199 2421 320 2492 tificem
346 2442 521 2514 magnum3
548 2420 696 2514 dignare,
723 2429 760 2492 ut
786 2417 1049 2515 quandoquidem
1084 2422 1196 2513 ignem
1230 2420 1373 2493 alienum
1403 2442 1472 2495 nou
1497 2419 1565 2493 ba·
1594 2475 1598 2482 .

199 2534 330 2625 bemus,
358 2535 555 2609 accedamus
581 2537 624 2610 ad
657 2546 705 2609 tc:
740 2534 800 2608 sed
832 2558 893 2631 per
924 2534 1080 2630 Spiritum
1112 2548 1201 2610 tuum
1234 2546 1382 2609 sanctum
1417 2536 1565 2609 liberans

198 2674 272 2740 nos,
299 2650 460 2725 combure
487 2674 617 2726 omnem
644 2661 846 2725 vetustatem
877 2661 1026 2725 nostram
1060 2652 1247 2743 sordidam,
1282 2664 1316 2725 et
1346 2652 1389 2724 ad
1423 2674 1564 2746 gregem

198 2778 286 2840 tuum
314 2767 511 2841 rationalem
538 2767 706 2841 sanctifica
734 2776 768 2839 et
792 2788 959 2864 praepara
990 2790 1066 2860 nos,
1102 2778 1138 2840 ut
1172 2778 1269 2841 extra
1307 2791 1442 2841 carnem
1474 2767 1564 2858 lacti,

198 2893 232 2955 et
262 2907 394 2957 omnem
429 2887 665 2978 cogitationem
697 2882 944 2980 corruptibilem
978 2908 999 2957 a
1030 2885 1128 2958 nobis
1155 2885 1375 2981 depellentes,
1409 2894 1508 2982 atque
1543 2908 1563 2957 e

197 3008 286 3073 terra
315 3003 349 3072 in
375 3002 506 3074 coelum
531 3002 784 3097 pervenientes,
811 3010 921 3072 tecum
947 3004 1050 3074 simus
1064 3012 1175 3075 mente
1192 3006 1387 3098 purissima,
1420 3003 1561 3076 oPater

196 3114 365 3205 luminis,
398 3127 432 3189 et
462 3121 629 3213 possimus
661 3116 753 3210 digni
784 3116 855 3188 lien·
891 3114 956 3188 boc
991 3116 1155 3191 sacrificio
1183 3117 1272 3214 qurod
1298 3117 1358 3192 tibi
1383 3117 1563 3207 susumus,

198 3232 240 3303 ad
266 3234 550 3306 confirmationem
576 3218 799 3323 offerentium,
826 3242 861 3304 et
886 3233 928 3304 ad
953 3235 1086 3307 veniam
1119 3244 1154 3306 et
1178 3238 1420 3308 recreationem
1446 3257 1562 3308 corum

196 3352 251 3443 qui
278 3348 359 3421 olim
385 3347 611 3436 decesserunt,
637 3350 772 3421 Patrum
798 3358 832 3419 et
857 3349 1009 3421 Fratrum
1036 3361 1246 3441 nostrorum,
1272 3354 1499 3449 pergratiam
1527 3362 1565 3424 et

195 3464 459 3538 misericordiam
485 3467 645 3558 unigeniti
670 3464 745 3537 Filii
772 3467 827 3553 tui,
854 3469 929 3561 quia
955 3478 990 3539 te
1016 3466 1113 3540 decet
1138 3468 1259 3560 gloria,
1286 3478 1349 3541 etc.

302 3580 488 3654 Diaconos.
540 3583 673 3654 Stemus
700 3580 867 3654 decenter.

302 3697 486 3770 Sacerdos.
538 3700 622 3771 Pax.

302 3813 462 3907 Populus.
514 3812 658 3886 Etcum
683 3814 808 3908 Spiritu
833 3824 899 3886 tuo.

287 3929 485 4004 Sacerdos.
537 3930 676 4005 Sursum
702 3931 814 4004 corda.

301 4046 462 4141 Populos.
514 4047 684 4122 Habemus
711 4047 753 4120 ad
778 4046 963 4121 Dominum.

301 4162 484 4236 Sacerdos.
538 4165 670 4237 Gratias
698 4186 837 4257 agamus
862 4162 949 4237 Deo.

300 4276 459 4372 Populus.
513 4278 658 4372 Dignum
684 4290 717 4352 et
739 4283 863 4373 justum
889 4291 950 4352 est.

301 4392 475 4467 Sacerdos
499 4396 690 4468 inclinatur.
744 4397 851 4483 Quam
880 4397 1115 4488 cogitationem
1140 4393 1264 4468 babere
1289 4416 1476 4492 possumus,
1503 4407 1560 4467 aut

194 4531 297 4603 quant
317 4513 385 4582 vim
402 4516 566 4584 sermonis
585 4512 723 4608 adipisci
740 4512 782 4585 ad
795 4511 1066 4605 glorificationem
1086 4534 1172 4607 quae
1183 4510 1242 4584 tibi
1252 4510 1390 4585 debetur
1399 4512 1557 4585 referem-

193 4624 286 4717 dam,
307 4624 384 4698 Rex
398 4648 516 4720 regum
531 4638 567 4700 et
580 4627 673 4701 Deus
686 4630 844 4702 omnium:
876 4630 932 4723 qui
944 4632 1085 4700 virtutes
1101 4627 1268 4701 intellectu
1282 4628 1450 4724 praeditas
1469 4650 1558 4701 con-

194 4744 320 4835 dibni,
345 4753 380 4816 et
405 4754 590 4816 creaturam
617 4743 806 4819 sensibilem
832 4744 951 4832 fecisti,
978 4746 1033 4839 qui
1060 4766 1105 4816 ox
1130 4742 1252 4817 visibili
1278 4754 1376 4839 atque
1402 4741 1558 4818 invisibili

190 4858 307 4935 iecisti
330 4859 509 4950 homiuem,
535 4883 693 4958 capacem
719 4861 826 4934 omnis
851 4859 1087 4949 excellentiae,
1113 4869 1147 4932 et
1172 4858 1385 4935 similitudidis
1412 4858 1557 4950 divinae,

191 4988 231 5049 ut
256 4975 336 5049 nibil
361 4986 452 5050 esset
476 4977 606 5050 illorum
633 5000 719 5073 quae
745 5000 765 5048 a
792 4986 825 5048 te
850 4975 938 5048 iacta
964 4984 1055 5065 suut,
1082 4973 1170 5070 quod
1203 4978 1334 5067 gratiae
1368 4984 1446 5048 tuae
1471 4997 1555 5073 par-

190 5097 301 5190 ticeps
327 5115 394 5166 non
425 5104 532 5183 esset,
564 5095 611 5167 ita
643 5104 680 5165 ut
711 5096 811 5165 etiam
844 5092 975 5189 pulvis,
1001 5089 1279 5188 contemplatione
1310 5090 1441 5186 gloriae
1477 5100 1555 5164 tuae
