4525 6034
723 576 799 651 384
1228 581 1588 658 titutatn

798 753 986 860 'Populus
1039 768 1307 858 Misericordiae,
1333 777 1396 841 etc.

822 881 1009 958 Sacerdos.
1063 883 1196 958 Carims
1222 883 1287 956 Dei
1312 885 1441 976 Patris,
1468 895 1532 958 etc.

826 998 986 1093 Populus.
1038 999 1182 1073 Etcum
1210 1002 1327 1095 spiritu
1353 1011 1421 1073 tuo.

823 1114 1008 1188 Sacerdos.
1061 1115 1201 1190 Sursum
1228 1116 1341 1189 corda.

827 1230 989 1326 Populus.
1040 1231 1211 1305 Habemus
1239 1232 1283 1305 ad
1307 1234 1492 1307 Dominum.

828 1347 1012 1421 Sacerdos.
1066 1347 1201 1421 Gratias
1228 1371 1367 1442 agamus
1393 1348 1479 1421 Deo.

826 1464 987 1557 Populus.
1040 1466 1185 1557 Dignum
1211 1473 1245 1536 et
1267 1467 1392 1558 Justum
1418 1476 1479 1538 est
1539 1559 1541 1564 ι

828 1578 1002 1652 Sacerdos
1034 1580 1226 1652 inclinatas.
1278 1580 1422 1654 Domine
1454 1581 1597 1653 timende
1626 1582 1682 1677 qui
1705 1580 1906 1674 glorificaris
1930 1584 1962 1653 iu
1984 1581 2060 1654 codo

724 1706 758 1768 et
784 1699 816 1766 in
844 1706 945 1783 terra,
973 1718 1048 1768 cum
1074 1696 1161 1770 Filio
1189 1705 1243 1769 tuo
1271 1700 1440 1790 unigenito
1468 1707 1501 1769 et
1528 1696 1652 1793 Spiritu
1678 1708 1806 1771 sancto.

825 1811 977 1884 Eieoarrs
1001 1833 1126 1883 oocem.
1182 1812 1313 1885 Mentes
1339 1812 1512 1909 perfectae
1538 1824 1572 1885 et
1599 1813 1733 1886 ordines
1761 1812 1961 1909 spirituales,
1984 1836 2061 1885 mun-

722 1928 833 2022 doque
859 1930 1061 2023 superiores,
1087 1931 1121 1999 in
1149 1938 1266 2003 sancto
1293 1940 1484 2001 sanctorum
1510 1938 1580 2019 tuo,
1607 1928 1811 2002 sanctificant
1831 1931 1970 2023 gloriam
1984 1938 2062 2016 unu,

684 2028 688 2034 ”
724 2045 779 2138 qui
805 2045 1015 2116 incessanter
1041 2043 1240 2137 glorificant,
1266 2045 1420 2134 clamant,
1447 2043 1675 2118 vociferantur
1699 2055 1733 2117 et
1759 2046 1881 2119 dicum

825 2158 989 2251 Populos.
1041 2159 1203 2251 Sanctus,
1230 2161 1392 2249 Sanctus,
1418 2161 1572 2235 Sanctus.

825 2274 1002 2348 Sacerdos
1017 2277 1208 2349 inclinatas.
1245 2278 1494 2352 Convenieuter
1510 2277 1689 2352 secundum
1709 2277 1969 2350 misericordiam
1986 2287 2063 2364 uon,

721 2392 814 2465 Deus
840 2390 954 2481 Pater,
979 2390 1153 2467 nobiscum
1179 2393 1391 2491 dispensasti,
1419 2403 1453 2466 et
1478 2396 1594 2467 misisti
1620 2393 1716 2467 nobis
1742 2396 1949 2486 unigenitum
1972 2392 2063 2465 Filim

720 2517 830 2594 tuum,
862 2509 918 2601 qui
943 2508 1052 2581 unitus
1078 2519 1132 2581 est
1156 2509 1253 2583 uobis
1281 2509 1461 2583 secondum
1488 2514 1616 2601 omnia,
1649 2519 1794 2607 excepto
1822 2520 1982 2607 peccatu,
2004 2519 2065 2581 tan·

723 2645 821 2719 quam
848 2622 976 2697 scilicet
1003 2625 1044 2697 ad
1071 2625 1285 2714 salutemet
1311 2630 1411 2698 vitam
1438 2637 1596 2700 nostram.

828 2739 980 2814 Eieoarss
1004 2763 1130 2813 vocem.
1181 2742 1274 2814 Vere
1300 2753 1334 2814 et
1359 2753 1452 2815 certe
1478 2745 1608 2838 accepit
1633 2741 1772 2818 formam
1799 2748 1910 2836 servi,
1935 2754 1970 2816 ut
1991 2747 2019 2815 iu
2038 2763 2067 2811 ca
2193 2827 2194 2844 χ

721 2855 913 2956 perficeret,
947 2880 1034 2952 quae
1058 2856 1169 2930 futura
1196 2847 1292 2930 eraut
1319 2859 1361 2931 ad
1388 2859 1544 2948 salutem,
1576 2861 1746 2955 vitamque
1777 2860 1880 2935 nobis
1913 2869 2066 2958 praestan-

721 2972 816 3061 dam,
847 2965 862 3005 ²
888 2973 1032 3069 Accepit
1056 2997 1177 3069 panem
1204 2985 1238 3047 et
1262 2978 1388 3066 vinum
1413 2975 1585 3048 benedixit
1610 2984 1642 3067 i,
1669 2977 1895 3051 sanctibcavit
1921 2985 1953 3066 †,
1980 2976 2067 3067 tregit

722 3095 743 3171 †
769 3088 924 3183 deditque
950 3089 1124 3184 Apostolis
1152 3093 1222 3163 suis
1249 3090 1380 3163 direns:
1407 3095 1559 3188 accipite,
1585 3096 1721 3181 ub‘miui,
1751 3098 1860 3166 etita
1888 3093 1995 3166 facite.
2038 3089 2068 3162 iit

722 3228 797 3277 cum
823 3205 888 3277 boc
914 3209 1124 3302 acceperitis,
1152 3207 1278 3279 credite
1298 3216 1332 3279 et
1351 3211 1433 3280 certi
1453 3217 1573 3298 estote,
1601 3209 1689 3305 quod
1707 3232 1833 3305 corpus
1853 3233 1963 3283 meum
1983 3210 2067 3292 editis

722 3332 756 3394 et
795 3324 990 3415 sauguinem
1024 3320 1135 3395 bibitis
1176 3326 1210 3396 in
1246 3327 1439 3396 memoriam
1476 3327 1592 3397 mortis
1626 3348 1724 3399 meae
1761 3325 1949 3415 iacientes,
1985 3324 2068 3397 donec

721 3459 863 3509 ventam.

825 3553 988 3646 Papulas.
1042 3555 1161 3628 Mortis
1187 3566 1274 3628 tuae.

826 3667 1011 3744 Sacerdos.
1064 3669 1215 3743 Maxime
1241 3675 1340 3744 etiam
1377 3694 1464 3746 nunc
1505 3677 1696 3747 memoriam
1730 3679 1865 3768 agimus
1902 3677 2069 3756 coronate,

723 3785 866 3856 omnium
894 3808 1007 3859 earum
1033 3810 1146 3860 rerum
1181 3810 1263 3883 quas
1296 3793 1400 3862 nostri
1433 3812 1535 3863 causa
1570 3795 1727 3884 gessisti,
1763 3815 1785 3863 o
1811 3789 1965 3863 Verbum
1989 3790 2068 3868 Deus

722 3895 808 3995 qua'e
835 3923 856 3971 a
881 3904 1051 3976 natimtmc
1078 3915 1133 3976 tua
1159 3914 1279 3997 gestae
1313 3916 1409 3978 suut:
1443 3906 1603 4001 Baptismi
1638 3910 1703 3999 tui,
1739 3910 1931 4004 passionis,
1967 3906 2069 3986 modii

722 4013 926 4111 sepulturae,
953 4021 1207 4092 resmrectiouis
1234 4031 1331 4111 tuae,
1359 4033 1393 4094 et
1419 4025 1625 4097 ascensionis
1651 4028 1685 4096 io
1718 4023 1871 4112 coelum,
1906 4021 2068 4096 sessionis·

723 4154 789 4227 que
821 4133 863 4205 ad
890 4134 1063 4208 dexteram
1089 4139 1271 4229 majestatis
1297 4136 1362 4209 Dei
1387 4140 1512 4216 Patris
1549 4140 1778 4236 adventusque
1811 4144 1860 4212 tui
1898 4138 2070 4213 secundict

723 4250 889 4323 terribilis.
932 4250 1116 4346 Propterea
1141 4251 1296 4325 Ecclesia
1322 4263 1378 4325 tua
1404 4262 1438 4326 et
1462 4277 1552 4349 grex
1577 4268 1651 4330 tuus
1678 4256 1882 4352 deprecatur
1908 4267 1954 4346 te,
1980 4264 2011 4327 et
2026 4271 2072 4348 pes

722 4377 757 4438 te
783 4376 817 4438 et
843 4377 952 4439 tecum
977 4368 1109 4440 Putrem
1137 4376 1227 4441 tuum
1253 4368 1378 4444 dicens.

826 4483 988 4576 Popaias.
1041 4484 1256 4557 Miserere

826 4598 1010 4673 Sacerdos.
1062 4600 1135 4673 Nos
1161 4595 1304 4697 ipuoque.

827 4715 986 4810 Popaias.
1039 4716 1090 4788 Te
1116 4714 1350 4808 glorificamus.

827 4832 1014 4904 Diacoaas.
1068 4832 1176 4918 Quam
1203 4832 1347 4906 timenda
1374 4845 1426 4909 est
1451 4835 1535 4909 baec
1561 4836 1653 4911 bora.

826 4945 1001 5021 Sacerdos
1028 4949 1220 5019 inclinatus.
1271 4949 1418 5024 Gratiam
1445 4952 1587 5049 Spiritus
1615 4957 1678 5043 tui,
1712 4952 1806 5027 Deus
1831 4953 1958 5042 Pater,
1992 4950 2072 5046 qutit

724 5073 758 5135 te
784 5065 946 5160 procedit,
973 5076 1008 5137 et
1032 5063 1089 5137 tibi
1117 5062 1407 5142 consubstantialis
1434 5080 1498 5161 est,
1524 5073 1760 5166 unigenitoque
1785 5070 1875 5145 Filio
1903 5080 1979 5161 mo,
2002 5066 2074 5136 mitis
