4525 6034
718 534 794 610 544
1223 537 1584 616 llllllllild

821 725 1011 797 Diaconos.
1065 725 1193 796 Demus
1225 746 1344 820 pacem
1378 722 1462 796 atter
1496 723 1610 816 alteri,
1646 749 1721 799 cum
1757 725 1873 801 osonio
1904 737 2002 804 sancto
2026 739 2050 801 et

717 841 849 930 divino,
877 864 917 912 ac
943 844 1083 913 caritate
1109 840 1245 913 Domini
1270 844 1378 913 nostri
1403 841 1486 914 Jesu
1513 840 1646 916 Christi.

821 957 983 1051 Populos.
1037 958 1189 1050 Dignare
1216 978 1279 1028 nos
1305 957 1450 1030 Domine
1476 958 1569 1031 Dens
1597 972 1724 1033 noster.

820 1073 1010 1146 Diaconos.
1064 1075 1155 1146 Ante
1182 1076 1378 1147 sumtionem
1410 1078 1645 1170 mysteriorum
1678 1098 1850 1148 sacrorum
1883 1100 1960 1172 quae
1986 1075 2053 1149 ode-

718 1199 845 1280 runtur,
872 1193 981 1288 capita
1008 1200 1124 1264 nostra
1152 1211 1267 1262 eornm
1293 1190 1438 1266 Domino
1465 1192 1682 1263 misericorde
1709 1190 1910 1264 inclinemus.

824 1306 986 1400 Populos.
1041 1306 1165 1381 Coram
1194 1316 1227 1376 te
1253 1305 1396 1378 Domine
1424 1305 1517 1380 Deus
1544 1318 1668 1380 noster.

822 1423 1008 1495 Sacerdos.
1050 1424 1194 1495 Domine
1219 1421 1313 1494 Deus
1339 1431 1455 1496 noster
1483 1425 1537 1518 qui
1565 1422 1608 1493 da
1635 1422 1835 1496 abundantia
1860 1427 1977 1517 gratim
1999 1433 2056 1494 tuae

717 1544 749 1613 in
784 1543 895 1614 omnia
930 1539 1128 1628 extendisti,
1164 1538 1262 1610 nobis
1297 1538 1471 1634 plusquam
1504 1543 1646 1633 petimus
1680 1538 1815 1628 tribuis,
1852 1551 1884 1611 et
1914 1540 2056 1631 benignius

718 1681 815 1753 quem
842 1654 1067 1747 intelligimus,
1094 1653 1268 1727 nobiscum
1297 1657 1384 1747 agis,
1412 1655 1559 1726 extende
1586 1657 1738 1748 Domine,
1764 1677 1895 1726 manum
1915 1664 1991 1726 tuam
2008 1676 2058 1726 nou

718 1771 977 1871 aspectabilem,
1012 1780 1047 1842 et
1078 1769 1221 1842 benedic
1255 1773 1366 1843 servis
1399 1780 1433 1842 et
1467 1771 1594 1844 aucillis
1628 1775 1710 1860 tuis,
1742 1770 1958 1866 mundatoque
1987 1774 2058 1866 ipsos

719 1889 762 1963 ab
791 1892 879 1961 omni
907 1888 1036 1959 macula
1063 1890 1175 1958 earnis
1202 1894 1236 1958 et
1263 1889 1407 1982 spiritus,
1437 1899 1536 1983 atque
1563 1887 1701 1979 dignare
1727 1910 1791 1960 nos
1818 1886 1889 1959 fieri
1914 1890 2058 1983 participes

717 2009 873 2102 eorporis
900 2006 1060 2098 unigeniti
1087 2001 1161 2074 Filii
1188 2005 1253 2091 tui,
1286 2025 1351 2098 quo
1386 2025 1461 2075 cnm
1488 2008 1631 2099 puritate
1657 2013 1691 2074 et
1717 2006 1933 2076 sanctimonia
1956 1999 2060 2096 snppli-

718 2145 790 2211 oes,
816 2143 938 2218 preces
965 2118 1023 2192 tibi
1051 2119 1229 2192 oderamus
1257 2128 1291 2189 et
1318 2120 1490 2213 unigenito
1516 2119 1602 2193 Filio
1630 2129 1686 2192 tuo
1704 2119 1851 2193 Domino
1878 2116 2060 2190 nostrolesu

718 2236 852 2310 Christo
881 2246 980 2331 atque
1007 2235 1144 2331 Spiritui
1172 2244 1228 2309 tno
1255 2213 1487 2326 sanctissimo,
1518 2235 1628 2324 bono,
1661 2235 1854 2326 adorando,
1887 2238 1979 2307 vitam
2006 2233 2062 2303 lar·

717 2357 840 2446 gienti,
874 2353 1000 2448 tibique
1026 2354 1059 2422 in
1087 2349 1269 2424 substantia
1298 2351 1444 2447 aequali,
1477 2374 1565 2424 nunc
1592 2361 1626 2423 et
1651 2373 1804 2448 semper,
1840 2362 1875 2423 et
1900 2347 2062 2424 insaecula

718 2467 936 2541 saeculormn.

821 2583 983 2678 Populus.
1037 2583 1158 2656 Amen.

1155 2944 1453 3037 Precatio.super
1478 2942 1653 3014 uelamine.

821 3163 1006 3236 sacena.
1059 3164 1204 3235 Domine
1230 3165 1285 3258 qui
1312 3162 1354 3236 ab
1381 3162 1525 3255 Angelis
1552 3172 1587 3234 et
1611 3161 1836 3256 Archangelis
1862 3163 2065 3248 extolleris,a

716 3280 891 3378 Seraphim
919 3289 1054 3352 sanetus
1080 3282 1331 3375 pronunciatis,
1357 3301 1458 3376 super
1485 3277 1666 3352 Cbembim
1692 3279 1813 3373 sedes,
1851 3289 1949 3374 atque
1973 3274 2009 3349 ab
2030 3273 2067 3346 lis

716 3398 814 3470 simul
841 3395 994 3470 omnibns
1020 3393 1110 3469 nullo
1137 3398 1337 3492 interposito
1364 3395 1514 3484 silentio,
1541 3395 1683 3468 vocibus
1710 3395 1827 3469 divino
1855 3416 2003 3468 sermone
2024 3395 2068 3462 iu·

715 3513 869 3587 iormatis
895 3512 1043 3606 gloriose
1070 3511 1233 3584 laudaris:
1261 3521 1295 3583 et
1321 3535 1342 3584 a
1367 3510 1466 3584 nobis
1493 3515 1592 3584 etiam
1619 3523 1730 3585 terrae
1754 3510 1877 3585 incolis
1897 3504 2069 3584 sacerdotal

717 3610 889 3700 irmctione
915 3628 981 3701 coli
1008 3629 1081 3716 vis,
1108 3649 1176 3700 non
1204 3627 1292 3723 qnod
1319 3640 1437 3702 nostro
1464 3625 1553 3700 cultu
1580 3651 1666 3725 opus
1693 3626 1843 3718 babens,
1871 3626 1931 3700 sed
1960 3634 1993 3697 ut
2019 3643 2067 3695 nos

717 3746 902 3816 sanctitatis
930 3754 1007 3815 tuae
1033 3743 1157 3816 reddas
1183 3747 1382 3841 participes:
1409 3747 1534 3819 sustine
1560 3766 1624 3816 nos
1650 3745 1796 3816 Domine
1824 3742 1870 3816 ad
1886 3743 2070 3816 doraum

716 3869 867 3931 sanctum
895 3845 1115 3948 aecedentes3
1142 3882 1251 3954 neque
1286 3870 1426 3957 propter
1456 3858 1566 3933 labem
1592 3863 1738 3956 peccati,
1771 3883 1840 3956 qua
1874 3881 1941 3951 ego
1971 3855 2070 3930 nardus

715 3973 815 4046 bomo
843 3975 1104 4047 commacrdatns
1132 3997 1223 4065 sum,
1250 3975 1419 4073 despicias
1446 3997 1569 4049 servos
1594 3985 1690 4065 tuos,
1717 3980 1773 4070 qni
1801 3997 1920 4048 coram
1944 3986 1977 4046 te
1999 3992 2069 4044 con·

718 4094 847 4163 sistant.
900 4091 952 4163 'l'u
985 4095 1089 4181 enim,
1125 4102 1162 4165 ut
1196 4095 1252 4186 qni
1286 4095 1360 4189 ipse
1392 4092 1488 4165 lictor
1523 4115 1579 4186 es,
1612 4094 1779 4185 cognitum
1817 4091 2070 4188 exploratumque

579 4224 584 4236 ·
717 4205 823 4280 habes
850 4208 1042 4300 figmentum
1068 4209 1193 4298 nostri,
1221 4208 1309 4303 quod
1336 4230 1404 4281 non
1427 4208 1624 4300 justificetur
1650 4231 1766 4282 coram
1792 4218 1829 4279 te
1845 4208 1931 4282 ullus
1944 4230 1987 4279 ex
2009 4225 2071 4276 mu-

714 4321 799 4396 liere
825 4333 937 4398 natm:
964 4323 1025 4396 sed
1052 4332 1086 4396 tu
1112 4323 1234 4415 dignm
1261 4324 1385 4422 efficito,
1407 4345 1486 4412 nos,
1514 4328 1570 4420 qui
1595 4347 1680 4421 puro
1707 4324 1812 4398 eorde
1835 4334 1962 4396 stemus
1978 4338 2071 4391 cornu

716 4448 767 4529 te,
795 4438 919 4533 tibique
945 4439 1167 4512 ministremus
1199 4449 1300 4535 atque
1333 4440 1512 4512 otlernmus
1545 4440 1738 4513 sacrificium
1769 4440 1839 4514 hoo
1874 4433 2073 4512 reverendum

717 4564 751 4626 et
776 4555 1002 4642 incruentum,
1030 4553 1072 4627 nd
1099 4553 1266 4627 abolenda
1293 4554 1413 4627 delicta
1439 4567 1574 4645 nostra,
1602 4566 1636 4628 et
1660 4579 1722 4653 pro
1749 4557 1888 4652 piaculo
1908 4551 2013 4652 populi
2029 4549 2071 4632 iub

718 4691 901 4766 eorumque
927 4680 1161 4765 peccatorum,
1190 4693 1275 4768 quae
1301 4670 1358 4742 ille
1383 4694 1445 4768 per
1471 4674 1633 4746 inscitiam
1660 4672 1809 4746 admisit:
1839 4695 1883 4743 ac
1912 4693 1972 4768 pro
1995 4679 2073 4739 uan-

716 4785 817 4881 quilla
844 4790 961 4881 requie
988 4809 1103 4859 eorum
1131 4789 1187 4882 qui
1213 4786 1353 4859 antehac
1380 4790 1622 4863 occubuerunt:
1649 4811 1724 4861 cum
1751 4810 1850 4884 spem
1877 4786 2029 4861 haberent
2047 4782 2073 4851 iu

717 4904 887 4995 unigenito
914 4902 1000 4974 Filio
1029 4912 1100 4976 tuo:
1129 4927 1204 4976 cum
1231 4927 1297 5000 quo
1326 4901 1383 4975 tibi
1409 4901 1550 4977 debetur
1575 4903 1702 4997 gloria,
1728 4903 1840 4977 bonor
1875 4914 1909 4975 et
1934 4907 2072 4998 potesltb

717 5039 757 5087 ac
784 5016 880 5090 simul
905 5020 1117 5092 sanctissimo
1151 5031 1208 5091 tuo
1242 5020 1398 5117 Spiritui,
1424 5016 1528 5110 bono,
1563 5019 1751 5111 adorando,
1785 5022 1895 5092 vitam
1931 5015 2071 5110 largienti,
