4525 6034
539 570 613 659 'Ab
631 582 838 658 tumulati
851 578 1050 689 'cotttdmt
1067 580 1097 656 S.
1115 580 1261 655 unsutt
1305 644 1311 655 ,
1526 581 1600 654 193

223 769 437 850 superstitiosa
459 767 509 830 illa
525 786 620 849 gens,
644 784 750 829 omnes
773 766 989 847 cujuscumque
1001 763 1168 846 Religionis
1190 762 1326 826 homines
1349 781 1439 826 orare
1462 766 1601 843 seorsim,

221 887 341 951 suoque
371 868 420 930 die
452 866 589 949 jubebat.
640 864 672 926 ln
703 864 833 926 Historia
866 863 1060 925 Patriarcbali
1093 871 1235 925 narratur
1273 861 1406 926 Judaeos
1440 864 1601 946 aliquando
1667 869 1731 936 Htst
1755 869 1826 921 Pae.
1854 869 1928 924 Alae.

219 970 354 1049 pecunia
376 964 543 1029 redemisse
562 965 612 1045 jus
635 965 798 1045 primarum
821 961 1089 1042 supplicationum,
1112 963 1171 1023 rati
1195 980 1234 1024 err
1257 962 1386 1025 diversis
1409 962 1528 1025 indiciis
1551 955 1929 1025 su.p.229.311.482.60a

219 1078 322 1131 turam
345 1084 416 1128 mox
438 1064 676 1142 inundationem,
701 1080 779 1143 quae
801 1059 871 1123 ideo
892 1062 967 1141 ipsis
990 1059 1097 1123 bonori
1120 1060 1215 1139 loret,
1239 1063 1324 1142 quasi
1346 1064 1482 1144 ipsorum
1496 1063 1602 1143 preci-

219 1169 278 1231 bus
304 1168 479 1247 impetrata:
502 1164 648 1227 sedeam
671 1169 776 1224 contra
799 1161 883 1222 Nilus
907 1159 1090 1221 decrescere
1112 1160 1198 1221 visus
1212 1169 1306 1239 esset,
1328 1180 1390 1225 non
1406 1160 1603 1243 solumgravi

219 1266 336 1329 mulcta
359 1265 488 1326 damnati
510 1270 599 1341 sunt,
622 1262 678 1324 sed
701 1261 790 1323 etiam
813 1259 1020 1335 interdictum,
1044 1277 1083 1321 ne
1107 1276 1164 1339 per
1185 1259 1294 1321 multos
1310 1260 1376 1323 dies
1391 1269 1601 1341 precarentur.

219 1367 266 1429 De
292 1365 426 1446 publicis
448 1361 717 1443 supplicationibus
740 1358 820 1421 illius
844 1356 1054 1420 exundationis
1078 1376 1169 1419 caasa
1192 1357 1294 1439 lactis,
1327 1360 1440 1440 aliquot
1463 1360 1603 1441 exempla

220 1474 292 1529 sunt
318 1467 348 1526 in
372 1461 476 1526 eadem
500 1462 648 1523 Historia:
671 1460 847 1540 superstitio
871 1457 981 1519 deinde
1003 1459 1153 1519 successit
1175 1460 1261 1539 cujus
1274 1466 1384 1521 testem
1399 1467 1498 1524 tamen
1513 1458 1603 1521 alium

220 1564 352 1627 laudare
375 1580 436 1624 non
459 1579 637 1642 possamus,
660 1577 749 1639 quam
771 1557 948 1620 Makrizium
970 1556 1228 1619 Hubamedanum.
1273 1557 1325 1619 Ait
1347 1560 1426 1620 enim
1440 1576 1506 1620 eam
1523 1559 1602 1622 inter

221 1662 417 1727 Christianos
440 1658 687 1722 consuetudinem
711 1656 821 1733 luisse,
846 1663 878 1718 ut
900 1674 1000 1718 arcam
1023 1657 1052 1717 in
1076 1674 1134 1737 qua
1164 1656 1376 1720 continebatur
1403 1658 1514 1740 digitus
1545 1676 1603 1720 cu-

217 1762 343 1846 Jusdam
367 1759 525 1839 Martyris,
554 1759 715 1839 inaquam
743 1756 952 1833 demitterent,
980 1756 1185 1817 existimantes
1216 1774 1276 1817 non
1305 1755 1435 1818 futuram
1463 1758 1603 1820 exunda-

220 1864 355 1939 tionem,
386 1862 412 1922 si
443 1858 475 1920 id
509 1859 706 1920 omitteretur.
751 1856 842 1919 hnno
875 1863 974 1917 tamen
996 1854 1129 1938 Hegirae
1159 1854 1274 1919 bcctt.
1305 1866 1454 1939 regnante
1476 1857 1601 1934 Nasser,
1667 1851 1730 1904 ΗΜ·
1754 1850 1826 1901 Patr.
1853 1847 1928 1900 ΑΜ·

219 1958 405 2024 bluhamede
427 1957 489 2020 lilio
509 1956 645 2019 lt'elaoun
668 1976 708 2018 ex
731 1954 917 2031 Hamalukis,
941 1954 1117 2017 vetitamne
1130 1953 1161 2015 id
1183 1954 1279 2033 heret,
1297 1957 1432 2036 quamvis
1453 1957 1603 2020 instarent
1612 1955 1639 2007 Ρ·
1657 1937 1720 1988 ⁶⁰⁶·
1738 1936 1801 1987 ⁶¹⁰·

219 2078 348 2140 semper
363 2056 525 2120 Christiani
539 2062 570 2117 ut
582 2055 733 2118 licentiam
745 2054 931 2116 obtinerent:
949 2071 1028 2115 anno
1044 2053 1162 2115 demam
1176 2052 1328 2116 occtttt.
1343 2053 1371 2116 J.
1388 2055 1422 2117 C.
1434 2054 1603 2169 MCCCLH.
1617 2022 1855 2161 “affixa
1866 2023 1928 2093 Aea.

221 2159 325 2221 diruta
348 2156 504 2229 Ecclesia,
528 2173 619 2236 capsa
642 2172 709 2215 cum
731 2153 866 2234 reliquiis
889 2154 1043 2214 consumta
1074 2160 1130 2214 cst.
1181 2151 1241 2215 Sed
1269 2151 1357 2233 hujus
1386 2155 1479 2217 moris
1505 2163 1604 2219 vestr-

221 2259 308 2341 gium
333 2254 446 2317 nullum
469 2255 570 2315 estin
593 2252 811 2333 antiquioribus
834 2252 930 2315 libris.

347 2466 517 2536 hlemeato
543 2462 690 2533 Domine
716 2460 858 2531 Petram
886 2466 921 2530 et
947 2461 1110 2531 Fratrum
1136 2465 1193 2555 qui
1220 2459 1490 2573 obdormierant
1652 2475 1682 2526 Ρ.
1700 2476 1727 2528 a.
1746 2476 1764 2528 t
1780 2476 1825 2529 26.

309 2639 482 2718 Onnrroms
504 2667 561 2730 pro
584 2649 727 2725 mortuis,
756 2667 921 2728 eorumque
948 2649 1026 2710 inter
1049 2647 1156 2711 Officia
1187 2666 1275 2712 sacra
1305 2651 1606 2729 commemorationis,
1637 2646 1932 2707 commemoratorum·

224 2763 380 2836 perpctua
403 2753 629 2833 communisque
656 2752 737 2813 inter
759 2749 931 2813 Orientalcs
960 2750 1149 2813 Christianos
1178 2750 1350 2815 observatio
1382 2761 1448 2832 est,
1479 2742 1721 2835 eamqucffuf'rum
1739 2742 1766 2786 ω
1784 2735 1866 2789 ⁰¹²¹‘⁵⁰
1881 2751 1930 2804 1²¹⁰

225 2853 262 2916 ad
287 2853 460 2933 Apostolos
483 2851 629 2915 reserant.
674 2851 749 2912 Nam
772 2850 831 2912 illis
854 2851 1018 2912 attribuunt
1041 2848 1293 2914 Constitutionem
1315 2851 1396 2914 illam
1410 2820 1678 2916 camenam-'¹¹¹⁸'

224 2955 298 3015 tinis
325 2952 529 3033 depromtam,
552 2969 630 3033 quae
653 2957 737 3013 extat
759 2952 790 3011 in
814 2950 1001 3012 Collectione
1024 2944 1182 3012 Ebnassali
1205 2967 1271 3031 cap.
1289 2950 1340 3015 ta.
1376 2951 1609 3032 Cmrprepamim'

224 3052 345 3132 absque
366 3051 514 3114 scandalo
535 3053 567 3112 in
588 3049 736 3112 Ecclesiae
757 3058 786 3111 et
808 3051 895 3129 apae
916 3051 1084 3128 scriptmca
1105 3058 1248 3126 sanctas,
1277 3059 1307 3112 et
1333 3058 1420 3113 orote
1442 3071 1533 3131 saper
1555 3069 1608 3113 eoa

225 3154 279 3232 qm‘
302 3152 492 3212 commentat
517 3158 657 3225 sanctos,
684 3149 850 3231 Martyres,
880 3158 934 3211 aut
960 3149 1078 3228 [ratres
1106 3158 1226 3213 vestros
1255 3151 1413 3212 credentes
1441 3153 1473 3211 ia
1499 3150 1607 3215 Deum.

227 3250 301 3311 llam
325 3247 431 3329 offerte
452 3247 620 3328 Libtryicm
643 3248 820 3309 Gratiam
842 3249 988 3323 aetianae,
1012 3267 1123 3327 corpus
1144 3256 1282 3310 sanctam
1303 3257 1333 3311 et
1346 3251 1521 3329 aaafflrmem
1532 3269 1610 3329 pre-

227 3350 343 3411 tiosam
369 3347 463 3427 nepa
485 3346 615 3423 Cbristi,
638 3347 676 3409 Et
697 3363 771 3409 sane
793 3346 875 3408 nulla
898 3344 1086 3428 quacumque
1108 3348 1140 3408 in
1162 3346 1300 3410 Ecclesia
1322 3348 1457 3429 liturgia
1485 3356 1548 3427 est,
1578 3350 1609 3410 in

229 3464 288 3527 qua
316 3462 375 3525 pro
397 3447 522 3507 mortuis
546 3446 642 3507 oratio
665 3464 725 3508 non
748 3445 815 3507 liat:
839 3444 1010 3525 quotidiana
1034 3464 1156 3527 quoque
1180 3444 1279 3507 ollicia
1306 3445 1387 3508 nulla
1415 3453 1500 3525 sunt,
1531 3467 1609 3529 quae

228 3562 340 3607 eornm
365 3546 648 3606 commemoratione
672 3551 805 3605 careant.
851 3544 957 3624 Neque
979 3545 1076 3607 solum
1100 3553 1205 3607 oratur
1226 3564 1283 3627 pro
1307 3545 1381 3624 illis,
1405 3546 1460 3608 sed
1482 3546 1610 3609 ollertur

229 3641 416 3705 sacrificium
439 3661 544 3704 eorum
568 3661 677 3720 causa,
700 3643 875 3724 sepultarae
898 3645 965 3724 ipso
989 3644 1055 3721 die,
1079 3651 1139 3706 tum
1163 3643 1236 3706 aliis.
1280 3644 1313 3707 ln
1337 3645 1395 3707 illis
1422 3663 1497 3726 quas
1519 3647 1608 3710 modo

229 3741 421 3803 laudavimus
446 3741 731 3804 Constitutionibas:
756 3740 956 3804 Celebrabitis
977 3744 1056 3804 diem
1079 3745 1198 3805 tertiam
1220 3763 1287 3805 cam
1308 3743 1458 3822 Psalmis,
1482 3754 1511 3807 et
1532 3764 1608 3807 ora

228 3839 383 3902 tionibus:
406 3840 532 3918 septimo
554 3843 645 3902 etiam
666 3844 764 3921 apetie
785 3844 1096 3905 commemorationem
1114 3845 1294 3904 vivorumet
1307 3853 1512 3907 mortuarum:
1534 3866 1611 3906 rar-

229 3959 284 4000 sos
305 3940 397 4018 tiaran
418 3940 531 3999 atensis
553 3939 743 4001 celebrabitis
764 3940 807 4000 ad
828 3940 946 4001 illoram
967 3941 1084 4002 dicarem
1103 3940 1250 4018 imarum,
1273 3943 1450 4023 tatmempae
1462 3946 1611 4005 annicer-

229 4040 351 4099 acra'am
374 4038 464 4110 diem,
486 4038 519 4097 ia
537 4038 597 4115 ficte
619 4038 701 4100 onai.
733 4037 857 4101 Praeter
871 4037 983 4100 inlinita
997 4040 1252 4121 testimoniaquae
1265 4039 1470 4123 exLiturgiis,
1486 4042 1612 4105 Eucha-

231 4136 343 4219 logiis,
371 4141 402 4196 et
425 4134 492 4196 aliis
515 4134 623 4197 olliciis
648 4135 750 4217 colligi
774 4145 918 4216 possunt,
942 4146 1046 4200 extant
1059 4140 1177 4220 integra
1194 4137 1293 4200 ollicia
1316 4141 1514 4220 exequiarum
1536 4158 1611 4221 quas

234 4235 370 4313 Tapeniz
391 4241 518 4310 vocant,
546 4253 624 4315 quae
647 4234 719 4296 nihil
750 4236 807 4296 nisi
838 4234 914 4297 tales
937 4237 1091 4299 orationes
1123 4237 1286 4301 continent.
1330 4237 1363 4300 ln
1393 4239 1525 4302 Historia
1552 4239 1612 4300 Pa-

230 4330 390 4393 triarcbali
412 4330 524 4414 ubique
547 4331 641 4395 lerme
664 4334 775 4397 mentio
799 4334 1013 4418 estLiturgiae
1037 4335 1209 4398 celebratae
1232 4355 1289 4417 pro
1310 4336 1458 4401 delunctis
1478 4338 1612 4400 Patriac-

232 4434 316 4508 chis,
340 4448 402 4492 non
426 4430 522 4493 solum
546 4433 576 4493 in
599 4431 773 4513 sepulturae
796 4432 859 4513 die,
883 4433 991 4495 sedin
1016 4435 1240 4497 anniversario:
1265 4436 1323 4497 imo
1354 4438 1519 4499 commanis
1548 4442 1614 4497 erat

233 4530 313 4607 dies,
337 4530 368 4591 in
391 4548 451 4610 quo
475 4532 604 4592 omnium
618 4519 857 4594 Patriarcbarhm
876 4533 1018 4593 memoria
1041 4534 1070 4593 in
1085 4533 1223 4597 Ecclesia
1238 4533 1364 4616 Coptica
1391 4532 1613 4597 celebrabatur.

232 4628 280 4691 lta
303 4628 385 4709 apud
408 4628 504 4709 Syros
526 4628 696 4707 Jacobitas,
719 4610 892 4709 bleichitas,
915 4629 1128 4694 Nestorianos:
1157 4651 1258 4714 neque
1287 4634 1367 4695 enim
1396 4633 1456 4696 ulla
1483 4651 1616 4713 unquam

235 4728 277 4789 de
299 4728 357 4789 hac
387 4727 563 4807 disciplinae
593 4737 680 4808 parte
713 4730 920 4792 controversia
947 4729 1012 4795 tuit.
1064 4730 1138 4793 illud
1168 4731 1264 4795 solum
1295 4732 1454 4796 observari
1484 4739 1616 4815 oportet,

235 4828 324 4908 ipsos
346 4828 388 4888 ita
411 4826 598 4889 Sacrificium
620 4836 651 4890 ct
673 4847 784 4909 preces
807 4827 920 4891 offerre
944 4846 1000 4909 pro
1023 4831 1165 4909 mortuis,
1189 4837 1304 4893 utnon
1332 4832 1420 4894 sicuti
1450 4830 1528 4913 apud
1558 4849 1615 4894 nos

238 4925 338 5001 solet,
361 4925 532 4988 immutetur
554 4933 648 4989 totum
671 4927 873 5008 quotidianum
896 4926 1027 4991 alliciam
1050 4936 1080 4991 et
1102 4929 1183 4991 aliud
1206 4929 1400 5009 adhibeatur;
1429 4934 1484 4996 sed
1513 4933 1616 4995 Litur-

238 5026 321 5107 giam
344 5023 405 5086 diei
428 5027 658 5088 convenientem
680 5028 721 5088 ita
744 5026 916 5105 celebrant,
939 5035 971 5089 ut
993 5036 1115 5110 praeter
1138 5029 1287 5094 lectiones
1309 5032 1453 5112 quasdam
1470 5052 1511 5096 ex
1536 5032 1613 5096 sc'ri-
