4525 6034
1402 538 1555 612 460
2179 540 2496 618 RITUS
2578 540 3361 619 ORDINATIONIS

1398 726 1744 800 nobiscum
1799 731 2230 820 congregatis
2285 727 2436 799 Deo
2488 728 2931 801 dilectissimis
2984 727 3308 820 clericis»,
3365 740 3434 802 et
3482 727 3840 804 laboriosis
3891 752 4118 802 mona-

1396 841 1558 930 chiS,
1614 844 1992 940 populoque
2045 845 2260 915 Deum
2315 855 2610 931 amante,
2665 866 2954 937 magnae
3006 843 3190 918 urbis
3241 845 3744 919 Alexandriae:
3830 844 3913 918 ad
3975 847 4118 919 lau-

1396 958 1544 1030 dem
1601 968 1670 1030 et
1735 959 2017 1052 gloriam
2070 961 2330 1049 PatriS,
2400 959 2551 1031 Filii
2619 972 2686 1033 et
2749 961 3037 1058 Spiritus
3092 964 3302 1033 sancti
3356 984 3555 1053 nunc,
3609 974 3736 1034 etc.

1599 1087 2050 1160 Subscribent
2116 1090 2453 1182 Episcopi
2518 1093 2965 1161 testimonium
3025 1114 3249 1179 suum,
3297 1097 3513 1182 juxta
3578 1092 3886 1162 ordinem
3947 1112 4120 1160 suum

1389 1205 1521 1275 hoc
1573 1205 1790 1275 mod0.

1597 1319 1681 1393 N.
1735 1319 2148 1418 EpiscopuS,
2229 1326 2510 1395 amantis
2578 1322 2912 1395 Christum
2981 1323 3162 1395 urbis
3213 1320 3296 1394 N.
3353 1326 3698 1396 consentio
3752 1321 3906 1395 huic
3954 1320 4117 1393 Pse-

1387 1438 1714 1533 phismati‚
1769 1448 1840 1510 ut
1893 1460 1970 1510 se
2020 1437 2236 1511 habet.

1596 1554 1771 1624 Post
1824 1555 2230 1648 Epist-opos,
2286 1562 2427 1628 tres
2476 1555 2881 1649 Presbyteri
2930 1555 3438 1646 Alexandriae,
3492 1561 3564 1626 et
3629 1561 3771 1626 tres
3825 1555 4117 1626 Diaconi

1359 1669 1813 1742 ..subscribent
1863 1676 1936 1741 in
1987 1671 2163 1742 bunc
2213 1673 2492 1743 modum.

1594 1785 1677 1859 N.
1732 1785 2101 1884 Presbyter
2153 1799 2266 1860 aut
2316 1790 2655 1861 Diaconus
2708 1792 2995 1883 magnae
3046 1786 3231 1863 urbis
3273 1788 3733 1861 Alexandriae
3786 1800 3995 1861 testor
4043 1810 4115 1860 ea

1393 1927 1565 1998 quae
1618 1905 1864 1999 scripta
1920 1915 2071 1977 sunt
2121 1907 2187 1975 in
2240 1904 2370 1977 hoc
2422 1904 2899 2002 Psephismate.

1592 2020 1677 2092 Si
1743 2024 1892 2115 quis
1954 2021 2262 2092 scribere
2332 2026 2639 2112 nesciat,
2706 2029 2850 2115 ejus
2911 2023 3065 2094 loco
3133 2023 3311 2093 alius
3377 2019 3766 2094 subscribet
3834 2023 3904 2089 in
3954 2019 4115 2090 bunc

1386 2138 1665 2209 modum.

1600 2253 1756 2346 Ego
1828 2253 1912 2326 N.
1966 2257 2214 2348 rogavi
2283 2266 2355 2327 ut
2426 2254 2832 2329 scriberetur
2895 2258 3162 2329 nomine
3213 2278 3366 2328 meo
3421 2255 3868 2327 testimonium
3918 2274 4112 2324 meum

1390 2369 1474 2440 de
1526 2369 1657 2442 hoc
1709 2370 2189 2467 Psephismate.

1596 2488 1772 2559 Post
1821 2488 1975 2558 illos
2025 2488 2453 2560 subscribent
2513 2489 2941 2583 Heqmnenus
2990 2487 3220 2559 Scetis
3239 2540 3262 2577 ,
3330 2493 3401 2559 et
3463 2487 3729 2580 aliquot
3779 2488 3916 2556 viri
3959 2488 4110 2578 pri-

1386 2608 1592 2675 marii
1643 2605 2122 2676 Alexandriae
2176 2612 2245 2676 et
2297 2605 2622 2695 Cabirae,
2676 2608 3062 2676 testimonia
3111 2628 3255 2676 sua.

1593 2720 1667 2793 In
1724 2721 1957 2794 codice
2007 2725 2453 2818 manuscripto
2508 2720 2847 2815 subjicitur
2899 2721 3276 2817 exemplum
3329 2717 3627 2815 ejusdem
3655 2714 4108 2813 Psephismatis

1389 2837 1654 2910 Graece
1710 2839 1947 2910 eodem
2014 2842 2282 2911 omnino
2348 2861 2573 2927 sensu,
2641 2842 2768 2911 nisi
2822 2838 2999 2934 quod
3065 2836 3388 2933 quaedam
3456 2854 3672 2907 voces
3745 2855 3809 2944 ειί
3854 2829 4110 2926 Coptitis

1385 2976 1521 3026 non
1575 2958 1740 3029 satis
1793 2955 2169 3028 intellectae
2221 2954 2431 3030 fuisse
2485 2955 2825 3028 videntur:
2906 2957 3232 3028 sententia
3304 2965 3525 3026 tamen
3577 2960 3863 3043 utraque
3908 2946 4111 3039 lingua

1387 3070 1557 3144 adeo
1614 3071 1842 3144 similis
1897 3082 2023 3161 est,
2077 3083 2148 3144 ut
2198 3094 2380 3144 nova
2434 3095 2525 3145 ex
2580 3072 2846 3145 Graeco
2898 3074 3217 3145 versione
3271 3092 3441 3166 opus
3493 3088 3628 3139 non
3683 3067 3791 3137 sit.

1386 3415 1784 3510 Eoeemplum
1852 3415 2244 3509 Systaticae
2320 3417 2465 3485 sice
2533 3415 2887 3486 literarum
2954 3416 3050 3485 ad
3119 3435 3346 3485 omnes
3408 3411 3798 3504 Episcopos
3869 3404 4105 3477 Ecde-

1543 3535 1817 3626 siasque
1896 3536 2309 3625 scriptarum
2405 3532 2500 3601 ad
2589 3533 3109 3628 siqnificandam
3182 3529 3580 3601 electionem
3657 3521 4106 3595 Patrioerclaae

1540 3639 2024 3718 Aleae‘andrini.

1592 3870 1739 3945 Nos
1792 3872 2114 3968 Episcopi
2169 3873 2567 3965 congregati
2627 3894 2751 3968 per
2809 3875 3091 3965 gratiam
3144 3870 3274 3941 Dei
3338 3867 3683 3941 scribimus
3757 3858 4102 3936 amantibus

1390 3986 1604 4059 Deum
1669 3987 2133 4085 Presbyteris,
2199 3989 2562 4079 Diaconis,
2630 3985 3103 4075 Subdiaconis‚
3179 3984 3614 4072 Lectoribus,
3685 3976 4101 4053 cantoribus:

1386 4103 1701 4177 Patribus
1738 4104 2108 4194 Monachis,
2161 4108 2490 4202 primariis
2513 4106 2679 4176 viris
2733 4112 2801 4176 et
2849 4105 3297 4196 virginitatem
3356 4108 3747 4197 perpetuam
3800 4092 4100 4191 professis

1382 4219 1826 4311 MonialibuS,
1895 4220 2335 4316 omnibusque
2406 4221 2706 4295 fidelibus
2773 4220 3182 4293 orthodoxis
3252 4218 3479 4314 populi
3557 4212 3939 4298 Christiani,
4005 4205 4098 4301 qui

1386 4348 1491 4411 est
1542 4343 1610 4411 in
1662 4359 1907 4430 magna
1958 4336 2125 4409 urbe
2188 4337 2606 4410 Alexandria
2672 4334 3000 4412 Christum
3055 4345 3357 4423 amante,
3419 4345 3487 4405 et
3550 4335 3620 4403 in
3670 4330 3945 4402 Fostato
3993 4343 4095 4395 seu

1387 4453 1632 4527 Cabira
1670 4456 1998 4550 Aegypti,
2053 4454 2490 4549 omnibusque
2539 4452 2777 4527 finibus
2831 4455 2998 4546 ejus,
3052 4451 3140 4536 ad
3162 4451 3480 4523 Austrum
3533 4456 3603 4520 et
3652 4466 3860 4533 mare,
3909 4443 4094 4515 Axu-

1385 4574 1614 4657 mitas,
1678 4568 1945 4658 Nubas,
2014 4569 2428 4660 Almodiam,
2501 4570 2955 4659 Mamurium,
3025 4567 3424 4665 Aethiopiae
3504 4567 3824 4657 regiones
3889 4572 4093 4629 omnes

1388 4696 1457 4757 et
1527 4710 1755 4759 earum
1825 4689 2142 4761 terminos
2164 4740 2186 4777 ,
2258 4686 2512 4762 dilectis
2577 4685 2894 4760 fratribus
2961 4682 3406 4782 spiritualibus
3469 4702 3638 4778 quos
3703 4680 3771 4748 in
3832 4672 4090 4745 Domino

1386 4802 1733 4896 diligimus,
1763 4802 2060 4876 salutem.

1599 4920 1833 4993 Canile
1889 4919 2044 4992 tuba
2097 4924 2163 4992 in
2220 4920 2386 4992 Sion
2454 4923 2521 4990 in
2585 4916 2816 4992 diebus
2887 4915 3255 5011 insignibus
3325 4914 3784 4989 solennitatum
3837 4927 4086 4990 vestra-

1387 5057 1558 5129 rum,
1640 5035 1856 5110 dilecti
1924 5035 2155 5133 nobis,
2237 5047 2515 5135 propter
2578 5034 2981 5110 altitudinem
3046 5036 3418 5108 divitiarum
3482 5045 3550 5105 et
3615 5038 3972 5132 sapientiae
4031 5036 4087 5098 et
