4525 6034
703 592 777 668 iso
1203 593 1560 672 LITURGIA

803 780 986 854 Sacerdos.
1039 781 1196 855 Similiter
1221 793 1255 855 et
1280 785 1315 854 in
1341 780 1446 855 calice
1473 784 1528 878 qui
1562 780 1604 855 ab
1638 804 1681 854 eo
1708 785 1877 876 signatus,
1911 785 2057 858 sanctiti-

700 908 808 988 catam,
833 908 868 970 et
894 898 990 971 datus
1022 898 1139 971 iisdem
1170 901 1294 971 sanctis
1324 896 1498 994 Apostolis
1524 896 1600 978 fuit,
1635 902 1830 991 sanguinem
1856 923 1951 982 suum
1974 925 2058 997 pro-

700 1017 910 1110 pitiatorium,
937 1016 1070 1088 dicens:
1097 1019 1259 1110 accipite,
1291 1016 1393 1089 bibite
1427 1038 1473 1086 ex
1507 1037 1549 1088 eo
1584 1037 1651 1087 vos
1684 1037 1816 1088 omnes:
1847 1016 1909 1089 Hic
1943 1040 2059 1114 nempe

701 1141 754 1204 est
779 1131 869 1204 calix
895 1135 1065 1225 sanguinis
1091 1136 1157 1204 mei
1183 1132 1273 1204 Novi
1298 1131 1514 1220 Testamenti,
1541 1135 1596 1226 qui
1623 1155 1686 1229 pro
1703 1132 1802 1206 vebis
1818 1143 1852 1204 et
1866 1156 1927 1230 pro
1954 1134 2059 1206 multis

701 1246 873 1320 ellimditur
899 1260 933 1321 et
958 1249 1053 1321 datur
1079 1249 1121 1321 ad
1148 1251 1374 1344 expiationem
1399 1246 1617 1339 delicturum,
1650 1260 1683 1321 et
1717 1254 1948 1323 remissionem
1974 1273 2059 1347 pec-

701 1375 850 1438 catorum
876 1365 966 1438 dedit
990 1364 1087 1437 nubis
1114 1366 1284 1438 advitam
1311 1376 1489 1438 aeternam.

804 1482 965 1576 Populus.
1017 1483 1137 1555 Amen.

803 1598 985 1670 Sacerdos.
1037 1598 1199 1692 Adjunxit
1229 1598 1324 1670 simul
1353 1596 1438 1670 hanc
1465 1597 1719 1670 admonitionem
1747 1596 1879 1669 dicem:
1906 1600 2060 1694 quoties-

700 1735 840 1808 cumque
865 1719 942 1811 pani
967 1714 1041 1787 huie
1071 1714 1372 1804 communicabitis,
1406 1725 1546 1786 martem
1579 1725 1613 1784 et
1644 1717 1923 1786 resurrectionem
1953 1739 2060 1788 meam

700 1832 1011 1924 commemoramus,
1039 1832 1147 1934 donec
1172 1836 1316 1903 veniam.

803 1948 963 2042 Populus.
1015 1948 1134 2022 Mortis
1161 1961 1247 2022 tuae.

804 2063 979 2137 Sacerdos
1012 2066 1149 2137 elcoaas
1179 2087 1303 2137 vocem.
1356 2063 1432 2138 Non
1470 2062 1628 2158 oblivioni
1662 2061 1821 2135 tradenda
1855 2074 1931 2136 sunt
1963 2063 2060 2138 uobis

700 2181 857 2253 miracula
884 2182 1044 2279 stupenda
1079 2181 1332 2277 dispensationis
1365 2193 1442 2254 tuae
1468 2180 1640 2268 salutarie,
1674 2203 1748 2251 cum
1781 2181 1886 2270 signis
1922 2181 2060 2254 terribi-

699 2297 785 2371 libus
818 2298 980 2372 adventus
1011 2302 1075 2390 tui,
1107 2307 1172 2394 quo
1198 2299 1397 2372 retribuetur
1431 2301 1604 2392 unicuique
1636 2295 1815 2368 secundum
1850 2318 1955 2391 opera
1989 2319 2061 2386 sua,

700 2415 857 2489 Domine:
893 2426 1071 2513 eapropter
1102 2413 1256 2489 Ecclesia
1288 2427 1342 2487 tua
1375 2423 1409 2485 et
1434 2435 1521 2505 grex
1548 2423 1621 2486 tuus
1644 2412 1842 2508 deprecatur
1868 2421 1911 2499 te,
1939 2420 1974 2483 et
1999 2433 2060 2507 per

699 2540 733 2604 te
760 2541 794 2604 et
817 2544 927 2605 tecum
952 2531 1084 2605 Patrem
1111 2541 1212 2622 mum,
1240 2531 1362 2605 dicens.

802 2649 963 2744 Papulas.
1014 2649 1179 2722 Miserere
1217 2652 1323 2722 nostri
1364 2649 1456 2720 Deus
1490 2647 1591 2719 Pater
1631 2649 1858 2740 amnipotens,
1897 2648 2058 2717 miserere

698 2769 814 2838 nostri.

786 2883 982 2980 Sacerdos.
1035 2873 1106 2956 Nos
1140 2904 1272 2978 quoque
1305 2881 1467 2969 Domine,
1508 2878 1626 2951 infirmi
1664 2889 1698 2951 et
1731 2887 1929 2973 peccatores
1967 2879 2058 2950 servi

695 3003 761 3089 tui,
793 3002 919 3093 gratias
951 3001 1079 3093 agimus
1121 2998 1180 3070 tibi
1215 3007 1249 3070 et
1281 2997 1450 3070 laudamus
1486 3006 1519 3069 te
1549 3018 1610 3092 pro
1645 2993 1813 3082 omnibus,
1852 3002 1885 3064 et
1920 3001 2057 3088 propter

697 3120 817 3189 omnia.

799 3233 960 3327 Populos.
1013 3233 1065 3305 'l'e
1091 3232 1325 3325 glorificamus.

798 3350 981 3423 Sacerdos.
1033 3350 1219 3446 Praecipue
1245 3371 1329 3421 vero
1357 3356 1392 3418 et
1415 3346 1571 3442 primario
1598 3352 1747 3414 sanctam
1783 3351 1817 3413 et
1848 3339 2053 3412 benedictam

697 3488 830 3562 semper
855 3466 1026 3560 Virginem
1052 3467 1090 3544 B.
1116 3463 1262 3537 Mariam
1282 3466 1346 3538 Dei
1371 3465 1566 3560 genitricem
1598 3480 1904 3531 commemoramus.

800 3585 987 3657 Diaconos.
1038 3582 1206 3655 Memento
1245 3582 1352 3670 illius,
1388 3579 1531 3651 Domine
1563 3576 1671 3648 Deus:
1711 3585 1745 3646 et
1784 3597 1846 3671 per
1887 3575 2053 3644 orationes

696 3700 782 3775 illius
808 3724 909 3798 puras
937 3709 970 3772 et
996 3708 1150 3789 sanctas,
1185 3721 1288 3795 parce
1319 3696 1415 3771 nobis
1448 3706 1484 3767 et
1515 3697 1675 3768 miserere
1708 3690 1815 3764 nobis.
1869 3691 1976 3777 Quam
2006 3691 2051 3758 u·-

697 3818 816 3891 menda
843 3826 895 3891 est
920 3816 1004 3889 baec
1029 3816 1129 3888 bora:
1158 3838 1255 3910 quam
1280 3813 1427 3886 terribile
1453 3824 1581 3906 tempus
1607 3807 1712 3897 istud,
1739 3807 1850 3879 dilecti
1879 3809 1963 3893 mei,
1990 3825 2050 3898 quo

697 3935 839 4031 Spiritus
866 3945 1000 4009 sanetus
1027 3934 1069 4005 de
1096 3931 1241 4005 excelsis
1268 3930 1457 4005 sublimibus
1484 3927 1587 4002 coelis
1614 3924 1763 4012 advolat,
1791 3922 1974 4008 descendit,
1998 3923 2051 3991 in-

695 4052 796 4125 cubat
827 4060 861 4123 et
896 4054 1076 4146 requiescit
1115 4073 1216 4146 super
1256 4046 1494 4120 Eucharistiam
1532 4043 1617 4116 hauc
1654 4043 1873 4137 propositam,
1917 4058 2050 4131 eampse

695 4169 886 4244 sanctificat
938 4167 976 4240 ln
1002 4166 1131 4241 silentio
1159 4174 1194 4237 et
1219 4170 1336 4237 timore
1371 4173 1456 4237 state
1489 4172 1523 4233 et
1549 4169 1652 4232 orate.
1705 4157 1807 4229 Orate
1839 4177 1960 4252 pacem
1984 4176 2049 4225 no-

694 4283 835 4374 biscum,
861 4297 895 4359 et
918 4282 1183 4380 uanprilliuten
1210 4281 1307 4355 nobis
1334 4279 1501 4355 omnibus:
1533 4276 1713 4349 clamemus
1744 4284 1778 4346 et
1808 4272 1957 4345 dicamus
1987 4282 2049 4343 ter:

694 4401 801 4500 llyrie
827 4401 963 4475 eleison.

798 4518 972 4591 Sacerdos
997 4515 1188 4589 inclinatas.
1240 4514 1406 4610 Propitius
1433 4523 1506 4585 esto
1533 4508 1623 4599 mibi,
1648 4510 1803 4598 Domine,
1829 4509 2047 4598 universoque

695 4643 793 4734 gregi
818 4647 874 4709 tuo
902 4643 936 4708 et
961 4632 1155 4733 haereditati
1181 4642 1274 4704 turae:
1310 4629 1516 4728 placitusque
1550 4626 1655 4717 habe,
1688 4634 1723 4698 et
1757 4621 1927 4697 sanctifica
1953 4619 2046 4693 oblu-

695 4761 804 4830 tiones
831 4757 925 4842 istas,
950 4772 1010 4849 per
1037 4747 1185 4844 illapsum
1212 4748 1354 4844 Spiritus
1381 4748 1427 4817 tui
1453 4746 1575 4819 sancti:
1602 4746 1656 4839 qui
1689 4741 1804 4815 ate⁴
1829 4738 1981 4835 procedit
2009 4733 2044 4807 ab

696 4884 844 4962 aemma,
872 4882 905 4943 et
931 4893 951 4942 a
977 4865 1062 4940 Filio
1089 4874 1145 4938 mo
1172 4868 1293 4960 accipit
1318 4860 1601 4939 substantialiter·

799 4988 846 5059 Et
870 5008 983 5082 peaaa
1004 4985 1154 5078 plectens,
1181 4982 1274 5053 dicit.
1325 4978 1459 5053 Exaudi
1484 5001 1538 5050 me
1564 4979 1722 5051 Domine:
1749 4971 1870 5045 exaudi
1895 4992 1949 5043 me
1973 4969 2040 5041 Da-

696 5110 803 5180 mine:
830 5101 1031 5177 exaudime
1057 5101 1214 5173 Domine:
1241 5109 1276 5171 et
1300 5101 1460 5173 maerere
1485 5099 1560 5167 mei.
