4525 6034
608 586 1146 664 ttuxurtoutuo.
1488 588 1564 663 433

201 772 423 851 Alexandriae
448 772 513 845 duu
540 773 754 847 Patriarcbae
780 774 894 863 brere3
921 773 987 848 duu
1013 796 1148 870 quoque
1175 771 1319 848 Cabirae
1351 796 1412 849 seu
1438 776 1566 849 blitrue

200 888 370 985 Episcopi,
398 892 484 962 sicut
510 901 580 962 tuto
606 894 731 986 passim
758 891 915 980 Oriente,
948 890 1005 963 nbi
1031 894 1131 964 etiam
1158 889 1336 987 abquandu
1362 904 1431 965 tres
1457 892 1565 982 fuere,

200 1017 233 1078 ut
260 1009 292 1076 in
324 1005 432 1078 multis
459 1007 725 1102 Mesopotamiae
760 1006 916 1098 urbibus,
950 1011 1027 1104 qma
1057 1017 1194 1105 praeter
1225 1029 1307 1097 eos,
1339 1019 1435 1081 erant
1466 1014 1565 1082 etiam

199 1121 394 1194 Nestoriani.
452 1123 491 1195 ln
524 1127 689 1219 superiori
719 1128 909 1219 pruvincia,
954 1127 1029 1197 sive
1064 1122 1256 1212 Thebaide,
1291 1123 1468 1198 lacebitae
1501 1125 1566 1199 soli

198 1237 365 1309 Ecclesiae
393 1236 603 1327 obtinebant.¹
634 1262 743 1336 neque
768 1239 834 1312 ulla
861 1261 999 1335 prorsus
1024 1239 1088 1312 illis
1114 1244 1148 1311 in
1174 1239 1328 1329 urbibus,
1364 1263 1448 1337 quas
1474 1264 1564 1313 enu-

198 1356 413 1440 meravimus,
446 1354 675 1427 Melobitarnm
711 1377 772 1428 seu
799 1353 1068 1429 Ortbuduxorum
1099 1359 1262 1448 vestigia:
1296 1360 1391 1452 quia,
1427 1366 1464 1429 nt
1495 1377 1564 1429 nun

197 1490 258 1540 nno
285 1469 363 1542 loco
390 1456 510 1542 dictum
537 1481 601 1561 est,
628 1472 869 1565 inlungissima
886 1471 975 1544 sedis
992 1471 1245 1545 AlexandrInae
1261 1471 1413 1562 orbitate,
1440 1496 1565 1569 quam-

197 1586 248 1656 diu
274 1585 468 1660 Catbulicos
494 1585 682 1682 Episcopus
708 1609 777 1658 nun
801 1585 925 1675 habuit,
952 1609 1070 1659 omnes
1095 1590 1194 1683 primi
1220 1597 1255 1659 et
1273 1589 1411 1662 secundi
1429 1588 1563 1661 Ordinis

195 1700 423 1776 Ecclesiasdci
450 1702 492 1774 ad
518 1725 578 1774 eas
604 1702 775 1776 Ecclesiae
801 1706 906 1790 missi,
937 1725 1011 1774 cum
1037 1701 1079 1775 ab
1106 1704 1293 1776 Haereticis
1321 1705 1563 1778 ordinationem

197 1822 414 1914 accepissent,
440 1818 574 1891 haeresi
601 1841 734 1914 quoque
760 1840 820 1890 sua
846 1841 906 1891 eas
932 1817 1127 1890 iniecerunt

298 1936 467 2009 CXXXII.
493 1938 600 2010 Porro
627 1939 788 2023 omnium,
816 1957 901 2032 qnos
929 1935 1091 2027 diximus,
1118 1935 1363 2033 Episcopumm
1390 1937 1563 2011 Ordinatio
1611 1946 1797 2016 Episcopum
1815 1951 1888 2003 orti-

197 2052 235 2123 ud
261 2052 370 2124 solum
389 2051 612 2124 Patriarcbam
638 2051 824 2148 spectabat,
850 2074 959 2148 neque
986 2052 1041 2124 alii
1068 2054 1371 2149 comprovinciales
1391 2052 1564 2151 Episcopi,
1575 2035 1845 2176 ἓᾞὲὴᾚέῗῖἰ
1846 2037 1888 2175 :l

196 2172 310 2240 autin
334 2168 531 2242 vacantibus
557 2167 693 2242 sedibus
719 2192 781 2242 eus
807 2171 1028 2257 constituere,
1059 2179 1117 2241 ant
1147 2169 1212 2240 illia
1247 2191 1364 2243 manus
1389 2171 1626 2266 imponerem
1796 2140 1812 2192 Ρ

194 2294 355 2380 poterant.
408 2286 543 2378 insigne
570 2289 664 2358 istius
691 2288 875 2358 autoritatis
902 2294 1131 2377 argumentum
1158 2282 1299 2381 praebet
1323 2285 1469 2359 Historia
1490 2288 1564 2359 Pa-

195 2401 377 2473 triarchalis
402 2404 436 2472 iu
462 2399 564 2495 lunga
590 2401 645 2474 illa
672 2404 866 2488 vacatione,
895 2423 981 2496 qnae
1006 2400 1256 2475 Ordinationem
1273 2399 1390 2497 Cyrilli
1405 2402 1443 2473 F.
1464 2400 1564 2474 Lak-

194 2515 258 2588 labi
293 2521 491 2606 antecessit,
522 2517 646 2590 factam
672 2539 759 2590 anno
786 2517 816 2588 l.
845 2517 884 2590 C.
910 2514 1149 2590 MGCXXXV.
1208 2517 1292 2590 Num
1328 2521 1361 2589 in
1388 2520 1461 2610 ejus
1494 2520 1564 2590 vita

195 2632 365 2722 scribitur,
405 2657 480 2707 eum
513 2636 624 2708 statim
658 2634 834 2707 ordinasse
865 2632 1056 2730 Episcopus
1091 2633 1166 2730 plus
1201 2656 1298 2729 qoam
1330 2633 1563 2731 quadraginta,

195 2752 266 2842 quia
295 2750 424 2823 scibcct
448 2773 510 2846 per
536 2773 698 2824 annorum
723 2753 842 2842 viginti
869 2760 903 2822 et
928 2748 1066 2846 ampbus
1092 2748 1312 2837 intervallum,
1338 2750 1446 2824 nullus
1462 2750 1505 2824 ab
1521 2754 1562 2824 iis

196 2869 246 2960 qui
272 2877 472 2962 supererant
496 2867 667 2941 ordinatus
692 2865 810 2938 inerim
1235 2945 1241 2954 ,

296 2981 481 3057 CXXXIII.
508 2984 612 3057 Plena
639 2994 749 3056 autem
774 3005 913 3079 prorsus
940 2992 975 3054 et
991 2980 1089 3054 nullis
1105 2980 1299 3055 Canonibus
1314 2984 1562 3079 olrcnmscripta
1610 2997 1673 3051 cnm
1692 3000 1768 3068 prena
1786 3004 1887 3056 aaron·

195 3104 353 3172 autoritas
391 3098 658 3173 Patriarcbarum
699 3098 776 3187 brit,
817 3102 850 3171 in
890 3098 954 3170 iltis
997 3097 1235 3190 designandis,
1276 3121 1344 3170 nun
1382 3103 1564 3195 primorum
1574 3091 1635 3137 ΜΘ·

194 3237 237 3286 ex
262 3216 377 3311 plebe,
402 3240 469 3288 nuo
497 3215 588 3289 Cleri
615 3215 772 3307 suffragia
800 3214 1052 3310 expetebantur.
1105 3212 1245 3285 Unicum
1279 3213 1386 3286 ferme
1419 3220 1565 3289 occurrit

195 3332 384 3428 exemplum
418 3333 591 3405 electionis
622 3330 782 3427 Episcopi
817 3331 943 3403 blisree
976 3354 995 3402 a
1031 3327 1162 3402 civibus
1187 3329 1316 3418 iactae,
1351 3352 1413 3426 per
1438 3341 1563 3404 sortem

194 3445 476 3536 Ecclesiastiuam,
502 3447 546 3520 ad
571 3470 669 3543 qoam
696 3458 806 3520 tamen
832 3469 898 3519 nun
924 3449 1016 3542 prius
1048 3445 1241 3538 adjecerunt
1272 3447 1431 3536 animum,
1465 3469 1563 3543 quum

194 3562 381 3637 iaomtatem
414 3563 608 3637 habuissent
641 3588 661 3636 a
693 3562 885 3636 Patriaroba
915 3562 1066 3635 Macerio
1090 3562 1212 3634 LXIX
1264 3562 1350 3634 Hinc
1375 3583 1502 3634 summa
1529 3571 1564 3634 et

194 3685 385 3775 perniciosa
427 3682 558 3754 licentia
598 3692 705 3753 ortum
752 3679 864 3753 babuit
912 3677 1084 3752 ordinandi
1129 3700 1369 3774 quemcumque
1429 3677 1561 3752 liberet:

194 3805 258 3867 mm
293 3800 395 3870 etiam
426 3797 553 3870 nefaria
586 3796 792 3870 consuetudo
824 3799 983 3892 pecunias
1016 3794 1194 3886 exigendi,
1233 3817 1318 3890 qnae
1349 3794 1427 3867 licet
1456 3798 1562 3868 variis

195 3912 377 3987 canoribus
404 3923 438 3985 et
454 3914 624 4009 synodicis
644 3913 930 3986 constitutionibus
950 3934 1054 4007 saepe
1079 3933 1288 4007 compressa,
1314 3932 1480 4005 nunquam
1504 3921 1560 3983 ta-

195 4051 269 4101 men
295 4034 431 4102 omnino
458 4029 585 4102 aboleri
611 4032 726 4125 putuit.

298 4141 484 4219 CXXXIV.
536 4146 742 4219 Potestatem
776 4166 908 4240 qouque
940 4147 974 4215 in
1010 4143 1216 4216 blunasteria
1247 4141 1461 4216 Patriarcbae
1494 4142 1561 4215 ba·
1625 4138 1755 4238 numnius
1779 4140 1804 4191 ⁵¹¹
1826 4138 1885 4192 ¹³¹⁰·

193 4258 318 4334 bebant
333 4261 580 4358 ampbssimam,
607 4273 641 4333 et
667 4264 819 4357 quamvls
845 4283 892 4332 ex
913 4263 989 4352 jure
1004 4261 1168 4331 cummuni
1194 4258 1304 4332 nullae
1331 4260 1419 4355 apud
1434 4258 1561 4331 Orien-
1575 4234 1694 4280 nnana.

195 4375 277 4449 tales
305 4381 536 4474 exemptiones
561 4377 801 4450 Iiunacburum
827 4375 964 4466 luerint,
990 4374 1051 4448 sed
1077 4397 1194 4448 omnes
1219 4375 1422 4472 Episcopum
1450 4375 1561 4448 Diue-

194 4515 353 4565 oesanum
387 4497 592 4589 superiorem
625 4501 865 4587 agnoscerent,
906 4502 1016 4564 tomen
1050 4488 1281 4578 Patriarcbae,
1323 4492 1398 4564 dum
1429 4514 1562 4565 omnem

195 4613 406 4682 autoritatem
432 4610 475 4681 ad
501 4632 540 4684 se
566 4609 697 4682 trabere
722 4619 933 4697 conarentur,
959 4630 1063 4703 saepe
1083 4606 1322 4682 Monacborum
1348 4613 1492 4702 negucia
1518 4611 1562 4682 ad

195 4745 289 4798 suam
318 4726 447 4798 Cellam
472 4737 713 4818 evocaverunt,
740 4738 774 4798 et
798 4724 976 4821 privilegia
1003 4724 1167 4821 quaedam
1201 4727 1283 4820 ipsis
1310 4736 1559 4815 concesserunt,

197 4864 378 4939 eorumque
418 4866 529 4916 curam
564 4844 708 4917 Vicariis
749 4842 911 4936 delegatIs
952 4846 1196 4915 commiserunt.
1248 4840 1318 4913 Sed
1356 4839 1439 4912 baec
1481 4862 1558 4912 rara

195 4960 351 5055 exemplu
378 4960 521 5034 luerunt:
549 4964 730 5036 cummunis
756 4959 884 5053 regula,
911 4970 947 5032 ut
971 4957 1126 5034 Ilonacbi
1150 4968 1185 5030 et
1195 4959 1398 5031 Moousteria
1424 4960 1457 5029 iu
1471 4955 1560 5052 Epi-

166 5089 376 5171 ‘acoponrm
401 5087 568 5174 potestate
593 5078 711 5152 forent
763 5080 920 5152 Attamen
947 5076 1116 5169 siugulare
1142 5074 1352 5172 priviIegium
1381 5072 1441 5147 fuit
1474 5074 1558 5149 Ilo-
1689 5131 1693 5138 .
