4525 6034
547 572 602 648 lll
638 571 938 649 ulruudlls
980 571 1263 651 subruens
1512 575 1584 649 101

221 755 484 838 persecutionibus
506 754 691 838 atlligebant:
714 763 746 817 nt
767 755 956 837 tranquillam
978 757 1069 819 vitam
1083 775 1216 840 agamus.
1260 757 1494 839 Pieripotuitut
1518 766 1587 821 ante

220 855 436 918 lluhamedaua
459 863 594 936 tempora
616 854 789 932 tacebitne,
810 864 947 918 veterum
976 856 1132 938 exemplo,
1162 858 1340 920 retinuerint
1367 874 1588 920 commemora-

219 956 332 1017 tionem
353 953 419 1017 nair
439 947 660 1039 φιλοχρίστων
680 947 858 1035 ,tonitium
881 974 948 1017 nam
970 957 1012 1018 ita
1032 964 1144 1019 vocant
1166 957 1318 1020 Zenonem
1341 964 1372 1019 et
1394 956 1587 1020 Anastasium

220 1055 420 1135 lmperatores
449 1055 500 1134 qui
530 1053 588 1116 illis
618 1052 758 1116 taverunt
789 1055 962 1135 impensius.
1006 1056 1050 1119 Ea
1079 1057 1212 1144 ratione
1225 1054 1354 1133 lactum,
1384 1064 1417 1118 ut
1447 1056 1528 1136 quod
1557 1058 1589 1119 in

221 1155 351 1235 antiquis
374 1153 595 1235 exemplaribus
618 1153 792 1237 legebatur,
814 1162 963 1217 retentum
986 1155 1086 1220 luerit.
1131 1156 1206 1218 llinc
1234 1153 1421 1217 manifestum
1449 1163 1496 1218 est
1517 1156 1589 1218 nul2

220 1254 279 1316 lum
301 1271 372 1317 esse
394 1254 561 1334 argumenti
584 1253 666 1334 quod
688 1272 728 1316 es
750 1253 856 1316 eadem
876 1253 1003 1317 formula
1025 1255 1161 1333 ducitur,
1185 1257 1390 1330 autoritatem,
1419 1254 1457 1317 ad
1484 1254 1590 1318 deter-

221 1353 389 1417 minandam
411 1352 523 1434 aliquot
544 1351 747 1434 liturgiarum
768 1360 965 1434 vetustatem,
988 1360 1020 1416 ut
1041 1373 1202 1436 perperam
1224 1353 1404 1417 existimavit
1427 1353 1589 1419 Salmasius
1636 1366 1684 1436 Ep.
1703 1368 1739 1420 aa
1752 1368 1826 1422 toan
1846 1368 1936 1421 bat.

222 1450 260 1513 de
283 1451 424 1532 Coptica,
448 1469 525 1533 quae
548 1449 688 1534 Gregorii
708 1468 816 1514 nomen
839 1453 989 1533 praefert,
1022 1455 1092 1534 quia
1119 1456 1152 1515 in
1179 1471 1216 1516 ea
1242 1455 1340 1517 oratio
1369 1453 1496 1536 legitur,
1530 1475 1588 1537 pro
1602 1453 1692 1507 nean.

221 1549 258 1611 i's
280 1551 331 1630 qui
353 1552 475 1614 suntin
497 1550 619 1614 Palatio.
662 1550 771 1614 llultas
794 1553 873 1614 enim
895 1553 1033 1634 Syriacas
1056 1552 1217 1630 babemus,
1247 1554 1375 1633 scriptas
1404 1552 1441 1614 ab
1471 1557 1589 1618 autori-

219 1647 288 1726 bus,
312 1650 363 1730 qui
376 1649 427 1713 diu
437 1657 506 1732 post
517 1649 764 1718 blulramedunum
778 1653 944 1732 imperium,
967 1652 1066 1716 etsub
1087 1652 1140 1716 illo
1163 1652 1315 1731 vixerunt,
1337 1652 1490 1734 inquibus
1514 1659 1589 1718 cr'a-

219 1755 270 1809 tnr
290 1765 348 1829 pro
369 1749 443 1812 solis
464 1748 598 1831 Regibus
621 1758 651 1812 et
673 1751 797 1832 Reginis
813 1750 998 1832 Christianis,
1022 1754 1089 1815 sive
1109 1752 1207 1814 Deum
1224 1752 1393 1814 nmmnbua
1407 1752 1488 1833 quod
1509 1753 1588 1818 idem

218 1856 285 1925 est,
307 1856 340 1910 ut
362 1848 596 1912 observavimus.
640 1850 746 1931 Neque
769 1852 847 1913 enirn
869 1851 1023 1915 subtilitati
1044 1852 1130 1915 locus
1154 1859 1210 1930 est,
1234 1860 1266 1913 ut
1289 1851 1364 1914 baec
1385 1850 1587 1917 denominatio

220 1946 260 2008 ad
281 1946 513 2012 llubamedanos
535 1948 696 2023 reseratur,
720 1950 788 2029 quia
811 1952 890 2012 inter
911 1957 955 2012 tot
972 1969 1109 2014 errorum
1122 1959 1153 2014 et
1166 1950 1418 2030 blasphemiarum
1437 1961 1587 2032 portenta,

219 2063 313 2108 unum
334 2046 429 2110 Deum
452 2057 652 2126 venerantur,
675 2056 706 2111 et
727 2048 918 2112 Idololatriae
942 2050 1053 2113 bellum
1069 2050 1253 2128 indixerunt,
1277 2069 1403 2131 eamque
1425 2059 1490 2115 tato
1514 2071 1589 2134 pas-

83 2219 90 2228 ,
220 2148 278 2208 sim
301 2146 427 2210 Oriente
448 2147 644 2212 sustulerunt.
688 2147 770 2210 lllam
793 2151 872 2212 enim
895 2149 1014 2212 laudern
1040 2168 1108 2212 cum
1142 2158 1267 2231 stupore
1295 2150 1423 2232 legimus
1450 2150 1589 2214 tributam

219 2244 404 2323 blubanredi,
434 2246 471 2308 ub
498 2246 579 2323 Elia,
606 2247 658 2328 qui
686 2248 769 2327 prius
799 2247 1107 2330 Hierosolymitanus,
1139 2259 1171 2312 et
1199 2250 1367 2313 Nisibensis
1396 2250 1589 2333 lletropolita

221 2345 337 2424 tuerat,
360 2354 469 2426 postea
492 2346 529 2408 ad
553 2345 699 2409 Catholici
721 2347 966 2411 Nestorianorum
982 2349 1157 2431 dignitatem
1169 2358 1294 2412 evectus
1309 2356 1366 2427 est,
1390 2358 1423 2412 ut
1443 2352 1480 2414 ab
1494 2351 1589 2415 Amro

219 2444 351 2507 llatbaei
374 2445 451 2522 lilio,
474 2454 504 2508 et
526 2445 592 2508 aliis
614 2446 818 2526 Nestorianis,
854 2449 923 2528 qui,
952 2448 1034 2529 quod
1063 2451 1129 2512 sinc
1153 2449 1282 2512 borrore
1311 2449 1371 2512 dici
1392 2468 1454 2514 nou
1476 2458 1590 2533 petest,

219 2542 365 2607 Aleorani
398 2546 569 2608 testimonia
605 2564 672 2608 cum
701 2546 791 2609 laude
822 2546 982 2612 adducunt.
1027 2547 1202 2611 Habuerunt
1236 2556 1336 2612 tamen
1363 2549 1405 2611 illi
1434 2550 1589 2632 Principes

220 2642 368 2723 quosdam
390 2661 463 2707 suae
485 2652 589 2707 sectae
611 2646 690 2707 inter
713 2645 856 2708 Tartarus
879 2653 910 2708 et
932 2646 1046 2711 'furcas
1053 2670 1062 2725 3
1090 2648 1146 2712 sed
1174 2667 1241 2710 cum
1264 2648 1413 2712 Catbedra
1442 2649 1589 2714 Catbolici

219 2742 293 2805 olim
314 2741 345 2803 in
368 2741 508 2821 Perside,
531 2742 707 2821 llodainae,
730 2745 796 2807 sive
820 2745 976 2809 Seleuciae
999 2748 1175 2811 Parthorum
1202 2748 1299 2829 primo
1328 2747 1450 2827 luisset,
1479 2750 1589 2813 deinde

218 2840 392 2924 Bagdadum
415 2844 569 2923 translata,
592 2845 759 2908 infidelibus
782 2846 916 2909 Dominis
938 2848 1065 2929 subjecti
1088 2854 1189 2910 erant:
1219 2853 1319 2910 tamen
1346 2847 1377 2910 in
1399 2851 1462 2911 suis
1483 2850 1589 2913 Litur·

218 2942 280 3022 giis
303 2944 469 3007 orationem
490 2962 552 3008 non
574 2945 703 3023 babent,
724 2947 782 3008 nisi
804 2964 860 3027 pro
884 2946 1060 3010 Christianis
1084 2947 1281 3029 Pripcipibus.

485 3147 509 3191 Ι

444 3239 611 3311 Memento
638 3239 784 3312 Domine
808 3247 1002 3312 sanctornm
1027 3241 1285 3333 Episcoporum,
1312 3243 1376 3308 etc.
1635 3229 1665 3283 Ρ·
1683 3231 1728 3285 3⁶·
1744 3231 1761 3284 t
1779 3233 1823 3284 ²2·

333 3428 369 3507 la
391 3443 521 3524 Syriacis
544 3442 704 3507 Codicibus
726 3444 798 3508 blss.
820 3452 853 3508 ut
875 3447 962 3532 etiam
985 3446 1014 3507 in
1035 3443 1150 3507 blissali
1169 3442 1282 3506 Romae
1304 3441 1403 3519 edito,
1426 3441 1587 3522 singularis
1617 3437 1908 3508 Jacobiaponaticam·

218 3545 364 3606 memoria
386 3544 534 3623 wcurrit,
558 3561 616 3624 qua
639 3552 744 3607 carent
773 3547 880 3608 Graeci
903 3544 1041 3610 Codices.
1085 3544 1232 3605 Menecrate
1260 3541 1388 3604 Domine
1414 3547 1588 3604 scammum
1600 3529 1757 3581 ¹¹¹⁰P⁰¹⁸⁸¹⁰·

215 3643 439 3723 Epaacopormn
460 3645 513 3723 qui
529 3644 650 3723 pridem
672 3644 910 3720 obdorrnierarnt,
932 3647 1039 3725 pnqaoe
1059 3643 1183 3705 verbam
1204 3642 1341 3703 veritatis
1360 3638 1449 3701 nobis
1463 3640 1589 3720 dapem

216 3749 381 3818 muman,
404 3744 506 3823 etqui
527 3761 548 3804 a
568 3742 687 3805 Jacobo
706 3745 846 3822 principe
866 3742 1086 3823 Episcopoanm
1106 3741 1251 3822 Apostoto
1273 3748 1304 3802 et
1323 3738 1474 3821 Martyre,
1496 3759 1590 3822 uaqaoe

217 3843 265 3905 ad
285 3843 364 3904 banc
384 3842 482 3916 diem,
515 3842 639 3904 cubam
658 3841 731 3922 fidei
752 3838 949 3904 Ortbodouuc
975 3844 1007 3903 in
1033 3841 1174 3904 Ecclesia
1201 3848 1255 3902 tatu
1284 3846 1391 3901 sanctu
1420 3841 1590 3919 praedicu-

217 3950 337 4005 oerunt.
382 3940 461 4002 erril
482 3940 545 4020 hic,
567 3948 601 4003 ut
622 3940 757 4017 videtur,
779 3941 837 4002 nisi
859 3942 938 4022 pium
961 3948 992 4002 et
1015 3960 1054 4004 ex
1075 3948 1182 4004 vetere
1205 3938 1373 4019 disciplina,
1395 3946 1427 3999 ut
1445 3938 1589 4001 memoria

218 4061 290 4105 cum
310 4041 399 4104 laude
422 4057 526 4103 eorum
549 4048 731 4117 renovetur,
753 4057 771 4102 a
794 4041 902 4120 quibus
923 4039 1060 4103 Ecclesia
1090 4037 1360 4119 Hierosolymitana
1389 4036 1528 4115 lundata,
1559 4043 1590 4099 et

217 4140 409 4204 Christianae
432 4139 501 4202 fidei
525 4139 668 4203 doctrinis
690 4148 721 4203 et
743 4139 860 4221 legibus
883 4140 1016 4202 instituta
1032 4138 1096 4204 luit.
1135 4136 1496 4218 Verumquandoquidem
1512 4135 1589 4206 baec

216 4240 349 4304 formula
372 4237 496 4302 Graecis
518 4240 671 4322 incognita
694 4247 758 4318 est,
781 4241 810 4301 in
833 4238 994 4320 primaevis
1017 4236 1239 4319 exemplaribus
1262 4238 1313 4317 qui
1335 4235 1373 4299 ad
1396 4233 1588 4298 Ortbodoxns

216 4340 287 4402 sive
308 4339 465 4402 llelcbitus
488 4338 682 4420 spectabant,
704 4339 798 4402 luisse
821 4356 882 4401 non
904 4339 1024 4402 videtur
1030 4358 1040 4414 ;
1070 4337 1150 4418 quod
1178 4336 1314 4398 affirmari
1338 4336 1450 4398 certius
1472 4341 1589 4414 posset,

216 4441 245 4503 si
269 4439 408 4520 antiquus
430 4438 636 4501 llelcbitarum
658 4436 801 4520 Syriacos
818 4436 948 4501 Codices
970 4436 1159 4501 haberemus.
1203 4434 1249 4498 llli
1271 4452 1363 4517 porro
1376 4452 1448 4512 ,cum
1470 4451 1488 4496 a
1510 4434 1589 4496 mul·

216 4540 260 4601 tis
282 4537 413 4601 saeculis
436 4538 538 4600 Olllcia
561 4557 616 4601 sua
638 4556 726 4602 saera
745 4537 861 4600 Graece
883 4538 1048 4615 celebrent,
1072 4536 1195 4600 alterius
1217 4535 1340 4621 linguae
1361 4552 1447 4597 usum
1469 4551 1588 4596 omnem

215 4640 250 4700 in
272 4638 368 4700 sacris
398 4638 580 4716 amiserunt,
609 4646 641 4702 et
667 4645 814 4721 quotquot
836 4644 940 4700 estant
966 4639 1054 4700 etiarn
1083 4644 1222 4700 vetustae
1251 4637 1393 4718 Syriacae
1422 4633 1587 4716 liturgiae,

214 4737 420 4801 Jacobitarum
443 4746 523 4803 sunt.
567 4738 639 4801 lnde
662 4739 695 4801 tit
716 4745 749 4800 ut
770 4735 865 4800 verba
887 4755 966 4818 quae
988 4736 1144 4800 retulimus
1166 4735 1203 4800 ab
1226 4735 1285 4798 illis
1313 4734 1452 4816 adjuncta
1481 4730 1586 4812 lmsse,

216 4835 435 4903 existimemus.

307 4935 537 5020 Cognominatio
559 4936 611 4999 illa
632 4936 851 5015 Jacobitarmu,
874 4935 900 4997 si
925 4934 1119 4999 mbodoxos
1142 4942 1173 4997 et
1193 4933 1392 4997 Nestorianos
1420 4932 1584 5013 audiamus,
1632 4940 1662 4994 ln
1684 4941 1731 4994 lae
1753 4957 1907 4995 ammeno-

215 5036 368 5119 0rigiuern
390 5034 532 5099 habuita
558 5035 692 5117 Jacobo,
727 5054 816 5118 quem
845 5033 1034 5118 Nicephorus
1063 5042 1094 5098 et
1126 5034 1194 5110 alii,
1227 5032 1395 5096 Zonaatm
1423 5026 1907 5119 appellant‚r·²i0n01·00tb···e-

1304 5150 1381 5226 16*
