4525 6034
692 586 1230 665 ALEXANDRINO.
1573 590 1649 664 367

272 775 365 865 bant,
392 775 511 873 quibus
539 776 582 847 de
607 774 693 848 illius
719 786 828 848 morte
855 775 1096 867 significarent:
1120 777 1243 870 jusque
1277 773 1354 847 illos
1389 774 1431 846 ad
1467 777 1550 848 novi
1575 776 1649 849 Pa·
1768 785 1775 797 “

270 891 438 965 triarcbae
464 892 662 965 electionem
689 890 920 980 convocandi,
953 913 1059 986 penes
1085 890 1335 965 Alexandrinos
1369 901 1460 982 erat,
1492 895 1587 987 qnia,
1613 903 1651 966 nt

272 1010 427 1104 superius
461 1007 739 1099 observavimus,
778 1008 820 1079 ad
861 1006 947 1079 illius
986 1005 1163 1079 Ecclesiae
1204 1006 1360 1095 Clerum,
1396 1031 1441 1079 ex
1482 1012 1650 1081 communi

271 1128 417 1196 omnium
444 1124 705 1197 Christianorum
732 1123 970 1196 consuetudine
997 1120 1183 1219 spectabat,
1209 1132 1245 1195 nt
1270 1123 1334 1196 sibi
1348 1121 1554 1218 Episcopum
1580 1121 1649 1194 eli-

272 1253 403 1331 gerent.
431 1240 606 1335 Nunquam
632 1252 743 1312 tamen
770 1238 912 1312 anobis
939 1239 1157 1312 observatum
1184 1242 1295 1311 estin
1321 1240 1545 1310 recentiorum
1574 1239 1649 1311 Pa-

273 1355 491 1427 triarrbarum
517 1354 666 1445 bistoria,
694 1366 750 1427 aut
783 1359 816 1427 in
843 1357 916 1427 aliis
942 1358 1173 1442 monumentis,
1202 1353 1243 1426 ad
1271 1376 1367 1449 quem
1395 1356 1649 1427 convocationis

272 1472 360 1543 illius
394 1494 474 1543 cura
509 1483 693 1568 spectaret,
730 1483 787 1545 aut
824 1475 899 1567 quis
939 1484 1031 1544 esset
1066 1470 1165 1544 Sedis
1206 1472 1357 1542 vacantis
1391 1469 1650 1563 administrator,

273 1587 550 1682 quemadmodum
577 1587 663 1684 apud
690 1588 911 1660 Nestorianos
938 1589 1084 1683 proximi
1117 1586 1280 1682 Episcopi
1316 1584 1535 1660 Cascarensis
1568 1610 1650 1659 cura

272 1702 359 1775 baec
385 1714 469 1791 erat,
497 1714 531 1775 et
556 1707 805 1799 praerogativa.
831 1703 963 1776 Dudum
988 1703 1127 1775 invaluit
1159 1705 1334 1800 tyrannica
1366 1703 1466 1798 plane
1497 1726 1649 1776 consue-

273 1819 354 1891 tudo
382 1819 467 1915 apud
494 1818 628 1894 Arabes
656 1829 691 1891 et
715 1819 845 1891 'l'urcas
871 1821 1023 1914 Aegypti
1050 1819 1215 1908 dominos,
1242 1822 1414 1890 utstatim
1449 1831 1549 1914 atque
1576 1820 1650 1891 Pa-

272 1933 419 2006 triarcba
445 1946 594 2007 mortuns
621 1947 685 2025 est,
713 1933 820 2022 Ceba,
838 1939 914 2008 sive
933 1935 1050 2007 domus
1066 1933 1301 2007 Patriarcbalis
1329 1933 1370 2005 ab
1386 1936 1519 2006 Aerarii
1537 1935 1649 2008 Prae-

270 2049 362 2122 fecto
390 2050 600 2142 obsignetur:
635 2061 734 2144 atque
761 2073 865 2145 saepe
890 2049 953 2122 bac
980 2053 1176 2122 occasione
1192 2050 1253 2123 sub
1286 2050 1407 2124 talibus
1444 2049 1649 2141 custodibus,

271 2164 429 2260 quidquid
456 2164 670 2261 supellectilis
698 2175 755 2237 ant
780 2168 942 2261 pecuniae
969 2163 1218 2261 reperiebatur,
1245 2170 1320 2262 ipsa
1347 2169 1446 2239 etiam
1481 2166 1648 2256 alimenta,

271 2286 347 2373 ejus
374 2280 565 2353 domesticis
592 2279 877 2355 subtrahebantur.
905 2281 1079 2354 Neminem
1104 2284 1206 2374 igitur
1218 2281 1452 2374 observamus,
1479 2286 1532 2355 cui
1558 2304 1649 2355 con-

265 2396 503 2469 vocandorum
529 2397 774 2494 Episcoporum
807 2408 841 2469 et
868 2394 959 2469 Cleri
994 2421 1075 2470 cura
1102 2409 1328 2494 competeret3
1364 2400 1425 2472 sed
1457 2398 1535 2470 illud
1566 2408 1649 2470 tan-

267 2511 460 2601 tummodo,
495 2512 584 2606 quod
618 2537 659 2585 ea
693 2517 874 2586 occasione
902 2516 1012 2586 statim
1046 2513 1184 2587 Nisram
1217 2518 1437 2588 convenerint
1474 2513 1648 2611 Episcopi,

266 2631 337 2701 nisi
363 2627 521 2717 sortasse,
549 2642 604 2702 ant
631 2628 801 2720 Sullanus,
830 2640 886 2702 aut
912 2628 1079 2701 Praefecti
1105 2630 1332 2726 provinciales
1359 2628 1584 2728 prohiberent.
1682 2630 1689 2639 '

376 2744 563 2818 xxxviia
591 2745 675 2819 Cum
701 2767 804 2841 porro
831 2728 917 2816 inter
941 2746 1131 2842 Episcopos
1158 2748 1311 2844 Aegypti
1336 2748 1424 2821 nulla
1445 2747 1521 2836 alia,
1549 2769 1649 2840 quam
1702 2766 1870 2821 rraesruelu
1887 2769 1975 2824 senor

270 2862 410 2947 aetatis,
443 2865 680 2957 praerogativa
711 2874 821 2952 esset,
857 2860 955 2951 (nulli
988 2865 1075 2932 enim
1108 2875 1204 2935 eraut
1234 2854 1507 2961 Arcbiepisccpi,
1539 2886 1649 2959 neque
1662 2850 1815 2920 Episcopus.

266 2975 487 3072 Metropolita
513 2977 597 3049 ullus
623 2980 708 3048 inter
734 2974 906 3065 Jacobitas
934 2976 1119 3073 appellatus
1148 2987 1211 3069 est,
1237 2982 1301 3053 nisi
1326 2979 1564 3067 Damiatensis,
1591 2979 1651 3050 id-

269 3114 340 3187 que
373 3091 568 3164 duodecimo
603 3093 757 3184 saeculo,
792 3103 829 3165 ut
861 3096 894 3164 in
930 3092 1068 3165 historia
1108 3106 1224 3168 nostra
1259 3094 1477 3185 monuimus)
1522 3096 1649 3168 idcirco

269 3210 364 3278 inter
399 3229 461 3279 eos
493 3210 634 3302 primum
661 3207 771 3280 locum
798 3206 944 3281 babebat
970 3213 998 3281 is
1025 3208 1234 3305 Episcopus,
1268 3213 1322 3306 qui
1357 3214 1471 3282 senior
1507 3211 1648 3282 ordina-

266 3326 364 3394 tione
391 3332 474 3411 erat,
502 3346 666 3419 quemque
692 3328 864 3417 maj0rem,
892 3336 948 3396 ant
974 3325 1165 3421 praesidem
1197 3324 1420 3399 nominabant.
1449 3326 1536 3399 Nulli
1563 3349 1649 3399 vero

267 3437 349 3512 sedi
362 3437 531 3530 alligatam
557 3437 662 3510 brisse
688 3438 775 3511 banc
801 3439 938 3512 honoris
962 3444 1240 3536 praerogativam
1268 3447 1403 3534 scimus,
1431 3445 1506 3535 quia
1528 3443 1649 3515 diver-

267 3578 385 3628 sarum
411 3553 638 3626 Ecclesiarum
665 3554 825 3651 Episcopi
858 3567 1093 3647 recensentur,
1129 3561 1185 3653 qui
1216 3580 1291 3630 eam
1323 3556 1517 3631 babuerunt.
1570 3559 1649 3633 Alia

265 3669 335 3742 fnit
362 3668 421 3743 sub
439 3670 656 3758 Ortbodoxis,
683 3671 947 3762 siveMelcbitis,
966 3673 1149 3769 disciplina,
1176 3685 1210 3746 et
1222 3673 1470 3747 Alexandrinus
1492 3677 1648 3748 Patriar-

266 3785 337 3858 cba
369 3785 521 3857 diversas
560 3785 768 3883 Metropoles
802 3786 925 3875 babuit,
962 3786 1003 3859 de
1036 3789 1155 3883 quibus
1190 3787 1315 3863 dicetur
1354 3812 1415 3862 sno
1451 3791 1546 3866 loco:
1586 3792 1648 3865 sed

266 3901 363 3997 apud
388 3899 560 3974 Jacobitas
593 3914 729 3998 praeter
761 3904 1031 3994 Damiatensem,
1065 3904 1174 3977 nullus
1209 3908 1243 3976 in
1275 3906 1438 4002 Aegypto
1465 3907 1646 4005 Metropo-

264 4018 332 4089 lilu
358 4017 426 4089 full.

377 4133 535 4207 XXXIX.
563 4126 830 4208 Advenientibus
858 4137 958 4226 igitur
980 4134 1173 4230 Episcopis,
1202 4144 1377 4231 antequam
1406 4136 1647 4210 deliberaretur
1666 4151 1971 4219 Precesproaecuone:

265 4248 318 4320 de
346 4247 501 4341 eligendo
528 4248 729 4336 Patriarcba,
757 4272 877 4346 preces
904 4248 1058 4345 publicae
1085 4249 1127 4321 ad
1163 4248 1307 4345 aliquam
1333 4251 1520 4326 Ecclesiam
1553 4254 1647 4325 indi-
1660 4238 1764 4290 ¹³⁰⁰¹¹¹l¹
1783 4254 1798 4290 ‘¹
1816 4237 1929 4292 surano.

264 4362 455 4453 cebantnr,
478 4369 622 4458 jejunia,
650 4364 808 4438 solennes
834 4363 1023 4457 Liiurgiae,
1052 4376 1169 4460 atque,
1195 4379 1231 4439 ut
1257 4366 1442 4463 plurimum,
1471 4380 1648 4463 antequam

264 4478 412 4551 ulterius
439 4482 700 4576 procederetur,
726 4479 955 4575 postulabatur
988 4480 1121 4553 licentia
1157 4481 1455 4561 ablnbamedanis
1482 4486 1648 4581 principi-

262 4593 350 4681 bus,
375 4616 418 4666 ne
444 4594 579 4669 libertas
606 4583 738 4691 publica
765 4594 963 4683 turbaretur,
991 4618 1079 4667 neve
1107 4596 1204 4668 alicui
1231 4611 1447 4695 praeceptum
1472 4599 1648 4673 concede-

262 4718 376 4796 retur,
404 4733 470 4804 qno
498 4710 604 4784 aditus
620 4715 684 4806 ipsi
697 4721 814 4784 contra
841 4711 1047 4807 disciplinam
1062 4713 1159 4786 lieret
1185 4713 1227 4784 ad
1243 4712 1504 4787 Patriarcbalem
1531 4714 1647 4807 digni-

262 4834 386 4897 tatem.
413 4825 589 4922 Nunquam
615 4829 702 4898 enim
729 4828 876 4917 maiores
904 4826 1110 4901 calamitates
1146 4828 1324 4902 Orientalis
1357 4828 1512 4902 Ecclesia
1540 4836 1647 4904 susti-

261 4942 356 5025 nuit,
382 4962 479 5034 quam
507 4942 550 5013 ab
577 4939 761 5014 ambitiosis
787 4939 992 5029 hominibus,
1028 4947 1083 5038 qui
1116 4944 1192 5041 talia
1219 4955 1401 5040 praecepta
1426 4944 1648 5037 licitabantur,

262 5065 309 5131 ct
334 5064 461 5127 amam
487 5079 586 5130 manu
614 5056 656 5129 ad
682 5036 829 5131 bonores
855 5061 1005 5149 grassari
1033 5060 1195 5134 solebant.
1236 5060 1401 5157 Exempla
1428 5065 1554 5158 passim
1580 5086 1648 5137 oc-
