4525 6034
1371 613 1473 688 84
1751 722 1761 734 .
2124 608 3356 690 OBSERVATIONES

1368 818 1503 864 cum
1561 797 1917 880 praesertim
1976 813 2185 860 omnes
2244 798 2560 860 veritatem
2619 795 2759 866 fidei
2819 796 2895 859 de
2953 795 3362 873 Eucharistia,
3420 796 3721 861 fundatam
3780 797 3843 860 in
3898 796 4093 860 verbis

1367 897 1589 963 Christi
1634 914 1775 961 esse
1817 902 2136 972 testentur,
2184 903 2361 976 atque
2407 898 2565 960 inter
2608 897 2758 960 alios
2801 898 3169 979 praecipuus
3214 899 3540 979 Dionysius
3583 896 3896 984 Barsalibi.
3940 895 4096 958 lilius

1363 998 1554 1060 verba
1599 995 1749 1060 haec
1792 1004 1952 1072 sunt,
1998 996 2057 1057 in
2103 993 2545 1059 Commentario
2592 995 2664 1060 ad
2710 998 2887 1060 istum
2930 996 3237 1079 Liturgiae
3281 997 3502 1060 locum.
3554 997 3671 1059 Hic
3713 999 3935 1059 recitat
3976 995 4094 1057 Sa-

1364 1098 1585 1160 cerdos
1624 1097 2034 1159 narrationem
2076 1096 2410 1176 mysticam,
2454 1097 2694 1175 aqitque
2734 1098 3086 1159 memoriam
3128 1098 3423 1176 sacrificii
3460 1098 3641 1172 illius,
3685 1096 3846 1177 quod
3889 1113 4099 1156 sacer-

1365 1196 1655 1259 dotaliter
1685 1192 1949 1275 perfecit
1988 1193 2283 1255 Dominus
2324 1201 2531 1255 noster
2572 1196 2638 1256 in
2681 1195 3035 1269 coenaculo,
3093 1213 3353 1274 vespera
3409 1214 3531 1277 qua
3585 1197 3924 1258 traditurus
3977 1202 4101 1255 erat

1362 1313 1432 1356 se
1473 1296 1667 1374 ipsum
1701 1312 1821 1374 pro
1863 1292 2056 1356 nobis.
2116 1290 2443 1372 Postquam
2485 1295 2642 1354 enim
2684 1291 2929 1356 Pascha
2972 1294 3161 1372 Ieyale
3178 1294 3557 1373 perfecisset,
3588 1294 3882 1373 Episcopi
3902 1291 4100 1373 officio

1359 1393 1606 1473 ftmctus
1649 1401 1758 1469 est,
1801 1393 2306 1471 ministeriumque
2347 1391 2463 1453 hoc
2503 1390 2812 1472 Apostolis
2854 1394 2984 1454 suis
3026 1395 3479 1456 conmendavit.
3534 1392 3856 1471 Accipiens
3898 1410 4101 1471 nennpe

1360 1512 1583 1574 panem
1622 1495 1689 1554 in
1730 1510 1948 1554 manus
1989 1509 2135 1554 suas
2177 1498 2451 1568 sanctas,
2496 1493 2860 1572 siqnifi'cavit
2899 1511 2967 1553 se
3007 1492 3204 1570 ipsum
3233 1511 3368 1554 esse
3391 1493 3495 1572 qui
3513 1492 3842 1571 assumpsit
3858 1508 4102 1551 carnem

1364 1595 1693 1656 attimatam
1737 1611 1818 1654 ea:
1860 1590 2063 1653 Maria
2115 1590 2370 1670 Viryine.
2463 1588 2610 1652 C'um
2653 1596 2855 1651 autem
2896 1589 3224 1668 benedi-vit,
3269 1590 3649 1671 siqnificaoit
3672 1610 3739 1652 se
3783 1589 4101 1652 abstulisse

1364 1692 1842 1755 maledictionem
1884 1690 2387 1769 transyressionis
2423 1691 2763 1769 praecepti,
2808 1709 2850 1751 a
2891 1697 3099 1752 nostro
3140 1710 3375 1770 yenere.
3450 1688 3600 1752 Cum
3640 1690 3860 1752 deinde
3900 1687 4100 1767 freqit,

1365 1793 1431 1854 in
1472 1790 1753 1872 mysterio
1796 1790 2159 1870 significavit
2195 1788 2373 1850 nobis
2408 1790 2758 1868 passionem
2814 1807 3022 1864 suam,
3081 1791 3570 1869 crucifixionem,
3624 1797 3683 1850 et
3740 1787 4103 1850 occisionem

1367 1908 1562 1965 suant,
1607 1890 2063 1968 tran-*fixionem
2103 1888 2362 1950 lancea.-
2406 1889 2659 1968 denique
2701 1895 2952 1950 mortem
2992 1907 3184 1950 suam.
3278 1887 3426 1950 Cum
3463 1888 3671 1969 freyit,
3716 1888 3958 1967 εἰφιιιηι
3995 1885 4104 1964 fuit

1367 1989 1531 2070 quod
1571 1989 1835 2068 seipsum
1876 1987 2211 2048 immolavit
2251 1993 2313 2048 et
2351 1987 2595 2049 divisit:
2638 1987 2911 2067 quodque
2952 1986 3032 2048 ab
3077 2005 3150 2048 eo
3178 1986 3359 2066 flavit
3389 1994 3781 2069 peccatorum
3804 1986 4099 2048 remissio.

1368 2087 1451 2149 Et
1490 2087 1660 2150 dedit
1696 2086 1838 2163 illis,
1884 2104 2005 2166 qua
2047 2087 2287 2147 ratione
2329 2086 2693 2166 siqnificavit
2732 2084 2810 2145 ab
2854 2104 2926 2146 eo
2969 2085 3119 2147 illud
3161 2087 3381 2148 donum
3424 2105 3575 2150 esse.
3634 2086 3776 2147 Tum
3796 2085 4103 2146 Sacerdos

1370 2193 1462 2248 ter
1507 2203 1686 2247 cruce
1729 2183 1993 2246 oblatam
2035 2186 2253 2266 siynat,
2301 2204 2436 2247 cum
2478 2184 2645 2261 dicit,
2692 2184 2925 2247 Gratias
2971 2186 3118 2268 egit,
3164 2186 3324 2266 quod
3366 2188 3546 2249 etiam
3585 2185 3741 2264 facit
3775 2185 3999 2246 deinde
4028 2184 4103 2245 ad

1371 2284 1642 2356 calicem,
1686 2276 1949 2362 dicitque
1988 2282 2181 2345 verba
2223 2285 2365 2363 ipsa
2387 2302 2543 2364 quae
2570 2283 2733 2345 dixit
2757 2282 3051 2346 Dominus
3071 2292 3279 2347 noster
3303 2287 3368 2346 in
3396 2286 3742 2360 coenaculo,
3786 2303 3930 2346 cum
3974 2283 4107 2345 illud

1368 2383 1712 2465 mysterium
1733 2381 2067 2460 perficeret,
2109 2389 2179 2443 ut
2200 2391 2405 2445 notum
2442 2381 2659 2462 faciat,
2703 2383 2866 2444 illum
2901 2384 3095 2462 ipsum
3141 2381 3515 2460 (Christum)
3560 2402 3712 2458 esse,
3756 2384 3863 2464 qui
3903 2381 4106 2463 fnaqes

1368 2499 1528 2542 nunc
1568 2481 1633 2541 in
1675 2480 1864 2541 altari
1896 2482 2167 2560 positas,
2213 2483 2555 2561 sanctificat
2587 2501 2705 2562 per
2756 2483 3117 2544 volumtatem
3158 2482 3366 2546 Patris
3409 2485 3532 2560 sui,
3586 2491 3649 2545 et
3700 2485 4106 2562 operatioroem

1369 2579 1632 2658 Spiritus
1672 2580 1906 2640 sancti:
1942 2598 2059 2659 per
2082 2579 2476 2642 Sacerdotem
2516 2582 2621 2661 qui
2662 2600 2876 2644 cruces
2914 2582 3164 2660 format,
3209 2591 3267 2644 et
3307 2583 3500 2645 verba
3538 2585 3925 2662 prommciat.
3990 2581 4106 2644 Nec

1373 2679 1530 2738 enim
1555 2679 1661 2757 qui
1684 2679 2001 2754 ministrat,
2045 2679 2156 2741 sed
2195 2681 2301 2759 qui
2341 2680 2679 2755 invocatur,
2721 2682 2852 2760 ipse
2896 2689 2990 2743 est
3029 2683 3133 2762 qui
3174 2683 3531 2761 sanctificat.
3600 2682 3731 2745 Hoc
3762 2682 4103 2744 testimonio

1373 2776 1706 2839 certissime
1733 2775 2198 2855 demonstratur,
2242 2776 2637 2841 Barsalibium
2682 2777 2758 2842 de
2787 2781 3147 2844 necessitate
3177 2780 3503 2843 verborum
3535 2779 3753 2845 Christi
3785 2799 3914 2843 non
3943 2779 4106 2843 aliter

1373 2876 1671 2954 sensisse,
1722 2892 1898 2955 quam
1954 2874 2105 2939 alios
2164 2894 2373 2940 omnes
2418 2876 2799 2962 TheologOS,
2860 2886 3038 2960 atque
3093 2878 3246 2942 adeo
3300 2880 3496 2960 ipsum
3562 2877 3772 2941 eadem
3829 2886 4103 2960 tanquam

1372 2973 1599 3038 inutilia
1642 2975 1703 3037 in
1759 2971 2031 3058 Liturgia
2088 2992 2197 3038 sua
2255 2978 2705 3057 suppressisse,
2765 2994 2941 3040 nemo
2998 2966 3176 3041 facile
3236 2979 3614 3043 existimabit.
3703 2978 3851 3059 Ejus
3913 2986 4102 3041 tamen

1375 3092 1595 3137 nomen
1640 3074 1909 3155 praefert
1954 3092 2070 3137 una
2115 3094 2194 3137 ex
2236 3075 2612 3158 interpolatis
2657 3076 2774 3139 illis
2817 3076 3126 3161 LiturgiiS.

768 3177 1007 3230 Defectus
1029 3193 1090 3229 ex
1109 3176 1347 3229 librario·
1547 3175 1634 3237 lta
1679 3176 1862 3257 igitur
1906 3175 2284 3237 statuendum
2327 3175 2585 3255 videtur,
2632 3175 2932 3240 desectum
2977 3178 3168 3259 quiin
3197 3176 3312 3240 illis
3342 3179 3707 3242 observatur
3726 3176 4103 3238 librariorum

736 3281 846 3315 Μ
869 3263 1179 3333 negligentia
1203 3272 1294 3316 0⁸²·
1373 3275 1575 3355 potius
1635 3276 1813 3354 viti0,
1886 3292 2061 3356 quam
2127 3294 2241 3356 per
2300 3274 2472 3338 aliam
2528 3294 2768 3339 causam
2824 3278 3168 3358 irrepsisse.
3258 3278 3406 3341 Sunt
3449 3279 3606 3341 enim
3652 3277 3902 3339 codices
3950 3275 4100 3338 multi

1375 3375 1478 3455 qui
1522 3372 1809 3437 formulas
1854 3372 2281 3454 compendiose
2337 3375 2719 3454 contrahant,
2778 3384 2840 3438 et
2895 3394 3170 3459 magnam
3229 3376 3462 3440 illarum
3521 3385 3755 3460 partem
3815 3379 4099 3453 omittant,

1280 3535 1285 3543 ,
1376 3491 1530 3554 quae
1576 3470 1811 3535 aliunde
1856 3471 2117 3555 petenda
2169 3482 2327 3536 sunt.
2415 3473 2481 3536 ln
2538 3476 2726 3555 prima
2782 3475 3000 3559 igitur,
3063 3495 3219 3557 quae
3277 3477 3441 3539 Petri
3502 3477 3747 3554 dicitur,
3807 3477 4099 3538 minimum

1376 3571 1733 3635 difficultatis
1780 3580 1900 3635 est:
1945 3589 2102 3651 nam,
2147 3573 2441 3654 Accipite,
2484 3576 2863 3651 manducate,
2906 3577 3128 3656 primas
3170 3575 3461 3638 formulae
3502 3595 3690 3639 voces
3736 3593 4100 3657 repraesen-

1375 3679 1493 3734 tat:
1532 3672 1862 3755 jungantur
1904 3690 2061 3753 quae
2105 3675 2279 3754 sequi
2300 3673 2526 3738 solent:
2587 3674 2719 3738 Hoc
2762 3683 2854 3737 est
2894 3677 3050 3738 enim
3095 3694 3315 3755 corpus
3357 3696 3550 3738 meum
3592 3676 3754 3756 quod
3788 3694 3912 3755 pro
3936 3675 4099 3737 vobis

1372 3771 1681 3852 franyitur
1725 3780 1783 3834 et
1816 3791 1936 3852 pro
1978 3771 2180 3834 multis
2221 3773 2424 3850 datur,
2469 3791 2624 3854 quae
2670 3781 3003 3855 sequuntur
3044 3775 3265 3853 verba,
3320 3778 3386 3837 in
3426 3776 3841 3837 remissionem
3878 3792 4099 3855 peeca—

1378 3880 1604 3947 torum,
1649 3870 1974 3952 perfectam
2020 3879 2083 3934 et
2124 3870 2372 3954 reliquis
2419 3873 2787 3937 conformem
2832 3874 3186 3936 sententiam
3232 3873 3509 3939 efficiunt.
3602 3875 3688 3937 lta
3746 3891 3986 3955 quoqne
4041 3873 4098 3934 in

1380 3969 1584 4033 calicis
1611 3970 2004 4035 benedicendi
2034 3970 2291 4035 formula
2310 3973 2620 4037 observari
2665 3981 2886 4054 potest.
2932 3972 3131 4036 Locus
3176 3991 3328 4056 ergo
3373 3992 3622 4053 vacuuS,
3670 3991 3807 4036 cum
3834 3973 4098 4054 sequenti

1381 4069 1535 4134 male
1583 4071 1935 4152 conjunctus
1980 4071 2116 4134 suit:
2161 4070 2425 4135 fortasse
2467 4080 2534 4135 ut
2577 4074 2755 4135 minio
2800 4071 3190 4152 scriberetur,
3236 4090 3572 4157 quanquam
3616 4072 3822 4137 hocin
3850 4073 4094 4137 vetustis

1383 4167 1826 4251 exemplaribus
1859 4189 2060 4235 rarum
2099 4173 2210 4235 sit:
2254 4179 2360 4235 aut
2400 4172 2588 4236 verba
2633 4172 3079 4257 eit-religione,
3123 4173 3234 4236 sed
3272 4192 3396 4238 non
3422 4173 3754 4238 secundum
3795 4174 4091 4237 scientiam

1377 4271 1822 4350 praetermissa,
1867 4272 2124 4337 librariis
2170 4272 2413 4337 errandi
2448 4273 2823 4336 occasionem
2868 4273 3230 4337 obtulerunt.

841 4386 899 4437 ln
935 4385 1230 4455 quibusdam
1272 4395 1355 4439 ta-
1550 4369 1618 4432 ln
1663 4371 1890 4434 duabus
1936 4370 2139 4434 alteris
2183 4370 2322 4452 plus
2367 4372 2743 4436 obscuritatis
2799 4379 2920 4435 est:
2981 4392 3179 4455 neque
3239 4381 3436 4436 tamen
3491 4373 3608 4436 illis
3666 4369 4090 4436 accommodari

739 4488 860 4524 nen
899 4474 1081 4524 omissa
1117 4474 1356 4526 videntur
1381 4489 1503 4534 non
1546 4476 1751 4550 potest
1792 4471 2073 4550 superior
2115 4471 2483 4536 observatio.
2541 4472 2689 4535 Sunt
2732 4473 2888 4535 enim
2930 4472 3239 4557 Liturgiae
3283 4473 3507 4554 aliquot
3553 4491 3708 4554 quae
3755 4470 4094 4555 particulam

744 4558 905 4612 verba
952 4575 1014 4611 0¹
1051 4569 1192 4612 ⁰⁸⁸⁰
1229 4577 1355 4626 1³¹·0·
1383 4589 1463 4633 ex
1505 4568 1877 4651 EvangeliiS,
1923 4587 2098 4650 quam
2139 4573 2453 4652 mysticam
2504 4575 2916 4634 narrationem
2973 4582 3152 4637 vocat
3194 4572 3522 4653 Barsalibi,
3583 4573 3855 4654 pluribus
3898 4571 4095 4634 verbis

740 4646 924 4714 Ρωω·
1385 4668 1760 4750 amplificant,
1808 4668 1970 4751 quod
2028 4669 2092 4731 in
2149 4668 2379 4732 duabus
2436 4669 2565 4733 istis
2623 4670 2844 4733 factum
2902 4680 3016 4735 est.
3114 4671 3309 4735 Nihilo
3373 4674 3565 4735 minus
3626 4680 3819 4736 tamen
3877 4671 4097 4734 Christi

1384 4768 1835 4832 sacramentalia
1879 4768 2066 4832 verba
2111 4767 2403 4849 referunt,
2450 4776 2553 4832 aut
2595 4769 2953 4852 supplentur
3011 4791 3047 4835 a
3091 4770 3537 4837 Sacerdotibus.
3628 4773 3720 4837 De
3761 4773 3872 4835 illis
3918 4772 4098 4854 igitur

1387 4888 1634 4951 quarum
1679 4871 1967 4933 autoritas
2013 4868 2373 4950 reliquarum
2417 4870 2719 4934 autoritati
2765 4872 3103 4953 comparari
3145 4889 3267 4934 non
3294 4879 3515 4954 potest,
3560 4892 3678 4936 nec
3710 4872 3905 4951 debet,
3951 4872 4097 4935 haec

1385 4970 1639 5032 maxime
1684 4969 2018 5032 verisimilis
2065 4970 2413 5051 conjectura
2457 4977 2571 5048 est,
2619 4988 2752 5032 cum
2797 4970 2856 5031 in
2896 4989 3122 5034 summa
3148 4971 3488 5055 ignorantia
3533 4974 3880 5056 contingere
3926 4978 4097 5052 post-

1390 5067 1626 5131 modum
1669 5067 1844 5132 facile
1890 5068 2088 5146 fuerit,
2130 5076 2196 5131 ut
2240 5087 2372 5132 eam
2415 5077 2648 5151 partem
2709 5078 2991 5152 tanquam
3032 5072 3331 5156 integram
3389 5071 3618 5136 librarii
3671 5070 4091 5150 describerent,
