4525 6034
638 620 691 696 78
1094 612 1318 690 LITURGIA
1351 610 1383 688 S.
1408 609 1584 688 arsitii

637 808 780 906 populus
803 817 877 880 tuus
893 803 1016 893 fidelis,
1043 809 1228 899 prostratus
1249 822 1316 871 co·
1359 796 1512 887 λευίται,
1529 794 1590 870 καί
1610 793 1716 879 adad
1739 791 1823 878 λαός
1841 817 1910 870 σου
1927 794 1949 868 ὁ
1968 823 2037 869 πι-

639 949 712 998 ram
740 935 856 997 sancta
883 922 993 1015 gioria
1019 931 1074 992 tua
1100 923 1133 990 in
1153 915 1215 989 bac
1232 914 1316 988 hora
1359 898 1460 1029 (ζϊόςι
1483 899 1505 973 ὅ
1531 899 1762 1025 πρθςγῖπϊων
1790 896 1944 974 ἐνώπιον
1973 905 2037 995 τῆς

640 1051 777 1132 sancta,
792 1038 904 1111 serens
920 1035 1016 1110 simul
1032 1038 1213 1133 pretiosam
1226 1043 1317 1105 tuam
1359 1004 1462 1131 ⁰²75?ss
1484 1030 1554 1077 σου
1580 1001 1688 1101 ὃθὲης
1711 1006 1750 1078 ‘³³‘
1773 1009 1817 1097 ῖῇ
1845 1000 1931 1129 οξίῖᾳ
1956 1002 2037 1101 ὥρᾳ

641 1179 795 1248 crucem,
823 1159 924 1228 simus
938 1173 1055 1226 omnes
1069 1150 1167 1225 soluti
1180 1148 1316 1222 etliberi

642 1296 689 1345 ex
715 1274 868 1344 oremei
894 1271 1104 1367 peccatoris,
1135 1289 1197 1362 per
1230 1288 1316 1338 san-

643 1401 729 1461 ctum
756 1398 845 1460 tuum
860 1388 1017 1483 Spiritum
1043 1383 1168 1455 bonum
1196 1393 1229 1455 et
1248 1381 1318 1454 be-

642 1509 788 1599 nignum.
841 1504 953 1593 Deus,
989 1523 1051 1597 per
1077 1499 1195 1571 Filium
1229 1510 1319 1571 tuum

644 1626 699 1715 qui
732 1620 804 1692 tulit
837 1628 1012 1715 peccatum
1043 1615 1175 1705 mundi,
1210 1618 1319 1710 incipe

644 1740 891 1832 susceptionem
906 1738 1132 1831 poenitentiae
1142 1754 1318 1805 servorum

642 1863 773 1927 tuorum
801 1853 842 1926 ab
872 1855 971 1947 ipsis,
1003 1849 1186 1923 adducem
1213 1850 1317 1941 agni-

642 1974 759 2061 tionis,
786 1968 828 2040 ad
854 1970 1124 2065 propitiationem
1150 1976 1317 2062 peccato-

641 2109 732 2158 rum:
761 2088 837 2181 quia
863 2107 931 2157 non
956 2086 1011 2157 vis
1027 2090 1169 2154 mortem
1188 2104 1318 2178 pecca-

643 2206 745 2291 toris,
773 2200 834 2274 sed
859 2210 895 2274 ut
921 2210 1136 2273 convertatur
1156 2207 1191 2271 et
1206 2202 1317 2271 vivat:

642 2330 679 2391 tn
705 2341 743 2390 es
765 2320 852 2388 enim
863 2317 1042 2391 Dominus:
1068 2315 1232 2388 Dominus
1248 2318 1316 2385 mi-

643 2444 777 2512 serator
790 2443 825 2505 et
837 2436 1047 2522 misericors,
1074 2435 1205 2528 patiens
1223 2429 1314 2502 mul-

643 2563 699 2624 tae
711 2548 961 2623 misericordiae
974 2559 1007 2621 et
1018 2547 1314 2639 verax,auierens

642 2670 840 2759 injustitias,
866 2669 1075 2761 iniquitates,
1107 2676 1142 2737 et
1167 2671 1316 2762 peccata.

645 2783 743 2872 Quod
776 2786 806 2855 si
841 2782 1017 2878 quidquam
1049 2784 1317 2877 peccaverimus,

643 2899 703 2973 tibi
728 2897 837 2972 verbo
858 2909 915 2970 aut
931 2921 1053 2993 opere,
1080 2901 1231 2987 remitte,
1259 2895 1317 2967 di-

642 3020 733 3089 mitte
761 3025 794 3088 at
810 3039 913 3111 parce
932 3014 1050 3103 nobis,
1077 3023 1232 3109 tanquam
1246 3011 1318 3084 bo-

643 3156 704 3207 nus
740 3143 774 3204 et
807 3122 972 3224 benigmss
999 3133 1102 3203 Deus.
1157 3131 1196 3202 Si
1231 3131 1318 3200 enim

642 3251 831 3345 iniquitates
876 3246 1118 3320 observaveris
1161 3246 1317 3333 Domine,

642 3366 785 3437 Domine
813 3368 886 3461 quis
913 3363 1112 3438 sustinebit?
1139 3366 1216 3459 quia
1231 3362 1319 3458 apud

643 3484 895 3577 depropitiatio
923 3488 990 3553 est:
1018 3483 1094 3574 quia
1121 3489 1157 3550 tu
1177 3501 1317 3575 espro-

643 3600 771 3694 pitiatio
797 3606 1010 3693 peccatorum
1036 3605 1243 3684 nostrorum,
1270 3595 1318 3664 il-

643 3713 812 3785 luminatio
833 3722 867 3785 et
887 3711 1036 3784 salvator
1052 3714 1233 3783 animarum
1247 3734 1317 3784 no-

644 3838 795 3901 strarum.
826 3827 937 3918 Deus,
965 3848 1028 3900 nos
1056 3848 1172 3900 omnes
1199 3825 1316 3918 libera,

644 3954 678 4015 et
705 3966 837 4016 omnem
862 3943 1019 4040 populum
1041 3953 1131 4016 tuum
1152 3942 1260 4016 libera
1273 3944 1315 4016 ab

645 4065 734 4133 omni
766 4071 925 4157 peccato,
965 4058 1190 4153 abnegatione
1228 4063 1317 4131 omni

643 4189 677 4250 ot
685 4175 908 4273 blasphemia,
923 4175 963 4248 ab
980 4181 1070 4249 omni
1084 4176 1317 4249 maledictione

643 4304 678 4366 et
700 4297 954 4383 exsecratione,
980 4298 1112 4386 magia,
1138 4293 1316 4382 veneficio,

641 4409 983 4506 idololatriaperjura,
999 4408 1316 4507 perjuri03abana-

641 4526 802 4614 themate,
835 4535 869 4599 et
894 4525 1038 4597 dirarum
1064 4529 1316 4621 imprecatione,
1358 4581 1490 4651 mog,

1359 1135 1488 1202 ταυτῃ,
1514 1104 1575 1181 καί
1597 1104 1796 1203 βαστάζων
1824 1134 1892 1181 τον
1909 1105 2037 1201 τίμιόν

1569 1208 1577 1233 ι

1359 1236 1429 1286 σου
1442 1236 1617 1310 σταυρον,
1633 1214 1740 1306 ἐσμεν
1749 1207 1877 1294 πάντες
1885 1215 2038 1306 λελυμέ-

1361 1344 1420 1391 νοι
1436 1313 1498 1389 καί
1512 1312 1694 1414 ἐλεύθεροι
1708 1317 1746 1387 ἐκ
1765 1321 1832 1388 τοῦ
1850 1316 1940 1409 ίμοά
1957 1310 2039 1389 σώ-

1361 1447 1475 1514 ματος
1512 1425 1581 1493 τοῦ
1607 1418 1845 1543 ἀμαργωλοῦ,
1874 1415 1939 1492 ded
1969 1424 2040 1491 τοῦ

1363 1522 1544 1623 παναγίου
1555 1548 1625 1596 σου
1631 1550 1843 1617 πνευματος,
1861 1528 1928 1594 τοῦ
1941 1518 2039 1621 ἀγα-

1362 1630 1454 1716 θοῦ,
1479 1625 1540 1700 καί
1561 1623 1839 1726 φιλανθρώπου.
1870 1629 1949 1713 Θεέ,
1971 1622 2038 1698 drot

1362 1729 1429 1807 τάν
1435 1726 1669 1826 υίόνσουτὴν
1684 1737 1752 1805 τοῦ
1758 1727 1903 1823 κόσμου
1912 1727 2038 1827 ἀμαρ-

1360 1834 1443 1929 τίαν
1456 1830 1657 1931 ἀράμενον,
1679 1833 1788 1932 ἄρξαι
1811 1841 1872 1929 τῆς
1892 1829 2037 1906 ὑποδο-

1361 1946 1428 2035 χῆς
1442 1943 1503 2032 τῆς
1515 1939 1702 2031 μετανοίας
1711 1942 1786 2013 τῶν
1798 1932 1944 2012 ἀσύλων
1954 1960 2038 2027 σου,

1362 2044 1400 2120 ἐξ
1412 2038 1545 2125 αὐτόν,
1559 2044 1604 2125 τίς
1623 2048 1700 2139 φῶς
1718 2047 1779 2138 τῆς
1803 2036 2038 2140 ἐπιγνώσεως,

1362 2147 1407 2228 εἰς
1418 2142 1577 2240 ἱλασμὸν
1591 2143 1797 2242 ἁμαρτιῶν·
1809 2143 1865 2218 ὅτι
1883 2141 1928 2217 od
1935 2140 2038 2238 (too-

1361 2255 1413 2324 λει
1433 2246 1501 2323 τὸν
1524 2246 1693 2324 θάνατον
1715 2256 1783 2323 τοῦ
1805 2247 2036 2347 ἀμαρτωλοῦ,

1360 2351 1409 2437 αἷς
1424 2359 1492 2427 τοῦ
1506 2356 1715 2451 ἐπιστρέψω
1737 2350 1798 2426 καί
1818 2349 1887 2447 ζῆν
1906 2347 2037 2424 αὐτόν·

1361 2455 1408 2530 od
1432 2454 1504 2556 γάρ
1530 2454 1561 2529 εἷ
1583 2455 1721 2555 κύριος,
1750 2453 1873 2554 κύριος
1899 2453 1922 2527 ὁ
1949 2452 2037 2537 θεὸς

1360 2561 1560 2657 οἰκτίρμων
1573 2559 1634 2635 καί
1649 2558 1819 2657 ἐλεήμων,
1835 2556 2038 2655 pronatae·-

1359 2692 1429 2760 μσς
1453 2662 1515 2737 καί
1533 2670 1736 2753 πολυιίὶεος,
1768 2661 1830 2737 καὶ
1848 2658 2037 2759 ἀληθινός,

1360 2765 1529 2867 ἀφαιρῶν
1541 2765 1712 2862 ἀνομίας,
1728 2765 1788 2840 καί
1801 2763 1952 2854 ἀδικίας,
1975 2763 2039 2839 καί

1362 2870 1546 2967 ἁμαρτίας.
1570 2870 1644 2946 Καὶ
1656 2870 1731 2945 ιῖτί
1741 2896 1799 2945 σοι
1812 2867 2035 2967 ἡμάρτομεν,

1362 2974 1427 3049 εἴτε
1446 2978 1484 3048 ἐν
1497 2971 1610 3074 λόγῳ,
1627 2974 1701 3070 ἢέν
1711 2978 1816 3074 ἔργῳ,
1830 2972 1920 3059 ἀνες,
1935 2973 2034 3070 ἄφες,

1361 3074 1603 3178 συγχώρησον
1620 3077 1720 3175 ἡμῖν,
1745 3077 1794 3162 οἷς
1811 3074 1952 3178 ἀγαθὸς
1974 3075 2036 3149 καὶ

1361 3179 1625 3282 φιλάνθρωπος
1641 3182 1735 3265 θεός.
1765 3179 1844 3257 ’lida
1856 3179 1927 3281 γάρ
1944 3176 2034 3254 ἀνο-

1360 3285 1444 3380 μίας
1459 3282 1708 3383 παρατηρήσῃς
1721 3282 1838 3384 κύριε,
1862 3283 1961 3383 κύριε
1982 3281 2036 3367 τίς

1360 3388 1610 3485 ἀποστήσεταις
1621 3386 1676 3462 ὃτι
1686 3387 1783 3488 παρά
1792 3384 2037 3480 σοιὸίλασμός

1361 3497 1478 3584 ἐστιν,
1490 3492 1545 3566 ὅτι
1565 3489 1613 3566 σύ
1623 3490 1811 3586 είὶλασμάς
1824 3498 1899 3567 τῶν
1911 3490 2037 3587 ἀμαρ-

1361 3604 1449 3672 τιάιν
1463 3595 1586 3692 ripuar,
1601 3594 1623 3669 ὁ
1638 3593 1824 3695 φοντισμάς
1837 3595 1897 3670 καὶ
1913 3592 2035 3693 σωτὴρ

1360 3712 1435 3776 τῶν
1457 3707 1593 3797 ψυχῶν
1612 3699 1726 3796 ἡμῶν.
1747 3698 1879 3783 Dorda-
1900 3696 2037 3782 πάντας

1360 3804 1453 3901 ἡμᾶς
1469 3807 1725 3901 ἐλευίίιίροισον,
1738 3802 1798 3878 καί
1811 3803 1952 3877 ἅπαντα
1965 3800 2035 3877 τάν

1360 3904 1450 3985 λαόν
1462 3931 1530 3981 σου
1545 3909 1809 4006 ι’λευθὲρωσον,
1827 3904 1898 3981 ἀπὸ
1921 3902 2036 4002 πάσης

1371 4012 1381 4038 ζ
1589 4008 1599 4031 ἲ
1708 4008 1716 4033 Ι

1358 4011 1551 4110 αμαρτίας,
1575 4035 1804 4109 απαρνησειος
1830 4007 1944 4107 τιάσης
1972 4008 2035 4082 καί

1358 4114 1607 4244 βλαρφημίας,
1633 4113 1706 4189 ἀπὸ
1728 4110 1842 4210 πάσης
1863 4113 1951 4209 ἄρας
1972 4111 2039 4227 καί

1359 4253 1526 4323 καταρας,
1542 4224 1702 4324 μαγείας,
1719 4222 1956 4324 φαρμακείας,
1980 4223 2033 4294 εἰ-

1361 4332 1619 4432 ἀιυλολοιτρείας
1635 4330 1893 4433 ἕπιόρκου,·καί
1909 4335 2033 4430 ἐπιορ-

1360 4464 1451 4528 κιας·
1467 4440 1539 4518 ἀπὸ
1556 4442 1785 4540 ἀναθιματσς
1801 4440 1862 4517 καί
1870 4444 2033 4517 καταθέ-

1516 4552 1587 4628 ἀπά
1614 4560 1808 4654 χωρισμοῦ
1823 4558 2033 4654 γενομένου,

643 4666 664 4714 a
692 4643 830 4717 discidio
857 4640 1019 4731 formato,
1048 4664 1068 4712 a
1096 4644 1218 4734 sagitta
1244 4662 1316 4715 vo·
1359 4661 1431 4738 ἀπὸ
1456 4665 1586 4759 βέλους
1611 4670 1826 4760 πετομένου,
1851 4660 1923 4737 ἀπὸ
1949 4687 2033 4737 ση-

644 4758 752 4850 Ιοοῑο,
780 4784 800 4832 a
826 4758 971 4831 lamento
995 4760 1159 4850 justorum
1187 4768 1221 4829 et
1247 4760 1316 4829 ini-
1343 4750 1506 4874 ’,αγμοῡ
1534 4773 1687 4851 δικαίων
1715 4802 1753 4850 τε
1787 4771 1847 4848 καί
1881 4769 2032 4860 ἀδίκων,

645 4897 804 4971 quorum,
838 4873 879 4946 ab
907 4878 997 4946 omni
1023 4896 1166 4948 occursu
1190 4873 1317 4946 baere—
1360 4882 1432 4958 ἀπὸ
1455 4880 1568 4983 πάσης
1597 4881 1823 4983 ἀπαντήσεως
1844 4883 2033 4982 αἱρετικῶν

644 4995 805 5081 ticorum,
832 4999 865 5062 et
890 4990 1112 5064 Ethnicorum.
1159 4988 1318 5062 Concede
1360 4993 1596 5072 καὶὲθνικώγ,
1611 4990 2033 5096 Χάρισαιὴμῖνδισποτα

644 5107 743 5181 nobis
757 5106 900 5179 Domina
918 5117 1079 5200 mentem,
1098 5106 1318 5203 prudentiam,
1360 5112 1451 5185 νοῦν
1467 5104 1529 5183 καί
1549 5104 1696 5184 σύνεσιν
1712 5103 1773 5182 καί
1789 5100 1951 5201 δύναμιν
1965 5112 2036 5179 τοῦ
