4525 6034
730 560 1056 639 PRAEFATIO.

211 775 313 854 saepe
351 751 458 827 unius
497 739 608 829 vocis'
624 740 808 853 'ignoratio
855 750 995 831 errandi
1030 738 1158 833 causas
1199 752 1358 857 dederit,
1405 753 1476 834 dici
1511 780 1585 836 non

209 894 338 990 potest:
374 884 538 986 exempla
569 884 703 987 aliquot
734 882 937 964 afferemus.

324 1015 518 1097 Eduardus
537 1016 742 1099 Pococlrius
764 1021 820 1095 vir
838 1017 994 1097 Arabico
1018 1022 1053 1097 in
1083 1023 1206 1124 primis
1232 1019 1381 1123 doctus,
1402 1023 1438 1099 in
1462 1020 1580 1100 Prae·
1688 1041 1743 1094 viri
1774 1040 1915 1098 doctissimi

211 1152 337 1230 latione
372 1149 418 1228 ad
450 1155 568 1229 varias
602 1152 778 1230 lectiones
813 1154 991 1231 versionis
1013 1152 1191 1233 Arabicae
1215 1179 1340 1233 sacrae
1363 1126 1914 1283 Scripturasffsslssgmrffssfr'f'ssss

211 1310 298 1389 quae
331 1287 367 1362 in
405 1284 693 1364 Londinensibus
727 1283 940 1389 Polyglottis
968 1285 1061 1364 edita
1096 1300 1171 1390 cst,
1214 1288 1334 1366 locum
1364 1287 1511 1367 adduxit
1538 1314 1584 1367 ex
1597 1298 1714 1351 oecis
1753 1300 1818 1352 Tm
1835 1301 1862 1352 ⁶·

180 1417 428 1522 *Abuliaragii
459 1418 616 1497 Historia
639 1419 910 1521 Dynastiarum,
946 1444 1052 1522 quam
1087 1433 1214 1524 postea
1247 1420 1404 1509 Arabico
1440 1434 1476 1500 et
1510 1421 1585 1499 La-

209 1558 276 1632 tine
310 1552 431 1631 edidit
504 1550 596 1631 Cum
642 1556 672 1631 is
715 1552 894 1656 duplicem
932 1554 1026 1657 apud
1061 1554 1176 1657 Syros
1217 1566 1339 1633 extare
1379 1558 1586 1634 versionem

208 1689 426 1789 scripsisset,
460 1688 656 1790 simplicem
683 1711 810 1788 unam,
843 1686 970 1766 iactam
1003 1701 1166 1792 tempore
1200 1688 1335 1771 Hirami
1368 1688 1485 1793 Tyrii,
1528 1690 1585 1767 al-

207 1833 313 1899 teram
348 1844 395 1898 ex
417 1817 564 1899 Graecis
600 1820 880 1924 exemplaribus:
913 1819 1117 1901 Poooclrius
1138 1847 1269 1902 vocem
1297 1822 1458 1924 obviam,
1493 1846 1585 1925 quae

212 1956 363 2055 mium
384 1954 563 2057 significat
586 1955 631 2032 ad
664 1956 766 2032 aliam
789 1956 927 2057 periodi
947 1967 1083 2057 partem
1110 1957 1249 2056 retulit,
1281 1955 1383 2043 etad
1407 1958 1584 2059 originem

209 2089 297 2166 illius
321 2087 528 2190 attendens,
557 2091 775 2191 fimrrotam,
808 2092 931 2191 vertit,
969 2101 1075 2193 atque
1098 2093 1145 2168 ita
1167 2091 1356 2192 appellavit
1378 2093 1585 2169 versionem

210 2222 390 2325 Syriacam
425 2247 472 2300 ex
497 2210 636 2301 Graeco
660 2221 800 2325 samam,
834 2222 880 2300 de
904 2247 974 2326 qua
996 2222 1222 2303 distinctione
1244 2247 1314 2304 nec
1335 2221 1585 2327 Abullaragio,

208 2381 273 2434 nec
295 2356 372 2433 aliis
394 2354 577 2435 autoribus
598 2359 633 2435 in
654 2368 811 2435 mentem
833 2368 992 2436 venerat.
1043 2356 1103 2449 Ex
1130 2357 1186 2435 illa
1218 2369 1336 2437 tamen
1360 2355 1585 2436 distinctione

208 2490 418 2591 Waltonus,
464 2492 588 2569 etalii
626 2494 800 2570 innumeri
841 2490 930 2573 duas
967 2491 1044 2570 illas
1086 2495 1276 2571 versiones
1309 2491 1506 2593 simmicem
1549 2502 1585 2569 et

209 2624 391 2728 figuratam
426 2628 703 2728 excogitavere,
745 2649 895 2730 quarum
928 2626 1022 2703 nulla
1055 2624 1150 2728 apud
1186 2624 1300 2728 Syros
1334 2627 1453 2703 notitia
1487 2636 1553 2702 est.

325 2758 426 2836 Idem
461 2783 543 2836 curn
575 2757 799 2863 Abullaragii
837 2759 1017 2838 historiam
1050 2759 1179 2861 edidit,
1222 2770 1258 2837 et
1297 2757 1344 2836 de
1381 2769 1506 2836 autore
1547 2760 1584 2835 in

208 2891 430 2971 Praelatione
472 2892 688 2995 dissereret,
729 2893 955 2997 conjecturas
1000 2892 1047 2979 de
1091 2918 1136 2971 eo
1179 2895 1296 2970 varias
1341 2878 1407 2969 ex'
1431 2891 1583 2970 diversis

210 3026 390 3106 autoribus
423 3030 629 3129 proposuit,
665 3052 711 3104 ex
738 3026 868 3130 quibus
902 3039 1020 3105 tamen
1056 3029 1138 3105 sciri
1174 3024 1367 3129 quidquam
1402 3024 1496 3102 aliud
1523 3026 1584 3101 vix

209 3172 343 3264 porcat,
382 3162 450 3238 nisi
483 3160 581 3264 quod
600 3158 740 3238 Malitia
773 3163 851 3239 sive
872 3158 1040 3238 Melitene
1073 3159 1248 3238 oriundus
1285 3157 1431 3259 luisset,
1465 3155 1584 3233 medi·

208 3299 320 3372 cinam
356 3318 439 3372 curn
477 3293 584 3371 laude
618 3297 856 3396 exercuisset,
899 3293 1069 3396 librisque
1111 3291 1215 3370 editis
1255 3291 1474 3369 illustrasset.
1542 3287 1582 3366 ln

206 3453 292 3506 una.
314 3452 409 3506 voce
449 3426 583 3529 haesit,
628 3453 734 3532 quarn
777 3432 823 3505 ita
862 3430 988 3529 vertit,
1032 3438 1072 3505 ut
1113 3424 1261 3505 honoris
1303 3448 1411 3504 causa
1456 3422 1582 3501 tributa

206 3561 439 3665 Abuliaragio
462 3559 574 3640 luisse
596 3559 795 3661 videretur,
827 3586 958 3664 nempe
988 3559 1086 3664 quod
1108 3559 1235 3638 linisset
1260 3558 1382 3637 lonico
1405 3555 1582 3654 Orientis,

208 3698 242 3773 in
273 3721 343 3799 qua
374 3720 462 3775 sane
491 3719 561 3773 nec
589 3698 784 3798 interpres,
818 3719 888 3773 nec
918 3695 1031 3774 lector
1061 3694 1240 3799 quidpiam
1271 3692 1366 3771 aliud
1399 3692 1582 3795 intelligat,

208 3854 312 3933 quam
337 3828 451 3907 laudis
475 3829 620 3932 plenum
642 3828 790 3908 titulum.
852 3828 902 3907 At
931 3828 1154 3933 significabat
1183 3827 1240 3905 illa
1272 3825 1479 3931 dignitatem
1503 3823 1580 3903 Ca-

208 3963 346 4064 tholici,
387 3987 454 4043 seu
484 3974 523 4041 ut
553 3964 609 4041 alii
645 3962 767 4042 dicunt
797 3961 917 4066 Papae
952 3962 1127 4064 Orientis,
1166 3986 1297 4064 nempe
1331 3961 1423 4039 illius
1454 3963 1515 4064 qui
1547 3962 1582 4037 in

208 4096 372 4175 Ecclesia
406 4096 497 4199 Syra
538 4096 734 4175 lacobitica
774 4096 973 4175 secundum
1016 4095 1084 4174 sub
1118 4093 1322 4173 Patriarcha
1354 4093 1582 4173 Antiocheno
1706 4124 1709 4131 ¹

210 4229 326 4309 locum
354 4230 516 4334 tenebat,
538 4241 577 4308 ut
597 4229 864 4335 Abulsaragius.
907 4231 971 4310 lllo
995 4230 1095 4310 titulo
1118 4230 1232 4309 semel
1253 4232 1444 4307 constituto
1468 4252 1584 4329 appa·

209 4365 319 4468 rebat,
344 4390 451 4469 quam
472 4365 622 4444 ridicule
641 4392 663 4442 a
685 4365 840 4468 quodam
860 4367 1140 4444 contemtissimo
1165 4375 1289 4442 autore
1308 4359 1583 4460 bluhamedano,
1734 4450 1743 4463 ἱ

209 4525 315 4602 quein
341 4511 458 4577 tamen
479 4498 683 4579 Pococlrius
707 4503 837 4602 citavit,
859 4501 1037 4602 scriptum=
1054 4497 1194 4599 luisset,
1221 4497 1318 4573 illuni
1342 4521 1362 4572 a
1387 4494 1583 4573 Christiana

209 4632 399 4738 Religione
422 4632 467 4711 ad
487 4631 783 4713 Mubamedanam
805 4637 1020 4737 impietatem
1042 4632 1233 4711 deiecisse.

330 4767 372 4845 ln
413 4766 561 4871 Erpenii
602 4772 772 4847 versione
815 4766 935 4847 Latina
980 4768 1148 4846 historiae
1195 4764 1451 4864 saracenicae,
1501 4788 1582 4840 cum
1596 4764 1909 4922 cilllss'llblblilll

211 4900 316 4978 multa
351 4913 455 4980 autor
486 4901 533 4981 de
561 4901 840 4981 Christianorum
876 4901 984 4981 rebus
1016 4903 1275 5000 intermisceat,
1316 4901 1433 4976 omnia
1469 4921 1582 5000 prope
1595 4938 1676 4991 m,
1693 4940 1829 5006 imm,

212 5034 356 5140 intelligi
388 5059 461 5115 non
498 5047 671 5140 possunt,
715 5036 762 5115 ob
797 5038 865 5116 stili
902 5035 1149 5117 Ecclesiastici
1185 5037 1430 5139 ignorantiam.
1494 5032 1582 5125 Quis
