4525 6034
635 618 638 625 Δ
693 495 771 569 Vlll
1155 498 1534 578 DISSERTATIO
1641 510 1644 515 '

1229 750 1394 834 GlPOl
1426 748 1467 832 ll.

692 931 868 1027 Litarpiua
894 951 1008 1001 amaea
1032 935 1167 1001 veteres
1192 951 1238 1000 ec
1264 951 1329 1024 quo
1356 932 1507 1023 scriptae
1532 934 1626 1017 eant,
1658 927 1744 999 natu
1769 932 1945 1002 continere
1970 933 2067 1026 qaod

693 1051 802 1120 ceteri
829 1054 864 1118 ct
888 1048 1114 1141 Apostolicaa
1140 1045 1393 1119 memsam
1425 1044 1621 1117 celebrandi
1644 1047 1779 1138 samaa
1804 1066 1873 1116 ooo
1898 1055 2068 1120 accacate

1271 1160 1490 1255 respondeat.

372 1409 449 1463 uara
468 1411 542 1463 auam
560 1411 586 1462 in
605 1409 683 1464 0001-
705 1438 712 1447 -
775 1361 935 1493 Quando
963 1409 1060 1461 sacra
1087 1385 1193 1458 cilicia
1221 1386 1346 1480 scripto
1369 1387 1560 1477 consignari
1583 1389 1767 1482 coeperint,
1782 1386 1898 1459 ardua
1925 1399 1959 1459 ει
1983 1411 2078 1460 ma·-

372 1498 450 1550 (Μ
477 1497 525 1549 ‘¹¹⁵‘
549 1495 683 1549 ffi³⁸⁸¹¹¹¹⁰
695 1507 794 1580 nimis
838 1501 985 1576 tenebris
1025 1501 1175 1574 involuta
1217 1503 1368 1596 quaestio
1409 1509 1471 1595 εει,
1514 1524 1600 1596 quac
1638 1502 1716 1575 licet
1757 1507 1846 1576 seria
1888 1502 2069 1577 admodum

373 1585 518 1636 diuersitas.

695 1622 860 1709 videatur,
884 1622 926 1692 ad
952 1619 1178 1712 Liturgiarum
1209 1629 1319 1690 tamen
1343 1616 1558 1690 Orientalium
1584 1627 1619 1690 et
1646 1618 1903 1692 Occidentalium
1930 1623 2067 1693 autori-

694 1747 794 1810 tatem
821 1736 974 1810 tuendam
1001 1759 1069 1808 ncrr
1090 1745 1215 1807 tantum
1242 1736 1394 1831 pertinet,
1418 1744 1571 1828 quantum
1598 1734 1706 1809 multis
1731 1734 1900 1808 autoribus
1930 1736 2067 1809 Oatbo-

695 1853 779 1945 lic'cs,
815 1865 871 1926 aut
896 1850 1160 1927 Protestantibus
1187 1854 1410 1924 existimatum
1437 1859 1498 1922 est
1551 1851 1588 1923 ln
1615 1851 1732 1924 Latina
1763 1851 1918 1924 Ecclesia
1952 1875 2067 1949 prac-

695 1973 826 2066 cipuum
858 1969 967 2042 locum
1001 1968 1128 2041 obtinet
1161 1968 1280 2041 Canon
1314 1965 1506 2056 Romanus,
1541 1969 1608 2063 qui,
1644 1968 1732 2064 quod
1758 1991 1778 2039 a
1806 1967 1942 2041 Gelasio
1968 1969 2068 2066 Papa

695 2090 847 2183 primurn,
875 2086 993 2160 deinde
1020 2084 1221 2178 aGregorie
1248 2105 1383 2175 magno,
1409 2086 1441 2155 in
1468 2105 1542 2155 eam
1570 2106 1668 2178 quam
1692 2107 1780 2156 nunc
1795 2083 1896 2158 babet
1920 2084 2067 2159 formam

694 2202 851 2274 reductus
878 2211 940 2297 εει,
968 2201 1196 2295 Gregorianus
1224 2199 1328 2292 vulgo
1346 2198 1538 2295 appellatur.
1566 2199 1727 2287 Quamvis
1744 2199 1898 2274 Ecclesia
1908 2201 2068 2275 Romana

695 2317 896 2414 reliquarum
923 2322 1041 2415 prima,
1068 2317 1111 2390 ab
1136 2318 1375 2415 Apostolorum
1401 2318 1550 2412 principe
1575 2316 1723 2409 fundata,
1755 2340 1913 2390 surnmam
1939 2316 2069 2391 babeat

695 2436 884 2529 dignitatem
912 2444 946 2507 et
972 2437 1191 2526 autoritatem,
1215 2438 1269 2528 jus
1296 2436 1395 2505 etiam
1421 2432 1590 2525 siugudare
1615 2436 1649 2504 in
1674 2433 1845 2506 Ecclesiae
1868 2430 2065 2509 Occidentis

694 2574 829 2649 semper
854 2550 1014 2642 babuerit,
1041 2575 1207 2647 murquam
1242 2560 1352 2622 tamen
1387 2551 1500 2644 primis
1536 2548 1679 2622 saeculis
1708 2546 1855 2623 Oancnis
1889 2549 2066 2624 Euchari-

694 2673 780 2742 stiae
801 2666 1022 2741 celebrandae
1036 2671 1099 2759 sui,
1125 2667 1265 2739 formam
1293 2667 1363 2738 aliis
1381 2665 1544 2740 Ecclesiis
1571 2669 1616 2738 ita
1635 2650 1862 2763 praescripsic‘
1888 2677 1924 2739 ut
1948 2668 2066 2742 mulus

694 2786 828 2879 antiqua
853 2807 914 2857 sua
940 2784 1156 2873 consuetudo,
1184 2786 1300 2879 suique
1331 2786 1412 2855 ritus
1438 2806 1506 2855 non
1538 2795 1829 2858 conservarentur.
1881 2784 1996 2880 ltaque
2029 2797 2067 2858 ut

694 2904 814 2974 avire
842 2924 1006 2997 nunquam
1033 2905 1115 2975 satis
1141 2900 1274 2973 laudato
1305 2900 1436 2971 loanne
1467 2897 1660 2973 blabilloniu
1694 2899 1906 2974 observatum
1934 2912 1999 2993 est,
2031 2912 2067 2976 et

692 3021 863 3090 variorum
897 3017 1079 3092 blissalium
1112 3017 1272 3091 librorum
1312 3019 1560 3112 comparatione
1594 3016 1864 3109 demonstratum,
1897 3018 2066 3112 vigebant

692 3145 869 3231 praetcrea
903 3134 999 3209 Ritus
1036 3133 1279 3208 Ambrosianus
1317 3136 1351 3204 in
1382 3132 1536 3209 Ecclesia
1574 3132 1828 3223 Mediolanensi,
1868 3133 2063 3207 Gallicanus

693 3255 728 3323 in
754 3251 873 3343 Gallia,
900 3250 1059 3324 Gothicus
1086 3254 1120 3324 in
1145 3251 1305 3347 Hispania
1337 3260 1372 3321 et
1403 3253 1437 3321 in
1472 3248 1577 3322 Gallia
1612 3249 1834 3339 Narbonensi,
1861 3254 1947 3322 inter
1974 3272 2070 3353 quos

694 3371 793 3440 etiarn
820 3376 892 3439 erat
918 3367 1027 3463 aliqua
1053 3370 1238 3439 orationum
1265 3366 1451 3438 diversitas.
1478 3365 1576 3438 Nulla
1608 3369 1694 3438 inter
1726 3365 1957 3441 Occidentales
1985 3366 2064 3438 Ec-

603 3524 608 3529 ·
695 3484 797 3560 clesia
822 3483 1005 3577 Liturgiam
1045 3505 1140 3558 suam
1172 3482 1214 3555 ad
1247 3480 1433 3577 Apostolos
1469 3493 1525 3555 aut
1556 3505 1671 3555 eorum
1698 3482 1876 3579 discipulos
1903 3493 2064 3577 tanquam

695 3609 830 3671 autores
863 3599 992 3671 retulit:
1027 3603 1174 3695 satisque
1206 3598 1414 3671 intellexisse
1452 3600 1606 3671 videntur
1641 3602 1836 3673 sanctissimi
1869 3601 2063 3688 AntistiteS,

694 3716 930 3806 commendari,
958 3726 1112 3810 quantum
1139 3738 1222 3811 opus
1250 3725 1334 3805 crat,
1361 3737 1479 3810 preces
1507 3737 1621 3787 sacras
1649 3738 1695 3787 ex
1720 3737 1782 3787 usu
1806 3719 1969 3788 constanti
1983 3715 2063 3787 Ec·

695 3832 881 3922 elesiarum,
907 3855 973 3904 nec
999 3835 1096 3906 vanis
1122 3831 1222 3904 titulis
1241 3853 1323 3927 opus
1347 3829 1484 3922 babere,
1512 3854 1598 3926 quae
1624 3835 1724 3906 totius
1751 3831 1926 3904 Ecclesiae
1952 3854 2063 3904 voces

695 3958 729 4021 et
761 3947 868 4022 verba
901 3958 1005 4024 erant.
1055 3948 1175 4044 Neque
1208 3946 1395 4040 objicienda
1429 3945 1527 4020 nobis
1568 3958 1620 4020 est
1658 3947 1760 4036 Petri,
1805 3972 1891 4043 quac
1929 3938 2062 4041 dicitur,

695 4064 828 4139 Graeca
862 4065 1031 4158 Liturgia,
1066 4065 1108 4136 de
1142 4088 1206 4159 qua
1242 4068 1355 4157 nugati
1389 4086 1496 4159 aeque
1529 4075 1604 4137 sunt
1637 4064 1794 4137 Catholici
1827 4065 1994 4155 nonnulli,
2028 4076 2064 4136 et

694 4183 808 4260 cnttci
833 4183 1072 4256 Protestautes.
1105 4181 1211 4274 Hujus
1248 4181 1421 4276 exemplar
1453 4180 1576 4277 duplex
1610 4190 1679 4270 est;
1712 4205 1811 4252 unum
1837 4185 1951 4254 versio
1979 4181 2062 4253 Ro-

693 4305 781 4373 mani
808 4301 1002 4390 Canenis,a
1030 4297 1179 4390 Georgia
1207 4298 1337 4372 Godino
1363 4286 1465 4372 iacta:
1492 4298 1629 4370 alterum
1645 4321 1728 4394 opus
1742 4301 1847 4390 ignoti
1873 4300 2060 4395 cujuspiam
2097 4314 2102 4323 ·

694 4416 850 4489 Graeculi
878 4419 933 4511 qui
964 4439 1010 4487 ex
1042 4414 1206 4504 Romana,
1233 4424 1267 4486 et
1294 4414 1524 4511 Chrysostomi
1551 4415 1655 4487 Missa
1686 4437 1821 4502 novam,
1848 4418 1942 4507 cujus
1969 4414 2062 4507 nulla

693 4537 728 4605 in
754 4536 945 4629 antiquitate
972 4533 1133 4602 memoria
1160 4541 1224 4620 est,
1249 4529 1356 4602 nullus
1384 4554 1524 4626 unquam
1550 4554 1630 4604 usus
1657 4535 1690 4603 in
1709 4530 1846 4604 Oriente
1872 4530 1944 4619 luit,
1971 4553 2062 4628 pes-

693 4651 777 4721 simo
805 4629 960 4745 exempla
987 4649 1242 4721 consarcinavit.
1269 4645 1433 4742 Reliquae
1454 4646 1711 4720 Occidentalium
1730 4647 1901 4740 Liturgiac
1923 4649 1950 4719 si
1966 4648 2062 4719 Anr-

692 4762 881 4836 brosianum
922 4767 1119 4860 excipimus,
1156 4773 1305 4835 autorum
1341 4764 1526 4840 nominibus
1566 4788 1633 4837 non
1675 4766 1907 4859 designantur:
1948 4785 2062 4859 neque

692 4881 760 4971 illa,
788 4884 938 4977 quamvis
966 4880 1006 4952 ab
1034 4878 1216 4954 Ambrosio
1244 4880 1393 4955 ordinata
1420 4903 1498 4954 esse
1524 4885 1678 4977 potuerit,
1706 4892 1815 4952 tanren
1843 4879 1884 4952 ab
1913 4902 1954 4951 eo
1981 4883 2061 4977 pri-

691 5022 780 5072 mum
815 5000 997 5093 composita
1030 5006 1093 5086 εει
1129 4998 1237 5089 magis
1265 5021 1363 5095 quam
1392 4997 1544 5069 Romana
1580 5022 1600 5070 a
1628 4996 1763 5071 Gelasio
1790 5007 1847 5069 aut
1879 4996 2060 5090 Gregorio.
