4525 6034
573 595 824 674 PlllhllllllNl
860 592 1229 672 lllllROPOLlTth.
1510 590 1584 664 315

221 785 264 858 ad
297 785 383 859 hanc
414 785 501 858 diem
535 783 592 858 tibi
627 785 841 881 placuerunt;
881 781 1067 878 Martyrum
1105 785 1220 868 etiam,
1256 778 1516 868 Confessomm,
1550 788 1586 851 'ct

220 903 420 976 Ascatarum
445 913 594 991 tuomm;
620 900 770 993 Virginis
797 919 928 994 quoque
955 900 1144 991 conjugium
1169 919 1237 969 non
1265 905 1427 992 expertae
1439 894 1585 967 Mariae:

221 1019 360 1092 loannis
384 1018 573 1112 Baptistae:
600 1014 759 1113 Stephani
774 1014 933 1111 Martyris
952 1026 985 1087 et
1000 1017 1096 1110 primi
1111 1014 1348 1102 Diaconorum,
1376 1015 1586 1108 omniumque

222 1136 276 1231 qui
304 1135 399 1206 simul
424 1158 499 1206 cnm
525 1133 588 1206 illis
615 1137 839 1205 sustinuerant
863 1133 1055 1225 passiones,
1081 1139 1265 1220 tormenta,
1292 1138 1326 1202 et
1351 1130 1585 1217 lacerationes,

221 1261 256 1323 ut
281 1272 344 1346 per
369 1249 627 1346 snpphcationes
654 1250 782 1335 eorum,
809 1245 851 1318 ab
879 1245 1029 1320 omnibus
1045 1247 1183 1318 damnis
1209 1268 1476 1342 praeservemur.

326 1366 485 1460 Populus.
539 1367 645 1464 llyrie
674 1363 812 1436 eleison.

325 1482 500 1556 Sacerdos
519 1482 656 1578 eleooos
673 1503 799 1553 vocem.
840 1478 1013 1552 Constitue
1039 1487 1073 1550 et
1098 1501 1235 1551 numera
1262 1502 1324 1553 nos
1344 1480 1486 1552 Domine
1500 1482 1585 1550 inter

223 1602 353 1691 agmina
380 1607 569 1671 sanctorum
596 1609 742 1670 tuomm:
778 1599 863 1668 inter
889 1593 1022 1667 ordines
1050 1616 1165 1666 eorum
1193 1600 1248 1691 qui
1275 1595 1461 1669 dilexerunt
1487 1600 1585 1668 veri-

221 1723 321 1787 tatem
349 1726 452 1787 tnam:
478 1718 563 1786 iuter
590 1723 706 1787 coetus
732 1717 862 1810 piorum
889 1721 922 1784 et
945 1713 1109 1803 justorum
1132 1716 1187 1807 qui
1204 1722 1470 1808 expectaverunt
1488 1714 1586 1786 salu-

222 1840 288 1903 tem
314 1842 419 1903 tuam:
446 1834 531 1902 inter
557 1833 838 1924 congregationes
864 1828 1047 1925 Martyrum
1075 1833 1130 1925 qui
1157 1832 1261 1902 occisi
1288 1837 1363 1901 sunt
1383 1831 1415 1898 in
1433 1851 1494 1924 spe
1513 1840 1585 1902 tua:

223 1951 309 2019 inter
341 1946 533 2043 praeclaras
566 1957 720 2019 catervas
755 1944 977 2018 solitariomm
1004 1955 1037 2016 et
1063 1946 1317 2039 religiosorum,
1351 1948 1406 2039 qui
1437 1943 1586 2022 moribus

223 2067 292 2136 anis
317 2065 511 2161 placnamnt
536 2060 612 2135 tibi:
638 2066 672 2135 in
698 2060 849 2135 accubitu
862 2060 1102 2135 Monachorum
1129 2073 1163 2134 et
1183 2062 1357 2154 Virginum
1379 2059 1587 2137 familiarium

223 2187 368 2251 tuorum:
402 2183 437 2251 in
469 2181 608 2251 circuitu
632 2177 872 2275 Apostolorum
906 2182 960 2273 qui
994 2182 1260 2251 annunciatores'
1276 2188 1309 2250 et
1335 2177 1585 2273 praedicatores

222 2292 353 2367 fuerumt
387 2297 538 2368 ventads
578 2305 670 2368 tuae:
710 2298 743 2367 in
775 2295 903 2367 theatro
935 2317 1138 2391 praeconum
1174 2305 1208 2367 et
1241 2293 1497 2391 Prophetarum,
1531 2297 1586 2389 qui

221 2409 377 2483 uideramt
409 2411 649 2483 revelationem
675 2421 781 2483 huam:
820 2413 907 2482 inter
938 2410 1045 2501 fasta,
1081 2410 1302 2483 exultationes
1338 2422 1371 2483 et
1404 2409 1585 2506 triumphos

223 2531 469 2619 agonistarum,
497 2530 552 2623 qui
577 2527 789 2623 perfecerunt
814 2527 1018 2600 voluntatem
1045 2538 1152 2617 tuam,
1186 2530 1385 2620 inregioue
1412 2526 1523 2619 gaudii
1551 2535 1585 2599 et

222 2641 401 2738 voluptatis
426 2642 657 2716 indefectibilis
684 2654 780 2736 tuae,
807 2654 842 2716 ut
867 2667 941 2715 cum
966 2644 1031 2716 illis
1058 2653 1092 2716 et
1117 2647 1202 2716 iuter
1229 2665 1290 2716 eos
1316 2642 1499 2716 referamus
1526 2641 1585 2714 tihi

222 2758 376 2851 gloriam,
403 2770 465 2832 etc.

328 2875 489 2968 Populos.
541 2878 659 2949 Amen.

327 2990 502 3062 Sacerdos
535 2992 726 3062 inclinatus.
767 2990 934 3063 Memento
960 2990 1103 3064 Domina
1127 2991 1386 3087 Apostolorum,
1421 3003 1455 3064 et
1487 2996 1585 3066 totius

225 3118 341 3179 coetus
366 3106 675 3200 Evangelistamm,
708 3130 821 3180 comm
850 3111 904 3203 qui
936 3130 957 3179 a
982 3119 1134 3203 tempore
1161 3108 1322 3182 adventus
1348 3110 1394 3181 tui
1420 3108 1586 3200 salutaris,

226 3221 269 3295 ad
294 3222 379 3296 hanc
404 3246 510 3320 usque
536 3222 623 3295 diem
655 3223 842 3298 Ecclesiam
875 3235 964 3297 tuam
995 3235 1144 3296 sanctam
1176 3224 1396 3297 dilataverunt
1429 3224 1587 3299 doctrinis

227 3341 368 3428 sanctis,
401 3339 607 3436 sudoresque
635 3351 669 3413 et
694 3340 828 3414 labores
854 3363 995 3434 magnos
1022 3364 1083 3436 pro
1110 3364 1152 3413 ea
1179 3352 1396 3438 susceperunt
1422 3351 1455 3413 et
1481 3345 1587 3416 susti-

226 3465 376 3528 nuenmt

330 3572 490 3666 Populus.
542 3571 648 3670 llyrie
676 3572 813 3644 eleison.

331 3686 505 3760 Sacerdos
526 3689 663 3759 elevans
683 3710 808 3760 rocam
848 3687 1138 3781 Congregationes
1155 3699 1229 3762 tuas
1247 3689 1459 3778 domesticas,
1487 3713 1587 3764 com-

227 3826 449 3877 memoramus
475 3802 700 3876 tibiDomine:
725 3807 998 3900 invocamusquew
1014 3803 1054 3876 ad
1082 3806 1238 3877 auxilium
1265 3817 1414 3879 nostrum
1433 3806 1509 3880 illos
1533 3811 1588 3903 qni

226 3919 359 3994 fnemnt
384 3921 554 3993 luminaria
582 3919 778 4016 spiritualia,
815 3919 1071 4016 depulemntqua
1098 3922 1253 3994 tenebras
1278 3925 1409 4018 peccati
1435 3922 1476 3994 ab
1504 3924 1587 3997 orbe

226 4040 402 4111 universo:
430 4041 484 4132 qui
510 4036 640 4109 fuerunt
664 4036 775 4109 fontes
797 4035 933 4130 jucundi
962 4035 1094 4127 odoris,
1126 4042 1180 4133 qui
1213 4048 1414 4135 potaverunt
1446 4041 1588 4137 populos

227 4156 322 4248 aquis
349 4152 497 4226 dulcibus
524 4154 616 4226 fidei:
642 4156 822 4246 magistros
848 4152 923 4225 illos
950 4153 1099 4226 doctrina
1126 4153 1257 4243 divites,
1285 4159 1339 4251 qui
1360 4165 1480 4228 terram
1497 4161 1588 4230 veris

227 4268 385 4341 doctrinis
410 4268 669 4342 inundavemnt:
695 4268 943 4365 praedicatores
970 4272 1139 4343 veritatis:
1167 4282 1370 4345 scmtatores
1391 4296 1501 4345 rarum
1519 4295 1587 4346 ve-

226 4406 358 4458 ramm:
392 4384 508 4459 felices
543 4396 576 4458 et
609 4395 764 4459 strenuos
797 4389 990 4483 operarios,
1032 4390 1087 4481 qui
1121 4410 1167 4460 ex
1198 4398 1288 4461 terra
1320 4393 1590 4484 exstirpavenmt

228 4504 342 4597 spinas
369 4511 402 4573 et
427 4506 554 4576 anania
580 4506 729 4599 paccati3
763 4505 816 4598 qui
853 4502 1060 4575 deduxerunt
1093 4526 1233 4596 gregem
1268 4515 1357 4578 tuum
1388 4486 1590 4602 spiritualem

227 4619 262 4688 in
288 4620 414 4691 semitis
441 4622 540 4691 rectis
568 4618 794 4693 mandatorum
821 4626 949 4691 tuomm
975 4620 1229 4693 vivificantium:
1263 4632 1297 4693 et
1329 4621 1370 4693 ad
1398 4619 1472 4692 illos
1500 4645 1589 4693 con-

226 4731 394 4827 fugientes
425 4735 584 4825 Domina,
623 4739 657 4807 ia
696 4734 889 4809 habitaculis
923 4743 957 4806 et
991 4735 1195 4809 haereditata
1221 4759 1344 4809 eorum
1379 4757 1589 4812 maneamus:

226 4852 313 4921 inter
338 4849 459 4924 choros
486 4874 601 4925 eorum
627 4852 787 4925 laetemur
813 4860 847 4923 et
872 4851 1090 4944 gaudeamus:
1117 4855 1152 4923 in
1178 4855 1335 4926 convivio
1361 4874 1477 4924 eorum
1501 4875 1589 4949 epu-

227 4963 354 5058 lamur,
382 4978 416 5039 et
440 4990 502 5064 per
527 4972 668 5062 gratiam
696 4978 801 5057 tuam,
828 4991 902 5040 cum
929 4967 992 5042 illis
1020 4968 1227 5065 perfruamur
1252 4966 1349 5041 bonis
1376 4967 1589 5058 coelestibus,

172 5110 175 5121 ·
226 5091 262 5154 at
287 5082 470 5158 referemus
495 5085 554 5158 tihi
580 5086 733 5179 gloriam,
764 5095 827 5157 etc.

265 5222 351 5266 tomus
363 5222 387 5269 n
1332 5201 1382 5277 43
