4525 6034
587 572 638 649 Ill
669 570 964 649 lirenates
999 572 1302 650 statuens>
1573 578 1622 650 53

333 755 493 819 Orationes
517 773 594 836 quae
618 756 773 819 desnmtue
796 764 865 819 sunt
895 775 935 819 err
957 758 1098 833 Psalmis,
1128 757 1265 820 introibe
1294 758 1338 820 od
1364 758 1464 821 altore
1492 760 1565 837 Dei,
1593 770 1623 823 ct

247 855 396 936 quaedam
418 854 505 932 aliae,
528 873 604 937 quas
627 855 738 919 babent
761 855 810 918 alii
833 855 973 933 Codices,
996 856 1138 919 dicuntur
1164 857 1195 918 in
1225 856 1362 919 omnibuis
1385 856 1542 932 Ecclesiis,
1566 877 1625 921 cn·
1679 885 1682 888 ⁴

243 955 422 1035 juscumqne
445 955 521 1017 ritus
545 962 595 1018 aut
617 955 749 1037 linguae,
773 955 915 1031 Graecis,
943 954 1057 1017 Latinis
1081 963 1111 1017 et
1135 955 1356 1034 Orientalibus,
1380 957 1457 1019 adeo
1479 959 1623 1026 nonab-

246 1052 411 1117 borrebant
444 1052 614 1135 Apostolici
652 1056 708 1117 viri
741 1054 948 1117 Ecclesiarum
987 1055 1104 1117 illarum
1141 1053 1335 1132 fundatores,
1376 1054 1414 1117 ab
1454 1055 1556 1118 altaris
1581 1061 1623 1119 'et

246 1151 387 1215 sacrificii
417 1155 717 1233 commemoratione,
750 1172 838 1235 qnam
866 1154 1018 1217 Romanae
1044 1156 1199 1217 inventum
1226 1154 1432 1217 Protestantes
1461 1173 1532 1217 esse
1561 1174 1622 1218 vo·

245 1251 321 1327 lunt,
344 1258 375 1314 et
397 1270 486 1332 qnam
508 1259 667 1333 tantopere
690 1262 880 1333 aversantur,
908 1261 942 1315 ut
964 1253 1107 1335 quidquid
1131 1253 1169 1316 ad
1192 1272 1258 1316 earn
1279 1253 1462 1336 pertinebat,
1485 1273 1525 1317 ex
1548 1254 1624 1317 Olli-

246 1351 301 1413 ciis
325 1349 448 1413 Coenae
470 1368 545 1414 suae
568 1351 756 1414 sustulerint.

333 1450 448 1512 Versus
474 1451 525 1531 qui
547 1451 653 1513 eodem
675 1451 745 1515 loco
777 1451 887 1513 dicitur
917 1471 958 1514 ex
987 1451 1104 1514 Psalmo
1128 1451 1245 1517 cxvlt.
1269 1472 1298 1512 v.
1323 1451 1374 1515 27.
1399 1453 1425 1515 is
1449 1460 1496 1515 est
1519 1452 1623 1532 quiin

245 1547 370 1630 vulgata
392 1551 437 1612 sic
461 1549 590 1612 babetur
611 1552 776 1613 secundum
798 1552 971 1614 versionem
991 1552 1188 1633 Septuaginta
1210 1552 1420 1632 interpretum.
1445 1549 1623 1615 Conconne

245 1649 325 1710 dem
354 1649 505 1711 schanan
533 1651 566 1710 in
592 1652 752 1712 condensis
783 1669 877 1731 usque
907 1651 951 1712 od
977 1670 1073 1712 cornu
1095 1652 1214 1714 alteria
1266 1650 1335 1732 Syri
1366 1668 1493 1731 quorum
1519 1653 1622 1714 versio

246 1748 403 1828 exemplar
425 1748 596 1810 Hebraeum
619 1751 767 1829 sequitur,
789 1750 829 1811 ita
852 1749 992 1826 reddunt,
1016 1758 1048 1811 ut
1070 1751 1162 1812 vertit
1172 1748 1294 1812 Gabriel
1317 1751 1442 1829 Sionita,
1464 1749 1545 1832 Lipe
1566 1770 1623 1813 ro-

245 1848 404 1909 lermitotea
425 1855 549 1909 nonnas
578 1850 711 1924 catenis,
737 1868 831 1928 empne
858 1850 901 1910 ad
930 1867 1047 1910 comeo
1074 1851 1200 1926 altaria
1222 1851 1350 1931 propius
1374 1849 1412 1911 ad
1439 1851 1622 1930 primaevam

244 1942 416 2007 lectionem.
466 1946 600 2009 Pessime
628 1946 824 2009 Boderianus.
868 1946 983 2009 Diabate
1015 1948 1105 2028 scena
1140 1951 1261 2011 vincior
1294 1952 1414 2011 cetenis
1448 1967 1542 2029 eapte
1582 1949 1625 2010 od

245 2062 342 2105 corum
365 2046 483 2108 altoris.

333 2141 425 2223 Cum,
455 2152 486 2207 nt
514 2146 654 2225 superins
683 2145 793 2213 dictum
823 2154 886 2223 est,
920 2145 1106 2219 lacebiticae
1135 2145 1293 2208 Ecclesiae
1328 2146 1454 2228 propria
1483 2146 1543 2208 sint
1570 2143 1622 2206 illa

244 2243 360 2322 primae
390 2246 486 2325 partis
515 2244 671 2326 liturgiae
700 2245 819 2320 Obicia3
858 2252 888 2307 et
922 2245 1032 2327 exigua
1064 2243 1233 2307 differentia
1263 2247 1301 2307 sit
1330 2247 1410 2308 inter
1439 2244 1511 2306 illud
1541 2243 1622 2327 quod

244 2340 358 2405 Romae
380 2342 491 2405 editum
514 2352 561 2406 est
591 2347 622 2406 in
643 2343 759 2407 blissali
782 2343 955 2422 Chaldaico,
986 2352 1017 2405 et
1047 2345 1173 2406 alterum
1204 2343 1325 2407 Codicis
1355 2343 1543 2423 colbertini,
1573 2343 1621 2405 cui

243 2440 334 2503 valde
357 2442 454 2504 simile
476 2451 523 2504 est
545 2442 577 2505 id
598 2444 680 2525 quod
702 2443 888 2506 Bnderianns
918 2444 1022 2521 edidit,
1045 2444 1292 2523 observationes¹
1307 2462 1347 2507 ne
1376 2445 1455 2507 idem
1477 2451 1619 2524 repetere

243 2558 373 2604 necesse
396 2544 435 2605 sit
457 2543 488 2603 in
511 2543 616 2605 eadem
641 2543 820 2625 conjunctim
845 2543 990 2607 dabimus.

331 2643 428 2723 igitur
449 2650 518 2723 post
541 2644 654 2722 primas
677 2643 743 2705 illas
773 2642 884 2705 breves
915 2645 1067 2706 orationes
1095 2643 1302 2705 accenduntur
1332 2644 1480 2720 cerei,.a
1512 2641 1620 2703 dextra

243 2751 332 2822 parte
355 2742 492 2821 primum,
514 2759 586 2803 mox
609 2761 626 2804 a
648 2743 784 2804 sinistra:
808 2743 893 2824 cujus
917 2741 1127 2805 caeremoniae
1149 2760 1210 2803 non
1232 2742 1365 2804 meminit
1387 2740 1544 2823 exemplar
1556 2739 1620 2802 Bo-

243 2841 371 2919 deciani,
394 2841 449 2904 sed
471 2840 600 2904 liabetur
629 2840 680 2904 illa
702 2862 769 2904 cnm
797 2842 902 2905 iisdem
930 2843 1073 2923 precibus
1103 2844 1133 2903 in
1164 2842 1324 2904 Codieibns
1353 2841 1558 2923 Seguierianis
1590 2846 1621 2902 et

243 2939 443 3021 colbertinis,
472 2952 504 3006 ut
535 2946 565 3005 in
593 2944 708 3006 blissali
738 2943 909 3007 Chaldaico.
954 2944 1064 3006 Postea
1094 2941 1256 3004 discrimen
1285 2942 1420 3003 occurrit
1449 2942 1528 3003 inter
1557 2948 1620 3001 tres

241 3040 312 3103 illos
343 3040 490 3121 Codices,
522 3043 603 3124 quod
632 3044 790 3106 observari
823 3062 954 3107 necesse
982 3048 1039 3105 est.
1084 3039 1117 3101 ln
1152 3038 1266 3103 Missali
1295 3039 1458 3103 Chaldaico
1487 3046 1619 3114 notatur,

244 3142 442 3205 Sacerdotem
465 3143 516 3204 ubi
538 3144 621 3205 cerei
643 3144 764 3205 accensi
786 3150 865 3223 sunt,
889 3160 963 3205 vasa
993 3159 1081 3204 sacra
1111 3139 1265 3202 collocare
1295 3140 1326 3201 in
1353 3139 1455 3218 altari,
1490 3145 1521 3199 et
1549 3154 1621 3198 mox

243 3239 374 3303 oblatam
397 3250 428 3304 et
450 3241 575 3305 calicem
598 3242 682 3304 disco
705 3244 872 3322 imponere.
925 3240 958 3303 ln
981 3240 1057 3314 aliis,
1081 3240 1163 3301 illum
1185 3241 1315 3301 miscere
1338 3239 1439 3300 vinum
1461 3245 1492 3297 et
1514 3253 1620 3317 aquam

242 3339 402 3419 incultae,
425 3348 486 3403 turn
509 3341 639 3405 oblatam
662 3354 790 3403 cum‘eo
814 3343 844 3403 in
867 3342 952 3404 diseo
975 3338 1140 3402 collocare.
1191 3337 1224 3399 ln
1247 3337 1338 3400 tertio
1360 3335 1531 3414 Boderiani,
1554 3341 1621 3396 sta-

243 3439 295 3501 tiua
309 3438 535 3520 ‘praescribitur
556 3441 654 3503 oratio
677 3440 821 3518 dicenda,
851 3458 919 3502 cum
947 3447 1052 3502 vestes
1084 3438 1251 3500 ordinarias
1280 3435 1422 3517 deponit,
1451 3442 1512 3496 tum
1542 3433 1619 3495 aliae

242 3557 321 3619 quae
344 3541 402 3602 dici
424 3540 545 3619 debent,
569 3559 636 3602 cnm
660 3541 844 3603 ornamentis
876 3538 1120 3603 Sacerdotalibus
1143 3537 1285 3599 induitur.
1331 3533 1502 3597 Verisimile
1530 3532 1620 3595 vide-

242 3645 303 3719 tur,
327 3640 481 3703 orationes
504 3658 626 3703 nonen
649 3639 756 3702 ordine
779 3638 944 3701 collocatas
975 3637 1079 3715 luisse,
1102 3654 1162 3718 quo
1185 3637 1325 3699 dicuntur
1355 3637 1385 3696 in
1406 3634 1557 3715 Litnrgia:
1589 3640 1620 3695 et

241 3740 274 3799 in
296 3740 391 3818 prima
414 3738 509 3802 Officii
540 3739 707 3803 colbertini
737 3745 839 3818 parte,
870 3756 922 3800 eas
952 3756 1030 3819 quae
1058 3754 1121 3800 nun
1151 3737 1208 3798 nisi
1237 3742 1345 3816 postea
1376 3734 1521 3797 dicendae
1551 3740 1620 3794 sunt

243 3837 413 3918 descriptas
436 3838 541 3917 luisse,
565 3839 634 3919 quia
658 3838 842 3903 Sacerdotes
865 3840 1038 3900 memoriter
1060 3836 1126 3899 illas
1151 3837 1270 3913 dicunt,
1294 3852 1332 3897 eo
1356 3842 1507 3914 tempore,
1539 3830 1620 3913 quod

245 3937 414 4019 disciplina,
437 3957 525 4019 quam
549 3955 653 4001 omnes
676 3938 790 4015 sciunt,
820 3937 1015 4018 praescribit:
1043 3956 1143 4016 neque
1167 3937 1297 3998 enimin
1321 3934 1383 4012 illo,
1408 3941 1458 3995 ant
1481 3932 1547 3994 aliis
1571 3931 1619 4001 de

245 4056 402 4099 versarum
424 4037 628 4101 Ecclesiarmn
650 4037 816 4111 codicibus,
840 4038 938 4098 omnia
967 4035 1087 4119 agenda
1116 4042 1176 4098 tam
1205 4035 1369 4097 minutatim
1398 4033 1619 4107 describuntur,

244 4145 277 4199 ut
299 4136 372 4199 nibil
395 4156 500 4199 eorum
522 4137 612 4214 desit,
635 4155 713 4218 quae
736 4154 793 4199 usu
816 4135 946 4199 stabilita
968 4143 1047 4198 sunt.
1948 4186 1952 4191 .

332 4235 427 4320 igitur
443 4237 473 4299 in
496 4237 552 4299 bac
576 4237 761 4300 obscuritate
784 4236 1001 4299 recurrendum
1030 4244 1077 4298 est
1100 4235 1138 4297 ad
1161 4233 1285 4296 aliarum
1306 4231 1510 4294 Ecclesiamrn
1533 4246 1620 4292 eom·
1676 4235 1859 4291 eaeremoniae
1878 4239 1943 4292 aliae

243 4353 364 4398 munem
387 4336 582 4416 disciplinam,
606 4354 684 4417 quae
708 4335 774 4398 talis
798 4344 854 4416 est,
878 4343 910 4399 ut
932 4356 972 4399 ex
996 4333 1112 4397 Graeca
1136 4334 1323 4414 intelligitur.
1377 4330 1528 4395 Sacerdos
1551 4346 1619 4390 cnm
1632 4324 1846 4395 praeparatoriae.

245 4435 363 4498 accedit
386 4436 424 4497 ad
446 4436 658 4510 sanctuarinm,
681 4436 883 4516 procumbens
914 4452 1015 4498 coram
1038 4434 1135 4512 altari,
1159 4435 1313 4496 orationes
1336 4430 1401 4492 illas
1425 4431 1510 4509 dicit,
1542 4446 1618 4508 quae

245 4534 276 4594 in
299 4536 432 4614 Syriacis
455 4534 565 4598 Olfleiis
589 4535 760 4615 descriptae
783 4544 862 4613 sunt,
886 4542 935 4596 ant
959 4532 1046 4595 valde
1063 4533 1186 4596 similes.
1221 4532 1305 4594 Lotis
1327 4528 1472 4605 manibus,
1496 4528 1620 4607 deponit

244 4641 348 4696 vestes
369 4626 549 4713 ordinarias,
573 4641 604 4697 et
626 4652 730 4697 sacras
753 4634 857 4712 induit,
881 4633 1036 4695 recitando
1063 4632 1100 4694 ad
1124 4631 1244 4715 singula
1268 4635 1443 4692 ornamenta
1465 4629 1619 4708 propriam

243 4736 424 4797 orationem:
449 4745 606 4797 tumvana
629 4752 717 4796 sacra
742 4736 772 4795 iu
795 4734 881 4796 altari
903 4733 962 4795 rite
976 4732 1116 4813 disponit,
1140 4730 1288 4812 simulque
1311 4728 1450 4801 oblatam,
1474 4747 1541 4789 cum
1565 4743 1619 4787 ca-

243 4834 304 4897 lice
326 4836 398 4910 vini,
422 4853 499 4915 aqua
522 4836 690 4917 temperati.
736 4834 818 4896 Haec
841 4832 959 4897 Graeco
982 4834 1041 4895 ritu
1064 4832 1093 4893 in
1116 4829 1256 4893 Prothesi
1278 4828 1361 4906 liunt,
1386 4834 1437 4889 aut
1459 4828 1490 4888 in
1512 4843 1621 4888 secre-

243 4933 332 5009 tario,
355 4936 420 4997 sive
444 4936 594 4997 sacristia:
618 4941 649 4997 ct
671 4934 761 4996 istum
783 4952 898 4996 morem
922 4932 1000 5014 apud
1017 4930 1170 4993 lacebitas
1188 4929 1283 5010 Syros
1306 4927 1423 5009 vigere,
1447 4925 1619 5007 significare

242 5031 367 5095 videtur
387 5033 544 5114 Barsalibi,
567 5052 635 5096 cum
658 5033 696 5095 de
724 5033 924 5114 processione
953 5033 1101 5114 loquitur,
1131 5047 1209 5111 quae
1238 5024 1406 5108 respondet
1435 5024 1620 5088 Graecorum

1327 5141 1413 5216 10*
