4525 6034
715 576 792 650 CIV
1186 581 1561 660 DISSERTATIO

712 770 793 840 ritus
822 772 973 864 antiquus
1007 772 1154 842 maxime
1185 772 1394 865 incorruptus
1430 779 1523 859 erat,
1550 773 1665 865 scripti
1698 769 1845 843 luissent.
1897 771 1946 844 At
1970 775 2073 850 nullos

711 883 797 957 tales
823 907 967 981 unquam
981 887 1134 960 vidimus.
1161 885 1235 958 Nec
1262 888 1368 957 minus
1396 884 1567 958 aberrabit
1583 909 1602 957 a
1620 886 1817 979 verosimili,
1843 891 1898 983 qui
1913 892 2074 965 existimet

712 1000 863 1073 codicem
898 1000 1240 1076 Graeco-Arabicum
1272 1001 1417 1094 Regium
1452 1001 1653 1098 descriptum
1691 1001 1796 1075 luisse
1829 1026 1892 1099 pro
1926 1004 2074 1083 Ecclesia

710 1117 955 1209 Alexandrina,
999 1130 1033 1191 et
1057 1120 1306 1215 Aegyptiorum
1331 1121 1465 1191 nomine
1498 1119 1637 1211 intelligi
1664 1119 1747 1191 alias
1775 1144 1795 1191 a
1821 1119 2074 1218 bletropobtaua

711 1230 893 1307 Ecclesiae.
921 1235 958 1308 ld
984 1235 1113 1308 facilius
1141 1233 1279 1331 probari
1297 1245 1431 1330 pessel:
1457 1257 1533 1306 nam
1561 1238 1590 1309 si
1617 1235 1755 1328 alicujus
1781 1235 2073 1333 EpiscopalisEc-

711 1350 837 1423 clesiae
869 1361 925 1424 aut
959 1356 1135 1448 privatae,
1173 1360 1230 1423 aut
1262 1350 1470 1423 bionasticae
1501 1354 1575 1422 usui
1609 1349 1694 1423 liber
1722 1355 1863 1448 scriptus
1889 1353 2017 1443 luisset,
2043 1360 2073 1429 in

711 1465 904 1563 Diptychis,
937 1479 1015 1564 post
1039 1491 1163 1540 nomen
1189 1466 1404 1539 Patriarcbae
1435 1466 1667 1557 Alexandrini,
1695 1477 1888 1539 occurreret
1917 1476 2072 1545 memoria

710 1580 871 1680 Episcopi
896 1584 1111 1675 Dioecesani,
1137 1586 1231 1655 utin
1259 1583 1411 1655 omnibus
1437 1581 1543 1654 ferme
1563 1581 1746 1675 codicibus,
1773 1587 1872 1656 etiam
1899 1589 1929 1657 si
1955 1590 2010 1683 qui
2034 1588 2072 1660 ad

709 1698 916 1773 Monosteria
950 1703 1175 1797 pertinuerint.
1230 1700 1391 1786 Quamvis
1423 1703 1512 1770 enim
1543 1721 1665 1792 magna
1698 1702 1732 1771 in
1763 1700 1945 1797 Aegypto,
1981 1708 2072 1775 etin

710 1814 848 1888 Oriente
872 1815 973 1888 fuerit
998 1839 1132 1912 semper
1157 1814 1335 1887 Monostici
1368 1814 1501 1887 Ordinis
1533 1814 1674 1907 dignitas
1701 1826 1736 1887 et
1762 1822 1941 1909 autoritas,
1967 1822 2071 1915 privi-

708 1929 799 2023 legia
826 1932 944 2027 qulbus
971 1931 1012 2005 ab
1038 1931 1283 2029 Episcoporum
1298 1940 1465 2027 potestate
1491 1933 1689 2023 eximuntur,
1716 1934 1777 2004 vix
1803 1932 1868 2005 ulla
1897 1935 2070 2009 suntsed

708 2045 773 2120 bae
799 2053 1014 2142 conjecturae
1041 2049 1297 2143 qualescumque
1330 2048 1410 2135 siut,
1447 2051 1509 2119 etsi
1544 2069 1611 2120 non
1637 2048 1737 2144 plane
1769 2048 1973 2123 indubitatae
1999 2052 2069 2126 sui-

710 2163 837 2255 iiciunt,
864 2189 937 2237 cum
965 2173 1066 2237 notae
1091 2163 1312 2236 Alexandrini
1338 2167 1420 2235 ritus
1452 2165 1486 2233 in
1513 2173 1583 2235 toto
1621 2164 1736 2237 OfficIo
1765 2174 1830 2236 tam
1857 2177 1973 2239 certae
1999 2171 2068 2259 sint,

708 2290 745 2351 ut
771 2278 870 2352 dubio
896 2282 992 2353 locus
1017 2303 1084 2353 non
1111 2284 1163 2354 sit.

439 2410 547 2471 banuo
568 2418 632 2469 ritu·
650 2418 695 2470 un
810 2395 961 2468 XLVIII.
1013 2396 1155 2492 Reliqua
1189 2394 1232 2465 ad
1264 2395 1358 2467 istius
1381 2394 1538 2487 Godicis,
1579 2419 1677 2491 quem
1706 2407 1742 2468 ut
1773 2395 1902 2470 iontem
1938 2397 2067 2471 aliorum

386 2494 574 2598 3¹⁰¹¹J¹¹t¹¹⁴¹¹¹¹³
583 2519 696 2572 nuspa-
709 2514 852 2584 omnium
871 2516 1096 2606 agnoscimus,
1112 2512 1363 2584 illustrationem
1381 2516 1586 2604 necessaria,
1599 2534 1661 2607 per
1677 2521 1790 2607 partes
1805 2514 2022 2608 eprcantur,
2036 2517 2067 2587 in

386 2594 428 2643 ²¹¹⁸
443 2594 484 2640 ἰι
706 2630 814 2722 primo
841 2629 883 2700 ad
908 2608 1076 2721 liturgias
1099 2628 1369 2716 Commentario,
1397 2629 1527 2723 quando
1542 2639 1651 2701 autem
1677 2637 1711 2700 et
1737 2629 1854 2723 quibus
1867 2629 1954 2704 locis
1970 2654 2066 2705 usur-

704 2753 802 2839 patus
828 2747 862 2816 in
887 2744 1050 2819 Ecclesiis
1075 2744 1188 2835 luerit,
1215 2743 1377 2815 affirmare
1403 2767 1471 2818 non
1496 2766 1682 2841 possumus.
1709 2743 1864 2817 Diximus
1879 2745 1970 2839 alibi,
1995 2757 2065 2821 sta-

704 2862 761 2930 tim
789 2869 887 2956 atque
912 2860 1046 2933 Arabes
1073 2861 1269 2957 Aegyptum
1295 2864 1395 2932 armis
1423 2859 1632 2933 obtinuerunt
1658 2883 1789 2933 omnem
1814 2860 1923 2934 lenna
1940 2862 2065 2955 linguae

706 2972 859 3049 Graecae
893 2981 926 3049 in
961 2981 1067 3051 sacris
1098 2999 1194 3049 usum
1231 2976 1317 3072 apud
1350 2977 1599 3051 Alexandrinos
1625 2978 1844 3071 intercidisse,
1871 2979 1962 3074 quod
1988 2981 2063 3052 adeo

704 3102 832 3164 certum
860 3103 932 3185 est,
966 3103 1002 3165 ut
1028 3103 1163 3190 praeter
1188 3092 1333 3185 Regium
1360 3094 1509 3166 codicem
1535 3098 1597 3167 vix
1622 3094 1708 3166 ullus
1735 3093 1850 3168 similis
1877 3095 1942 3168 huc
1967 3119 2064 3191 usque

704 3219 857 3302 repertus
892 3209 1009 3303 fuerit,
1042 3215 1108 3282 imo
1143 3212 1206 3281 vix
1232 3218 1381 3281 autorem
1414 3209 1573 3285 babemus
1600 3213 1657 3307 qui
1682 3209 1810 3283 vidisse
1845 3220 1993 3285 testetur.
2031 3214 2065 3284 ln

703 3323 933 3399 Alexandrina
958 3327 1115 3401 Ecclesia
1148 3324 1355 3417 lacobitica,
1389 3350 1409 3397 a
1437 3328 1632 3420 Benjamino
1669 3326 1712 3398 ad
1737 3326 1821 3399 baec
1846 3349 1955 3421 usque
1980 3340 2063 3400 tem-

702 3462 799 3536 pora,
825 3452 1005 3539 perpetuus
1030 3466 1094 3515 nec
1119 3445 1320 3539 interruptus
1349 3440 1510 3539 Copticae
1535 3443 1681 3536 linguae,
1707 3452 1772 3515 tam
1807 3443 1849 3515 ad
1874 3443 2063 3536 Liturgiam,

706 3579 804 3650 quam
819 3558 861 3629 ad
878 3560 1005 3655 reliqua
1022 3559 1252 3648 Sacramenta,
1279 3568 1313 3630 et
1338 3558 1555 3655 psalmodiam
1581 3581 1661 3633 usus
1688 3563 1892 3655 permansit:
1921 3558 2063 3632 Graecae

703 3694 747 3744 nc
774 3674 906 3770 quidem
930 3678 1120 3768 vestigium.
1167 3675 1236 3749 Sed
1262 3674 1388 3748 codicis
1413 3675 1514 3768 Regii
1541 3700 1617 3748 cum
1642 3675 1717 3749 talis
1746 3677 1788 3749 sit
1814 3678 1986 3765 autoritas,
2016 3675 2062 3745 cui

703 3786 868 3882 refragari
893 3814 992 3865 nemo
1020 3802 1139 3889 queat,
1166 3815 1212 3864 ex
1247 3814 1290 3863 eo
1318 3792 1392 3866 solo
1420 3800 1582 3864 retentam
1609 3813 1686 3864 esse
1712 3795 1747 3863 in
1774 3789 1971 3886 quibusdam
1994 3791 2061 3862 Ec-

704 3904 815 3978 etesiis
840 3907 1033 3982 lacebiticis
1060 3907 1225 3981 Graecam
1247 3906 1443 4000 Liturgiam,
1469 3911 1687 3981 certissimum
1703 3906 1851 3979 videtur:
1879 3918 1915 3979 et
1932 3910 1966 3978 in
1989 3932 2061 3981 ma-

702 4025 818 4096 ritImis
845 4025 1020 4115 nonnullis,
1047 4023 1178 4097 lacibus
1211 4045 1308 4120 quam
1341 4025 1376 4095 in
1402 4027 1566 4119 superiori
1592 4022 1771 4096 Provincia
1799 4020 1932 4095 Graeca
1958 4023 2060 4116 liugua

701 4142 808 4234 potuit
833 4144 1040 4235 conservari,
1068 4145 1168 4214 etiam
1195 4145 1230 4213 in
1245 4162 1412 4239 *sermone
1439 4140 1640 4235 quotidiano.
1673 4140 1710 4212 ln
1736 4141 1842 4213 sacris
1869 4156 1967 4230 vero,
1993 4161 2060 4211 cum

701 4253 878 4329 Melchitae
908 4280 976 4330 non
1007 4257 1105 4330 aliam
1145 4258 1188 4329 ad
1219 4279 1340 4354 preces
1375 4256 1526 4353 pubbcas
1560 4267 1594 4329 et
1625 4264 1832 4330 sacramenta
1864 4254 2060 4343 adhiberent,

701 4374 809 4463 major
836 4373 1159 4469 quodammodo-fuit
1170 4374 1255 4446 Illius
1274 4374 1468 4445 retinendae
1480 4372 1631 4446 facilitas.
1660 4373 1755 4459 Quae
1768 4371 1880 4444 forent
1893 4371 2059 4444 Ecclesiae

701 4510 784 4582 quas
812 4488 963 4563 Graecus
989 4489 1182 4563 Patriarcha
1209 4488 1383 4581 obtineret,
1410 4489 1508 4563 docet
1523 4489 1647 4562 Notitia
1663 4511 1759 4583 quam
1775 4511 1821 4559 ex
1841 4488 1918 4560 Nilo
1940 4487 2057 4559 Dona-

700 4609 808 4700 patrio
836 4606 925 4679 dedit
949 4606 1022 4680 Leo
1048 4607 1211 4697 Allatius;
1248 4607 1346 4678 ubam
1381 4629 1427 4678 ex
1451 4604 1614 4698 Arabico,
1649 4605 1709 4678 sed
1735 4626 1852 4700 parum
1879 4612 2056 4676 accuratam

369 4708 372 4719 ’
430 4747 467 4801 na
485 4748 610 4804 coeam
628 4751 644 4802 1.
663 4752 687 4802 1,
703 4720 895 4796 Guillelmus
928 4725 1139 4817 Beveregius
1171 4727 1204 4794 in
1228 4722 1326 4796 Notis
1353 4722 1395 4793 ad
1422 4721 1589 4796 Ganones.
1633 4720 1718 4795 Gom
1750 4723 1850 4813 igitur
1875 4718 1995 4812 uquue
2019 4713 2055 4786 ab

375 4852 402 4903 r·
418 4835 477 4887 ¹⁶8·
704 4838 907 4912 Orthodoxis
935 4840 1067 4913 Graece
1094 4863 1191 4914 sacra
1218 4838 1477 4930 celebrarentur,
1503 4843 1609 4935 potuit
1634 4837 1721 4909 idem
1746 4839 1779 4907 in
1793 4834 1955 4909 nonnullis
1979 4833 2055 4903 locis

703 4955 790 5050 apud
815 4955 986 5029 lacobitas
1012 4958 1097 5048 lieri,
1126 4980 1190 5053 qua
1218 4956 1260 5028 de
1286 4977 1325 5026 re
1352 4955 1490 5028 divinari
1516 4954 1617 5028 multa
1642 4963 1796 5051 possunt,
1821 4975 1928 5049 pauca
1953 4953 2054 5021 ratio·

700 5069 798 5143 ulbus
824 5082 859 5144 et
881 5062 1111 5148 autoritaIIbus
1138 5074 1369 5146 demonstrari.
