4525 6034
717 595 829 673 XCVl
1221 604 1598 682 otsstuvltto

619 838 624 848 ·
717 810 833 861 eorum
866 790 1017 887 discipuli
1050 814 1124 863 euru
1158 793 1370 880 retinuerint,
1406 814 1505 887 quem
1539 789 1580 863 ab
1614 795 1705 863 initio
1739 794 1906 865 institutae
1943 792 2083 869 familiae

716 928 799 979 suae
840 905 1055 983 observatum
1087 905 1275 979 videbaut¹
1317 906 1369 979 sit
1403 913 1436 979 in
1467 907 1627 1003 Hispania
1654 909 1835 982 Toletauus
1868 908 1987 1005 aliquis
2011 911 2082 983 Ar-

716 1024 968 1119 chiepiseopus,
996 1027 1175 1119 autetiam
1199 1023 1317 1116 jubeat
1341 1023 1514 1097 Romanus
1541 1023 1718 1119 Pontifex,
1753 1035 1789 1097 ut
1821 1024 1879 1098 vel
1905 1025 2081 1101 'l’oletauos

715 1149 870 1230 veteres,
898 1163 982 1235 quos
1011 1135 1379 1212 Cardinaliinmenius
1407 1138 1450 1212 ab
1476 1143 1610 1213 interitu
1636 1152 1670 1213 et
1696 1139 1865 1214 oblivione
1891 1141 2081 1232 vindicavit,

716 1263 772 1325 aut
805 1258 913 1350 ipsmn
945 1256 1132 1329 Romanum
1166 1277 1330 1351 usurpare
1365 1279 1427 1329 eos
1459 1256 1596 1348 jubeat,
1638 1257 1815 1330 tuebuntur
1851 1280 1891 1332 se
1926 1261 2081 1349 majorum

717 1372 891 1467 exemplo,
918 1382 952 1443 et
978 1375 1186 1468 antiquitate,
1214 1394 1312 1467 quam
1339 1374 1369 1444 si
1395 1395 1470 1444 eum
1496 1383 1637 1469 udoque
1663 1375 1768 1446 altero
1803 1376 1868 1445 ritu
1904 1395 2081 1470 compare·
2116 1372 2120 1390 '

716 1496 788 1579 tur,
813 1511 939 1560 meram
967 1510 1045 1561 esse
1070 1490 1253 1560 novitatem
1286 1489 1425 1584 quisque
1461 1494 1622 1581 agnoscit.
1676 1490 1809 1576 Quanto
1843 1494 1953 1582 magis
1988 1493 2080 1581 igitur

717 1604 803 1699 apud
835 1603 984 1679 homiues
1018 1604 1211 1693 illiteratos,
1249 1602 1455 1676 Graecorum]
1485 1604 1666 1696 librorum,
1701 1614 1735 1676 et
1768 1610 1932 1699 originum
1959 1604 2080 1678 Eccle-

716 1721 921 1791 siastiearum
947 1722 1231 1816 imperitissimoS,
1258 1719 1412 1791 accidere
1438 1724 1561 1815 potuit,
1586 1731 1622 1791 ut
1644 1744 1731 1815 quae
1753 1719 1817 1792 sibi
1831 1726 1948 1814 ignota
1963 1733 2080 1814 esseut,

716 1837 745 1905 si
772 1836 814 1908 ab
842 1858 883 1907 ea
910 1836 1105 1926 traditione,
1132 1857 1232 1931 quarn
1259 1860 1278 1907 a
1306 1836 1519 1927 Beujamino,
1547 1841 1602 1932 qui
1627 1841 1753 1934 primus
1780 1837 1841 1909 sub
1862 1837 2079 1910 Muhameda-

713 1971 831 2022 norum
857 1950 1034 2046 tyrannide
1060 1974 1117 2025 res
1134 1950 1391 2025 Ecclesiasticus
1419 1953 1601 2047 ordinavit,
1626 1954 1758 2051 paulum
1785 1952 2019 2045 deflecterent,
2042 1978 2078 2027 ea

713 2066 895 2158 rejicienda
918 2068 1114 2158 Judicarent.

424 2182 481 2245 ouo
497 2194 613 2256 aurore
631 2192 700 2244 ittam
815 2184 957 2256 XXXV.
1001 2186 1097 2271 Quae
1130 2184 1320 2257 referuntur
1353 2184 1395 2257 ab
1423 2186 1597 2259 Historicis
1638 2186 1699 2259 sub
1727 2184 1885 2258 Gabriele
1916 2185 1983 2259 suro
2009 2187 2077 2258 'la-

390 2269 698 2420 hcwissxfflffig‘
712 2300 794 2391 rich,
822 2303 877 2395 qui
910 2301 1079 2373 ordinatus
1107 2311 1160 2374 est
1185 2324 1236 2373 an.
1276 2302 1307 2373 J.
1335 2299 1373 2373 O.
1400 2301 1590 2375 MCXXXL
1617 2313 1653 2374 et
1678 2301 1738 2374 sub
1766 2302 1912 2393 Joaune,
1940 2307 1996 2398 qui
2020 2325 2077 2374 or-

386 2399 599 2527 p.502,'5'2⁶.4'
691 2405 842 2490 'matus
868 2427 921 2489 est
946 2440 998 2488 au.
1025 2412 1226 2490 MCXLVH.
1253 2419 1470 2510 contigerunt
1505 2420 1580 2490 Jam
1606 2421 1706 2511 igitur
1737 2428 1772 2490 et
1803 2440 1876 2491 vox
1914 2416 2079 2507 ζωοποιὸς

713 2545 748 2607 ει
774 2535 877 2607 altera
903 2533 1058 2607 tor-muta:
1082 2539 1172 2629 fecit
1196 2534 1288 2605 illoto
1313 2558 1413 2605 naam
1431 2559 1504 2606 cem
1524 2536 1702 2607 divinitate
1727 2559 1800 2624 ruo,
1827 2538 1862 2606 in
1888 2545 2077 2630 usu-erant,

713 2651 801 2746 quod
835 2654 933 2723 etiam
966 2652 1163 2724 confirmare
1189 2661 1300 2746 potest
1325 2650 1425 2744 Regii
1451 2653 1577 2726 codicis
1605 2655 1777 2742 autoritas,
1803 2674 1880 2722 uam
1910 2662 1966 2723 aut
1992 2655 2075 2723 anti-

712 2772 809 2864 quior
836 2780 898 2859 est,
925 2779 981 2840 aut
1007 2790 1048 2839 ea
1074 2771 1206 2839 circiter
1233 2777 1343 2839 aetate
1370 2772 1521 2865 scriptus.
1548 2768 1683 2841 Addunt
1698 2777 1888 2864 praeterea,
1915 2778 2075 2864 receptam

711 2885 876 2959 luisse-iu
903 2884 1038 2956 codices
1066 2906 1181 2956 omnes
1208 2882 1382 2956 formulam
1410 2885 1658 2975 confessionis,
1684 2887 1730 2955 ita
1757 2894 1973 2978 conceptam:
1998 2884 2083 2956 llo-r

710 3000 836 3074 nachos
863 3011 973 3072 tamen
999 3001 1040 3072 D.
1068 3001 1207 3073 Maearii
1232 3002 1267 3070 iu
1293 3022 1353 3072 sua
1368 3001 1606 3074 consuetudine
1632 2999 1767 3073 relictos
1793 2999 1911 3073 fuisse.
1940 2998 2072 3073 Codices

709 3119 852 3192 vidimus
879 3122 1013 3191 istarum
1038 3117 1264 3210 Litiugiartma
1289 3117 1422 3208 multos,
1444 3117 1574 3210 Regios
1602 3119 1757 3212 quinque,
1771 3116 1980 3211 Vaticanum,
1993 3114 2071 3186 Flo-

710 3240 885 3327 rentirrum,
912 3233 1152 3325 Colbertiuum,
1180 3237 1236 3330 qui
1262 3233 1324 3304 fuit
1350 3244 1448 3306 antea
1475 3234 1517 3307 V.
1550 3234 1589 3308 C.
1624 3232 1754 3307 Claudii
1786 3231 1918 3330 Hardy,
1949 3242 2072 3330 praeter

710 3376 785 3425 eum
818 3375 917 3449 quem
947 3350 1107 3424 babemus
1142 3373 1211 3425 nou
1245 3349 1346 3423 valde
1381 3354 1560 3445 antiquum,
1596 3350 1657 3423 sed
1689 3350 1919 3422 emendatum:
1953 3353 1987 3421 in
2015 3346 2071 3419 illis

711 3468 863 3541 omnibus
889 3469 978 3541 nulla
1013 3472 1103 3539 circa
1131 3467 1388 3541 Confessiouem
1424 3467 1602 3541 diversitas
1638 3475 1707 3539 est:
1734 3447 1876 3561 cumque
1905 3489 1951 3537 ex
1975 3474 2070 3537 vetu-

711 3564 867 3660 stioribus
895 3585 1050 3681 descripti
1076 3586 1154 3674 sint,
1180 3607 1242 3679 per
1267 3582 1343 3657 illos
1369 3584 1579 3676 regredimur
1605 3582 1646 3654 ad
1673 3587 1859 3672 anteriora,
1886 3593 1923 3653 et
1949 3579 2070 3653 Graeco

710 3702 819 3774 codici
853 3701 1006 3797 aequalia
1037 3710 1200 3796 tempora,
1234 3700 1293 3772 vel
1319 3703 1418 3772 etiam
1451 3704 1635 3796 superiora.
1688 3698 1768 3771 lnde
1801 3708 1895 3771 certo
1930 3695 2070 3770 concludi

709 3840 812 3915 posse
838 3816 1076 3917 existimamus,
1105 3816 1281 3905 Graecam,
1309 3839 1418 3910 quam·
1434 3816 1555 3890 Codex
1579 3816 1709 3909 Regius
1735 3814 1883 3887 Arabice
1909 3818 2068 3909 irrterpre-

709 3944 812 4008 tatam
839 3937 994 4027 continet,
1021 3942 1119 4006 vetus
1146 3942 1180 4005 et
1203 3935 1410 4028 primaevum
1437 3932 1610 4025 Liturgiae
1627 3931 1878 4003 Alexandrinae
1907 3929 2069 4025 exemplar
2192 3931 2194 3934 ’

709 4074 800 4141 esse,
836 4050 924 4145 quod
955 4060 1066 4122 tamen
1101 4074 1120 4121 a
1157 4047 1418 4144 Monophpsitis,
1446 4048 1506 4122 sed
1533 4072 1575 4120 eo
1604 4047 1677 4121 solo
1707 4070 1805 4143 quem
1831 4046 2067 4139 designavimus

707 4169 784 4242 loco
811 4158 1054 4263 interpolatum,
1081 4168 1253 4260 pristinam
1278 4170 1312 4236 in
1338 4165 1473 4260 reliquis
1499 4164 1640 4237 formam
1662 4166 1862 4237 servaverit.
1895 4163 1981 4235 Nam
2001 4164 2067 4256 quia

706 4288 788 4382 ipsis
825 4282 939 4358 verbis
974 4284 1138 4356 sententia
1171 4282 1413 4355 accommodari
1434 4280 1626 4354 'orthodoxa
1652 4289 1783 4377 potest,
1817 4284 1845 4351 si
1880 4278 1925 4351 de
1955 4281 2066 4351 unitate

708 4424 876 4498 personae
908 4404 1108 4496 accipiatur,
1144 4421 1211 4471 uon
1247 4398 1369 4470 idcirco
1393 4398 1458 4485 ,illa
1484 4397 1577 4469 velut
1612 4399 1786 4492 antiquitus
1812 4396 1983 4488 liturgiae
2014 4397 2065 4465 iu-

709 4531 798 4594 serta
827 4517 927 4590 debet
953 4519 1144 4589 existimari.
1201 4515 1274 4588 Nec
1299 4514 1516 4588 laborandum
1542 4522 1595 4585 est
1618 4516 1771 4603 inaniter,
1798 4522 1834 4584 ut
1859 4510 1950 4583 illam
1976 4508 2064 4582 Con·

708 4636 865 4710 fessionis
898 4632 1089 4723 formulam,
1123 4642 1161 4704 ιιι
1194 4634 1227 4702 iu
1264 4629 1391 4705 Codice
1417 4630 1551 4703 Graeco
1577 4630 1710 4723 legitur,
1742 4632 1892 4724 primitus
1920 4629 2063 4720 scriptam

706 4752 814 4823 tuisse
848 4748 994 4846 probare
1029 4760 1229 4842 satagamus.
1282 4748 1360 4849 lion
1393 4746 1525 4819 ferebat
1557 4746 1591 4817 id
1630 4750 1848 4840 antiquiorum
1890 4755 2062 4839 temporum

710 4867 916 4964 simplicitas,
942 4871 976 4938 in
1001 4864 1120 4961 quibus
1147 4863 1226 4936 nihil
1257 4863 1345 4936 aliud
1371 4864 1435 4935 dici
1461 4862 1592 4938 solebat
1618 4886 1638 4934 a
1666 4863 1862 4953 Sacerdote,
1888 4864 1952 4932 uisi
1978 4857 2060 4928 Cor-

705 5006 772 5077 pus
808 4982 954 5055 Cbra'sti:
976 5056 980 5065 ,
1001 4991 1036 5055 ει
1073 4979 1338 5077 respondebatur
1377 4983 1496 5052 Amen
1559 4980 1627 5052 Illis
1669 4989 1778 5051 tamen
1816 4978 1930 5051 verbis
1967 4971 2060 5046 tribus

711 5099 917 5173 Christianos
950 5110 1099 5192 veteres,
1134 5097 1289 5194 quidquid
1318 5097 1436 5171 lusiori
1468 5100 1619 5170 oratione
1653 5095 1731 5169 alibi
1762 5096 1943 5193 explicatur
1966 5087 2059 5165 intol-
