4525 6034
517 617 601 694 sive
630 618 761 697 CANON
786 619 1034 697 Umtstsltts
1060 620 1291 698 AETlllOPUM.
1519 623 1597 698 487

322 803 512 875 Diaconos.
565 804 632 877 Pro
660 805 762 879 beato
789 815 825 878 et
850 816 966 878 sancto
992 805 1185 879 Patriarebo
1212 818 1328 881 nostm
1357 807 1516 882 Gabriele
1541 809 1600 883 vel

213 919 254 992 N.
283 928 320 990 et
346 919 450 991 Patre
475 929 594 993 nostro
620 921 817 993 venerando
842 920 1057 1018 Metropolita
1083 933 1202 997 nostro
1228 923 1329 998 Abba
1357 924 1399 996 N.
1428 927 1483 1021 qui
1510 948 1597 999 ora·
1753 996 1759 1005 .

212 1034 363 1108 tionibus
391 1040 461 1109 suis
488 1036 623 1109 laudant
648 1046 682 1109 te
709 1046 743 1109 et
768 1041 896 1130 gratim
923 1049 1026 1130 agunt
1050 1038 1121 1111 tibi.

318 1152 389 1225 Per
415 1151 619 1249 Stephanum
645 1162 939 1249 protomartyrem,
966 1152 1164 1226 Zachariam
1191 1154 1412 1243 sacerdotem,
1440 1156 1597 1228 etdoan·

211 1292 288 1342 nem
317 1269 524 1364 Baptistam:
559 1291 622 1364 per
655 1291 772 1341 omnes
806 1276 942 1341 sanctos
975 1279 1010 1341 et
1035 1268 1207 1366 Martyres
1234 1273 1289 1366 qui
1316 1274 1460 1366 quietem
1489 1295 1596 1344 acce-

210 1395 334 1482 perunt
361 1387 395 1454 in
412 1383 478 1457 lide
497 1382 637 1457 Christi:
664 1383 867 1471 Matbasum,
894 1383 1058 1475 Marcum,
1083 1385 1224 1473 Lucern,
1250 1386 1427 1477 loannem,
1455 1398 1596 1483 quatuor

209 1499 470 1593 Evangelistas,
497 1508 531 1571 et
556 1523 618 1596 per
643 1500 785 1573 Mariam
812 1503 875 1573 Dei
902 1504 1099 1592 genitricem
1127 1501 1341 1575 exaudinos.
1368 1502 1435 1574 Per
1448 1505 1596 1593 Petmm,

211 1616 404 1702 Andream,
429 1613 593 1689 Jacobum
621 1624 656 1688 et
679 1616 857 1707 loannem,
884 1614 1068 1713 Philippum
1095 1627 1130 1688 et
1155 1616 1465 1708 Bartholomaeum,
1496 1617 1596 1692 Tho-

209 1755 299 1804 mam
327 1741 365 1803 et
391 1730 599 1820 Mathaenm,
626 1731 818 1805 Thodaeum
845 1742 880 1804 et
905 1731 1111 1820 Nathanael,
1138 1733 1303 1807 ducebam
1329 1732 1430 1806 lilium
1462 1732 1596 1830 Alphei,

211 1858 244 1920 et
257 1847 436 1936 Mathiam,
464 1847 636 1920 duodecim
663 1846 866 1944 Apostolos:
894 1858 928 1919 et
950 1846 1113 1920 Jacobum
1136 1848 1337 1944 Apostolum
1362 1847 1499 1921 fratrem
1515 1849 1595 1921 Do-

209 1966 310 2053 mini,
338 1963 548 2059 Episcopum
575 1966 755 2036 sanctuarii
781 1963 987 2037 Jerusalem:
1014 1963 1152 2036 Paulum
1180 1974 1213 2035 ct
1232 1963 1452 2053 Timotheum,
1478 1963 1595 2053 Silam

209 2079 420 2165 Barnabam,
447 2078 570 2168 Titum,
597 2078 823 2152 Philemonem
850 2090 885 2152 et
899 2076 1121 2151 Clementem:
1149 2082 1360 2176 septuaginta
1379 2078 1463 2152 duos
1486 2079 1594 2150 disei-

210 2196 322 2292 pulos,
353 2205 391 2266 et
418 2198 531 2269 socios
559 2217 674 2269 eorum
702 2199 923 2291 quingentos,
949 2204 1184 2290 tacentesque
1212 2196 1329 2268 decem
1356 2206 1390 2268 et
1416 2204 1494 2267 octo
1522 2194 1594 2267 0r·

209 2310 412 2385 thodoxos:
439 2315 610 2383 orationes
637 2333 754 2385 eorum
780 2310 978 2406 multiplices
1006 2311 1181 2383 nobiscnm
1208 2314 1282 2383 sint

316 2427 493 2500 Memento
526 2431 626 2499 etiam
660 2425 855 2499 Catholicae
894 2436 929 2499 ot
968 2427 1187 2522 Apostolioae
1220 2425 1397 2500 Ecclesiae
1431 2431 1466 2499 in
1497 2448 1595 2523 paee,

210 2548 367 2641 pretioso
397 2545 561 2635 sanguine
589 2542 712 2616 Christi
742 2546 787 2614 tui
820 2542 1025 2615 aedificatae.
1077 2541 1248 2616 Memento
1282 2566 1416 2639 quoque
1441 2545 1594 2615 Patriar-

211 2658 375 2747 cbarum,
403 2657 711 2753 Metropolitanum,
737 2658 998 2755 Episcopornm,
1032 2657 1270 2748 Sacerdotum,
1297 2670 1331 2731 et
1357 2661 1594 2748 Diaconorum,

211 2780 265 2871 qui
292 2785 427 2848 rectam
456 2774 626 2847 doctrinae
652 2797 758 2846 vome
784 2777 875 2846 viam
901 2784 1085 2846 tenuenrnt

315 2889 484 2984 Populea.
536 2890 702 2962 Miserere
728 2890 872 2962 Domine
899 2892 1080 2962 animarum
1108 2912 1284 2963 servorum
1303 2901 1444 2983 morum,
1472 2901 1506 2963 et
1527 2912 1603 2962 an-.

210 3007 362 3080 cillarorn
393 3016 533 3092 tuarum,
561 3010 617 3102 qui
645 3006 862 3079 comederunt
888 3028 1011 3102 corpus
1037 3014 1141 3098 tuum,
1168 3018 1201 3078 et
1227 3004 1380 3080 biberunt
1398 3009 1595 3099 sanguinem

210 3134 311 3211 mum,
341 3133 378 3194 et
407 3126 550 3217 quietem
577 3133 780 3218 acceperant
805 3126 838 3193 in
865 3121 931 3194 lide
957 3131 1022 3193 tua.

314 3238 507 3310 Sacerdos.
560 3238 682 3310 lterum
710 3237 927 3334 deprecemur
954 3240 1213 3332 omnipotentem
1239 3237 1429 3329 Dominum,
1460 3239 1594 3310 Patrem

210 3354 366 3440 Domini,
406 3353 471 3425 Dei
504 3342 538 3425 et
572 3353 753 3426 salvatoris
787 3358 894 3428 nostri
926 3354 1009 3426 lesu
1043 3352 1174 3427 Christi
1235 3353 1405 3427 Memento
1439 3352 1594 3441 Domine,

210 3475 306 3543 unius
335 3480 479 3543 sanctae
505 3466 681 3557 Ecclesiae
700 3468 895 3542 Catholicae
914 3479 948 3541 et
966 3468 1199 3564 Apostolicae,
1226 3480 1450 3543 conservatae
1469 3494 1489 3542 a
1512 3469 1593 3541 lini-

209 3583 272 3657 bus
299 3607 413 3680 usque
439 3584 592 3656 adfines
618 3583 739 3655 mnndi.

314 3700 491 3773 Memento
518 3701 661 3772 Domine
688 3701 796 3772 Patris
828 3704 934 3773 nostri
961 3700 1176 3773 Patriarchae
1209 3704 1316 3774 nostri
1348 3699 1449 3773 Abba
1482 3700 1524 3773 N.
1561 3711 1595 3773 et

210 3818 306 3890 Beati
334 3816 575 3911 Metropolitae
602 3820 707 3889 nosui
727 3815 827 3888 Abba
847 3816 888 3888 N.
915 3836 1083 3889 conserva
1110 3817 1199 3888 illum
1225 3816 1324 3891 nobis
1351 3820 1445 3889 annis
1472 3817 1592 3906 multis,

211 3932 400 4029 diebusque
426 3931 585 4026 pacificis.
645 3926 647 3933 ’

315 4049 491 4122 Memento
525 4045 669 4119 Domine
702 4046 938 4136 Sacerdotum,
976 4049 1203 4119 Diaconorum
1239 4057 1272 4118 et
1305 4046 1594 4120 subdiaconorum

212 4163 502 4238 Orthodoxorum.

316 4281 492 4353 Memento
519 4277 663 4352 Domine
688 4277 795 4372 Regis
822 4283 949 4367 nostri,
981 4277 1278 4371 Lebna-Dinghil,
1314 4298 1482 4351 conserva
1517 4295 1593 4345 eum

211 4396 309 4470 nobis
338 4399 374 4466 in
402 4417 497 4491 pace.

316 4513 468 4584 Trinitas
495 4521 629 4599 sancta,
662 4511 783 4598 Pater,
810 4511 890 4600 Fili,
918 4521 952 4583 et
978 4510 1121 4606 Spiritus
1144 4520 1278 4599 sancte,
1303 4506 1446 4581 benedic
1477 4525 1593 4600 popu-

211 4628 277 4700 lum
313 4639 409 4701 tuum
445 4624 637 4698 dilectorum
671 4624 954 4715 Christianomm,
986 4625 1273 4699 benedictionibus
1309 4620 1532 4709 coelestibus,
1560 4628 1594 4691 et

212 4747 303 4815 mitte
330 4745 478 4836 gratiam
512 4740 654 4836 Spiritus
689 4746 814 4830 sancti,
851 4752 886 4815 et
918 4741 973 4813 iae
1008 4751 1123 4836 portas
1150 4739 1327 4813 Ecclesiae
1354 4751 1430 4812 tuae
1456 4745 1593 4811 sanctae

212 4856 309 4929 uobis
337 4865 460 4953 patere
486 4878 560 4927 cum
587 4857 817 4930 misericordia
844 4869 878 4930 et
904 4860 1092 4930 securitate.
1124 4857 1256 4929 Perfice
1272 4853 1370 4928 nobis
1394 4853 1492 4926 iidem
1509 4853 1592 4924 Tri-

213 4976 324 5046 nitatis
353 4993 464 5066 usque
491 4972 533 5044 ad
560 4972 708 5046 ultimum
734 4975 825 5045 vitae
859 4976 1019 5068 spiritum.
1071 4971 1229 5044 Pontifex
1256 4971 1338 5044 lesu
1371 4968 1503 5043 Christe
1529 4989 1593 5039 re·

214 5092 307 5184 spice
334 5086 485 5160 infirmos
511 5088 624 5185 populi
653 5092 714 5161 tui:
742 5088 848 5161 deduc
874 5098 989 5185 patres
1023 5099 1058 5161 et
1089 5087 1212 5160 iratres
1244 5094 1380 5160 nostros
1416 5087 1472 5181 qui
1504 5106 1592 5179 pro·
