4525 6034
700 1217 780 1269 De
809 1216 1036 1269 editione
1061 1216 1285 1269 Confes-

665 1305 828 1356 sionis
858 1304 1151 1373 Liturgicae
1177 1302 1286 1355 Co-

667 1389 804 1455 ptice
835 1396 888 1441 et
909 1389 1131 1441 Arabice
1176 1390 1290 1442 Ro-

665 1490 780 1527 mae
813 1475 964 1527 edita.

1313 563 1468 637 CVI
2367 557 3140 637 DISSERTATIO

1309 753 1629 825 Nicosiae
1681 759 1952 845 reperta
2003 747 2327 839 Liturgia.
2434 745 2509 817 Id
2559 766 2730 816 vero
2787 767 2828 815 a
2882 743 3080 816 nobis
3150 744 3592 837 conjectando
3645 755 3892 817 tantum
3951 746 4068 818 di-

1311 873 1480 940 citur
1499 921 1520 958 ,
1584 877 1654 938 ut
1724 868 1836 960 qui
1886 863 2115 960 plures
2178 861 2390 935 libros
2462 863 2913 950 tractaverint,
2985 872 3376 953 argumenta
3448 861 3532 933 ad
3598 884 3748 933 eam
3816 864 4073 952 conje—

1313 996 1568 1057 cturam
1622 979 2056 1054 evertendam
2073 1034 2096 1073 ,
2164 988 2278 1051 aut
2329 975 2845 1050 confirmandam
2900 980 3159 1070 possint
3212 980 3630 1072 conquirere.
3702 976 3879 1049 Nam
3935 979 4067 1051 alia

1308 1105 1895 1195 interpretamenta
1946 1094 2125 1167 nullo
2177 1092 2334 1167 loco
2387 1091 2693 1165 habenda
2747 1102 2915 1165 sunt.

1545 1213 1626 1285 L.
1714 1212 2040 1308 Superest
2103 1220 2175 1282 ut
2256 1229 2686 1297 moneamuS,
2741 1207 2862 1278 ‘ex
2939 1211 3154 1302 prima
3235 1206 3650 1303 Coptitarum
3734 1209 4069 1302 Liturgia,

1316 1355 1489 1431 quae
1541 1328 1771 1401 Basilii
1823 1348 2068 1398 nomen
2117 1323 2420 1420 praefert
2471 1333 2687 1394 sumta
2741 1343 2934 1413 esse,
2988 1345 3162 1416 quae
3223 1325 3332 1394 vir
3374 1323 3806 1399 doctissimus
3862 1327 4070 1400 Guil-

1314 1447 1550 1520 lelmus
1614 1446 1910 1535 Bonj0ur
1973 1441 2501 1533 Augustinianus
2570 1461 2745 1511 anno
2817 1435 3261 1510 MDCXCIX.
3341 1438 3605 1513 Romae
3668 1443 3870 1518 edidit
3935 1449 4071 1523 hoc

1317 1564 1523 1639 titulo.
1577 1560 1660 1632 In
1712 1560 2149 1630 Monumenta
2179 1556 2489 1649 Coptica,
2544 1576 2665 1627 sea
2693 1556 3130 1648 Aeqyptiaca
3158 1554 3639 1629 Bibliothecae
3685 1560 4072 1638 Vaticanae

1315 1682 1542 1752 brevis
1605 1677 2040 1747 exercitatio.
2145 1673 2226 1745 In
2287 1693 2370 1742 ea
2445 1668 2960 1743 confessionem
3042 1692 3215 1764 quae
3299 1681 3454 1742 ante
3532 1683 4070 1755 communionem

1316 1796 1445 1868 dici
1499 1794 1674 1868 solet
1728 1790 2047 1886 Coptice,
2115 1785 2419 1859 Arabice
2471 1796 2539 1857 et
2589 1783 2827 1857 Latine
2882 1783 3077 1856 dedit.
3160 1783 3312 1858 Hoc
3366 1788 3745 1885 exemplum
3801 1817 4071 1870 consu-

1309 1913 1455 1983 lere
1506 1916 1820 2006 poterunt
1883 1904 2257 1996 linguarum
2322 1904 2550 1997 periti,
2624 1923 2776 1972 cum
2834 1911 3150 1997 typorum
3212 1902 3514 1993 defectu,
3578 1915 3647 1976 et
3698 1909 4070 1985 studiorum

1312 2030 1574 2101 illorum
1625 2024 1974 2115 neglectu,
2027 2042 2117 2091 ne
2178 2016 2571 2114 particulam
2633 2015 2894 2110 quidem
2947 2015 3397 2110 Liturgiarum
3467 2041 3588 2092 sua
3639 2020 3866 2116 lingua
3922 2050 4069 2099 ex..

1312 2142 1545 2215 hibere
1599 2140 2029 2235 potuerimus.
2108 2133 2511 2206 Versionem
2566 2130 2831 2232 dudum,
2887 2142 3240 2227 antequam
3295 2134 3504 2208 altera
3559 2136 3891 2228 ederetur,
3928 2142 4070 2213 ab-

1316 2256 1776 2342 solveramus,
1848 2262 1917 2324 et
1966 2254 2140 2322 inter
2206 2259 2553 2342 utramque
2606 2245 2786 2318 nulla
2848 2258 2955 2321 est
3016 2247 3417 2325 differentia:
3485 2261 3554 2324 at
3604 2255 3672 2324 in
3744 2254 4071 2329 Oratione

1314 2372 1812 2460 Absolutionis,
1868 2389 2065 2461 quam
2115 2368 2224 2438 vir
2277 2364 2739 2453 doctissimus,
2814 2367 3294 2437 communionis
3359 2388 3480 2438 seu
3533 2374 4073 2443 consociationis

1314 2492 1542 2576 vertit,
1595 2507 1731 2557 non
1785 2482 2148 2556 audiendus
2203 2490 2331 2570 est,
2402 2490 2473 2551 ut
2524 2489 2724 2551 notae
2797 2478 2880 2550 ad
2934 2478 3110 2551 illam
3180 2484 3551 2554 orationem
3600 2497 3875 2558 nostrae
3931 2486 4071 2558 de-

1315 2612 1703 2676 monstrant.
1812 2599 2009 2686 Quod
2060 2599 2409 2669 Romaeos
2461 2596 2745 2682 Patres,
2805 2616 3082 2690 quorum
3150 2600 3216 2668 in
3297 2599 3530 2670 eadem
3584 2606 3907 2673 memoria
3974 2604 4072 2692 fit,

1316 2717 1663 2790 Romanos
1717 2739 1874 2789 esse
1929 2715 2359 2799 existimavit,
2412 2710 2589 2781 unde
2640 2714 2893 2782 veteris
2946 2735 3096 2783 cum
3142 2711 3451 2786 Ecclesia
3504 2714 3808 2789 Romana
3864 2741 4073 2790 com-

1318 2837 1648 2905 munionis
1700 2832 2010 2903 indicium
2065 2849 2443 2921 agnoscere
2498 2825 2624 2899 sibi
2677 2829 2864 2897 visus
2919 2836 3061 2917 est,
3118 2826 3278 2899 abiit
3331 2852 3370 2900 a
3425 2852 3594 2902 vero
3649 2831 4072 2924 longissime,

1321 2973 1494 3039 cum,
1515 2961 1584 3020 ut
1610 2948 1784 3044 apud
1812 2948 2230 3018 recentiores
2264 2941 2594 3029 GraecOS,
2639 2944 2730 3013 ita
2772 2941 2945 3037 apud
2992 2940 3294 3038 Coptitas
3340 2955 3408 3015 et
3458 2945 3729 3019 Arabes
3756 2953 4072 3043 ῥωμαῖος

1319 3074 1387 3135 et
1438 3066 1680 3152 Reum,
1735 3056 1870 3134 non
1922 3061 2298 3133 Romanum
2350 3058 2707 3147 hominem,
2763 3067 2875 3129 aut
2908 3056 3218 3150 Romam,
3274 3058 3394 3131 sed
3425 3058 3781 3153 Graecum,
3837 3063 4071 3137 Grae-

1319 3184 1624 3276 ciamque
1678 3179 2068 3272 significent.
2126 3174 2502 3247 Occurrunt
2556 3196 2819 3267 quoque
2874 3173 3028 3264 alia,
3084 3174 3168 3245 de
3223 3176 3458 3269 quibus
3516 3200 3642 3251 suo
3698 3177 3851 3250 loco
3904 3204 4072 3252 mo..

1316 3299 1616 3385 nuimus3
1673 3317 1845 3390 quae
1896 3297 2006 3364 vir
2061 3290 2362 3363 doctrina
2415 3311 2550 3362 non
2603 3292 2820 3380 magis
2876 3312 3073 3384 quam
3125 3289 3454 3364 modestia
3501 3294 4074 3366 commendandus

1319 3434 1454 3483 non
1510 3410 2038 3496 observaverat3
2110 3429 2330 3502 neque
2399 3409 2572 3477 enim
2645 3404 2711 3476 id
2779 3403 2979 3476 facile
3031 3415 3334 3501 poterat,
3416 3431 3563 3480 cum
3617 3408 3878 3482 Romae
3932 3432 4073 3481 non

1320 3535 1501 3599 tanta
1567 3535 1752 3596 extet
1836 3523 2269 3596 Orientalium
2341 3519 2661 3592 librorum
2729 3524 2964 3616 copia,
3053 3526 3446 3617 praesertim
3514 3523 4073 3615 Christianorum,

1324 3652 1631 3736 quantam
1690 3639 2053 3732 collegisse
2105 3636 2386 3725 licebat,
2469 3640 2526 3707 si
2587 3635 2757 3708 haec
2824 3636 3037 3707 studia
3108 3635 3306 3733 plane
3359 3637 3494 3710 illic
3558 3661 3693 3711 non
3741 3643 4073 3732 jacerent.

1325 3757 1465 3829 Sed
1516 3760 1582 3827 in
1635 3755 1964 3826 Vaticana
2031 3752 2444 3825 Bibliotheca
2517 3754 2903 3847 paucissimi
2956 3761 3128 3842 sunt,
3198 3762 3265 3823 et
3334 3775 3427 3823 ex
3492 3752 3791 3850 Copticis
3855 3779 4076 3852 prae-

1326 3876 1501 3967 cipui
1555 3870 1848 3945 Codices
1899 3873 2236 3942 versionis
2290 3871 2632 3962 utriusque
2682 3867 3117 3960 Testamenti,
3150 3867 3499 3960 Liturgiae
3551 3880 3619 3940 et
3669 3871 4076 3944 Pontificalis

1326 3986 1534 4076 liber,
1599 4009 1690 4060 ex
1745 4009 1875 4082 quo
1929 3984 2338 4057 Athanasius
2392 3983 2753 4055 Kircherus
2808 3984 3132 4079 quaedam
3190 3984 3393 4056 edidit
3443 3984 3705 4075 Latine,
3763 3986 3884 4060 sed
3938 4009 4080 4059 non

1329 4102 1634 4175 feliciter.
1690 4101 1851 4174 Inde
1907 4103 2245 4191 conjicere
2298 4099 2503 4188 licuit,
2557 4098 2897 4191 Liturgias
2952 4100 3155 4192 illum,
3210 4104 3267 4173 si
3320 4111 3393 4172 ut
3443 4101 3776 4197 pollicitus
3830 4102 4076 4192 fuerat,

1326 4219 1610 4315 Coptice
1682 4229 1750 4289 et
1800 4216 2039 4288 Latine
2104 4215 2446 4304 edidisset,
2514 4213 2800 4287 futurum
2853 4227 2925 4288 ut
2974 4238 3160 4289 novo
3215 4221 3580 4313 interprete
3632 4241 3800 4314 opus
3853 4218 4078 4292 habe-

1323 4346 1491 4406 rent.
1598 4334 1671 4407 Id
1729 4356 1892 4405 sane
1946 4343 2295 4428 praestare
2355 4341 2625 4427 poterat
2694 4329 3082 4404 Guillelmus
3135 4333 3459 4424 Bonj0ur,
3533 4335 3644 4428 qui
3698 4357 3790 4405 ex
3842 4339 4076 4431 paucis

1323 4450 1536 4540 libris,
1588 4453 1866 4545 proprio
1936 4459 2149 4520 marte
2212 4446 2507 4539 linguam
2563 4446 2914 4542 Copticam
2967 4447 3256 4538 edidicit,
3311 4448 3616 4544 illiusque
3669 4462 4076 4542 accuratam,

1326 4577 1394 4638 et
1449 4565 1594 4637 aliis
1651 4587 1825 4660 quae
1878 4563 1995 4636 vel
2028 4562 2346 4648 ,Arabico
2397 4562 2515 4635 vel
2544 4561 2783 4636 Latine
2810 4564 3202 4660 prodierant
3231 4569 3785 4660 praestantiorem
3820 4564 4075 4639 Gram-

1328 4684 1640 4752 maticam
1694 4683 2091 4775 composuit,
2143 4702 2337 4774 quam
2372 4678 2636 4751 Romae
2688 4702 2864 4752 anno
2900 4679 3208 4754 MDCCI.
3262 4678 3417 4752 mihi
3467 4680 3826 4774 legendam
3877 4705 4078 4755 com-

1327 4799 1507 4866 misit
1575 4794 1889 4868 Clemens
1942 4795 2061 4867 IX.
2133 4794 2453 4867 Pontifex
2503 4794 2865 4887 Maximus,
2931 4807 2998 4868 et
3050 4819 3248 4892 quam
3302 4801 3868 4873 accuratissimam
3921 4821 4079 4872 esse

1337 4921 1535 5004 atque
1606 4911 1895 4983 editione
1962 4910 2453 5002 dignissimam,
2515 4909 2694 4984 facta
2761 4911 2845 4983 ad
2898 4915 3117 5008 ipsum
3167 4912 3557 4985 Pontificem
3609 4913 3959 5005 relatione,
4013 4925 4080 4986 et

1337 5030 1587 5122 scripto
1655 5038 1931 5100 testatus
2003 5021 2211 5104 sums
2278 5028 2447 5100 Nam
2523 5051 2607 5100 ea
2678 5052 2874 5123 quam
2942 5028 3314 5102 Prodromo
3380 5029 3664 5126 Coptico
3718 5029 4075 5103 Kircherus
