4525 6034
583 655 828 736 BEATORUM
857 655 1279 736 neostohohuttuc.
1536 657 1611 732 591

242 852 407 924 suavitate
434 846 638 942 eloquiorum
666 856 795 919 tuorum
823 843 1073 919 delectaremur.
1108 845 1153 918 Et
1176 866 1285 924 voees
1305 845 1436 938 gloriae
1462 854 1496 917 et
1522 840 1619 918 eon-'

241 966 398 1039 fessionis
425 964 585 1037 divinitati
611 972 689 1034 tuae
715 961 847 1035 sublimi
873 983 1009 1058 semper
1033 961 1210 1035 referimus
1236 964 1392 1037 Domine.
1658 1045 1663 1068 .

326 1055 441 1152 ³Atta.
494 1078 645 1153 Christus
672 1078 765 1150 Deus
791 1087 939 1170 noster,
953 1079 1132 1168 Dominus,
1147 1079 1253 1169 Rex,
1279 1078 1431 1153 salvator
1457 1089 1491 1152 et
1517 1082 1614 1151 vivi-

239 1187 360 1273 ficator
385 1207 513 1285 noster,
538 1219 601 1292 per
627 1199 767 1287 gratiam
794 1219 888 1269 suam
914 1194 1035 1289 dignos
1061 1195 1142 1269 iecit
1167 1218 1230 1269 nos
1257 1196 1460 1292 suscipiendi
1490 1219 1613 1294 corpus
1637 1213 1646 1292 J

240 1318 332 1409 ejus,
360 1317 621 1408 sanguinemque
648 1316 721 1405 ejus
747 1315 928 1409 pretiosum
956 1320 991 1385 et
1017 1316 1127 1385 omnia
1155 1313 1431 1386 sanctificantem:
1457 1316 1532 1409 ipse
1560 1299 1641 1385 det?
1758 1359 1765 1380 ι
1929 1385 1938 1406 ,,

240 1425 341 1505 nohis
368 1441 404 1504 ut
428 1430 619 1527 placeamus
644 1429 703 1511 illi,
729 1429 858 1519 verbis,
884 1428 1055 1523 operibus,
1081 1427 1339 1522 cogitationibus
1363 1438 1398 1502 et
1419 1427 1516 1502 iactis
1545 1452 1645 1503 ιιι-κ
1749 1399 1798 1433 '⁴
1812 1401 1835 1430 ι]
1902 1483 1905 1490 .

241 1551 332 1637 stris,
360 1546 445 1620 adeo
472 1556 507 1618 ut
532 1548 651 1642 pignus
677 1544 765 1618 istud
791 1545 881 1642 quod
907 1548 1110 1640 accepimus,
1137 1549 1181 1619 sit
1205 1544 1303 1618 uobis
1330 1545 1373 1618 ad
1393 1549 1527 1618 veniam
1547 1546 1614 1617 de-

242 1655 413 1751 lictorum,
445 1666 677 1735 remissionem
712 1670 943 1758 poeoniorum,
975 1673 1010 1735 ιι
1041 1684 1138 1758 spem
1171 1684 1325 1755 magnam
1358 1664 1614 1735 resurrectionis
1645 1675 1647 1684 '

243 1805 264 1853 ιι
284 1783 433 1867 mortuis,
450 1781 619 1880 vitamque
637 1800 763 1851 novam
787 1788 821 1851 et
837 1801 955 1851 veram
973 1782 1007 1851 in
1031 1801 1140 1872 regno
1158 1778 1345 1868 coelorum,
1367 1801 1440 1851 eum
1460 1778 1614 1852 omnibns

243 1901 298 1994 qui
326 1919 439 1970 eoram
467 1918 509 1968 eo
536 1893 746 1991 placuerunt:
779 1917 841 1991 per
871 1898 1014 1990 gratiam
1046 1897 1119 1987 ejus
1153 1905 1187 1968 et
1212 1897 1444 1970 miserationes
1478 1900 1551 1989 ejus
1581 1897 1615 1966 in
1648 1971 1650 1980 ,

243 1993 409 2090 saecuta?

347 2115 481 2201 Diebus
508 2127 708 2199 ordinariis.
753 2127 903 2201 Laudem
929 2127 1084 2217 Domine,
1110 2127 1284 2218 honorem,
1311 2127 1556 2203 confessionem
1585 2138 1619 2201 et

242 2247 426 2338 gratiarum
465 2248 629 2316 actionem
664 2242 825 2317 dehemus
860 2244 991 2318 referre
1022 2244 1176 2317 Trinitati
1209 2254 1287 2317 tuae
1322 2244 1514 2338 gloriosae,
1553 2268 1616 2341 pro

243 2361 332 2434 dono
358 2363 593 2459 mysteriorum
619 2369 752 2433 tuorum
778 2371 980 2450 sanctorum,
1008 2385 1095 2457 quae
1122 2360 1241 2434 dedisti
1266 2360 1365 2435 nobis
1387 2361 1428 2433 ad
1448 2366 1616 2458 propitia-

243 2480 368 2550 tionem
394 2477 588 2549 dehctorum
615 2487 823 2568 uestrorum,
849 2480 993 2552 Domine
1020 2481 1175 2551 omnium.
1208 2531 1211 2536 .

305 2575 440 2665 “Alio
495 2593 695 2666 Benedictus
722 2598 765 2668 sit
790 2593 899 2669 honor
932 2605 1006 2668 tuus
1033 2593 1244 2684 adorandus,
1272 2616 1318 2666 er
1344 2593 1420 2667 loeo
1448 2605 1504 2668 tuo
1531 2589 1648 2726 glo-q

242 2713 336 2814 rioso
364 2708 514 2798 Christe,
540 2713 739 2806 propitiator
771 2710 966 2785 delictorum
1000 2720 1210 2803 nostrorum,
1236 2720 1519 2807 peccatorumque
1545 2734 1615 2783 no·
1643 2733 1646 2758 ι
1765 2743 1769 2752 v

245 2836 401 2919 strorum,
429 2829 552 2921 quique
577 2825 689 2900 aufers
715 2831 920 2924 insipientias
937 2839 1071 2901 nostras
1085 2850 1148 2924 per
1174 2828 1333 2923 mysteria
1352 2836 1410 2901 tua
1428 2826 1616 2928 praeclaro,

244 2955 371 3029 saneta,
398 2941 535 3015 vivifica
563 2952 597 3014 et
622 2942 754 3017 diviua:
789 2942 940 3018 Christus
974 2966 1053 3042 spes
1079 2956 1219 3017 naturae
1244 2952 1393 3035 uestrae,
1421 2965 1556 3040 semper
1582 2953 1617 3016 et

242 3064 277 3132 in
304 3056 448 3132 sacerdo.
501 3057 658 3131 Amen.
933 3073 938 3085 '
1639 3051 1643 3096 ¹

587 3333 805 3428 Obaiqootio,
832 3359 893 3408 eeu
918 3336 1035 3407 ultima
1061 3336 1276 3407 Benedictio.

347 3525 509 3597 Dominus
536 3533 652 3597 noster
677 3523 778 3597 lesus
806 3525 957 3600 Christus
992 3527 1045 3598 cui
1070 3528 1344 3612 ministravimus,
1373 3547 1471 3620 quem
1498 3527 1616 3599 sensi·
1726 3609 1731 3616 Ι

245 3665 317 3715 mus
344 3649 378 3713 et
403 3640 642 3714 honoravimus
668 3645 702 3713 in
729 3644 897 3739 mysteriis
924 3641 1218 3739 sots'proeolarts,
1246 3645 1381 3731 sanetis,
1408 3641 1615 3714 vivificanti·
1724 3725 1727 3732 ¹

242 3756 306 3829 bus
333 3768 368 3829 et
393 3756 527 3847 divinis,
554 3756 674 3851 dignos
701 3761 776 3854 ipse
802 3781 865 3831 uos
893 3759 1012 3831 elliciot
1037 3758 1147 3851 gloria
1169 3757 1341 3854 splendida
1367 3761 1465 3850 regni
1491 3760 1553 3846 sui,
1581 3767 1615 3830 et
1713 3799 1718 3812 .

243 3872 368 3946 laetitia
395 3895 468 3945 cum
495 3874 636 3967 Angelis
664 3877 732 3948 suis
760 3879 904 3962 sanetis,
936 3884 970 3947 et
1005 3875 1048 3947 od
1083 3873 1314 3948 confidentiam
1347 3895 1462 3947 coram
1490 3896 1554 3965 co,
1579 3885 1616 3947 ut

244 4002 369 4063 stemus
396 3988 439 4063 ad
465 3993 538 4083 ejus
566 3989 749 4064 dexteram.
803 3990 846 4064 Et
872 4014 974 4087 super
992 3994 1290 4084 congregationem
1308 4000 1455 4064 nostram
1471 3994 1616 4063 univer-

138 4201 140 4204 .
244 4128 317 4178 sam
344 4109 574 4179 miserationes
600 4116 636 4179 et
661 4108 887 4181 misericordia
915 4110 988 4200 ejus
1014 4118 1176 4204 perpetuo
1204 4106 1428 4195 ellundantur,
1461 4128 1549 4179 nunc
1582 4115 1617 4180 et

245 4243 390 4318 semper,
416 4224 450 4293 in
477 4220 624 4295 saecula.

554 4517 556 4523 ·
606 4477 624 4498 ¹*
641 4479 782 4571 ‘Diebus
807 4498 1000 4571 Dominicis
1025 4505 1061 4572 et
1087 4501 1211 4572 Fertis.
1344 4578 1349 4588 ,

348 4688 426 4784 lpse
453 4690 506 4782 qui
534 4686 705 4761 benedixit
730 4710 794 4762 uos
820 4688 973 4762 omnibus
999 4687 1285 4763 benedictionibus
1297 4687 1440 4784 Spiritus
1466 4691 1500 4759 in
1527 4707 1616 4759 eoe-

244 4801 296 4890 lis,
323 4825 385 4898 per
411 4805 526 4877 lesum
559 4802 724 4879 Christum
756 4807 933 4879 Dominum
965 4816 1134 4897 nostmm,
1170 4816 1203 4878 et
1235 4807 1451 4902 praeparavit
1482 4825 1545 4878 nos
1565 4805 1616 4892 ad

244 4940 384 5011 reguum
411 4944 527 5015 suum,
543 4925 746 5017 vocavitque
772 4945 833 4995 nos
861 4921 903 4994 ad
929 4922 1017 4996 bona
1046 4921 1292 5012 desiderabilia,
1320 4945 1405 5017 quae
1427 4928 1493 4994 nec
1519 4921 1616 4993 desi-

244 5045 335 5125 nunt,
362 5058 427 5109 nec
452 5048 602 5132 pereunt,
631 5040 715 5111 sieut
740 5037 905 5134 pollicitus
939 5050 992 5113 est
1024 5039 1120 5111 nobis
1155 5042 1189 5110 iu
1214 5038 1403 5132 Evangelio
1430 5060 1492 5112 suo
1519 5041 1616 5112 rivi-

238 5139 375 5246 λιιιιιιιιι,
404 5151 553 5249 dixitque
567 5153 822 5248 congregationi
836 5155 1033 5229 benedictae
1051 5155 1295 5253 Discipulomm
1312 5178 1466 5232 suorum:
1492 5159 1617 5255 Amen,
