4525 6034
666 578 739 652 172
1165 575 1546 655 COMMENTARIUS

660 761 842 845 Angelicum
855 761 995 838 Sanctus,
1011 760 1165 842 sequitur:
1187 760 1264 823 aliae
1274 767 1308 822 ut
1325 759 1394 823 illae
1406 761 1435 822 ln
1451 759 1559 840 quibus
1574 778 1732 824 versamur
1743 762 2037 847 Προπαρασκευα-

661 857 771 925 cernel
793 870 877 941 sunt,
901 869 932 924 et
954 862 992 924 ad
1015 861 1222 924 consecranda
1244 861 1388 942 mysteria
1421 876 1483 922 noo
1512 860 1571 921 nisi
1598 879 1653 941 per
1675 863 1937 943 praeparationem
1958 879 2037 943 per-

661 962 766 1023 tinent.

367 1260 435 1315 ca.
450 1262 505 1315 ιι.
1184 1236 1295 1307 Pacis
1321 1242 1357 1307 ct
1381 1235 1511 1307 calicia.

371 1445 478 1501 obtuse
492 1451 647 1519 quihusnc·
762 1428 940 1514 Anraoumr
962 1438 1000 1501 ad
1022 1438 1079 1501 alia
1102 1437 1350 1520 progrediamur,
1373 1438 1539 1502 ohservare
1553 1446 1676 1520 oportet
1694 1455 1774 1519 quae
1789 1436 2038 1501 sitOrientaIium

336 1534 450 1587 micum
471 1535 648 1607 designamur.
663 1544 793 1607 omnium
815 1542 973 1624 disciplina
995 1544 1076 1605 cirea
1100 1560 1210 1623 panem
1230 1540 1439 1604 Eucharistiae
1461 1541 1667 1605 conficiendae
1688 1541 1880 1605 destinatum:
1914 1542 1945 1604 iu
1975 1560 2037 1623 qua

660 1653 759 1707 tantus
781 1641 879 1705 honos
902 1643 977 1723 ipsis
999 1642 1157 1704 elementis
1187 1640 1402 1704 consecrandis
1431 1639 1607 1719 adhibetur,
1638 1649 1719 1704 tanta
1749 1658 1822 1703 eura
1850 1640 1887 1702 ad
1916 1640 2037 1703 illorum

661 1741 940 1826 praeparationem,
963 1749 997 1803 ut
1018 1740 1088 1803 inde
1111 1742 1185 1803 satis
1207 1740 1391 1822 intelligatur
1413 1757 1492 1820 quae
1515 1742 1554 1803 sit
1575 1739 1694 1803 illorum
1717 1738 1825 1802 dehoc
1838 1738 2035 1803 Sacramenta

659 1844 750 1921 fides,
774 1858 873 1920 neque
896 1858 951 1903 eos
974 1840 1040 1902 siae
1064 1858 1177 1902 summa
1200 1841 1317 1901 ratione
1339 1846 1407 1920 post
1430 1840 1690 1902 consecratlonem
1712 1840 1842 1901 maximo
1871 1838 2036 1919 divinoque

659 1941 741 2003 culta
764 1937 868 2001 eadem
890 1939 1040 2002 elementa
1059 1941 1121 2021 jam
1145 1945 1257 2000 mutata
1278 1939 1441 2018 prosequi,
1464 1940 1516 2019 qui
1535 1958 1575 2001 ex
1587 1938 1687 2001 lutura
1706 1955 1778 2000 mox
1797 1937 2037 2001 sanctificatione

660 2044 774 2099 tantum
796 2038 871 2118 ipsis
894 2038 1040 2101 bonorem
1055 2038 1210 2101 delerant.
1233 2037 1360 2099 Nomina
1383 2036 1491 2117 quibus
1520 2039 1606 2117 panis
1628 2036 1855 2100 Eucharisticus
1881 2035 2038 2117 designari

659 2137 756 2215 solet,
779 2137 865 2199 varia
888 2145 972 2200 sunt:
997 2136 1140 2219 Coptitae
1161 2135 1316 2220 singulare
1337 2136 1451 2197 nullum
1473 2136 1585 2199 babent
1605 2137 1636 2197 in
1658 2136 1821 2218 Liturgiis,
1845 2135 1901 2199 sed
1924 2134 2038 2215 appel..

657 2233 720 2296 lant
739 2235 839 2312 dona,
861 2255 1005 2313 munera,
1027 2236 1225 2315 oblationem,
1248 2242 1369 2298 utentes
1384 2234 1509 2298 GraeeIs
1531 2235 1659 2298 vocibus
1682 2222 1820 2318 Δώρων,
1842 2229 2037 2318 προφορᾶς

660 2341 691 2396 et
714 2335 741 2395 si
764 2352 842 2415 quae
865 2342 935 2399 sunt
958 2335 1045 2399 aliae.
1070 2334 1145 2397 Cum
1167 2334 1300 2397 Arabica
1322 2334 1473 2413 scribunt,
1496 2335 1593 2416 primo
1608 2333 1784 2415 sinpliciter
1798 2352 1908 2414 panem
1923 2333 2037 2413 appel-

658 2432 731 2511 lant,
763 2441 815 2495 aut
838 2453 949 2514 parcen
973 2433 1190 2496 Eucharistiae
1219 2436 1284 2496 sire
1306 2432 1476 2496 Oblatioais
1497 2442 1528 2496 et
1557 2431 1718 2513 aliqtrando
1740 2434 1829 2495 etiarn
1850 2449 1908 2512 per
1930 2441 2033 2530 punt?

659 2530 838 2614 designant,
863 2550 898 2595 ac
920 2534 947 2595 si
969 2533 1106 2595 dicerent
1129 2532 1270 2594 Oblatum
1291 2533 1357 2595 sire
1378 2534 1578 2613 samnitem
1609 2540 1661 2594 aut
1681 2531 1924 2611 hubaudum,
1952 2550 2036 2612 quae

613 2622 619 2631 ’
657 2649 721 2694 vox
741 2630 849 2695 eadem
871 2650 997 2713 prorsus
1020 2632 1258 2714 significatione,
1283 2630 1320 2693 ab
1336 2632 1480 2715 Aegypto
1503 2634 1534 2693 in
1553 2631 1744 2713 Aethiopiam
1771 2630 1903 2709 transiit,
1927 2630 1965 2693 ad
1986 2632 2036 2694 si-

658 2733 843 2817 gnificandas
857 2733 998 2799 Oblatas:
1021 2749 1075 2798 eas
1098 2733 1178 2796 enim
1194 2732 1321 2798 Korbun
1343 2731 1490 2816 appellari
1510 2739 1640 2797 testatur
1653 2731 1853 2810 Alvarezius,
1875 2737 1907 2792 et
1928 2729 2037 2793 bitur-

658 2834 720 2917 gici
734 2835 802 2899 libri
816 2836 1002 2900 confirmant.
1031 2836 1166 2903 Vocibus
1181 2858 1303 2921 quoque
1317 2839 1442 2903 Graecis
1454 2844 1577 2899 utuntur
1590 2834 1628 2897 ad
1642 2834 1779 2898 Oblatum
1794 2832 2033 2914 significandam,

658 2952 772 3014 easque
793 2934 926 3000 Arabica
948 2939 1086 3001 scribunt
1114 2937 1249 3027 Δῶρον,
1279 2941 1311 3002 in
1340 2941 1402 3002 vita
1431 2936 1588 3000 Michaelis
1618 2933 1809 2997 Patriarchae
1839 2930 1968 2994 LXVIII.
2000 2939 2035 2996 et

655 3025 850 3121 Προςφοροί,
886 3037 941 3101 sed
975 3039 1112 3101 scribunt
1139 3049 1317 3107 nttbbtntt
1334 3049 1387 3137 J'ta
1404 3045 1481 3131 qt'ttu
1510 3038 1542 3098 in
1566 3035 1709 3098 versione
1740 3032 1872 3096 Arabica
1899 3032 2032 3097 Canonis
2139 3110 2144 3117 Ι

658 3133 790 3197 Trullaci
818 3136 870 3200 28.
893 3137 1056 3219 Utriusque
1076 3138 1162 3201 vocis
1184 3139 1458 3220 frequentissimum
1481 3134 1561 3217 apud
1586 3134 1720 3197 Graecos
1748 3134 1915 3214 scriptores
1943 3151 2032 3195 usum

655 3232 750 3297 brisse
773 3236 936 3299 ostendunt
959 3239 1128 3300 testimonia
1151 3238 1279 3318 plurima
1294 3239 1323 3300 in
1337 3237 1493 3300 Glossario
1514 3240 1754 3316 repraesentata.
1777 3233 1902 3313 Propria
1917 3232 2033 3295 Orien-

645 3331 765 3395 talibus
795 3334 853 3396 alia
882 3343 953 3397 sunt
983 3337 1161 3417 plerumque
1190 3323 1421 3422 Mercqopmci.
1472 3336 1571 3397 Autor
1601 3334 1753 3397 scientiae
1780 3331 2031 3409 Ecclesiasticae,

656 3431 854 3511 Abulbircat,
883 3433 1005 3496 Gabriel
1036 3435 1225 3515 Patriarcba,
1253 3454 1347 3517 saepe
1380 3441 1527 3516 usurpant
1560 3450 1668 3496 vocem
1697 3413 1766 3498 hart
1798 3448 1875 3511 quac
1905 3430 2034 3510 proprIe

656 3529 774 3609 Agrium
796 3532 963 3613 significat,
987 3536 1057 3614 quia
1079 3536 1166 3615 panis
1188 3534 1346 3597 mutandus
1371 3541 1417 3598 est
1440 3535 1470 3595 in
1493 3548 1614 3593 carnem
1636 3530 1718 3612 hgni
1734 3530 1819 3607 veri,
1840 3528 2033 3592 immaculati.

654 3628 827 3692 Nestoriani
850 3641 952 3700 tr'tm
976 3633 1130 3714 appellant
1143 3635 1390 3714 primogenitum:
1413 3632 1451 3695 ad
1476 3630 1587 3694 Christi
1605 3630 1797 3711 primogeniti
1818 3629 1914 3691 omnis
1938 3645 2034 3690 erea-

656 3735 743 3789 turae
765 3729 930 3809 perlectam
953 3732 1191 3795 similitudinem:
1216 3732 1265 3794 alii
1289 3739 1403 3794 vocant
1420 3740 1538 3825 ΜΠ.)
1559 3728 1739 3807 Ilourbono,
1763 3726 1951 3791 Oblationeni
1973 3743 2034 3789 seu

657 3827 836 3889 sacrificium
863 3841 967 3898 ratini
985 3814 1080 3898 nbn't
1107 3832 1223 3893 Pacem
1249 3834 1478 3914 mysteriorum,
1513 3847 1573 3891 uno
1602 3844 1695 3890 sensu
1728 3844 1850 3906 omnes,
1881 3834 1915 3888 ut
1949 3825 2035 3889 aliud
2122 3858 2125 3861 ·

657 3943 767 3988 nomen
789 3926 898 3991 babeat
920 3938 991 3994 acte
1013 3932 1293 4009 consecrationem,
1318 3929 1398 3992 aliud
1420 3947 1457 3992 ea
1475 3930 1537 4011 J'am
1559 3933 1693 4008 peracta.

357 4026 434 4081 Panis
452 4030 644 4087 Eucharistiae
743 4025 840 4088 Debet
861 4033 947 4110 panis
969 4031 1196 4093 Eucharisticus
1219 4031 1284 4092 lieri
1308 4049 1348 4092 ex
1370 4029 1465 4091 simila
1488 4045 1582 4108 pura,
1606 4026 1691 4107 cujus
1714 4026 1803 4087 etiam
1822 4023 2033 4087 conficiendae

332 4115 416 4184 t⁰⁸¹i³
435 4134 493 4170 0⁸⁸0
507 4118 608 4174 debem.
657 4141 758 4186 curam
782 4125 921 4191 Cananes
945 4130 1065 4210 quidam
1089 4130 1247 4211 anonymi,
1272 4128 1467 4194 Sacerdotem
1490 4126 1603 4189 babere
1625 4124 1747 4203 volunt,
1778 4124 1855 4186 adeo
1878 4130 1911 4184 ut
1932 4139 2033 4206 grana

654 4223 772 4285 triticea
789 4225 917 4308 seligat,
940 4236 1001 4290 tum
1025 4246 1128 4292 eoram
1151 4248 1186 4291 se
1208 4229 1294 4307 moli,
1317 4227 1510 4307 furfuresque
1534 4226 1653 4288 secerni
1676 4230 1771 4287 curet.
1797 4219 1857 4286 Sed
1879 4222 1956 4284 haec
1977 4222 2033 4289 lex

653 4338 715 4383 non
736 4324 850 4404 ubique
873 4326 1005 4390 obticet:
1028 4346 1134 4390 verum
1158 4346 1237 4408 quae
1259 4335 1427 4408 sequuntur
1448 4325 1606 4389 observari
1630 4328 1772 4385 accurate
1787 4321 1845 4384 huc
1860 4338 1958 4401 usque
1973 4337 2032 4382 so·

652 4417 725 4483 lent.
749 4422 862 4503 Primo,
884 4435 919 4489 ut
940 4428 1130 4508 praecipiunt
1154 4427 1392 4491 constitutiones
1411 4424 1515 4506 Cyrilli
1538 4420 1727 4485 liliiLaklalti
1742 4419 1935 4483 Patriarchae
1948 4417 2032 4480 Ale-

651 4519 801 4584 xandrini.
846 4523 971 4604 Oportet
990 4529 1127 4606 utpam‘s
1147 4525 1379 4588 Eucharisticas
1399 4529 1632 4603 concoquetur
1658 4520 1733 4582 alibi
1759 4538 1849 4599 uttam
1875 4519 1909 4580 ¹3¹
1934 4517 2032 4596 sm

651 4615 826 4697 Ecclesiae,
849 4625 905 4685 sed
924 4643 1019 4706 neque
1036 4627 1139 4704 piacet
1159 4644 1227 4685 eum
1248 4632 1302 4686 aut
1323 4630 1431 4704 coqaaet
1455 4622 1589 4701 femiam
1618 4621 1671 4701 qui
1698 4627 1808 4681 comba
1831 4617 1943 4696 seced
1967 4637 2032 4679 ec·

652 4721 895 4785 communicetur.
926 4723 960 4784 ln
984 4722 1097 4786 Codice
1120 4741 1210 4803 quem
1232 4723 1329 4785 secuti
1351 4738 1453 4783 sumus
1476 4720 1564 4781 unius
1586 4717 1691 4800 puncti
1713 4716 1875 4779 discrimen
1904 4731 2032 4777 sensum

651 4819 764 4901 variat,
787 4819 843 4881 sed
874 4823 989 4902 absque
1018 4839 1127 4903 magna
1156 4822 1317 4883 mutatione
1322 4842 1333 4897 ;
1364 4819 1506 4882 scribitur
1536 4818 1614 4880 enim
1643 4825 1698 4907 qap
1729 4815 1810 4895 quod
1838 4833 1936 4877 comru
1971 4830 2031 4875 seu

652 4922 792 4999 amatam
814 4920 991 4985 Ecclesiae:
1014 4920 1103 4983 aliter
1125 4929 1180 5015 q'tb
1204 4920 1285 5000 quod
1299 4920 1423 4999 firmum
1437 4918 1604 5002 significat:
1627 4924 1788 4995 utrumqne
1812 4930 1929 4977 uerum.
1950 4908 2030 4972 Nam

651 5019 793 5096 coquitur
815 5020 902 5101 panis
924 5022 954 5082 in
977 5020 1074 5082 latere
1096 5019 1255 5081 Ecclesiae
1277 5026 1308 5081 et
1329 5020 1359 5081 in
1382 5018 1512 5100 quodam
1534 5016 1719 5095 secretario,
1747 5022 1781 5076 ut
1803 5013 1842 5076 de
1863 5010 2029 5088 Aethiopi-
