4525 6034
593 593 624 670 S.
649 590 784 669 xisti
813 593 957 671 PAPAE
982 592 1169 670 Bouill.
1489 593 1561 668 139

301 778 483 853 Sacerdos.
536 778 579 851 Et
613 779 754 875 Spiritus
790 782 912 871 macti,
942 783 1113 877 principii,
1140 758 1373 875 perfectionis,
1401 789 1435 851 et
1461 755 1562 870 sigilli

207 898 341 1000 omnium
368 920 454 991 muas
487 906 564 969 sunt
588 906 623 967 et
656 895 787 969 luerunt
817 898 851 968 in
883 897 981 970 coelo
1014 907 1048 969 et
1078 900 1112 968 in
1145 907 1250 969 terra:
1284 898 1378 968 unius
1412 897 1562 982 virtutis,

204 1015 293 1085 unius
317 1015 506 1108 potestatis,
541 1014 636 1086 maius
668 1005 865 1103 voluntatis}
889 1016 985 1086 unius
1012 1013 1075 1084 Dei
1101 1016 1193 1101 veri3
1229 1011 1406 1101 benedicti,
1434 1008 1562 1108 excelsi

205 1138 236 1201 et
258 1128 401 1221 indivisi,
428 1154 448 1202 a
475 1151 541 1224 quo
570 1139 623 1202 est
648 1132 719 1201 vita
744 1129 938 1203 insaecula
965 1128 1184 1205 saeculorum.

438 1471 613 1545 Sacerdos
638 1473 723 1544 dta‘t
750 1473 948 1546 Orationem
973 1480 1054 1545 arte
1079 1472 1180 1544 Pater
1204 1481 1329 1544 noster.

299 1679 407 1776 Aperi
439 1680 583 1754 Domine
608 1682 718 1769 Deus,
754 1703 814 1753 ora
841 1691 875 1752 et
897 1679 986 1753 labia
1006 1687 1138 1752 nostra:
1166 1676 1336 1751 sanctifica
1359 1679 1459 1748 etiam
1477 1699 1562 1751 cor-

201 1818 280 1892 pora
307 1806 344 1868 et
369 1799 494 1870 animas
522 1800 664 1870 omnium
698 1807 861 1869 nostrum:
896 1819 1004 1894 purga
1040 1816 1172 1892 quoqum
1204 1803 1331 1865 mantes
1365 1801 1399 1863 et
1432 1793 1562 1885 linguas

200 1923 345 2002 nostras,
370 1921 406 1986 ut
432 1913 677 2010 deprecabundi
702 1912 881 1986 clamemus
909 1913 951 1987 ad
983 1921 1036 2005 te,
1069 1912 1172 1983 Pater
1204 1908 1504 1983 misericordiarum
1530 1917 1564 1980 et

199 2028 290 2102 Deus
327 2030 502 2103 eoelestis:
545 2052 744 2125 oramusque
784 2039 818 2102 et
851 2029 1007 2102 dicemus.
1075 2028 1177 2100 Pater
1213 2035 1327 2099 noster
1366 2026 1421 2120 qui
1457 2045 1495 2095 es
1531 2027 1563 2095 iu

200 2146 313 2224 coelis.
1207 2171 1211 2180 ·

301 2264 463 2359 Poprdas.
516 2263 746 2337 Sanctificetur
771 2286 890 2337 nomen
919 2273 1016 2335 tuum.

298 2379 484 2452 Sacerdos.
538 2379 657 2453 Omnia
684 2383 783 2452 etiam
809 2402 895 2475 quae
919 2402 984 2452 nos
1011 2378 1196 2451 deteriores
1215 2385 1271 2450 aut
1296 2372 1563 2471 imperfectiores

197 2494 333 2586 molunt,
359 2501 393 2569 in
419 2519 460 2569 ea
487 2507 652 2570 commuta
679 2500 787 2585 citius,
812 2498 965 2584 Domine,
993 2518 1079 2591 quae
1106 2517 1169 2569 nos
1190 2493 1347 2566 meliores
1366 2502 1400 2563 at
1427 2489 1563 2583 dignio-

197 2634 252 2688 res
279 2614 434 2687 efficiant:
462 2623 497 2686 at
520 2613 705 2688 reseramus
732 2612 790 2686 tibi
816 2612 971 2706 gloriam,
997 2622 1060 2685 etc.

299 2730 462 2826 Poprdae.
514 2733 634 2805 Arnen

299 2847 485 2920 Sacerdos.
538 2848 622 2920 Pax.

298 2963 462 3057 Popalas.
514 2961 558 3035 Et
583 2986 656 3037 eum
684 2965 798 3059 spiritu
829 2971 895 3035 tuo.

300 3081 489 3154 Diaconos.
540 3079 700 3154 lnoliuato
731 3086 838 3176 capita
866 3089 990 3153 vestra.

303 3198 463 3292 Populos.
519 3196 643 3270 Coram
670 3206 714 3269 te.

300 3314 484 3386 Sacerdos.
539 3313 664 3386 Omnes
700 3318 950 3406 guatinense,
984 3333 1166 3407 omnesque
1198 3297 1448 3386 benedictiones
1474 3324 1562 3400 tuae,

198 3442 232 3503 et
257 3435 370 3505 omnia
397 3431 484 3505 dona
511 3440 566 3503 tua
598 3430 729 3519 divina,
763 3433 917 3519 veniant,
950 3428 1125 3502 illabantur
1157 3437 1191 3499 et
1222 3426 1426 3501 effundantur
1462 3450 1563 3525 super

196 3545 385 3622 Ecclesiam
411 3558 518 3637 tuam,
554 3557 588 3619 et
618 3570 720 3644 super
750 3569 890 3640 gregem
917 3556 1025 3634 tuum,
1051 3545 1204 3632 Domine,
1233 3554 1266 3616 et
1291 3545 1477 3618 referemus
1506 3543 1564 3617 tibi

197 3665 351 3759 gloriam,
377 3674 440 3738 ate.

303 3781 464 3875 Papulas.
518 3780 761 3876 Unusquisque.

301 3898 486 3970 Sacerdos.
539 3896 622 3968 Pax.

303 4014 463 4108 Popalar.
519 4014 662 4086 Etcum
690 4016 805 4109 spiritu
832 4022 896 4085 tuo.

300 4130 484 4202 Sacerdos.
538 4127 652 4202 Gratia
694 4130 862 4202 Trinitatis
903 4140 1041 4203 sanetae
1080 4137 1114 4201 at
1152 4126 1341 4221 gloriosae,
1381 4134 1561 4222 increatae,

196 4248 387 4322 essentialis
413 4257 447 4320 et
472 4258 644 4337 aeternae,
671 4246 861 4320 adorandae
888 4258 921 4319 at
947 4243 1252 4334 consubstantialis,
1279 4248 1321 4317 sit
1348 4269 1421 4319 eum
1449 4252 1562 4320 omni-

196 4362 260 4438 hus
288 4365 401 4454 vohis,
427 4363 549 4436 iratres
575 4367 652 4455 mei,
677 4366 711 4436 in
737 4364 883 4436 saeculo.

304 4481 465 4575 Popalar.
516 4480 661 4563 Etcum
688 4483 803 4576 spiritu
830 4490 898 4552 tuo.

304 4597 479 4670 Sacerdos
505 4598 642 4669 elevans
668 4621 807 4691 corpas,
835 4598 928 4668 dicit.
975 4596 1138 4685 Sanctus,
1166 4595 1327 4687 Sanctus,
1353 4595 1497 4668 Sanctus
1524 4619 1563 4668 es

198 4715 343 4788 Domine
369 4716 462 4787 Deus
495 4724 614 4811 potens
649 4712 813 4801 Sabaoth,
847 4713 936 4809 pleni
969 4722 1043 4784 suut
1076 4711 1162 4784 coeli
1189 4723 1223 4783 et
1249 4721 1338 4783 terra
1364 4711 1472 4803 gloria
1498 4722 1563 4785 tua.

196 4831 347 4906 Elevara
373 4855 474 4927 super
501 4832 627 4920 coelos,
653 4832 758 4920 Deus,
786 4839 819 4902 et
845 4851 945 4925 super
972 4851 1101 4902 omnem
1128 4838 1252 4900 terram
1272 4826 1380 4919 gloria
1408 4837 1471 4898 tua.
1508 4826 1563 4900 Ad

198 4958 234 5020 te
260 4948 374 5022 levavi
401 4948 517 5022 oculos
544 4969 651 5037 meos,
678 4949 734 5043 qui
758 4945 885 5019 habitas
920 4947 955 5017 in
987 4946 1100 5018 coelis.
1154 4945 1248 5018 Sicut
1273 4941 1361 5015 oculi
1387 4964 1562 5017 servorum

198 5063 245 5137 ad
272 5064 423 5138 dominos
450 5086 546 5156 suae,
571 5073 605 5136 et
631 5067 716 5138 sicut
741 5063 827 5136 oculi
854 5062 993 5136 ancillae
1019 5061 1061 5134 ad
1088 5061 1253 5133 dominam
1280 5081 1390 5149 suam,
1418 5062 1461 5130 ita
1488 5068 1564 5132 sunt

226 5204 351 5249 romuli.
1048 5207 1051 5216 “
1312 5178 1358 5250 21
