4525 6034
661 519 738 594 348
1044 521 1120 598 llll
1172 520 1646 599 PATRIARCHA

659 707 793 797 functo,
820 710 893 801 ejus
921 696 1086 803 sequaces
1112 707 1323 783 Timotheum
1348 711 1511 785 Aelurum
1543 711 1797 804 substituerunt,
1830 718 1885 809 qui
1919 718 2030 789 occiso

660 825 832 914 Preterio,
860 823 1061 899 Gatbedram
1088 829 1283 921 occupavit,
1310 831 1504 924 ejectusque
1538 839 1572 901 et
1604 834 1797 916 restitutus,
1831 832 1891 905 suh
1928 833 2030 907 Basi-

658 939 743 1014 lisco
771 951 933 1038 manno,
962 951 996 1012 et
1021 941 1178 1031 Zenone,
1207 946 1262 1037 qui
1294 945 1527 1017 Dioscorianis
1561 944 1740 1035 favebant,
1773 969 1848 1018 eam
1879 969 1942 1041 per
1972 951 2030 1019 ri-

658 1060 740 1149 ginti
768 1058 852 1131 duos
880 1080 984 1130 armos
1012 1061 1162 1150 retinuit,
1198 1059 1378 1132 secuudum
1411 1061 1532 1134 Severi
1568 1072 1602 1132 et
1637 1059 1791 1135 aliorma‘
1807 1062 2031 1136 Jacohitarum

656 1178 864 1247 senteutiam.
903 1174 1079 1248 Timotheo
1112 1177 1232 1248 Petrus
1257 1176 1417 1271 Moggus,
1444 1176 1665 1269 Athanasius,
1691 1180 1854 1265 loannes,
1881 1177 2029 1254 loannes

659 1291 763 1382 alter,
789 1292 975 1364 Dioscorus
999 1294 1129 1385 junior,
1157 1292 1371 1384 Timotheus,
1403 1293 1633 1383 Theodosius,
1664 1297 1805 1383 Petrus,
1836 1294 2031 1387 Damianos,

654 1411 873 1498 Anastasius,
920 1407 1134 1482 Andronicus
1173 1419 1427 1500 successerunt,
1473 1419 1571 1505 atque
1612 1410 1688 1483 huic
1728 1411 1901 1504 BenJ’amin
1939 1415 2030 1505 eujus

656 1546 743 1596 anno
769 1525 841 1596 XII.
869 1524 899 1595 J.
928 1524 967 1598 G.
993 1524 1128 1597 DCXL.
1155 1525 1363 1599 Alexandria
1391 1526 1432 1599 ah
1460 1527 1630 1601 Arahibus
1657 1540 1756 1623 capta
1790 1537 1862 1618 est,
1894 1532 2030 1602 stadar-

656 1663 720 1734 que
747 1640 918 1733 Beujamia
946 1643 1073 1733 ejectus
1101 1652 1135 1713 et
1165 1645 1198 1712 in
1231 1645 1442 1714 monasteriis
1478 1642 1631 1732 latitans,
1666 1647 1835 1716 restitutus
1874 1657 1927 1718 est
1960 1645 2030 1717 sedi

654 1778 754 1846 suae,
795 1768 894 1853 atque
935 1778 1084 1847 omanem,
1119 1756 1225 1852 pulsis
1259 1755 1464 1831 Orthodoxis
1498 1758 1659 1847 Graecis,
1679 1762 1838 1857 ipsoque
1879 1760 2029 1852 Georgia

654 1873 867 1963 Patriarcha,
895 1875 949 1969 qui
977 1872 1290 1969 Constantinopolin
1316 1873 1416 1967 fugit,
1443 1873 1714 1949 Ecclesiasticam
1735 1883 1947 1950 autoritatem
1961 1874 2029 1949 ob-

653 1998 756 2066 tinuit.
809 1991 854 2064 Ut
881 1980 990 2063 autem
1018 2001 1110 2062 certa
1144 2001 1197 2064 cst
1227 2013 1269 2063 ea
1303 2013 1401 2086 quam
1433 1990 1508 2065 lose
1540 1994 1784 2090 explicavimus
1816 1998 1850 2066 in
1880 1993 2030 2065 Historia

652 2106 868 2185 Patriarchah
900 2104 1126 2179 Jacohitarum
1158 2105 1421 2180 Patriarchamm
1456 2132 1476 2180 a
1510 2108 1677 2182 Dioscoro
1712 2109 1756 2182 ad
1786 2110 2029 2201 Benjaminum,

653 2233 699 2300 ita
725 2230 858 2321 quoquo
885 2227 1071 2295 certissima
1099 2234 1152 2295 est
1177 2222 1412 2296 hodiernorum
1437 2223 1744 2299 Alexandrinorum
1764 2228 1958 2299 Antistiana
1984 2248 2031 2297 ex

654 2343 771 2416 eadem
800 2349 911 2425 secta,
939 2339 981 2411 ad
1007 2340 1237 2431 Benjaminmn
1269 2363 1375 2436 usque
1410 2345 1590 2414 successio.
1644 2342 1731 2414 Nam
1758 2346 1820 2415 etsi
1848 2364 1910 2437 per
1937 2341 2029 2431 ihud,

654 2461 696 2531 de
724 2479 789 2553 quo
817 2478 899 2527 mox
925 2453 1137 2545 dicebamus,
1164 2457 1371 2529 intervallum
1398 2460 1493 2529 unius
1519 2457 1627 2530 ferme
1658 2457 1803 2547 saeculi,
1837 2481 1902 2552 quo
1934 2457 2030 2530 Mel-

653 2576 762 2647 chitae
788 2577 864 2645 sive
892 2569 1090 2662 Orthodoxi,
1117 2572 1342 2644 Putriarcham
1369 2596 1436 2646 non
1462 2572 1663 2666 hahuerunt,
1690 2574 1866 2649 videbatur
1892 2579 2028 2647 onmino

652 2693 794 2765 tutmmn
821 2700 857 2761 ut
883 2710 1001 2761 eorum
1027 2691 1216 2761 continuata
1245 2688 1287 2761 ab
1314 2690 1520 2785 Apostolicis
1548 2689 1751 2786 temporibus
1778 2691 1865 2764 linea
1887 2690 2029 2763 abrum‘-

653 2819 806 2908 peretur,
834 2815 991 2900 essetque
1019 2804 1220 2900 periculum,
1247 2828 1291 2876 ne
1317 2805 1478 2895 Barbari,
1506 2810 1562 2902 qui
1589 2807 1850 2881 Christianorum
1879 2811 1953 2900 jura
1981 2831 2031 2879 ex

654 2927 728 3000 sola
753 2928 973 3021 possessione
998 2921 1262 3011 constituebant,
1289 2944 1356 2994 non
1382 2921 1481 2997 facile
1507 2933 1699 3018 paterentur
1729 2927 1856 2998 restitui
1888 2925 2031 2997 Graccis
2138 2962 2144 2967 ·

656 3064 740 3139 quos
779 3040 1048 3136 suspectissimos
1084 3037 1268 3128 habehant,
1302 3039 1560 3112 Patriarchalem
1594 3040 1804 3132 dignitatem,
1839 3041 1960 3114 factum
1996 3042 2030 3113 id

654 3172 764 3232 tamen
798 3168 850 3230 est
890 3160 980 3227 circa
1016 3177 1135 3226 annum
1174 3154 1322 3246 Hegirae
1355 3153 1457 3227 CXII.
1494 3158 1549 3251 qui
1583 3156 1767 3252 respondet
1802 3179 1888 3228 anno
1923 3180 2031 3237 aerae

656 3277 864 3349 Christianae
890 3270 1094 3347 DCCXXX.
1147 3272 1261 3366 Atque
1287 3271 1446 3368 deinceps
1473 3294 1553 3345 suos
1581 3295 1714 3368 quoque
1745 3271 1922 3346 hlelchitae
1952 3274 2030 3346 Pa-

655 3391 816 3465 triarchas
838 3411 972 3485 semper
998 3387 1200 3477 hahuerunt3
1227 3398 1262 3459 et
1287 3387 1417 3460 illorum
1442 3388 1609 3480 legitimus
1638 3412 1818 3464 successor
1844 3398 1896 3461 est
1910 3386 2029 3460 Grae-

654 3531 733 3598 cus,
760 3511 814 3603 qui
842 3506 973 3579 Graece
1000 3526 1098 3577 sacra
1125 3502 1291 3592 celebrat,
1319 3515 1353 3577 et
1378 3507 1519 3599 primum
1552 3507 1584 3575 in
1610 3504 1766 3578 Ecclesia
1801 3506 1930 3577 Graeca
1966 3504 2029 3577 lo-

654 3648 747 3715 cum,
773 3635 850 3720 post
878 3619 1278 3716 constantinopolitanum
1305 3621 1439 3693 obtinet.

384 3759 458 3811 Tituli
477 3760 641 3816 raanocua-
758 3740 845 3811 Vlll.
871 3741 925 3812 De
950 3738 1007 3810 illo
1035 3739 1190 3831 quoniam
1223 3735 1315 3807 multi
1350 3739 1572 3831 scripserunt,
1603 3760 1711 3833 neque
1744 3741 1880 3816 instituti
1911 3744 2029 3835 operis

332 3861 388 3896 “¹¹⁰
404 3845 740 3930 Alexandrinorummfio
766 3854 924 3952 postulat,
951 3863 986 3925 ut
1012 3857 1044 3924 iu
1072 3852 1276 3925 Graecarum
1302 3851 1531 3925 Ecclesiamm
1557 3851 1660 3924 rebus
1688 3877 1773 3947 quae
1800 3859 1880 3928 satis
1907 3855 2029 3951 expli-

655 3985 752 4048 catae
790 3982 880 4060 sunt,
918 3993 1054 4065 operam
1094 3968 1339 4065 impendamus,
1380 3992 1421 4042 ea
1454 3968 1661 4042 solummodo
1694 3969 1894 4059 referemus,
1935 3995 2029 4067 quiae

655 4095 788 4166 omnino
816 4090 903 4162 dictu
929 4089 1123 4160 necessaria
1150 4095 1255 4157 erunt.
1307 4085 1521 4181 Amplissima
1549 4107 1631 4160 sane
1664 4086 1807 4179 dignitas
1839 4088 1923 4161 illius
1959 4100 2027 4177 est,

654 4219 689 4280 ut
716 4232 762 4280 ex
788 4207 1004 4293 Balsamone,
1038 4203 1115 4276 Nilo
1142 4204 1371 4297 Doxapatrio,
1402 4202 1555 4291 Notitiis,
1587 4189 1858 4298 variisque‘aliis
1890 4210 2027 4278 autori-

653 4323 776 4397 tatibus
817 4331 962 4412 eoustat,
1001 4344 1088 4416 quae
1126 4324 1209 4392 viris
1246 4318 1382 4392 eruditis
1422 4321 1615 4391 notissimae
1652 4331 1737 4394 sunt
1801 4319 2027 4395 Ambitiosum

655 4463 787 4537 quoque
813 4438 939 4510 titulum
972 4446 1110 4531 usurpat
1145 4440 1284 4531 Kpcrori
1309 4441 1372 4531 τῆς
1403 4436 1613 4532 oiaovpa'uqe
1646 4436 1780 4507 Judtcia
1817 4442 1920 4510 totius
1956 4461 2027 4509 or-

654 4557 721 4645 bis,
762 4557 857 4647 cujus
891 4563 1000 4625 tamen
1040 4553 1139 4641 tituli,
1182 4553 1289 4648 qualis
1322 4555 1499 4647 antiquitas
1539 4555 1600 4639 sit,
1643 4575 1710 4624 non
1749 4553 1850 4647 plane
1884 4558 2026 4649 perspi-

652 4670 749 4745 cuum
777 4681 844 4760 est,
873 4670 934 4743 sed
960 4670 1002 4742 ab
1031 4673 1125 4741 annis
1151 4668 1226 4766 plus
1253 4673 1359 4741 minus
1386 4668 1535 4742 ducentis
1567 4672 1601 4740 in
1626 4690 1690 4742 usu
1714 4667 1791 4757 brit,
1817 4680 1853 4741 ut
1879 4691 1925 4740 ex
1950 4692 2026 4741 va-

651 4793 710 4861 riis
737 4787 840 4860 literis
867 4798 975 4883 patet,
1003 4808 1140 4881 quarum
1168 4795 1284 4858 extant
1310 4786 1488 4857 nonnullae
1521 4784 1608 4880 apud
1641 4782 1796 4857 Crusium
1827 4787 1860 4855 ia
1886 4784 2025 4857 Turco-

654 4905 812 4993 Graecia,
840 4904 925 4976 aliae
953 4902 1040 4998 apud
1065 4901 1238 4974 Ahatium:
1265 4925 1364 4974 unam
1392 4901 1495 4974 refert
1522 4902 1690 4994 Georgius
1705 4899 1823 4973 norea
1849 4905 1882 4973 in
1902 4901 2026 4974 ltinere

653 5020 1037 5117 Constantinopolitano,
1064 5019 1146 5093 alias
1161 5018 1321 5093 hahemus
1348 5018 1475 5092 Meletii
1500 5020 1617 5113 Pigae,
1645 5025 1722 5091 ante
1748 5028 1879 5091 cenmm
1906 5027 1939 5090 ct
1952 5016 2024 5090 ali·
