4525 6034
691 574 801 649 150·
1190 577 1546 656 litoteta

791 764 939 836 mewa
963 785 1088 836 vocem.
1146 761 1190 835 Et
1214 773 1342 839 mentes
1369 788 1495 858 eorum,
1522 769 1577 862 qui
1602 788 1742 860 reguum
1766 789 1868 864 super
1881 768 2041 865 *populum

688 892 777 956 bunun
804 879 1026 970 ambiuntad
1053 889 1087 951 te
1112 878 1244 972 inclino,
1268 882 1429 970 Domine,
1464 893 1497 954 et
1523 882 1564 956 ad
1599 884 1688 957 bona
1713 906 1899 981 propensos
1924 884 2042 981 perfice

686 999 776 1071 illos:
803 1007 839 1070 ut
864 1018 927 1069 nos
953 999 1078 1093 pariter
1104 994 1334 1069 Sacerdotium
1361 1022 1436 1070 cum
1462 998 1536 1087 illis,
1564 1003 1597 1070 in
1623 1022 1665 1070 ca
1691 1000 1935 1095 tranquillitate,
1962 1023 2043 1096 quoe

687 1138 761 1187 cum
792 1136 908 1188 eorum
939 1116 1198 1186 conservatione
1232 1122 1377 1201 constet,
1414 1114 1697 1206 administremus,
1728 1125 1763 1188 et
1793 1140 1866 1188 cum
1899 1114 1962 1188 illis
1987 1112 2044 1186 tibi

686 1230 828 1325 gloriam
853 1228 1050 1319 referemus,
1077 1240 1110 1301 et
1136 1231 1305 1321 unigenito
1332 1229 1417 1304 Filio
1444 1241 1511 1304 tuo.

790 1346 963 1418 Sacerdos
988 1346 1179 1417 inclinatur.
1232 1347 1381 1439 Dignare
1417 1350 1515 1419 ctiam
1540 1350 1702 1438 Domine,
1728 1350 1935 1440 meminisse,
1962 1370 2043 1420 san-

686 1477 761 1537 otae
787 1473 821 1535 et
845 1462 1040 1560 praeclarae
1066 1484 1199 1557 semper
1224 1463 1374 1555 Virginis
1399 1464 1526 1537 Beatae
1551 1464 1690 1558 Mariae,
1717 1475 1751 1537 et
1777 1489 1852 1537 cum
1877 1488 1930 1553 ea,
1957 1467 2045 1538 Pro·

685 1580 857 1678 phetarum
884 1589 919 1650 et
944 1577 1198 1675 Apostolorum,
1223 1578 1427 1675 Martyrum,
1456 1579 1713 1669 confessorum,
1740 1582 1891 1668 Piorum,
1917 1580 2045 1652 Sacer-

687 1697 798 1770 dotum
824 1705 858 1767 et
884 1696 1065 1784 lustorum,
1092 1696 1147 1791 qui
1173 1698 1206 1766 in
1231 1695 1297 1768 lide
1318 1718 1402 1767 vera
1427 1695 1567 1793 perfecti
1583 1701 1773 1784 extiterunt,
1800 1706 1835 1768 et
1860 1697 1899 1767 B.
1912 1696 2046 1767 loannis

684 1814 916 1910 praecursoris
943 1820 977 1883 et
1001 1813 1184 1907 Baptistae,
1212 1823 1246 1884 et
1272 1811 1307 1884 S.
1334 1813 1497 1908 praeclari
1511 1813 1671 1910 Stephani
1697 1816 1792 1909 primi
1808 1812 2044 1900 Diaconorum,

686 1941 720 2003 et
745 1930 1011 2026 protomartyris,
1037 1938 1136 2023 atque
1162 1932 1305 2001 omnium
1331 1941 1530 2002 sanctorum.

788 2045 937 2117 Eleouao
963 2065 1088 2117 nocem,
1129 2045 1408 2141 Deprecationem
1434 2045 1492 2118 tibi
1519 2046 1698 2136 offerimus,
1725 2066 1746 2116 o
1771 2040 2045 2142 princepsDeus,

684 2176 720 2237 ut
745 2162 808 2236 illis
836 2165 891 2259 qui
917 2163 950 2232 in
977 2162 1127 2253 angentia
1147 2164 1313 2234 constituti
1338 2164 1463 2233 exitum
1479 2184 1545 2235 non
1560 2161 1693 2251 babent,
1719 2158 1924 2234 latibudinem
1941 2181 2045 2255 proe-

685 2291 773 2354 stes:
799 2290 833 2352 et
858 2278 922 2351 illis
949 2281 1004 2373 qui
1030 2275 1156 2372 absque
1183 2286 1315 2349 rectore
1342 2288 1435 2367 sunt,
1461 2279 1710 2371 gubernationis
1742 2289 1819 2349 tuae
1850 2273 2044 2347 beneficium

685 2397 850 2471 conferas.
904 2395 974 2467 Fac
1000 2414 1063 2467 nos
1091 2392 1211 2485 dignos
1237 2404 1332 2491 parte
1358 2417 1473 2468 eorum
1507 2398 1562 2491 qui
1594 2394 1652 2468 tibi
1678 2384 1710 2466 in
1740 2395 1883 2466 veritate
1910 2394 2046 2463 seruie-

684 2525 771 2604 runt,
798 2512 1058 2609 placuerantque
1084 2508 1161 2598 tibi,
1188 2520 1222 2581 et
1248 2532 1386 2605 quorum
1412 2514 1571 2584 memoria
1607 2515 1639 2583 in
1675 2520 1845 2583 aeternum
1878 2507 2045 2590 subsistet

683 2642 719 2703 ut
751 2654 824 2703 cum
860 2632 909 2702 eis
943 2627 1033 2721 digni
1064 2627 1242 2699 efficiamur
1273 2627 1438 2700 referendi
1473 2629 1614 2720 gloriam
1646 2637 1680 2699 et
1711 2624 1842 2698 laudem
1867 2626 1940 2695 sine
1966 2621 2045 2708 line,

684 2747 744 2821 tibi
770 2756 802 2819 et
827 2748 997 2838 unigenito
1023 2742 1108 2816 Filio
1136 2754 1201 2816 tuo.

786 2860 960 2934 Sacerdos
993 2859 1184 2932 inclinatus.
1235 2858 1403 2933 Memento
1438 2861 1580 2945 Domine
1621 2859 1749 2932 illorum
1784 2862 1839 2954 qui
1875 2861 1908 2928 in
1945 2854 2043 2928 domo

683 2990 873 3054 sanctorum
905 3002 968 3052 nos
1003 2986 1277 3073 praecesserunt,
1319 2976 1543 3051 occubuerunt
1575 2987 1608 3049 et
1646 2980 1788 3072 quietem
1831 2982 2044 3070 acceperunt,

682 3097 818 3169 Petrum
844 3103 1053 3182 sanctorum,
1079 3094 1261 3166 Doctorum
1289 3093 1580 3184 Orthodoxorum,
1616 3096 1761 3167 maxime
1795 3114 1881 3166 vero
1914 3091 2043 3182 ignatii,

683 3212 837 3306 Dionysii
865 3219 898 3280 et
923 3208 1125 3305 reliquorum
1151 3220 1357 3301 sanctorum,
1388 3222 1423 3282 ut
1448 3234 1510 3308 per
1535 3215 1704 3284 orationes
1731 3220 1764 3281 et
1789 3208 2043 3304 deprecationes

684 3350 798 3400 eorum
825 3326 1003 3399 liberemur
1030 3350 1050 3398 a
1077 3327 1162 3399 dolis
1189 3332 1262 3421 ejus
1289 3330 1343 3422 qui
1370 3350 1416 3398 ex
1442 3326 1587 3400 adverso
1615 3339 1685 3416 est,
1718 3335 1752 3397 et
1785 3324 1827 3396 ab
1860 3318 2042 3395 hominibus

682 3467 726 3516 ne
749 3467 834 3515 uam.

728 3469 748 3539 q
786 3559 936 3630 Eleouoa
961 3580 1086 3629 cocere.
1134 3555 1179 3630 Et
1203 3557 1332 3630 illorum
1359 3560 1413 3652 qui
1439 3557 1620 3629 luculenter
1647 3553 1830 3627 detulerunt
1856 3554 2039 3624 annuncia·

682 3679 806 3748 tionem
842 3687 928 3748 tuam
963 3674 1150 3765 vivificam,
1181 3677 1214 3746 in
1249 3697 1379 3748 omnem
1414 3685 1536 3747 terram
1572 3695 1656 3768 quae
1689 3667 1749 3744 suh
1783 3667 1880 3742 coelo
1908 3679 1979 3756 est,
2009 3676 2040 3738 et

680 3792 868 3865 Ecclesiam
895 3802 983 3863 tuam
1009 3800 1159 3864 sanctam
1184 3792 1471 3878 confirmaverunt,
1497 3813 1559 3886 per
1589 3788 1687 3861 fidem
1710 3786 1940 3863 Ortlrodoxam
1965 3807 2037 3857 me-

681 3917 806 3999 mento,
834 3917 867 3980 et
892 3931 954 4004 per
980 3911 1150 3982 orationes
1177 3930 1290 3980 eorum
1311 3931 1423 4004 puras,
1448 3931 1511 3981 nos
1539 3929 1670 4003 quoque
1695 3927 1756 4002 per
1781 3902 2038 3975 misericordiam

681 4034 782 4110 tuam,
810 4032 844 4095 et
869 4046 960 4119 spem
988 4046 1074 4119 quae
1101 4047 1121 4095 a
1148 4034 1181 4096 te
1207 4033 1271 4111 est,
1297 4028 1381 4095 inter
1404 4036 1522 4097 coetus
1545 4046 1661 4097 eorum
1674 4043 1835 4115 aggrega.

788 4138 962 4210 Sacerdos
987 4141 1178 4211 inclinatur.
1231 4142 1297 4212 Per
1322 4140 1386 4213 boc
1413 4141 1608 4214 sacrificium
1630 4138 1716 4234 quod
1743 4138 1896 4209 manibus
1922 4137 2037 4208 nostris

684 4254 925 4350 peccatricibus
951 4256 1010 4329 tibi
1036 4256 1192 4345 offertur,
1218 4258 1379 4345 Domine,
1405 4261 1597 4331 memoriam
1631 4255 1686 4327 iac
1710 4264 1858 4351 petrum,
1893 4250 2035 4335 frauum,

683 4374 982 4467 magistrorumque
1013 4384 1223 4461 nostrorum,
1259 4377 1314 4469 qui
1343 4373 1471 4469 pridem
1504 4373 1646 4446 defuncti
1677 4382 1710 4443 et
1744 4393 1790 4441 cx
1822 4367 1888 4440 hoc
1922 4364 2034 4438 mundo

682 4486 824 4582 proiecti
851 4487 893 4560 ad
928 4498 961 4559 te
987 4500 1225 4584 pervenerunt:
1259 4494 1467 4587 omniumque
1498 4489 1638 4563 fidelium
1672 4486 1902 4559 defunctorum
1937 4482 2034 4575 hujus

682 4610 716 4673 et
741 4606 974 4700 cujuscumque
1000 4603 1076 4694 loci,
1101 4609 1281 4702 praecipue
1306 4628 1391 4679 vero
1416 4607 1546 4679 illorum
1573 4629 1635 4703 pro
1654 4603 1770 4701 quribus
1797 4602 1934 4674 oliertur
1959 4599 2034 4671 hacc

681 4716 816 4790 oblatio.

785 4836 936 4908 Eleccrro
960 4858 1084 4908 cocera.
1136 4837 1294 4928 Domine,
1336 4839 1478 4912 Domine
1512 4848 1640 4913 amator
1678 4837 1863 4923 hominum,
1902 4835 1937 4903 in
1969 4834 2032 4901 sinu

682 4947 840 5023 Abrahae
867 4951 1006 5040 colloca,
1034 4964 1068 5025 et
1094 4958 1266 5049 quiescere
1293 4955 1375 5048 jube
1402 4978 1481 5046 eoS,
1514 4959 1569 5052 qui
1601 4959 1634 5027 in
1666 4954 1731 5028 fide
1757 4950 1947 5026 orthodoxa
1972 4945 2030 5016 hu·

682 5088 801 5139 manae
827 5072 918 5141 vitae
943 5070 1114 5165 periodum
1142 5072 1411 5167 compleverunt,
1443 5084 1478 5146 et
1509 5076 1577 5146 vita
1608 5071 1670 5145 hac
1696 5066 1871 5165 temporali
1896 5061 2029 5138 exsoluti
