4525 6034
579 573 631 647 AD
648 571 854 648 tuututm
874 569 1067 649 copulatu
1090 572 1121 649 S.
1138 570 1283 651 BASILH.
1538 577 1611 649 177

329 758 423 822 Multo
453 758 550 840 magis
584 766 709 819 cavetur
738 774 777 819 nc
805 755 920 818 acidum
949 757 1104 823 offeratur.
1152 757 1233 821 idem
1262 760 1433 841 Episcopus
1462 760 1609 825 Melichae
1678 782 1796 835 fanones
1817 787 1882 836 vorti
1900 785 1934 838 d,

134 844 137 848 ’
248 859 352 922 ecdem
373 860 442 921 loco
466 865 523 921 art.
549 854 600 918 31.
624 857 721 918 Panis
742 856 972 918 Eacloristicas
992 859 1084 937 pissia
1105 867 1151 920 est
1172 867 1225 921 aot
1246 868 1369 939 raptas.-
1396 868 1532 939 potestne
1559 863 1612 942 os·
1624 869 1688 919 vtuo
1700 870 1724 919 in
1735 885 1802 935 pene
1811 881 1854 923 aut
1863 874 1935 924 vino.

240 959 320 1038 serii
340 979 381 1020 ea
407 961 468 1020 eo?
498 957 532 1019 tt.
563 956 728 1037 Stipendus
756 964 803 1018 est
831 956 938 1016 melior
966 967 996 1018 et
1015 958 1149 1037 inteper:
1179 966 1279 1020 tamea
1308 958 1346 1020 ab
1376 977 1481 1021 earum
1509 982 1612 1025 rerum

242 1059 389 1139 desectam
418 1077 496 1139 qaae
525 1058 567 1118 ad
595 1057 702 1117 melias
730 1057 914 1131 cartdaaeat,
952 1075 1013 1117 noa
1040 1065 1086 1119 est
1112 1056 1321 1119 abstinendum
1348 1058 1388 1120 ab
1414 1057 1612 1123 Eticltaristia

242 1158 432 1224 oelebraada.
475 1156 538 1218 Sed
559 1157 679 1236 aitardo
701 1157 803 1217 mum
824 1156 857 1215 ia
878 1163 996 1217 acetrtm
1017 1164 1161 1218 mutatam
1184 1154 1390 1238 est,Litarpia
1405 1176 1472 1219 ema
1493 1178 1530 1220 eo
1552 1180 1612 1222 aon

240 1266 286 1320 eet
306 1258 506 1332 celebranda,
536 1257 657 1318 etiamsi
684 1254 770 1317 aliud
795 1274 855 1316 aaa
877 1255 1056 1334 reperiatur.
1100 1255 1220 1317 Etertim
1240 1255 1402 1336 Scriptura
1423 1256 1529 1318 divina
1546 1278 1612 1338 pa-

239 1378 305 1420 nem
327 1365 359 1419 et
377 1360 479 1419 mam
500 1355 639 1417 adhiberi
655 1354 822 1435 praecipit:
850 1356 942 1434 partis
968 1362 1067 1415 autem
1088 1353 1318 1417 Eucharistiae
1323 1401 1335 1432 ,
1358 1375 1425 1417 mim
1444 1357 1536 1436 fisum
1557 1366 1612 1435 est,

239 1476 298 1518 nore
320 1458 432 1519 amittit
447 1457 540 1536 panis
566 1462 723 1529 naturam,
746 1472 905 1533 saporem,
931 1454 1181 1534 appellativum,
1208 1463 1264 1516 oat
1288 1455 1452 1517 utilitatem.
1498 1456 1613 1521 Contra

238 1556 341 1617 cinam
373 1574 461 1617 saam
483 1573 615 1634 proruis
640 1562 783 1615 naturam
812 1555 937 1628 omittit,
974 1554 1095 1634 wando
1124 1556 1157 1615 ia
1179 1555 1261 1616 aceti
1280 1573 1433 1635 saporem,
1454 1576 1562 1619 nomeu
1584 1567 1614 1621 et

238 1672 325 1715 mam
347 1674 468 1718 vermem
489 1663 553 1717 est:
582 1662 672 1734 atprte
699 1656 744 1715 ita
765 1653 840 1714 illud
862 1650 972 1733 offerre
1002 1655 1122 1714 omnino
1148 1654 1309 1715 nonlicet.
1353 1653 1496 1717 Eamdem
1518 1656 1613 1719 disci-

239 1754 350 1834 plinam
384 1761 475 1835 atque
505 1753 611 1816 iisdem
639 1751 741 1814 verbis
773 1753 913 1831 exprimit
941 1750 1152 1814 thminensis
1180 1751 1211 1813 in
1239 1752 1427 1815 Collectiono
1456 1754 1610 1817 Canonum

242 1871 305 1934 cop.
330 1852 381 1915 tt.
406 1859 436 1927 §-
460 1855 491 1917 l.
537 1851 659 1914 Gabriel
682 1849 855 1913 Patriarcha
878 1852 907 1913 in
930 1851 1048 1915 Rituali.
1082 1850 1260 1933 Anonymus
1284 1852 1322 1914 de
1345 1853 1451 1916 ritibus
1473 1856 1504 1916 in
1519 1853 1611 1916 Missa

239 1953 399 2015 servandis
422 1952 557 2015 etmulti
582 1952 640 2014 alii.
686 1950 852 2032 Praecipue
875 1969 950 2013 vero
973 1952 1071 2013 omnia
1099 1952 1204 2031 paucis
1238 1951 1340 2013 verbis
1364 1952 1540 2033 complexus
1563 1960 1610 2016 cst

238 2051 397 2131 Barsalibi,
419 2060 452 2115 ut
475 2054 564 2117 docet
586 2068 643 2113 nos
667 2050 825 2113 Tractatus
847 2050 996 2114 Arabicus
1020 2050 1058 2112 dc
1080 2051 1116 2113 iis
1140 2069 1218 2132 quae
1240 2050 1278 2113 ad
1292 2050 1448 2135 Litargiae
1469 2052 1610 2115 celebra-

238 2152 350 2215 tionem
374 2152 533 2215 observari
555 2152 682 2215 debent:
705 2151 767 2230 ubi,
791 2157 896 2213 contra
918 2151 1096 2215 senteutiam
1118 2149 1275 2214 Michailis
1297 2150 1440 2232 Episcopi
1462 2151 1610 2215 Malichac

240 2253 380 2332 superius
403 2252 539 2330 relatam,
559 2269 683 2314 succum
704 2269 744 2312 ex
767 2251 833 2312 uvis
856 2250 1000 2329 exprimi,
1024 2257 1055 2311 et
1078 2269 1117 2312 ex
1141 2249 1198 2312 illis
1221 2248 1460 2313 Eucharisticom
1484 2253 1610 2314 calicem

240 2352 354 2431 offerri,
376 2352 472 2414 licere
491 2354 651 2415 existimat.
696 2350 805 2412 Oblata
821 2350 1007 2425 observetur,
1030 2352 1074 2412 ita
1088 2358 1121 2411 at
1132 2370 1227 2431 neque
1238 2351 1314 2430 fissa
1329 2353 1369 2414 eit
1381 2372 1476 2433 neque
1488 2352 1610 2428 adusta,

239 2454 293 2514 sed
314 2455 450 2533 iitepra:
471 2472 565 2532 raeque
583 2458 713 2531 paretur
733 2453 777 2511 ita
799 2458 833 2511 at
853 2450 902 2511 ael
919 2449 1101 2528 semmtata
1122 2469 1183 2511 aaa
1205 2452 1255 2526 ait,
1277 2450 1513 2529 celsermentum
1534 2471 1611 2513 aco-

240 2571 300 2615 rem
321 2554 520 2615 coemerit.
563 2549 599 2612 ln
620 2552 800 2611 necessitate
823 2568 920 2628 porro
942 2547 1094 2610 celebrari
1121 2548 1262 2630 Litarpia
1285 2559 1386 2629 potest
1413 2570 1482 2613 cam
1508 2552 1612 2614 oblata

240 2672 315 2733 puae
340 2654 417 2730 fissa
445 2653 518 2726 erit,
544 2651 634 2712 modo
662 2650 700 2710 de
727 2659 847 2711 caetero
875 2649 994 2728 maara
1023 2649 1073 2723 sit,
1099 2647 1139 2709 ab
1169 2668 1275 2730 azymo
1304 2657 1359 2711 aut
1385 2668 1487 2712 acore.
1531 2650 1611 2714 Nam

240 2753 359 2814 adustio
382 2770 459 2832 qaae
478 2751 619 2829 fissuram
639 2750 744 2829 pipnit,
767 2766 835 2809 eam
855 2767 916 2809 aaa
937 2755 1034 2837 mutat
1054 2766 1075 2808 a
1096 2755 1210 2810 catara
1223 2749 1324 2827 panis.
1369 2747 1516 2813 Obseicet
1531 2771 1611 2833 quo-

239 2871 293 2932 arie
314 2851 469 2912 Sacerdos
491 2849 648 2929 diliperiler
668 2849 779 2923 amam,
800 2866 839 2908 ae
859 2848 891 2908 tn
903 2854 1021 2908 acetum
1042 2866 1163 2908 oeream
1174 2846 1278 2925 faerit,
1301 2856 1503 2928 aatsaporem
1524 2868 1611 2911 snam

240 2952 387 3013 amiserit.
432 2949 468 3017 la
488 2949 668 3010 necessitate
696 2956 796 3009 aatem
824 2953 963 3009 sumatur
982 2964 1111 3007 adamim
1131 2965 1257 3023 cacam,
1283 2956 1337 3009 aat
1358 2968 1398 3009 ea
1419 2950 1488 3010 aces
1505 2949 1611 3027 passis

239 3050 336 3131 liqnior
356 3068 534 3129 expressim
560 3047 651 3109 modo
677 3065 787 3126 expers
812 3048 853 3108 sit
878 3046 959 3126 ipris
988 3052 1042 3106 aat
1068 3045 1194 3108 alterius
1213 3046 1385 3126 husjusmodi
1405 3049 1611 3109 excoctionis:

240 3169 306 3213 atra
327 3150 407 3212 enim
433 3150 535 3210 amam
564 3146 673 3209 borram
695 3148 793 3222 deest,
824 3164 891 3207 crim
920 3147 978 3206 isto
1004 3143 1147 3225 Litarpia
1176 3145 1325 3207 celebrari
1347 3153 1456 3225 potest.
1506 3147 1610 3210 Vrinam

239 3251 361 3311 acidino
381 3247 534 3327 siluerit,
556 3254 611 3309 aut
630 3264 771 3325 saporem
793 3246 923 3307 alienam
945 3246 1148 3319 coobaaerit,
1170 3244 1349 3326 odoremque
1370 3246 1519 3321 andsmit,
1542 3264 1610 3306 cam

239 3370 275 3412 eo
297 3349 487 3411 cormeaatio
507 3348 576 3427 fieri
596 3366 656 3409 non
674 3354 792 3427 potest,
821 3365 857 3407 eo
884 3345 962 3405 enim
989 3344 1079 3405 modo
1107 3344 1192 3405 cauit
1219 3346 1285 3406 aial
1311 3352 1468 3420 aammm,
1491 3353 1521 3407 et
1542 3328 1610 3406 curli

238 3451 346 3511 maora
366 3450 444 3509 istae
466 3447 670 3522 conditiones,
694 3445 858 3508 mnittenda
880 3451 927 3505 est
947 3440 1107 3522 Liturpiae
1129 3442 1300 3504 celebratio.
1346 3442 1428 3505 Haec
1450 3443 1608 3522 Barsalibi,

240 3567 316 3631 quae
340 3546 495 3613 conciliari
518 3554 646 3627 possunt
668 3564 735 3609 cum
759 3544 816 3607 alia
838 3542 1006 3619 sententia,
1037 3542 1106 3622 quia
1133 3558 1206 3603 usus
1229 3541 1312 3623 passi
1334 3543 1515 3622 permittitur
1537 3548 1609 3603 tan-

238 3655 299 3710 tum
322 3650 352 3710 iu
376 3652 511 3709 extrema
531 3647 722 3708 necessitate.
767 3643 854 3706 Adeo
877 3650 975 3705 autem
991 3658 1050 3703 uon
1065 3639 1225 3702 obliterata
1241 3649 1287 3703 est
1309 3641 1469 3704 curabacc
1484 3661 1607 3720 summa,

239 3766 327 3829 quam
349 3745 488 3826 Coptitae
510 3744 650 3807 adhibent
673 3747 703 3806 in
725 3741 942 3825 praeparandis
971 3739 1126 3803 elementis
1157 3740 1195 3802 ad
1223 3742 1482 3804 consecrationem
1511 3741 1608 3804 desti-

237 3848 325 3924 natis,
348 3854 392 3924 ut,
417 3842 498 3926 quod
520 3843 714 3908 Wanslebius
736 3843 864 3918 notavit,
894 3839 953 3901 buc
976 3857 1071 3920 usque
1095 3837 1134 3900 ad
1155 3839 1250 3902 altare
1273 3856 1334 3901 non
1356 3839 1484 3902 atterant
1506 3841 1608 3903 vinum

238 3965 277 4009 ex
299 3944 462 4026 oenopolio
485 3945 626 4024 petitum,
661 3950 801 4023 tanquam
830 3939 961 4004 mistioni
988 3938 1168 4017 obnoxium,
1195 3947 1245 4000 aut
1273 3942 1432 4002 nonsatis
1463 3940 1609 4003 decenter

237 4044 378 4107 habitum.
423 4044 469 4106 Dc
491 4042 691 4124 Aethiopibus
713 4043 745 4105 in
767 4060 896 4123 quorum
918 4038 1075 4119 disciplina
1105 4039 1200 4120 major
1229 4036 1387 4102 difficultas
1408 4039 1544 4120 videtur,
1569 4059 1606 4103 eo

238 4146 316 4227 quod
335 4162 411 4207 uvas
427 4158 524 4225 prope
535 4144 634 4206 siccas
650 4160 727 4224 aqua
748 4160 903 4203 macerare
921 4138 1072 4216 conteuti,
1095 4157 1136 4200 ex
1158 4138 1210 4200 illo
1225 4157 1335 4217 succo,
1360 4140 1411 4221 qui
1425 4140 1492 4221 plus
1509 4158 1606 4220 aquae

237 4242 350 4308 habere
372 4243 507 4322 videtur,
539 4242 718 4305 sacrificium
741 4240 887 4316 oilerunt3
917 4245 967 4300 aut
990 4238 1096 4314 etiam,
1124 4239 1151 4299 si
1173 4256 1234 4301 non
1256 4237 1349 4300 falsus
1371 4237 1426 4300 luit
1447 4238 1605 4301 Abuseioh

235 4345 397 4423 Amanus,
420 4363 460 4405 ea
481 4361 562 4423 aqna
583 4344 650 4406 sola
671 4341 797 4404 calicem
817 4342 952 4415 misceat,
975 4337 1057 4417 quod
1079 4345 1178 4400 umen
1200 4356 1218 4399 a
1240 4339 1357 4424 nemine
1380 4346 1502 4418 practer
1524 4337 1606 4400 illum

235 4444 344 4508 idoneo
367 4450 473 4506 autore
495 4444 657 4506 memoriae
680 4441 829 4524 proditum
852 4446 916 4504 est:
940 4439 966 4500 si
989 4436 1065 4500 haec
1086 4436 1216 4518 iaciunt,
1238 4456 1369 4520 peccare
1392 4438 1460 4501 iilos
1482 4438 1513 4499 in
1534 4454 1602 4499 ma·

235 4546 310 4607 teria
332 4545 509 4607 necessaria
532 4551 645 4606 certum
668 4549 725 4604 est.

321 4643 471 4724 Superest
499 4661 595 4724 aquae
624 4642 737 4719 mistio,
772 4658 861 4721 quam
890 4654 994 4702 omnes
1023 4634 1256 4700 Ecclesiasticus
1286 4636 1481 4701 Orientalium
1514 4635 1601 4720 leges
1651 4636 1740 4707 Aquae
1758 4638 1849 4689 mictic-

234 4742 447 4823 praescribunt
454 4762 464 4820 ;
493 4760 552 4823 qua
582 4744 670 4805 etiam
699 4741 817 4803 ratione
846 4739 876 4800 in
899 4736 1052 4817 Liturgiae
1075 4738 1228 4814 oratione,
1256 4756 1313 4819 per
1335 4756 1422 4819 quam
1445 4740 1602 4801 invocatur

235 4842 363 4922 Spiritus
386 4850 520 4921 sanctus,
542 4842 622 4924 quod
646 4841 741 4904 calice
765 4841 951 4916 continetur,
974 4853 1035 4898 non
1058 4837 1174 4913 vinum,
1204 4837 1259 4900 sed
1282 4839 1399 4901 mistum
1422 4838 1601 4920 appellatur,

236 4939 265 5002 in
286 4941 443 5022 plerisque
466 4941 598 5024 Syriacis
619 4940 822 5005 locabitarum
843 4936 1004 5021 Liturgiis,
1032 4944 1063 4998 ct
1084 4937 1115 4998 in
1138 4955 1175 4999 ea
1197 4936 1340 5001 Oratione
1363 4938 1442 5020 apud
1466 4938 1601 5018 Coptitas

235 5057 311 5120 quae
334 5041 517 5123 paulopost
538 5045 569 5106 in
589 5041 724 5123 Liturgia
751 5041 896 5121 sequitur.
938 5035 1078 5099 Armems
1108 5055 1228 5119 quoquc
1257 5038 1331 5101 vitio
1359 5039 1499 5120 vertitur,
1522 5041 1601 5122 quod

1314 5157 1394 5231 38*
