4525 6034
572 580 626 657 ln
657 576 951 656 tltnndlts
984 574 1267 655 Sihinnus.
1558 581 1608 655 'i'i
1708 562 1710 573 ’

242 763 306 825 aliis
328 760 527 844 dignioribus,
550 765 658 845 quise
680 763 809 826 invicem
831 760 1020 826 oscuiantur:
1043 781 1114 824 mox
1136 761 1312 839 Diaconum,
1335 763 1386 843 qui
1407 763 1532 846 reliquis
1545 765 1609 830 Or-

241 862 318 925 dinis
345 860 551 925 Ecclesiastici
585 863 636 927 dat
665 881 788 945 pacem,
818 882 835 925 a
864 862 973 941 quibus
1000 862 1085 925 Laici
1112 860 1193 924 illam
1220 862 1377 943 accipiunt
1423 861 1550 927 Causam
1577 874 1610 929 et

241 960 478 1044 significationes
499 961 580 1025 ihius
602 963 727 1026 instituti
748 961 881 1044 explicat
902 961 1065 1044 Dionysius
1087 960 1233 1024 Barsatibi
1254 960 1285 1023 in
1308 960 1545 1043 commentario,
1575 972 1609 1027 ut

238 1060 291 1124 aiii
311 1059 430 1122 hituum
450 1060 660 1142 Expositores,
684 1080 811 1144 quorum
832 1060 939 1125 cadem
961 1068 1008 1123 est
1030 1060 1236 1124 cumGraecis
1260 1067 1291 1125 et
1307 1061 1420 1126 Latinis
1443 1064 1592 1127 sententia
1598 1083 1609 1139 ;

239 1159 358 1222 scilicet
385 1167 419 1221 ut
448 1161 627 1225 excludatur
656 1162 757 1226 odium
786 1161 932 1224 adversus
958 1160 1086 1239 iratres,
1115 1154 1311 1244 murato
1340 1163 1406 1225 sive
1432 1163 1608 1243 iniuriarum

239 1260 394 1336 memoria,
416 1259 603 1341 hypocrisis,
631 1261 727 1343 quatis
749 1261 846 1325 Judae
869 1261 1019 1325 Christum
1041 1260 1148 1324 osculo
1169 1260 1326 1342 prodentis
1348 1260 1419 1339 fnit,
1442 1270 1473 1327 et
1494 1264 1608 1326 similes

239 1356 378 1439 affectus,
402 1360 541 1439 quicum
565 1359 733 1424 Christiana
756 1360 881 1424 cantate
902 1361 1069 1424 subsistere
1091 1378 1153 1423 non
1175 1366 1312 1440 possunt.

670 1623 810 1696 Caritas
834 1624 905 1696 Der·
930 1624 1061 1711 Patria,
1089 1628 1153 1694 ein.
1488 1654 1490 1659 ·
1652 1638 1688 1695 lt.
1706 1639 1722 1692 t
1739 1640 1784 1693 23.

340 1833 493 1911 Soram
523 1852 570 1907 est
598 1845 676 1907 haec
698 1842 778 1925 apad
807 1843 976 1909 Orientates
1005 1843 1195 1920 benedictio,
1226 1845 1311 1926 cujus
1343 1845 1547 1926 anhqmtatem
1575 1847 1607 1909 iu
1672 1847 1819 1901 Benedictio
1845 1849 1925 1917 prima

234 1948 375 2033 Biturgia
410 1950 553 2031 Syriaca,
588 1948 744 2012 confirmat
777 1948 872 2030 Syrus
906 1948 1117 2011 Theodoratus
1150 1947 1181 2008 iu
1213 1947 1349 2029 Epistola
1385 1948 1423 2010 ad
1460 1947 1665 2013 Joanuemi'ir
1678 1933 1927 2034 9¹¹¹i⁰⁰⁸¹²¹ffl¹⁹

236 2048 456 2128 oeconomum,
478 2046 583 2110 dicens
605 2047 701 2111 siruui:
725 2048 808 2109 iiiam
823 2067 890 2110 erse
904 2046 1198 2127 dioirraebiturpiae
1209 2046 1409 2110 Prooerrrrirrrr.
1433 2047 1466 2111 iu
1489 2050 1607 2113 Graeca
1617 2020 1640 2072 P
1641 2031 1702 2073 ‘¹⁸⁶‘
1719 2033 1763 2073 ‘¹⁶'

234 2148 357 2213 iacobi.
398 2137 444 2209 ‘H
465 2133 577 2231 ἀγάπη
603 2143 665 2211 τοῦ
691 2142 807 2232 κυρίου
833 2141 890 2209 καὶ
915 2135 1050 2231 πατρός,
1078 2132 1217 2231 ἦχάρις
1241 2143 1301 2207 τοῦ
1327 2140 1403 2210 υἱοῦ
1429 2144 1483 2211 καὶ
1510 2146 1606 2227 Θεοῦ,

234 2243 295 2310 arai
317 2236 338 2333 ἦ
359 2241 510 2310 κοινωνία
532 2240 588 2309 καὶ
610 2235 630 2332 ἦ
651 2234 758 2331 δωρεὰ
779 2241 841 2309 τοῦ
862 2232 1158 2328 ἆγὶουπυεύματος
1179 2230 1228 2327 sir]
1248 2233 1334 2321 μετοὶ
1356 2237 1485 2310 πάντων
1506 2240 1606 2334 ἡμῶν.
1733 2248 1738 2257 ’

236 2347 366 2410 Caritas
385 2347 508 2411 Domini
529 2354 559 2409 et
577 2348 686 2427 pab'ir,
708 2346 818 2408 Gratia
836 2346 894 2425 liiii
914 2344 1021 2421 efflei,
1044 2353 1074 2407 et
1093 2344 1324 2407 communicatio
1345 2347 1512 2429 dorcam
1532 2349 1607 2429 Spi-

233 2450 316 2510 ritus
337 2449 437 2510 amoti
457 2448 497 2509 rit
518 2465 585 2508 cam
607 2445 744 2507 orraribar
764 2446 861 2509 nobis.
912 2443 945 2507 in
975 2445 1089 2508 Codice
1117 2443 1293 2507 Florentino
1321 2446 1362 2507 ita
1389 2444 1502 2529 tegitur
1529 2448 1607 2510 haec

233 2545 375 2610 formula.
421 2545 545 2608 Caritas
565 2544 625 2607 Dei
646 2552 676 2607 et
695 2544 817 2607 Panis:
845 2552 875 2606 et
894 2546 999 2626 pratia
1019 2545 1165 2625 anigeniti
1182 2545 1240 2625 filii
1259 2543 1383 2607 Domini
1402 2545 1461 2609 Dei
1482 2556 1513 2610 et
1531 2548 1607 2610 Sci·

233 2647 358 2707 camna
376 2646 475 2707 nostri
493 2643 569 2706 sera
592 2642 715 2719 Christi,
737 2651 767 2705 et
788 2645 1017 2706 communicatio
1036 2642 1169 2722 Spiritus
1190 2645 1299 2718 saaca,
1321 2645 1362 2704 sit
1383 2663 1450 2706 cum
1471 2646 1608 2708 ommibus

233 2745 334 2808 cobis.
378 2743 553 2825 Respondet
575 2742 717 2824 populus,
739 2742 779 2804 Et
800 2761 868 2804 eam
888 2740 1004 2821 Spiritu
1025 2748 1084 2803 trra.
1129 2740 1177 2803 Ad
1205 2740 1284 2804 hunc
1306 2741 1406 2804 locum
1433 2743 1473 2805 ita
1501 2743 1607 2807 scribit

233 2842 393 2907 Barsalibi.
437 2842 511 2905 Cam
533 2843 608 2905 dicit
627 2841 791 2921 Sacerdos,
815 2838 931 2904 Caritas
953 2840 1059 2917 Patris,
1085 2841 1236 2920 mpdyicm
1263 2843 1344 2922 qaod
1363 2842 1447 2905 Deras
1469 2862 1510 2904 ea
1527 2861 1606 2922 paro

232 2961 354 3017 amore,
374 2942 468 3021 filiam
489 2959 575 3003 arrum
592 2960 651 3021 pro
671 2940 760 3003 nobis
780 2942 873 3003 morti
892 2940 1064 3015 tradiderit,
1084 2948 1118 3002 at
1135 2943 1182 3002 ait
1201 2940 1324 3003 Paratur.
1370 2941 1471 3005 Gratia
1494 2944 1607 3024 unige-

232 3042 291 3104 niti
312 3040 389 3119 Filii,
413 3041 563 3120 aiprrificot
583 3041 664 3121 prod
684 3042 749 3120 ipre
768 3040 859 3120 litias,
879 3040 983 3120 mutia
1004 3057 1062 3100 rara
1084 3047 1114 3101 et
1144 3040 1307 3119 ammira,
1327 3042 1462 3122 pratccit
1480 3048 1608 3103 mortem

231 3137 1647 3222 promashatcmaatar,ecdempmprcttafrctrnoresreytaorraossaahra2

234 3248 339 3303 arderi
360 3238 588 3302 communicatio
611 3245 642 3301 et
663 3236 787 3318 illapsus
810 3236 939 3317 Spiritus
966 3237 1078 3316 sancti,
1107 3238 1248 3319 &ripuar
1273 3240 1354 3319 qaod
1380 3258 1438 3318 per
1466 3241 1606 3320 anparai

232 3339 370 3420 spirinse
390 3339 491 3400 rarreti
513 3338 709 3418 perficiantur
735 3337 900 3416 nmaidein,
923 3341 953 3396 et
978 3335 1145 3399 obtatim
1173 3337 1385 3418 meipsam
1428 3335 1533 3418 ltaque
1561 3357 1603 3401 ex

233 3441 303 3503 istis
325 3438 403 3501 iliius
425 3438 528 3500 verbis
549 3443 686 3519 apparat,
708 3436 823 3518 legisse
850 3435 930 3498 ittam
960 3435 1037 3498 haec
1064 3437 1177 3516 verbs,
1212 3438 1299 3501 aliter
1328 3455 1415 3518 quam
1444 3438 1474 3499 in
1504 3437 1604 3501 multis

234 3538 393 3602 codicibus
416 3537 567 3620 teguntur.
612 3537 645 3598 tn
666 3533 772 3599 iacobi
801 3534 936 3616 Liturgia
961 3534 1112 3613 breviori,
1143 3555 1232 3617 quam
1259 3537 1407 3601 ordinarit
1437 3537 1604 3620 Gregorius

235 3637 421 3716 catholicus,
444 3636 601 3699 observari
623 3652 684 3699 non
698 3641 801 3716 potest
821 3636 847 3697 si
871 3652 929 3716 qua
952 3632 1042 3697 inerit
1063 3635 1201 3699 iectionis
1223 3637 1395 3716 diversitas,
1419 3657 1486 3701 cum
1508 3640 1605 3721 prima

233 3746 352 3800 tantum
372 3755 435 3800 vox
458 3735 589 3812 Coeimr,
618 3733 821 3811 adscribatur,
851 3733 931 3815 quod
959 3733 1095 3797 videmus
1126 3752 1247 3816 quoque
1274 3735 1383 3798 iactum
1411 3739 1442 3800 iu
1471 3737 1605 3820 Syriacis

233 3837 383 3920 Liturgiis
405 3853 502 3918 prope
524 3835 671 3898 omuibus.

324 3938 358 3999 tn
378 3936 515 4018 biturgia
536 3934 686 4009 Nestorii,
719 3950 797 4014 qnae
819 3932 908 3995 tortia
930 3939 978 3994 est
1004 3949 1107 3995 earum
1138 3933 1244 4014 quibus
1274 3934 1445 3998 Nestoriani
1471 3944 1604 4015 utuntur,

234 4035 314 4098 baec
336 4034 506 4099 benedictio
529 4033 575 4096 his
595 4031 699 4095 verbis
723 4039 870 4113 concepta
894 4038 949 4094 est
991 4031 1102 4094 Gratia
1124 4032 1247 4096 Domini
1266 4039 1364 4098 norb-i
1383 4035 1459 4099 ,iera
1481 4035 1606 4113 Christi,

233 4143 267 4196 et
290 4137 407 4197 caritar
426 4135 486 4197 Dei
506 4133 627 4212 Patris,
647 4139 678 4195 et
698 4132 928 4194 aommraricatia
946 4130 1198 4211 Spiritrrrmd,
1221 4134 1262 4196 rit
1279 4136 1502 4213 conaminibus,
1525 4154 1606 4197 oraro

233 4242 267 4296 et
288 4252 406 4314 seraper
427 4242 458 4296 et
478 4235 510 4296 irr
530 4232 654 4295 caecata
674 4231 871 4294 meoniorum.
915 4230 1197 4313 Respondeturqnc.
1231 4232 1335 4295 Amerr.
1378 4234 1492 4297 Eodem
1514 4234 1604 4298 modo

233 4333 352 4415 iegitur
377 4334 408 4396 in
436 4331 581 4416 biturgiis
609 4329 734 4393 Graecis
763 4328 865 4392 Basilii
894 4338 924 4392 et
962 4328 1187 4412 chrysostomi:
1219 4339 1308 4414 atque
1337 4333 1367 4396 id
1396 4333 1504 4396 tactam
1534 4353 1605 4397 osse

232 4432 402 4497 verhimite
423 4440 480 4512 est,
504 4433 572 4513 quir
595 4429 855 4510 comuntincpolt
885 4439 1057 4509 usurpatam
1079 4429 1254 4513 biturgiam,
1276 4432 1376 4495 multis
1398 4435 1428 4496 in
1450 4434 1527 4497 iocis
1549 4452 1605 4498 se-

234 4533 300 4595 cmi
321 4540 392 4595 sunt
413 4531 551 4614 discipuli
571 4530 715 4607 Nestorii,
738 4528 788 4609 tyni
810 4526 991 4591 cathedram
1021 4529 1100 4592 illam
1131 4537 1277 4594 tenuerat
1320 4532 1487 4596 Discrimcn
1508 4551 1603 4615 porro

234 4649 299 4695 uon
322 4631 441 4697 videtur
461 4632 603 4695 momenti
624 4630 762 4710 alicujus,
785 4646 843 4690 occ
864 4628 894 4688 in
907 4628 971 4708 ipsa
984 4627 1089 4707 forma,
1112 4632 1211 4693 necin
1226 4632 1426 4713 responsione
1436 4630 1496 4696 τοῦ
1508 4633 1604 4697 Arrrem

234 4750 316 4813 qnae
338 4731 526 4796 Nestorianis
547 4731 672 4813 propria
691 4736 747 4792 est
792 4727 901 4789 Gracci
923 4729 1001 4790 eninr
1024 4736 1056 4792 et
1078 4728 1216 4811 Coptitac
1238 4730 1349 4796 dicunt.
1386 4731 1428 4794 Et
1448 4752 1515 4795 crim
1535 4736 1603 4814 rpi-

233 4833 299 4893 rita
320 4839 381 4895 trra.
424 4830 614 4913 Responderi
635 4828 741 4903 Amen,
763 4844 824 4890 nau
851 4825 961 4907 probat
980 4826 1136 4908 Barsatihi,
1155 4834 1348 4911 praesertim
1369 4832 1479 4913 inqui,
1509 4836 1540 4897 ri
1560 4836 1604 4897 ad

231 4932 372 5011 mysac
388 4939 495 5012 parter
516 4934 733 5011 interponam
755 4933 790 4988 at
809 4925 923 4989 nirbrrbi
940 4929 1010 5008 fleri
1030 4929 1154 4992 rotcbrm
1197 4929 1289 4992 Addit
1311 4932 1380 4994 esse
1402 4932 1518 5014 aliquos
1541 4934 1601 4998 Sa-

233 5031 380 5094 cerdotes
401 5032 452 5114 qui
475 5030 615 5114 adjiciant
644 5027 719 5092 hacc
740 5025 853 5105 verba,
885 5025 1034 5109 ϋοίοοιὲεο·
1056 5029 1113 5109 fittt
1139 5029 1199 5092 Dei
1224 5016 1344 5111 maprri,
1373 5041 1403 5095 et
1429 5032 1601 5097 Sdbatoris

1313 5146 1395 5223 13*
