<?xml version="1.0" encoding="UTF-8"?>
<!DOCTYPE html PUBLIC "-//W3C//DTD XHTML 1.0 Transitional//EN"
    "http://www.w3.org/TR/xhtml1/DTD/xhtml1-transitional.dtd">
<html xmlns="http://www.w3.org/1999/xhtml" xml:lang="en" lang="en">
 <head>
  <title>
</title>
<meta http-equiv="Content-Type" content="text/html;charset=utf-8" />
  <meta name='ocr-system' content='tesseract 3.04.00' />
  <meta name='ocr-capabilities' content='ocr_page ocr_carea ocr_par ocr_line ocrx_word'/>
</head>
<body>
  <div class='ocr_page' id='page_1' title='image "./liturgiarumorie00unkngoog/liturgiarumorie00unkngoog_0437.png"; bbox 0 0 4525 6034; ppageno 0'>
   <div class='ocr_carea' id='block_1_1' title="bbox 562 541 1598 620">
    <p class='ocr_par' dir='ltr' id='par_1_1' title="bbox 562 541 1598 620">
     <span class='ocr_line' id='line_1_1' title="bbox 562 541 1598 620; baseline 0.001 -1"><span class='ocrx_word' id='word_1_1' title='bbox 562 546 614 620; x_wconf 82' lang='lat' dir='ltr'><strong>lt)</strong></span> <span class='ocrx_word' id='word_1_2' title='bbox 631 543 840 620; x_wconf 82' lang='lat' dir='ltr'><strong>lllllRGlth</strong></span> <span class='ocrx_word' id='word_1_3' title='bbox 857 541 1051 620; x_wconf 79' lang='lat' dir='ltr'><strong>cotualtt</strong></span> <span class='ocrx_word' id='word_1_4' title='bbox 1066 544 1096 620; x_wconf 86' lang='lat' dir='ltr'><strong>S.</strong></span> <span class='ocrx_word' id='word_1_5' title='bbox 1112 543 1257 620; x_wconf 79' lang='lat' dir='ltr'><strong>tisun</strong></span> <span class='ocrx_word' id='word_1_6' title='bbox 1521 545 1598 620; x_wconf 82' lang='lat'><strong>273</strong></span> 
     </span>
    </p>
   </div>
   <div class='ocr_carea' id='block_1_2' title="bbox 211 727 1915 4970">
    <p class='ocr_par' dir='ltr' id='par_1_2' title="bbox 213 727 1599 1509">
     <span class='ocr_line' id='line_1_2' title="bbox 213 727 1599 809; baseline -0.001 -16"><span class='ocrx_word' id='word_1_7' title='bbox 213 731 318 808; x_wconf 58' lang='lat' dir='ltr'><strong>,calice</strong></span> <span class='ocrx_word' id='word_1_8' title='bbox 342 728 579 805; x_wconf 76' lang='lat' dir='ltr'><strong>transfunditur,</strong></span> <span class='ocrx_word' id='word_1_9' title='bbox 603 748 664 791; x_wconf 90' lang='lat' dir='ltr'><strong>non</strong></span> <span class='ocrx_word' id='word_1_10' title='bbox 686 728 826 792; x_wconf 88' lang='lat' dir='ltr'><strong>videntur</strong></span> <span class='ocrx_word' id='word_1_11' title='bbox 848 727 1019 803; x_wconf 76' lang='lat' dir='ltr'><strong>dubitasse,</strong></span> <span class='ocrx_word' id='word_1_12' title='bbox 1042 728 1161 809; x_wconf 67' lang='lat' dir='ltr'><strong>quanm</strong></span> <span class='ocrx_word' id='word_1_13' title='bbox 1192 747 1259 793; x_wconf 89' lang='lat' dir='ltr'><strong>cnm</strong></span> <span class='ocrx_word' id='word_1_14' title='bbox 1281 729 1380 791; x_wconf 88' lang='lat' dir='ltr'><strong>Laicis</strong></span> <span class='ocrx_word' id='word_1_15' title='bbox 1410 730 1599 793; x_wconf 89' lang='lat' dir='ltr'><strong>commuuio-</strong></span> 
     </span>
     <span class='ocr_line' id='line_1_3' title="bbox 223 827 1597 911; baseline 0.001 -19"><span class='ocrx_word' id='word_1_16' title='bbox 223 850 290 893; x_wconf 90' lang='lat' dir='ltr'><strong>nem</strong></span> <span class='ocrx_word' id='word_1_17' title='bbox 313 829 510 907; x_wconf 90' lang='lat' dir='ltr'><strong>distribuunt,</strong></span> <span class='ocrx_word' id='word_1_18' title='bbox 535 829 640 893; x_wconf 81' lang='lat' dir='ltr'><strong>dicere</strong></span> <span class='ocrx_word' id='word_1_19' title='bbox 662 828 776 907; x_wconf 78' lang='lat' dir='ltr'>solent,</span> <span class='ocrx_word' id='word_1_20' title='bbox 800 827 873 890; x_wconf 92' lang='lat' dir='ltr'><strong>illud</strong></span> <span class='ocrx_word' id='word_1_21' title='bbox 896 827 976 908; x_wconf 92' lang='lat' dir='ltr'><strong>quod</strong></span> <span class='ocrx_word' id='word_1_22' title='bbox 999 828 1163 909; x_wconf 70' lang='lat' dir='ltr'>praebetur</span> <span class='ocrx_word' id='word_1_23' title='bbox 1185 847 1255 892; x_wconf 90' lang='lat' dir='ltr'><strong>esse</strong></span> <span class='ocrx_word' id='word_1_24' title='bbox 1277 830 1456 911; x_wconf 79' lang='lat' dir='ltr'><strong>sanguinem</strong></span> <span class='ocrx_word' id='word_1_25' title='bbox 1475 829 1597 893; x_wconf 84' lang='lat' dir='ltr'><strong>Christi.</strong></span> 
     </span>
     <span class='ocr_line' id='line_1_4' title="bbox 221 928 1598 1012; baseline 0 -19"><span class='ocrx_word' id='word_1_26' title='bbox 221 931 328 1012; x_wconf 82' lang='lat' dir='ltr'><strong>Neque</strong></span> <span class='ocrx_word' id='word_1_27' title='bbox 352 938 453 993; x_wconf 89' lang='lat' dir='ltr'><strong>tameu</strong></span> <span class='ocrx_word' id='word_1_28' title='bbox 475 931 555 992; x_wconf 87' lang='lat' dir='ltr'><strong>circa</strong></span> <span class='ocrx_word' id='word_1_29' title='bbox 572 929 852 991; x_wconf 75' lang='lat' dir='ltr'><strong>transmutationem</strong></span> <span class='ocrx_word' id='word_1_30' title='bbox 874 928 1022 990; x_wconf 90' lang='lat' dir='ltr'><strong>ullatenus</strong></span> <span class='ocrx_word' id='word_1_31' title='bbox 1044 928 1309 1011; x_wconf 81' lang='lat' dir='ltr'><strong>philosophantur:</strong></span> <span class='ocrx_word' id='word_1_32' title='bbox 1332 928 1388 992; x_wconf 88' lang='lat' dir='ltr'><strong>aed</strong></span> <span class='ocrx_word' id='word_1_33' title='bbox 1411 948 1478 991; x_wconf 85' lang='lat' dir='ltr'><strong>cunr</strong></span> <span class='ocrx_word' id='word_1_34' title='bbox 1500 930 1598 993; x_wconf 89' lang='lat' dir='ltr'><strong>firmi-</strong></span> 
     </span>
     <span class='ocr_line' id='line_1_5' title="bbox 221 1027 1596 1110; baseline -0.001 -18"><span class='ocrx_word' id='word_1_35' title='bbox 221 1038 269 1093; x_wconf 87' lang='lat' dir='ltr'><strong>ter</strong></span> <span class='ocrx_word' id='word_1_36' title='bbox 291 1028 418 1092; x_wconf 90' lang='lat' dir='ltr'><strong>credant</strong></span> <span class='ocrx_word' id='word_1_37' title='bbox 441 1030 574 1091; x_wconf 91' lang='lat' dir='ltr'><strong>minimas</strong></span> <span class='ocrx_word' id='word_1_38' title='bbox 598 1029 763 1110; x_wconf 88' lang='lat' dir='ltr'><strong>particulas</strong></span> <span class='ocrx_word' id='word_1_39' title='bbox 786 1045 857 1090; x_wconf 90' lang='lat' dir='ltr'><strong>esse</strong></span> <span class='ocrx_word' id='word_1_40' title='bbox 880 1045 991 1109; x_wconf 90' lang='lat' dir='ltr'><strong>corpus</strong></span> <span class='ocrx_word' id='word_1_41' title='bbox 1015 1027 1143 1108; x_wconf 90' lang='lat' dir='ltr'><strong>Christi,</strong></span> <span class='ocrx_word' id='word_1_42' title='bbox 1172 1036 1204 1091; x_wconf 90' lang='lat' dir='ltr'><strong>et</strong></span> <span class='ocrx_word' id='word_1_43' title='bbox 1225 1028 1334 1091; x_wconf 86' lang='lat' dir='ltr'><strong>stillam</strong></span> <span class='ocrx_word' id='word_1_44' title='bbox 1355 1047 1503 1109; x_wconf 89' lang='lat' dir='ltr'><strong>quamque</strong></span> <span class='ocrx_word' id='word_1_45' title='bbox 1527 1047 1596 1091; x_wconf 86' lang='lat' dir='ltr'><strong>essa</strong></span> 
     </span>
     <span class='ocr_line' id='line_1_6' title="bbox 221 1127 1595 1212; baseline -0.001 -20"><span class='ocrx_word' id='word_1_46' title='bbox 221 1128 358 1212; x_wconf 89' lang='lat' dir='ltr'><strong>ejusdem</strong></span> <span class='ocrx_word' id='word_1_47' title='bbox 380 1131 567 1211; x_wconf 81' lang='lat' dir='ltr'><strong>sanguinem,</strong></span> <span class='ocrx_word' id='word_1_48' title='bbox 592 1130 679 1190; x_wconf 90' lang='lat' dir='ltr'><strong>trium</strong></span> <span class='ocrx_word' id='word_1_49' title='bbox 702 1128 906 1190; x_wconf 85' lang='lat' dir='ltr'><strong>cochlearium</strong></span> <span class='ocrx_word' id='word_1_50' title='bbox 928 1128 1122 1209; x_wconf 79' lang='lat' dir='ltr'><strong>quantitatem</strong></span> <span class='ocrx_word' id='word_1_51' title='bbox 1145 1127 1281 1191; x_wconf 82' lang='lat' dir='ltr'><strong>subicere</strong></span> <span class='ocrx_word' id='word_1_52' title='bbox 1300 1129 1452 1210; x_wconf 88' lang='lat' dir='ltr'><strong>judicant,</strong></span> <span class='ocrx_word' id='word_1_53' title='bbox 1477 1136 1510 1191; x_wconf 93' lang='lat' dir='ltr'><strong>ut</strong></span> <span class='ocrx_word' id='word_1_54' title='bbox 1532 1135 1595 1191; x_wconf 90' lang='lat' dir='ltr'><strong>tota</strong></span> 
     </span>
     <span class='ocr_line' id='line_1_7' title="bbox 219 1225 1594 1309; baseline -0.003 -19"><span class='ocrx_word' id='word_1_55' title='bbox 219 1230 302 1305; x_wconf 83' lang='lat' dir='ltr'><strong>riui,</strong></span> <span class='ocrx_word' id='word_1_56' title='bbox 325 1228 408 1309; x_wconf 91' lang='lat' dir='ltr'><strong>quod</strong></span> <span class='ocrx_word' id='word_1_57' title='bbox 432 1237 639 1291; x_wconf 91' lang='lat' dir='ltr'><strong>consecratum</strong></span> <span class='ocrx_word' id='word_1_58' title='bbox 666 1244 728 1289; x_wconf 91' lang='lat' dir='ltr'><strong>non</strong></span> <span class='ocrx_word' id='word_1_59' title='bbox 758 1225 830 1305; x_wconf 88' lang='lat' dir='ltr'><strong>luit,</strong></span> <span class='ocrx_word' id='word_1_60' title='bbox 859 1230 982 1290; x_wconf 87' lang='lat' dir='ltr'><strong>materia</strong></span> <span class='ocrx_word' id='word_1_61' title='bbox 1011 1247 1051 1290; x_wconf 84' lang='lat' dir='ltr'><strong>ex</strong></span> <span class='ocrx_word' id='word_1_62' title='bbox 1078 1225 1129 1290; x_wconf 92' lang='lat' dir='ltr'><strong>illa</strong></span> <span class='ocrx_word' id='word_1_63' title='bbox 1156 1227 1307 1290; x_wconf 78' lang='lat' dir='ltr'><strong>infusione</strong></span> <span class='ocrx_word' id='word_1_64' title='bbox 1336 1236 1530 1309; x_wconf 87' lang='lat' dir='ltr'><strong>penetretur,</strong></span> <span class='ocrx_word' id='word_1_65' title='bbox 1560 1231 1594 1287; x_wconf 89' lang='lat' dir='ltr'><strong>ut</strong></span> 
     </span>
     <span class='ocr_line' id='line_1_8' title="bbox 218 1327 1592 1411; baseline 0 -22"><span class='ocrx_word' id='word_1_66' title='bbox 218 1345 324 1390; x_wconf 88' lang='lat' dir='ltr'><strong>omnes</strong></span> <span class='ocrx_word' id='word_1_67' title='bbox 351 1330 402 1409; x_wconf 92' lang='lat' dir='ltr'><strong>qui</strong></span> <span class='ocrx_word' id='word_1_68' title='bbox 424 1347 464 1390; x_wconf 84' lang='lat' dir='ltr'><strong>ex</strong></span> <span class='ocrx_word' id='word_1_69' title='bbox 486 1328 580 1390; x_wconf 86' lang='lat' dir='ltr'><strong>calice</strong></span> <span class='ocrx_word' id='word_1_70' title='bbox 608 1327 795 1390; x_wconf 86' lang='lat' dir='ltr'><strong>ministeriali</strong></span> <span class='ocrx_word' id='word_1_71' title='bbox 826 1329 1055 1405; x_wconf 89' lang='lat' dir='ltr'><strong>communicant,</strong></span> <span class='ocrx_word' id='word_1_72' title='bbox 1085 1328 1233 1409; x_wconf 81' lang='lat' dir='ltr'><strong>accipiant</strong></span> <span class='ocrx_word' id='word_1_73' title='bbox 1262 1330 1439 1411; x_wconf 83' lang='lat' dir='ltr'><strong>sanguinein</strong></span> <span class='ocrx_word' id='word_1_74' title='bbox 1471 1328 1592 1393; x_wconf 84' lang='lat' dir='ltr'><strong>Christi·</strong></span> 
     </span>
     <span class='ocr_line' id='line_1_9' title="bbox 216 1426 1315 1509; baseline -0.001 -17"><span class='ocrx_word' id='word_1_75' title='bbox 216 1427 260 1492; x_wconf 87' lang='lat' dir='ltr'><strong>Ea</strong></span> <span class='ocrx_word' id='word_1_76' title='bbox 283 1428 405 1491; x_wconf 88' lang='lat' dir='ltr'><strong>ratione</strong></span> <span class='ocrx_word' id='word_1_77' title='bbox 428 1428 544 1506; x_wconf 88' lang='lat' dir='ltr'><strong>omnis,</strong></span> <span class='ocrx_word' id='word_1_78' title='bbox 568 1429 693 1507; x_wconf 87' lang='lat' dir='ltr'><strong>siquae</strong></span> <span class='ocrx_word' id='word_1_79' title='bbox 717 1434 765 1489; x_wconf 90' lang='lat' dir='ltr'><strong>est</strong></span> <span class='ocrx_word' id='word_1_80' title='bbox 787 1426 964 1506; x_wconf 87' lang='lat' dir='ltr'><strong>dillicultas,</strong></span> <span class='ocrx_word' id='word_1_81' title='bbox 987 1430 1107 1509; x_wconf 88' lang='lat' dir='ltr'><strong>penitus</strong></span> <span class='ocrx_word' id='word_1_82' title='bbox 1130 1427 1315 1491; x_wconf 85' lang='lat' dir='ltr'><strong>dissolvitur.</strong></span> 
     </span>
    </p>

    <p class='ocr_par' dir='ltr' id='par_1_3' title="bbox 211 1526 1915 4970">
     <span class='ocr_line' id='line_1_10' title="bbox 306 1526 1915 1621; baseline 0.009 -32"><span class='ocrx_word' id='word_1_83' title='bbox 306 1527 379 1589; x_wconf 87' lang='lat' dir='ltr'><strong>Post</strong></span> <span class='ocrx_word' id='word_1_84' title='bbox 401 1526 588 1588; x_wconf 87' lang='lat' dir='ltr'><strong>distributam</strong></span> <span class='ocrx_word' id='word_1_85' title='bbox 615 1543 692 1589; x_wconf 84' lang='lat' dir='ltr'><strong>vero</strong></span> <span class='ocrx_word' id='word_1_86' title='bbox 723 1527 977 1605; x_wconf 88' lang='lat' dir='ltr'><strong>communionem,</strong></span> <span class='ocrx_word' id='word_1_87' title='bbox 1007 1526 1142 1608; x_wconf 87' lang='lat' dir='ltr'><strong>aequalis</strong></span> <span class='ocrx_word' id='word_1_88' title='bbox 1171 1545 1244 1589; x_wconf 89' lang='lat' dir='ltr'><strong>cura</strong></span> <span class='ocrx_word' id='word_1_89' title='bbox 1267 1527 1440 1607; x_wconf 85' lang='lat' dir='ltr'><strong>adhibetur,</strong></span> <span class='ocrx_word' id='word_1_90' title='bbox 1470 1547 1592 1611; x_wconf 88' lang='lat' dir='ltr'><strong>nequa</strong></span> <span class='ocrx_word' id='word_1_91' title='bbox 1674 1545 1742 1602; x_wconf 77' lang='lat' dir='ltr'><strong>cura</strong></span> <span class='ocrx_word' id='word_1_92' title='bbox 1759 1549 1915 1621; x_wconf 74' lang='lat' dir='ltr'><strong>reliquarum</strong></span> 
     </span>
     <span class='ocr_line' id='line_1_11' title="bbox 216 1624 1842 1709; baseline 0.001 -20"><span class='ocrx_word' id='word_1_93' title='bbox 216 1627 367 1709; x_wconf 90' lang='lat' dir='ltr'><strong>particula</strong></span> <span class='ocrx_word' id='word_1_94' title='bbox 389 1627 534 1708; x_wconf 86' lang='lat' dir='ltr'><strong>supersit,</strong></span> <span class='ocrx_word' id='word_1_95' title='bbox 557 1633 619 1687; x_wconf 90' lang='lat' dir='ltr'><strong>tum</strong></span> <span class='ocrx_word' id='word_1_96' title='bbox 641 1642 680 1687; x_wconf 89' lang='lat' dir='ltr'><strong>ne</strong></span> <span class='ocrx_word' id='word_1_97' title='bbox 704 1624 775 1706; x_wconf 92' lang='lat' dir='ltr'><strong>quid</strong></span> <span class='ocrx_word' id='word_1_98' title='bbox 799 1625 829 1685; x_wconf 94' lang='lat' dir='ltr'><strong>in</strong></span> <span class='ocrx_word' id='word_1_99' title='bbox 853 1626 948 1688; x_wconf 90' lang='lat' dir='ltr'><strong>calice</strong></span> <span class='ocrx_word' id='word_1_100' title='bbox 971 1634 1136 1705; x_wconf 89' lang='lat' dir='ltr'><strong>remaneat,</strong></span> <span class='ocrx_word' id='word_1_101' title='bbox 1161 1645 1219 1709; x_wconf 90' lang='lat' dir='ltr'><strong>qua</strong></span> <span class='ocrx_word' id='word_1_102' title='bbox 1242 1627 1280 1689; x_wconf 90' lang='lat' dir='ltr'><strong>de</strong></span> <span class='ocrx_word' id='word_1_103' title='bbox 1303 1645 1338 1690; x_wconf 89' lang='lat' dir='ltr'><strong>re</strong></span> <span class='ocrx_word' id='word_1_104' title='bbox 1361 1634 1465 1690; x_wconf 82' lang='lat' dir='ltr'><strong>entatu</strong></span> <span class='ocrx_word' id='word_1_105' title='bbox 1486 1627 1842 1692; x_wconf 60' lang='lat' dir='ltr'><strong>inca-aucharianum.</strong></span> 
     </span>
     <span class='ocr_line' id='line_1_12' title="bbox 217 1723 1591 1807; baseline 0.001 -19"><span class='ocrx_word' id='word_1_106' title='bbox 217 1728 349 1790; x_wconf 86' lang='lat' dir='ltr'><strong>nauibus</strong></span> <span class='ocrx_word' id='word_1_107' title='bbox 371 1744 465 1807; x_wconf 84' lang='lat' dir='ltr'><strong>saepe</strong></span> <span class='ocrx_word' id='word_1_108' title='bbox 488 1725 615 1788; x_wconf 90' lang='lat' dir='ltr'><strong>laudatis</strong></span> <span class='ocrx_word' id='word_1_109' title='bbox 639 1723 877 1787; x_wconf 87' lang='lat' dir='ltr'><strong>Constitutiones</strong></span> <span class='ocrx_word' id='word_1_110' title='bbox 900 1727 1014 1787; x_wconf 81' lang='lat' dir='ltr'><strong>variae.</strong></span> <span class='ocrx_word' id='word_1_111' title='bbox 1037 1725 1254 1787; x_wconf 85' lang='lat' dir='ltr'><strong>Echnnimensis</strong></span> <span class='ocrx_word' id='word_1_112' title='bbox 1277 1744 1343 1807; x_wconf 88' lang='lat' dir='ltr'><strong>cap.</strong></span> <span class='ocrx_word' id='word_1_113' title='bbox 1367 1728 1396 1788; x_wconf 85' lang='lat' dir='ltr'><strong>d.</strong></span> <span class='ocrx_word' id='word_1_114' title='bbox 1419 1733 1449 1801; x_wconf 73' lang='lat' dir='ltr'><strong>s.</strong></span> <span class='ocrx_word' id='word_1_115' title='bbox 1473 1728 1502 1789; x_wconf 89' lang='lat'><strong>6.</strong></span> <span class='ocrx_word' id='word_1_116' title='bbox 1525 1726 1591 1790; x_wconf 82' lang='lat' dir='ltr'><strong>Cu-</strong></span> 
     </span>
     <span class='ocr_line' id='line_1_13' title="bbox 216 1823 1592 1904; baseline 0 -16"><span class='ocrx_word' id='word_1_117' title='bbox 216 1833 310 1888; x_wconf 86' lang='lat' dir='ltr'><strong>aeant</strong></span> <span class='ocrx_word' id='word_1_118' title='bbox 331 1827 491 1904; x_wconf 77' lang='lat' dir='ltr'><strong>diliqenter</strong></span> <span class='ocrx_word' id='word_1_119' title='bbox 512 1825 696 1886; x_wconf 81' lang='lat' dir='ltr'><strong>Sacerdotes</strong></span> <span class='ocrx_word' id='word_1_120' title='bbox 717 1831 748 1885; x_wconf 89' lang='lat' dir='ltr'><strong>et</strong></span> <span class='ocrx_word' id='word_1_121' title='bbox 767 1823 900 1886; x_wconf 88' lang='lat' dir='ltr'><strong>Diaconi</strong></span> <span class='ocrx_word' id='word_1_122' title='bbox 920 1844 958 1885; x_wconf 93' lang='lat' dir='ltr'><strong>ne</strong></span> <span class='ocrx_word' id='word_1_123' title='bbox 980 1825 1141 1904; x_wconf 85' lang='lat' dir='ltr'><strong>quidquam</strong></span> <span class='ocrx_word' id='word_1_124' title='bbox 1163 1844 1204 1885; x_wconf 81' lang='lat' dir='ltr'><strong>ea</strong></span> <span class='ocrx_word' id='word_1_125' title='bbox 1219 1823 1417 1887; x_wconf 79' lang='lat' dir='ltr'><strong>Eucharistia</strong></span> <span class='ocrx_word' id='word_1_126' title='bbox 1438 1828 1592 1888; x_wconf 79' lang='lat' dir='ltr'><strong>residiums</strong></span> 
     </span>
     <span class='ocr_line' id='line_1_14' title="bbox 217 1923 1591 2003; baseline 0.001 -17"><span class='ocrx_word' id='word_1_127' title='bbox 217 1927 273 2000; x_wconf 88' lang='lat' dir='ltr'><strong>sit,</strong></span> <span class='ocrx_word' id='word_1_128' title='bbox 302 1932 333 1986; x_wconf 89' lang='lat' dir='ltr'><strong>et</strong></span> <span class='ocrx_word' id='word_1_129' title='bbox 361 1927 405 1985; x_wconf 88' lang='lat' dir='ltr'><strong>ita</strong></span> <span class='ocrx_word' id='word_1_130' title='bbox 427 1923 579 2001; x_wconf 86' lang='lat' dir='ltr'><strong>judicium</strong></span> <span class='ocrx_word' id='word_1_131' title='bbox 599 1925 813 2003; x_wconf 54' lang='lat' dir='ltr'><strong>anonumum</strong></span> <span class='ocrx_word' id='word_1_132' title='bbox 835 1925 1011 1998; x_wconf 80' lang='lat' dir='ltr'><strong>irrmrrrant,</strong></span> <span class='ocrx_word' id='word_1_133' title='bbox 1034 1924 1170 2003; x_wconf 82' lang='lat' dir='ltr'><strong>esernplo</strong></span> <span class='ocrx_word' id='word_1_134' title='bbox 1190 1925 1319 2003; x_wconf 76' lang='lat' dir='ltr'><strong>filiorum</strong></span> <span class='ocrx_word' id='word_1_135' title='bbox 1336 1924 1443 1987; x_wconf 85' lang='lat' dir='ltr'><strong>Aaron</strong></span> <span class='ocrx_word' id='word_1_136' title='bbox 1465 1933 1495 1987; x_wconf 92' lang='lat' dir='ltr'><strong>et</strong></span> <span class='ocrx_word' id='word_1_137' title='bbox 1514 1925 1591 2002; x_wconf 82' lang='lat' dir='ltr'><strong>Heli,</strong></span> 
     </span>
     <span class='ocr_line' id='line_1_15' title="bbox 217 2021 1592 2104; baseline 0 -19"><span class='ocrx_word' id='word_1_138' title='bbox 217 2043 292 2104; x_wconf 89' lang='lat' dir='ltr'><strong>quos</strong></span> <span class='ocrx_word' id='word_1_139' title='bbox 315 2023 498 2102; x_wconf 77' lang='lat' dir='ltr'><strong>disperdidit</strong></span> <span class='ocrx_word' id='word_1_140' title='bbox 518 2021 650 2101; x_wconf 77' lang='lat' dir='ltr'><strong>Spiritus</strong></span> <span class='ocrx_word' id='word_1_141' title='bbox 671 2030 815 2097; x_wconf 90' lang='lat' dir='ltr'><strong>sanctus,</strong></span> <span class='ocrx_word' id='word_1_142' title='bbox 848 2023 919 2102; x_wconf 87' lang='lat' dir='ltr'><strong>quia</strong></span> <span class='ocrx_word' id='word_1_143' title='bbox 940 2024 1135 2103; x_wconf 79' lang='lat' dir='ltr'><strong>neplr&#39;pentius</strong></span> <span class='ocrx_word' id='word_1_144' title='bbox 1163 2023 1419 2085; x_wconf 88' lang='lat' dir='ltr'><strong>administrabant</strong></span> <span class='ocrx_word' id='word_1_145' title='bbox 1438 2025 1592 2103; x_wconf 71' lang='lat' dir='ltr'><strong>sacrificia</strong></span> 
     </span>
     <span class='ocr_line' id='line_1_16' title="bbox 216 2121 1591 2204; baseline 0.001 -20"><span class='ocrx_word' id='word_1_146' title='bbox 216 2123 283 2184; x_wconf 87' lang='lat' dir='ltr'><strong>Deo</strong></span> <span class='ocrx_word' id='word_1_147' title='bbox 306 2122 420 2183; x_wconf 87' lang='lat' dir='ltr'><strong>ablata.</strong></span> <span class='ocrx_word' id='word_1_148' title='bbox 444 2121 563 2196; x_wconf 82' lang='lat' dir='ltr'><strong>eranto</strong></span> <span class='ocrx_word' id='word_1_149' title='bbox 577 2141 651 2183; x_wconf 88' lang='lat' dir='ltr'><strong>cero</strong></span> <span class='ocrx_word' id='word_1_150' title='bbox 672 2123 771 2202; x_wconf 80' lang='lat' dir='ltr'><strong>mapis</strong></span> <span class='ocrx_word' id='word_1_151' title='bbox 792 2122 826 2182; x_wconf 90' lang='lat' dir='ltr'><strong>id</strong></span> <span class='ocrx_word' id='word_1_152' title='bbox 846 2122 1032 2182; x_wconf 72' lang='lat' dir='ltr'><strong>metuendum</strong></span> <span class='ocrx_word' id='word_1_153' title='bbox 1055 2129 1101 2183; x_wconf 89' lang='lat' dir='ltr'><strong>est</strong></span> <span class='ocrx_word' id='word_1_154' title='bbox 1116 2123 1177 2185; x_wconf 88' lang='lat' dir='ltr'><strong>illis</strong></span> <span class='ocrx_word' id='word_1_155' title='bbox 1201 2124 1253 2204; x_wconf 91' lang='lat' dir='ltr'><strong>qui</strong></span> <span class='ocrx_word' id='word_1_156' title='bbox 1273 2123 1454 2203; x_wconf 80' lang='lat' dir='ltr'><strong>neqlipeuter</strong></span> <span class='ocrx_word' id='word_1_157' title='bbox 1475 2141 1509 2184; x_wconf 88' lang='lat' dir='ltr'><strong>se</strong></span> <span class='ocrx_word' id='word_1_158' title='bbox 1529 2123 1591 2185; x_wconf 83' lang='lat' dir='ltr'><strong>lra-</strong></span> 
     </span>
     <span class='ocr_line' id='line_1_17' title="bbox 222 2219 1592 2304; baseline 0.001 -22"><span class='ocrx_word' id='word_1_159' title='bbox 222 2222 293 2283; x_wconf 87' lang='lat' dir='ltr'><strong>bent</strong></span> <span class='ocrx_word' id='word_1_160' title='bbox 313 2238 391 2301; x_wconf 79' lang='lat' dir='ltr'><strong>erpa</strong></span> <span class='ocrx_word' id='word_1_161' title='bbox 413 2239 524 2300; x_wconf 83' lang='lat' dir='ltr'><strong>corpru</strong></span> <span class='ocrx_word' id='word_1_162' title='bbox 547 2226 576 2281; x_wconf 91' lang='lat' dir='ltr'><strong>et</strong></span> <span class='ocrx_word' id='word_1_163' title='bbox 597 2222 772 2301; x_wconf 69' lang='lat' dir='ltr'><strong>conperirem</strong></span> <span class='ocrx_word' id='word_1_164' title='bbox 787 2219 902 2281; x_wconf 79' lang='lat' dir='ltr'><strong>Christi</strong></span> <span class='ocrx_word' id='word_1_165' title='bbox 913 2220 1043 2283; x_wconf 83' lang='lat' dir='ltr'><strong>Domini.</strong></span> <span class='ocrx_word' id='word_1_166' title='bbox 1066 2220 1098 2283; x_wconf 96' lang='lat' dir='ltr'><strong>ln</strong></span> <span class='ocrx_word' id='word_1_167' title='bbox 1121 2221 1287 2304; x_wconf 86' lang='lat' dir='ltr'><strong>Responsis</strong></span> <span class='ocrx_word' id='word_1_168' title='bbox 1311 2221 1470 2284; x_wconf 87' lang='lat' dir='ltr'><strong>Canonicis</strong></span> <span class='ocrx_word' id='word_1_169' title='bbox 1494 2240 1592 2302; x_wconf 88' lang='lat' dir='ltr'><strong>quae-</strong></span> 
     </span>
     <span class='ocr_line' id='line_1_18' title="bbox 217 2317 1594 2403; baseline 0.003 -22"><span class='ocrx_word' id='word_1_170' title='bbox 217 2321 293 2382; x_wconf 91' lang='lat' dir='ltr'><strong>ritur</strong></span> <span class='ocrx_word' id='word_1_171' title='bbox 325 2338 367 2380; x_wconf 90' lang='lat' dir='ltr'><strong>an</strong></span> <span class='ocrx_word' id='word_1_172' title='bbox 392 2319 547 2399; x_wconf 87' lang='lat' dir='ltr'><strong>particula</strong></span> <span class='ocrx_word' id='word_1_173' title='bbox 568 2328 708 2399; x_wconf 88' lang='lat' dir='ltr'><strong>reperta,</strong></span> <span class='ocrx_word' id='word_1_174' title='bbox 734 2328 895 2400; x_wconf 86' lang='lat' dir='ltr'><strong>postqrram</strong></span> <span class='ocrx_word' id='word_1_175' title='bbox 916 2318 1070 2382; x_wconf 85' lang='lat' dir='ltr'><strong>Sacerdos</strong></span> <span class='ocrx_word' id='word_1_176' title='bbox 1091 2341 1201 2403; x_wconf 70' lang='lat' dir='ltr'><strong>aprum</strong></span> <span class='ocrx_word' id='word_1_177' title='bbox 1223 2322 1347 2397; x_wconf 89' lang='lat' dir='ltr'><strong>biberit,</strong></span> <span class='ocrx_word' id='word_1_178' title='bbox 1378 2321 1418 2382; x_wconf 87' lang='lat' dir='ltr'><strong>ab</strong></span> <span class='ocrx_word' id='word_1_179' title='bbox 1440 2317 1594 2403; x_wconf 81' lang='lat' dir='ltr'><strong>eo&#39;porrtr</strong></span> 
     </span>
     <span class='ocr_line' id='line_1_19' title="bbox 219 2418 1592 2502; baseline 0.001 -20"><span class='ocrx_word' id='word_1_180' title='bbox 219 2421 348 2482; x_wconf 66' lang='lat' dir='ltr'><strong>abarum</strong></span> <span class='ocrx_word' id='word_1_181' title='bbox 394 2418 547 2501; x_wconf 83' lang='lat' dir='ltr'><strong>Negatur:</strong></span> <span class='ocrx_word' id='word_1_182' title='bbox 571 2418 626 2480; x_wconf 90' lang='lat' dir='ltr'><strong>sed</strong></span> <span class='ocrx_word' id='word_1_183' title='bbox 648 2420 803 2494; x_wconf 87' lang='lat' dir='ltr'><strong>statuitur,</strong></span> <span class='ocrx_word' id='word_1_184' title='bbox 834 2425 868 2480; x_wconf 90' lang='lat' dir='ltr'><strong>ut</strong></span> <span class='ocrx_word' id='word_1_185' title='bbox 894 2420 987 2480; x_wconf 85' lang='lat' dir='ltr'><strong>alicui</strong></span> <span class='ocrx_word' id='word_1_186' title='bbox 1008 2420 1172 2483; x_wconf 79' lang='lat' dir='ltr'><strong>Sacerdoti</strong></span> <span class='ocrx_word' id='word_1_187' title='bbox 1198 2422 1247 2484; x_wconf 88' lang='lat' dir='ltr'><strong>nel</strong></span> <span class='ocrx_word' id='word_1_188' title='bbox 1265 2421 1406 2484; x_wconf 64' lang='lat' dir='ltr'><strong>macana</strong></span> <span class='ocrx_word' id='word_1_189' title='bbox 1434 2425 1485 2502; x_wconf 89' lang='lat' dir='ltr'><strong>qui</strong></span> <span class='ocrx_word' id='word_1_190' title='bbox 1506 2441 1592 2483; x_wconf 84' lang='lat' dir='ltr'><strong>conr-</strong></span> 
     </span>
     <span class='ocr_line' id='line_1_20' title="bbox 218 2518 1596 2601; baseline 0.001 -19"><span class='ocrx_word' id='word_1_191' title='bbox 218 2521 390 2582; x_wconf 86' lang='lat' dir='ltr'><strong>numionem</strong></span> <span class='ocrx_word' id='word_1_192' title='bbox 408 2520 598 2597; x_wconf 82' lang='lat' dir='ltr'><strong>perceperit,</strong></span> <span class='ocrx_word' id='word_1_193' title='bbox 627 2537 684 2580; x_wconf 89' lang='lat' dir='ltr'><strong>nec</strong></span> <span class='ocrx_word' id='word_1_194' title='bbox 705 2536 817 2598; x_wconf 89' lang='lat' dir='ltr'><strong>aquam</strong></span> <span class='ocrx_word' id='word_1_195' title='bbox 835 2525 945 2598; x_wconf 87' lang='lat' dir='ltr'><strong>postea</strong></span> <span class='ocrx_word' id='word_1_196' title='bbox 968 2518 1095 2596; x_wconf 88' lang='lat' dir='ltr'><strong>biberit,</strong></span> <span class='ocrx_word' id='word_1_197' title='bbox 1120 2521 1325 2601; x_wconf 88' lang='lat' dir='ltr'><strong>praebeatur;</strong></span> <span class='ocrx_word' id='word_1_198' title='bbox 1355 2528 1409 2583; x_wconf 87' lang='lat' dir='ltr'><strong>aut</strong></span> <span class='ocrx_word' id='word_1_199' title='bbox 1429 2521 1543 2597; x_wconf 71' lang='lat' dir='ltr'><strong>tneo,</strong></span> <span class='ocrx_word' id='word_1_200' title='bbox 1565 2523 1596 2583; x_wconf 84' lang='lat' dir='ltr'><strong>si</strong></span> 
     </span>
     <span class='ocr_line' id='line_1_21' title="bbox 216 2617 1593 2700; baseline 0.002 -21"><span class='ocrx_word' id='word_1_201' title='bbox 216 2619 319 2680; x_wconf 76' lang='lat' dir='ltr'><strong>mulus</strong></span> <span class='ocrx_word' id='word_1_202' title='bbox 340 2619 418 2679; x_wconf 85' lang='lat' dir='ltr'><strong>alias</strong></span> <span class='ocrx_word' id='word_1_203' title='bbox 433 2621 557 2696; x_wconf 74' lang='lat' dir='ltr'><strong>jeJ&#39;unus</strong></span> <span class='ocrx_word' id='word_1_204' title='bbox 577 2618 757 2697; x_wconf 81' lang='lat' dir='ltr'><strong>reperiatur.</strong></span> <span class='ocrx_word' id='word_1_205' title='bbox 781 2617 817 2678; x_wconf 89' lang='lat' dir='ltr'><strong>Si</strong></span> <span class='ocrx_word' id='word_1_206' title='bbox 836 2617 934 2678; x_wconf 76' lang='lat' dir='ltr'><strong>ruas</strong></span> <span class='ocrx_word' id='word_1_207' title='bbox 955 2621 1085 2697; x_wconf 89' lang='lat' dir='ltr'><strong>omnino,</strong></span> <span class='ocrx_word' id='word_1_208' title='bbox 1127 2620 1282 2682; x_wconf 84' lang='lat' dir='ltr'><strong>Sacerdos</strong></span> <span class='ocrx_word' id='word_1_209' title='bbox 1299 2627 1392 2700; x_wconf 76' lang='lat' dir='ltr'><strong>portet</strong></span> <span class='ocrx_word' id='word_1_210' title='bbox 1408 2621 1593 2700; x_wconf 69' lang='lat' dir='ltr'><strong>partiendam</strong></span> 
     </span>
     <span class='ocr_line' id='line_1_22' title="bbox 218 2716 1593 2800; baseline 0.002 -22"><span class='ocrx_word' id='word_1_211' title='bbox 218 2737 239 2778; x_wconf 91' lang='lat' dir='ltr'><strong>a</strong></span> <span class='ocrx_word' id='word_1_212' title='bbox 262 2737 297 2778; x_wconf 88' lang='lat' dir='ltr'><strong>se</strong></span> <span class='ocrx_word' id='word_1_213' title='bbox 319 2725 471 2796; x_wconf 90' lang='lat' dir='ltr'><strong>repertam</strong></span> <span class='ocrx_word' id='word_1_214' title='bbox 493 2720 525 2778; x_wconf 89' lang='lat' dir='ltr'><strong>in</strong></span> <span class='ocrx_word' id='word_1_215' title='bbox 547 2718 643 2790; x_wconf 67' lang='lat' dir='ltr'><strong>duco,</strong></span> <span class='ocrx_word' id='word_1_216' title='bbox 666 2735 751 2797; x_wconf 90' lang='lat' dir='ltr'><strong>quem</strong></span> <span class='ocrx_word' id='word_1_217' title='bbox 773 2716 849 2778; x_wconf 86' lang='lat' dir='ltr'><strong>uelis</strong></span> <span class='ocrx_word' id='word_1_218' title='bbox 870 2718 935 2778; x_wconf 71' lang='lat' dir='ltr'><strong>rurs</strong></span> <span class='ocrx_word' id='word_1_219' title='bbox 957 2720 1079 2797; x_wconf 75' lang='lat' dir='ltr'><strong>aperiet,</strong></span> <span class='ocrx_word' id='word_1_220' title='bbox 1104 2721 1305 2800; x_wconf 81' lang='lat' dir='ltr'><strong>accendetque</strong></span> <span class='ocrx_word' id='word_1_221' title='bbox 1327 2720 1414 2781; x_wconf 89' lang='lat' dir='ltr'><strong>circa</strong></span> <span class='ocrx_word' id='word_1_222' title='bbox 1435 2721 1517 2781; x_wconf 79' lang='lat' dir='ltr'><strong>idum</strong></span> <span class='ocrx_word' id='word_1_223' title='bbox 1539 2739 1593 2782; x_wconf 88' lang='lat' dir='ltr'><strong>cc-</strong></span> 
     </span>
     <span class='ocr_line' id='line_1_23' title="bbox 217 2814 1593 2897; baseline 0.002 -19"><span class='ocrx_word' id='word_1_224' title='bbox 217 2836 289 2879; x_wconf 87' lang='lat' dir='ltr'><strong>reos</strong></span> <span class='ocrx_word' id='word_1_225' title='bbox 310 2818 401 2878; x_wconf 89' lang='lat' dir='ltr'><strong>duos:</strong></span> <span class='ocrx_word' id='word_1_226' title='bbox 424 2823 453 2877; x_wconf 91' lang='lat' dir='ltr'><strong>et</strong></span> <span class='ocrx_word' id='word_1_227' title='bbox 473 2817 644 2897; x_wconf 84' lang='lat' dir='ltr'><strong>lampadem</strong></span> <span class='ocrx_word' id='word_1_228' title='bbox 664 2817 707 2877; x_wconf 90' lang='lat' dir='ltr'><strong>ad</strong></span> <span class='ocrx_word' id='word_1_229' title='bbox 729 2814 898 2877; x_wconf 77' lang='lat' dir='ltr'><strong>Orientem:</strong></span> <span class='ocrx_word' id='word_1_230' title='bbox 921 2819 1042 2897; x_wconf 79' lang='lat' dir='ltr'><strong>ipseque</strong></span> <span class='ocrx_word' id='word_1_231' title='bbox 1054 2817 1207 2880; x_wconf 87' lang='lat' dir='ltr'><strong>Sacerdos</strong></span> <span class='ocrx_word' id='word_1_232' title='bbox 1226 2819 1394 2880; x_wconf 75' lang='lat' dir='ltr'><strong>cruwdiam</strong></span> <span class='ocrx_word' id='word_1_233' title='bbox 1414 2820 1496 2880; x_wconf 89' lang='lat' dir='ltr'><strong>illius</strong></span> <span class='ocrx_word' id='word_1_234' title='bbox 1517 2839 1593 2881; x_wconf 92' lang='lat' dir='ltr'><strong>cor·</strong></span> 
     </span>
     <span class='ocr_line' id='line_1_24' title="bbox 216 2916 1593 2999; baseline 0.002 -22"><span class='ocrx_word' id='word_1_235' title='bbox 216 2919 304 2995; x_wconf 85' lang='lat' dir='ltr'><strong>paris</strong></span> <span class='ocrx_word' id='word_1_236' title='bbox 325 2925 469 2993; x_wconf 74' lang='lat' dir='ltr'><strong>asarmot,</strong></span> <span class='ocrx_word' id='word_1_237' title='bbox 492 2936 585 2996; x_wconf 87' lang='lat' dir='ltr'><strong>usque</strong></span> <span class='ocrx_word' id='word_1_238' title='bbox 605 2917 638 2976; x_wconf 87' lang='lat' dir='ltr'><strong>in</strong></span> <span class='ocrx_word' id='word_1_239' title='bbox 659 2921 828 2996; x_wconf 83' lang='lat' dir='ltr'><strong>sequentem</strong></span> <span class='ocrx_word' id='word_1_240' title='bbox 849 2916 939 2991; x_wconf 75' lang='lat' dir='ltr'><strong>diem</strong></span> <span class='ocrx_word' id='word_1_241' title='bbox 962 2936 1030 2996; x_wconf 89' lang='lat' dir='ltr'><strong>quo,</strong></span> <span class='ocrx_word' id='word_1_242' title='bbox 1053 2937 1120 2979; x_wconf 89' lang='lat' dir='ltr'><strong>cnm</strong></span> <span class='ocrx_word' id='word_1_243' title='bbox 1134 2917 1335 2979; x_wconf 86' lang='lat' dir='ltr'><strong>celebrabitur</strong></span> <span class='ocrx_word' id='word_1_244' title='bbox 1356 2917 1504 2999; x_wconf 82' lang='lat' dir='ltr'><strong>Limrpia,</strong></span> <span class='ocrx_word' id='word_1_245' title='bbox 1528 2921 1593 2998; x_wconf 87' lang='lat' dir='ltr'><strong>ipse</strong></span> 
     </span>
     <span class='ocr_line' id='line_1_25' title="bbox 217 3014 1594 3098; baseline 0.003 -22"><span class='ocrx_word' id='word_1_246' title='bbox 217 3015 293 3075; x_wconf 85' lang='lat' dir='ltr'><strong>illud</strong></span> <span class='ocrx_word' id='word_1_247' title='bbox 311 3018 460 3095; x_wconf 83' lang='lat' dir='ltr'><strong>percipiet</strong></span> <span class='ocrx_word' id='word_1_248' title='bbox 472 3019 605 3096; x_wconf 74' lang='lat' dir='ltr'><strong>JeJ&#39;urms,</strong></span> <span class='ocrx_word' id='word_1_249' title='bbox 628 3017 708 3077; x_wconf 90' lang='lat' dir='ltr'><strong>nullo</strong></span> <span class='ocrx_word' id='word_1_250' title='bbox 728 3014 857 3095; x_wconf 72' lang='lat' dir='ltr'><strong>famens</strong></span> <span class='ocrx_word' id='word_1_251' title='bbox 878 3018 922 3078; x_wconf 91' lang='lat' dir='ltr'><strong>ad</strong></span> <span class='ocrx_word' id='word_1_252' title='bbox 942 3018 1043 3079; x_wconf 88' lang='lat' dir='ltr'><strong>altare</strong></span> <span class='ocrx_word' id='word_1_253' title='bbox 1063 3019 1240 3082; x_wconf 73' lang='lat' dir='ltr'><strong>minutato.</strong></span> <span class='ocrx_word' id='word_1_254' title='bbox 1285 3016 1341 3081; x_wconf 77' lang='lat' dir='ltr'><strong>tta</strong></span> <span class='ocrx_word' id='word_1_255' title='bbox 1358 3021 1495 3097; x_wconf 86' lang='lat' dir='ltr'><strong>peractis</strong></span> <span class='ocrx_word' id='word_1_256' title='bbox 1513 3037 1594 3098; x_wconf 90' lang='lat' dir='ltr'><strong>poe-</strong></span> 
     </span>
     <span class='ocr_line' id='line_1_26' title="bbox 217 3114 1593 3197; baseline 0.004 -23"><span class='ocrx_word' id='word_1_257' title='bbox 217 3116 377 3175; x_wconf 86' lang='lat' dir='ltr'><strong>nitentiam</strong></span> <span class='ocrx_word' id='word_1_258' title='bbox 399 3123 471 3196; x_wconf 80' lang='lat' dir='ltr'><strong>aqet</strong></span> <span class='ocrx_word' id='word_1_259' title='bbox 491 3117 700 3191; x_wconf 89' lang='lat' dir='ltr'><strong>durissimam,</strong></span> <span class='ocrx_word' id='word_1_260' title='bbox 730 3114 769 3176; x_wconf 89' lang='lat' dir='ltr'><strong>ob</strong></span> <span class='ocrx_word' id='word_1_261' title='bbox 791 3115 999 3194; x_wconf 77' lang='lat' dir='ltr'><strong>neplipentr&#39;arn</strong></span> <span class='ocrx_word' id='word_1_262' title='bbox 1028 3135 1115 3178; x_wconf 77' lang='lat' dir='ltr'><strong>nram</strong></span> <span class='ocrx_word' id='word_1_263' title='bbox 1137 3135 1213 3196; x_wconf 80' lang='lat' dir='ltr'><strong>erpa</strong></span> <span class='ocrx_word' id='word_1_264' title='bbox 1235 3135 1346 3196; x_wconf 83' lang='lat' dir='ltr'><strong>corpus</strong></span> <span class='ocrx_word' id='word_1_265' title='bbox 1368 3124 1399 3177; x_wconf 91' lang='lat' dir='ltr'><strong>et</strong></span> <span class='ocrx_word' id='word_1_266' title='bbox 1418 3120 1593 3197; x_wconf 73' lang='lat' dir='ltr'><strong>sanquinem</strong></span> 
     </span>
     <span class='ocr_line' id='line_1_27' title="bbox 217 3213 1593 3296; baseline 0.003 -22"><span class='ocrx_word' id='word_1_267' title='bbox 217 3214 290 3274; x_wconf 81' lang='lat' dir='ltr'><strong>Filii</strong></span> <span class='ocrx_word' id='word_1_268' title='bbox 310 3214 386 3289; x_wconf 87' lang='lat' dir='ltr'><strong>Dei,</strong></span> <span class='ocrx_word' id='word_1_269' title='bbox 408 3218 460 3295; x_wconf 87' lang='lat' dir='ltr'><strong>qui</strong></span> <span class='ocrx_word' id='word_1_270' title='bbox 486 3213 597 3295; x_wconf 63' lang='lat' dir='ltr'><strong>effusus</strong></span> <span class='ocrx_word' id='word_1_271' title='bbox 625 3223 672 3276; x_wconf 90' lang='lat' dir='ltr'><strong>est</strong></span> <span class='ocrx_word' id='word_1_272' title='bbox 700 3232 759 3294; x_wconf 89' lang='lat' dir='ltr'><strong>pro</strong></span> <span class='ocrx_word' id='word_1_273' title='bbox 781 3214 878 3275; x_wconf 86' lang='lat' dir='ltr'><strong>salute</strong></span> <span class='ocrx_word' id='word_1_274' title='bbox 905 3223 1124 3278; x_wconf 85' lang='lat' dir='ltr'><strong>creaturarum.</strong></span> <span class='ocrx_word' id='word_1_275' title='bbox 1171 3215 1310 3290; x_wconf 83' lang='lat' dir='ltr'><strong>Quodsi</strong></span> <span class='ocrx_word' id='word_1_276' title='bbox 1330 3223 1459 3296; x_wconf 88' lang='lat' dir='ltr'><strong>nequeat</strong></span> <span class='ocrx_word' id='word_1_277' title='bbox 1478 3235 1593 3279; x_wconf 86' lang='lat' dir='ltr'><strong>uacare</strong></span> 
     </span>
     <span class='ocr_line' id='line_1_28' title="bbox 216 3314 1592 3398; baseline 0 -21"><span class='ocrx_word' id='word_1_278' title='bbox 216 3319 284 3396; x_wconf 88' lang='lat' dir='ltr'><strong>ipse</strong></span> <span class='ocrx_word' id='word_1_279' title='bbox 305 3319 389 3378; x_wconf 89' lang='lat' dir='ltr'><strong>solus</strong></span> <span class='ocrx_word' id='word_1_280' title='bbox 411 3320 567 3380; x_wconf 78' lang='lat' dir='ltr'><strong>mutodiae</strong></span> <span class='ocrx_word' id='word_1_281' title='bbox 589 3319 729 3398; x_wconf 78' lang='lat' dir='ltr'><strong>corporis</strong></span> <span class='ocrx_word' id='word_1_282' title='bbox 750 3317 865 3390; x_wconf 89' lang='lat' dir='ltr'><strong>sancti,</strong></span> <span class='ocrx_word' id='word_1_283' title='bbox 895 3314 933 3376; x_wconf 86' lang='lat' dir='ltr'><strong>ab</strong></span> <span class='ocrx_word' id='word_1_284' title='bbox 960 3317 1190 3393; x_wconf 86' lang='lat' dir='ltr'><strong>praecedentem</strong></span> <span class='ocrx_word' id='word_1_285' title='bbox 1217 3315 1352 3395; x_wconf 66' lang='lat' dir='ltr'><strong>ciciliam</strong></span> <span class='ocrx_word' id='word_1_286' title='bbox 1373 3318 1485 3391; x_wconf 90' lang='lat' dir='ltr'><strong>noctis,</strong></span> <span class='ocrx_word' id='word_1_287' title='bbox 1514 3335 1592 3397; x_wconf 87' lang='lat' dir='ltr'><strong>quae</strong></span> 
     </span>
     <span class='ocr_line' id='line_1_29' title="bbox 218 3413 1591 3497; baseline 0.001 -21"><span class='ocrx_word' id='word_1_288' title='bbox 218 3414 391 3496; x_wconf 81' lang='lat' dir='ltr'><strong>Liturpiam</strong></span> <span class='ocrx_word' id='word_1_289' title='bbox 413 3420 584 3493; x_wconf 85' lang='lat' dir='ltr'><strong>antecessit,</strong></span> <span class='ocrx_word' id='word_1_290' title='bbox 607 3419 770 3497; x_wconf 81' lang='lat' dir='ltr'><strong>adjunqere</strong></span> <span class='ocrx_word' id='word_1_291' title='bbox 792 3415 852 3477; x_wconf 87' lang='lat' dir='ltr'><strong>sibi</strong></span> <span class='ocrx_word' id='word_1_292' title='bbox 869 3416 1051 3493; x_wconf 87' lang='lat' dir='ltr'><strong>permittitur</strong></span> <span class='ocrx_word' id='word_1_293' title='bbox 1071 3413 1266 3476; x_wconf 89' lang='lat' dir='ltr'><strong>Sacerdotem</strong></span> <span class='ocrx_word' id='word_1_294' title='bbox 1293 3415 1422 3495; x_wconf 82' lang='lat' dir='ltr'><strong>aliquem</strong></span> <span class='ocrx_word' id='word_1_295' title='bbox 1442 3416 1491 3477; x_wconf 89' lang='lat' dir='ltr'><strong>ael</strong></span> <span class='ocrx_word' id='word_1_296' title='bbox 1510 3417 1591 3478; x_wconf 83' lang='lat' dir='ltr'><strong>Dia-</strong></span> 
     </span>
     <span class='ocr_line' id='line_1_30' title="bbox 217 3511 1591 3597; baseline 0.001 -21"><span class='ocrx_word' id='word_1_297' title='bbox 217 3534 339 3578; x_wconf 85' lang='lat' dir='ltr'><strong>conum.</strong></span> <span class='ocrx_word' id='word_1_298' title='bbox 386 3515 469 3578; x_wconf 89' lang='lat' dir='ltr'><strong>ldenr</strong></span> <span class='ocrx_word' id='word_1_299' title='bbox 490 3518 674 3597; x_wconf 89' lang='lat' dir='ltr'><strong>praecipitur</strong></span> <span class='ocrx_word' id='word_1_300' title='bbox 696 3517 726 3577; x_wconf 91' lang='lat' dir='ltr'><strong>in</strong></span> <span class='ocrx_word' id='word_1_301' title='bbox 749 3514 878 3577; x_wconf 88' lang='lat' dir='ltr'><strong>diversis</strong></span> <span class='ocrx_word' id='word_1_302' title='bbox 901 3511 1146 3593; x_wconf 74' lang='lat' dir='ltr'><strong>collectionibus,</strong></span> <span class='ocrx_word' id='word_1_303' title='bbox 1170 3521 1200 3576; x_wconf 90' lang='lat' dir='ltr'><strong>et</strong></span> <span class='ocrx_word' id='word_1_304' title='bbox 1223 3514 1253 3575; x_wconf 92' lang='lat' dir='ltr'><strong>in</strong></span> <span class='ocrx_word' id='word_1_305' title='bbox 1277 3513 1390 3577; x_wconf 87' lang='lat' dir='ltr'><strong>Codice</strong></span> <span class='ocrx_word' id='word_1_306' title='bbox 1414 3515 1492 3597; x_wconf 80' lang='lat' dir='ltr'><strong>Syro</strong></span> <span class='ocrx_word' id='word_1_307' title='bbox 1515 3514 1591 3579; x_wconf 85' lang='lat' dir='ltr'><strong>Gol-</strong></span> 
     </span>
     <span class='ocr_line' id='line_1_31' title="bbox 217 3613 1591 3699; baseline 0.001 -23"><span class='ocrx_word' id='word_1_308' title='bbox 217 3614 341 3678; x_wconf 87' lang='lat' dir='ltr'><strong>bertino</strong></span> <span class='ocrx_word' id='word_1_309' title='bbox 365 3615 521 3699; x_wconf 83' lang='lat' dir='ltr'><strong>singulare</strong></span> <span class='ocrx_word' id='word_1_310' title='bbox 544 3615 682 3697; x_wconf 86' lang='lat' dir='ltr'><strong>quiddam</strong></span> <span class='ocrx_word' id='word_1_311' title='bbox 704 3616 763 3677; x_wconf 91' lang='lat' dir='ltr'><strong>hoc</strong></span> <span class='ocrx_word' id='word_1_312' title='bbox 785 3615 816 3676; x_wconf 92' lang='lat' dir='ltr'><strong>in</strong></span> <span class='ocrx_word' id='word_1_313' title='bbox 837 3631 952 3694; x_wconf 81' lang='lat' dir='ltr'><strong>genere</strong></span> <span class='ocrx_word' id='word_1_314' title='bbox 976 3614 1123 3676; x_wconf 88' lang='lat' dir='ltr'><strong>occurrit:</strong></span> <span class='ocrx_word' id='word_1_315' title='bbox 1147 3631 1255 3694; x_wconf 87' lang='lat' dir='ltr'><strong>nempe</strong></span> <span class='ocrx_word' id='word_1_316' title='bbox 1277 3622 1309 3676; x_wconf 93' lang='lat' dir='ltr'><strong>ut</strong></span> <span class='ocrx_word' id='word_1_317' title='bbox 1330 3613 1485 3677; x_wconf 84' lang='lat' dir='ltr'><strong>Sacerdos</strong></span> <span class='ocrx_word' id='word_1_318' title='bbox 1502 3624 1591 3696; x_wconf 88' lang='lat' dir='ltr'><strong>post-</strong></span> 
     </span>
     <span class='ocr_line' id='line_1_32' title="bbox 218 3713 1590 3796; baseline 0.002 -22"><span class='ocrx_word' id='word_1_319' title='bbox 218 3733 310 3793; x_wconf 86' lang='lat' dir='ltr'><strong>quam</strong></span> <span class='ocrx_word' id='word_1_320' title='bbox 333 3715 453 3776; x_wconf 86' lang='lat' dir='ltr'><strong>discum</strong></span> <span class='ocrx_word' id='word_1_321' title='bbox 467 3717 624 3796; x_wconf 82' lang='lat' dir='ltr'><strong>dilipenter</strong></span> <span class='ocrx_word' id='word_1_322' title='bbox 639 3715 791 3790; x_wconf 87' lang='lat' dir='ltr'><strong>abstersit,</strong></span> <span class='ocrx_word' id='word_1_323' title='bbox 813 3722 843 3775; x_wconf 89' lang='lat' dir='ltr'><strong>et</strong></span> <span class='ocrx_word' id='word_1_324' title='bbox 863 3715 989 3776; x_wconf 88' lang='lat' dir='ltr'><strong>calicem</strong></span> <span class='ocrx_word' id='word_1_325' title='bbox 1000 3713 1103 3792; x_wconf 88' lang='lat' dir='ltr'><strong>abluit,</strong></span> <span class='ocrx_word' id='word_1_326' title='bbox 1126 3714 1221 3788; x_wconf 90' lang='lat' dir='ltr'><strong>dicat,</strong></span> <span class='ocrx_word' id='word_1_327' title='bbox 1243 3715 1272 3776; x_wconf 90' lang='lat' dir='ltr'><strong>si</strong></span> <span class='ocrx_word' id='word_1_328' title='bbox 1282 3714 1445 3776; x_wconf 88' lang='lat' dir='ltr'><strong>membrum</strong></span> <span class='ocrx_word' id='word_1_329' title='bbox 1458 3716 1590 3796; x_wconf 83' lang='lat' dir='ltr'><strong>aliquod,</strong></span> 
     </span>
     <span class='ocr_line' id='line_1_33' title="bbox 218 3812 1592 3894; baseline 0.004 -20"><span class='ocrx_word' id='word_1_330' title='bbox 218 3812 277 3874; x_wconf 88' lang='lat' dir='ltr'><strong>hoc</strong></span> <span class='ocrx_word' id='word_1_331' title='bbox 298 3820 345 3874; x_wconf 86' lang='lat' dir='ltr'><strong>est</strong></span> <span class='ocrx_word' id='word_1_332' title='bbox 361 3815 517 3892; x_wconf 74' lang='lat' dir='ltr'><strong>partiaria</strong></span> <span class='ocrx_word' id='word_1_333' title='bbox 538 3817 676 3894; x_wconf 83' lang='lat' dir='ltr'><strong>corporis</strong></span> <span class='ocrx_word' id='word_1_334' title='bbox 698 3813 830 3889; x_wconf 83' lang='lat' dir='ltr'><strong>Christi,</strong></span> <span class='ocrx_word' id='word_1_335' title='bbox 852 3815 1046 3889; x_wconf 73' lang='lat' dir='ltr'><strong>remanserit,</strong></span> <span class='ocrx_word' id='word_1_336' title='bbox 1068 3816 1213 3875; x_wconf 73' lang='lat' dir='ltr'><strong>emendae</strong></span> <span class='ocrx_word' id='word_1_337' title='bbox 1235 3821 1322 3890; x_wconf 86' lang='lat' dir='ltr'><strong>tuae,</strong></span> <span class='ocrx_word' id='word_1_338' title='bbox 1352 3833 1430 3894; x_wconf 81' lang='lat' dir='ltr'><strong>qrrae</strong></span> <span class='ocrx_word' id='word_1_339' title='bbox 1451 3818 1592 3879; x_wconf 76' lang='lat' dir='ltr'><strong>nandum</strong></span> 
     </span>
     <span class='ocr_line' id='line_1_34' title="bbox 218 3913 1590 3995; baseline 0.004 -22"><span class='ocrx_word' id='word_1_340' title='bbox 218 3914 351 3987; x_wconf 85' lang='lat' dir='ltr'><strong>creavit,</strong></span> <span class='ocrx_word' id='word_1_341' title='bbox 382 3921 505 3974; x_wconf 89' lang='lat' dir='ltr'><strong>maneat</strong></span> <span class='ocrx_word' id='word_1_342' title='bbox 526 3915 780 3975; x_wconf 87' lang='lat' dir='ltr'><strong>commendatum:</strong></span> <span class='ocrx_word' id='word_1_343' title='bbox 810 3921 874 3976; x_wconf 90' lang='lat' dir='ltr'><strong>esto</strong></span> <span class='ocrx_word' id='word_1_344' title='bbox 902 3915 931 3974; x_wconf 85' lang='lat' dir='ltr'><strong>ei</strong></span> <span class='ocrx_word' id='word_1_345' title='bbox 960 3921 1061 3974; x_wconf 78' lang='lat' dir='ltr'><strong>mutos</strong></span> <span class='ocrx_word' id='word_1_346' title='bbox 1089 3913 1234 3990; x_wconf 87' lang='lat' dir='ltr'><strong>Domine,</strong></span> <span class='ocrx_word' id='word_1_347' title='bbox 1263 3922 1295 3975; x_wconf 88' lang='lat' dir='ltr'><strong>et</strong></span> <span class='ocrx_word' id='word_1_348' title='bbox 1321 3914 1409 3976; x_wconf 85' lang='lat' dir='ltr'><strong>nobis</strong></span> <span class='ocrx_word' id='word_1_349' title='bbox 1430 3917 1590 3995; x_wconf 88' lang='lat' dir='ltr'><strong>propitius.</strong></span> 
     </span>
     <span class='ocr_line' id='line_1_35' title="bbox 217 4011 1698 4093; baseline 0.003 -21"><span class='ocrx_word' id='word_1_350' title='bbox 217 4011 336 4092; x_wconf 86' lang='lat' dir='ltr'><strong>Nempe</strong></span> <span class='ocrx_word' id='word_1_351' title='bbox 359 4019 390 4072; x_wconf 93' lang='lat' dir='ltr'><strong>ut</strong></span> <span class='ocrx_word' id='word_1_352' title='bbox 414 4012 495 4074; x_wconf 89' lang='lat' dir='ltr'><strong>clare</strong></span> <span class='ocrx_word' id='word_1_353' title='bbox 523 4013 613 4076; x_wconf 91' lang='lat' dir='ltr'><strong>docet</strong></span> <span class='ocrx_word' id='word_1_354' title='bbox 634 4013 867 4089; x_wconf 87' lang='lat' dir='ltr'><strong>Echmimensis,</strong></span> <span class='ocrx_word' id='word_1_355' title='bbox 896 4013 978 4074; x_wconf 68' lang='lat' dir='ltr'><strong>nutat</strong></span> <span class='ocrx_word' id='word_1_356' title='bbox 1005 4019 1052 4074; x_wconf 93' lang='lat' dir='ltr'><strong>est</strong></span> <span class='ocrx_word' id='word_1_357' title='bbox 1073 4011 1243 4093; x_wconf 75' lang='lat' dir='ltr'><strong>differentia</strong></span> <span class='ocrx_word' id='word_1_358' title='bbox 1270 4015 1350 4075; x_wconf 90' lang='lat' dir='ltr'><strong>inter</strong></span> <span class='ocrx_word' id='word_1_359' title='bbox 1376 4016 1510 4091; x_wconf 79' lang='lat' dir='ltr'><strong>majores</strong></span> <span class='ocrx_word' id='word_1_360' title='bbox 1537 4023 1592 4077; x_wconf 87' lang='lat' dir='ltr'><strong>aut</strong></span> <span class='ocrx_word' id='word_1_361' title='bbox 1696 4029 1698 4038; x_wconf 67' lang='lat'><strong>¹</strong></span> 
     </span>
     <span class='ocr_line' id='line_1_36' title="bbox 216 4112 1590 4194; baseline 0.001 -21"><span class='ocrx_word' id='word_1_362' title='bbox 216 4115 354 4174; x_wconf 86' lang='lat' dir='ltr'><strong>minores</strong></span> <span class='ocrx_word' id='word_1_363' title='bbox 381 4112 593 4176; x_wconf 80' lang='lat' dir='ltr'><strong>Eucharistiae</strong></span> <span class='ocrx_word' id='word_1_364' title='bbox 615 4120 740 4194; x_wconf 88' lang='lat' dir='ltr'><strong>partes,</strong></span> <span class='ocrx_word' id='word_1_365' title='bbox 769 4116 861 4175; x_wconf 86' lang='lat' dir='ltr'><strong>etiam</strong></span> <span class='ocrx_word' id='word_1_366' title='bbox 889 4113 1121 4188; x_wconf 66' lang='lat' dir='ltr'><strong>mantissimas,</strong></span> <span class='ocrx_word' id='word_1_367' title='bbox 1158 4113 1236 4174; x_wconf 90' lang='lat' dir='ltr'><strong>adeo</strong></span> <span class='ocrx_word' id='word_1_368' title='bbox 1264 4122 1298 4173; x_wconf 91' lang='lat' dir='ltr'><strong>ut</strong></span> <span class='ocrx_word' id='word_1_369' title='bbox 1332 4114 1487 4175; x_wconf 65' lang='lat' dir='ltr'><strong>cenarum</strong></span> <span class='ocrx_word' id='word_1_370' title='bbox 1522 4115 1590 4175; x_wconf 89' lang='lat' dir='ltr'><strong>acie</strong></span> 
     </span>
     <span class='ocr_line' id='line_1_37' title="bbox 215 4212 1590 4293; baseline 0.001 -20"><span class='ocrx_word' id='word_1_371' title='bbox 215 4213 423 4273; x_wconf 80' lang='lat' dir='ltr'><strong>arrimadoerti</strong></span> <span class='ocrx_word' id='word_1_372' title='bbox 447 4233 508 4274; x_wconf 90' lang='lat' dir='ltr'><strong>non</strong></span> <span class='ocrx_word' id='word_1_373' title='bbox 525 4215 661 4293; x_wconf 85' lang='lat' dir='ltr'><strong>possint,</strong></span> <span class='ocrx_word' id='word_1_374' title='bbox 691 4231 769 4293; x_wconf 89' lang='lat' dir='ltr'><strong>quae</strong></span> <span class='ocrx_word' id='word_1_375' title='bbox 797 4212 932 4273; x_wconf 78' lang='lat' dir='ltr'><strong>eamden</strong></span> <span class='ocrx_word' id='word_1_376' title='bbox 958 4213 1182 4272; x_wconf 69' lang='lat' dir='ltr'><strong>amradonem</strong></span> <span class='ocrx_word' id='word_1_377' title='bbox 1210 4220 1376 4287; x_wconf 74' lang='lat' dir='ltr'><strong>muerrtur,</strong></span> <span class='ocrx_word' id='word_1_378' title='bbox 1399 4213 1590 4293; x_wconf 84' lang='lat' dir='ltr'><strong>eamdenaqae</strong></span> 
     </span>
     <span class='ocr_line' id='line_1_38' title="bbox 211 4310 1589 4392; baseline 0.003 -20"><span class='ocrx_word' id='word_1_379' title='bbox 211 4331 349 4391; x_wconf 87' lang='lat' dir='ltr'><strong>prorsus</strong></span> <span class='ocrx_word' id='word_1_380' title='bbox 377 4313 551 4392; x_wconf 75' lang='lat' dir='ltr'><strong>dipnitatem</strong></span> <span class='ocrx_word' id='word_1_381' title='bbox 580 4312 690 4374; x_wconf 78' lang='lat' dir='ltr'><strong>liabent</strong></span> <span class='ocrx_word' id='word_1_382' title='bbox 710 4331 750 4374; x_wconf 86' lang='lat' dir='ltr'><strong>ac</strong></span> <span class='ocrx_word' id='word_1_383' title='bbox 778 4320 869 4375; x_wconf 89' lang='lat' dir='ltr'><strong>toturn</strong></span> <span class='ocrx_word' id='word_1_384' title='bbox 896 4313 1010 4391; x_wconf 87' lang='lat' dir='ltr'><strong>ipsum,</strong></span> <span class='ocrx_word' id='word_1_385' title='bbox 1041 4319 1071 4372; x_wconf 90' lang='lat' dir='ltr'><strong>et</strong></span> <span class='ocrx_word' id='word_1_386' title='bbox 1098 4310 1206 4389; x_wconf 85' lang='lat' dir='ltr'><strong>quibus</strong></span> <span class='ocrx_word' id='word_1_387' title='bbox 1232 4313 1333 4373; x_wconf 87' lang='lat' dir='ltr'><strong>unitur</strong></span> <span class='ocrx_word' id='word_1_388' title='bbox 1356 4311 1506 4386; x_wconf 81' lang='lat' dir='ltr'><strong>Christus,</strong></span> <span class='ocrx_word' id='word_1_389' title='bbox 1528 4333 1589 4376; x_wconf 91' lang='lat' dir='ltr'><strong>non</strong></span> 
     </span>
     <span class='ocr_line' id='line_1_39' title="bbox 216 4409 1589 4493; baseline -0.001 -22"><span class='ocrx_word' id='word_1_390' title='bbox 216 4413 320 4472; x_wconf 82' lang='lat' dir='ltr'><strong>minus</strong></span> <span class='ocrx_word' id='word_1_391' title='bbox 341 4429 431 4490; x_wconf 88' lang='lat' dir='ltr'><strong>quam</strong></span> <span class='ocrx_word' id='word_1_392' title='bbox 452 4412 584 4491; x_wconf 87' lang='lat' dir='ltr'><strong>reliquis.</strong></span> <span class='ocrx_word' id='word_1_393' title='bbox 629 4411 689 4475; x_wconf 88' lang='lat' dir='ltr'><strong>Sed</strong></span> <span class='ocrx_word' id='word_1_394' title='bbox 712 4411 750 4473; x_wconf 94' lang='lat' dir='ltr'><strong>de</strong></span> <span class='ocrx_word' id='word_1_395' title='bbox 772 4409 818 4474; x_wconf 90' lang='lat' dir='ltr'><strong>his</strong></span> <span class='ocrx_word' id='word_1_396' title='bbox 841 4420 963 4493; x_wconf 89' lang='lat' dir='ltr'><strong>totaque</strong></span> <span class='ocrx_word' id='word_1_397' title='bbox 986 4409 1181 4473; x_wconf 86' lang='lat' dir='ltr'><strong>Orientalium</strong></span> <span class='ocrx_word' id='word_1_398' title='bbox 1205 4410 1339 4473; x_wconf 90' lang='lat' dir='ltr'><strong>doctrina</strong></span> <span class='ocrx_word' id='word_1_399' title='bbox 1363 4411 1443 4473; x_wconf 90' lang='lat' dir='ltr'><strong>circa</strong></span> <span class='ocrx_word' id='word_1_400' title='bbox 1466 4410 1589 4472; x_wconf 88' lang='lat' dir='ltr'><strong>Eucha-</strong></span> 
     </span>
     <span class='ocr_line' id='line_1_40' title="bbox 214 4497 1587 4592; baseline 0.001 -21"><span class='ocrx_word' id='word_1_401' title='bbox 214 4511 325 4571; x_wconf 90' lang='lat' dir='ltr'><strong>ristiae</strong></span> <span class='ocrx_word' id='word_1_402' title='bbox 356 4497 579 4572; x_wconf 83' lang='lat' dir='ltr'><strong>Sacramentum</strong></span> <span class='ocrx_word' id='word_1_403' title='bbox 609 4510 783 4591; x_wconf 89' lang='lat' dir='ltr'><strong>plenissime</strong></span> <span class='ocrx_word' id='word_1_404' title='bbox 811 4511 985 4573; x_wconf 88' lang='lat' dir='ltr'><strong>tractabitur</strong></span> <span class='ocrx_word' id='word_1_405' title='bbox 1013 4510 1045 4571; x_wconf 96' lang='lat' dir='ltr'><strong>in</strong></span> <span class='ocrx_word' id='word_1_406' title='bbox 1079 4508 1281 4592; x_wconf 82' lang='lat' dir='ltr'><strong>singularibus</strong></span> <span class='ocrx_word' id='word_1_407' title='bbox 1310 4509 1587 4573; x_wconf 86' lang='lat' dir='ltr'><strong>Dissertationibus.</strong></span> 
     </span>
     <span class='ocr_line' id='line_1_41' title="bbox 217 4608 1589 4690; baseline -0.002 -18"><span class='ocrx_word' id='word_1_408' title='bbox 217 4609 355 4672; x_wconf 82' lang='lat' dir='ltr'><strong>Tandem</strong></span> <span class='ocrx_word' id='word_1_409' title='bbox 377 4617 501 4690; x_wconf 87' lang='lat' dir='ltr'><strong>peracta</strong></span> <span class='ocrx_word' id='word_1_410' title='bbox 524 4611 731 4673; x_wconf 88' lang='lat' dir='ltr'><strong>communione</strong></span> <span class='ocrx_word' id='word_1_411' title='bbox 761 4609 874 4690; x_wconf 89' lang='lat' dir='ltr'><strong>discus,</strong></span> <span class='ocrx_word' id='word_1_412' title='bbox 897 4609 993 4689; x_wconf 84' lang='lat' dir='ltr'><strong>calix,</strong></span> <span class='ocrx_word' id='word_1_413' title='bbox 1023 4617 1053 4671; x_wconf 92' lang='lat' dir='ltr'><strong>et</strong></span> <span class='ocrx_word' id='word_1_414' title='bbox 1083 4608 1224 4671; x_wconf 89' lang='lat' dir='ltr'><strong>cochlear</strong></span> <span class='ocrx_word' id='word_1_415' title='bbox 1246 4608 1407 4690; x_wconf 74' lang='lat' dir='ltr'><strong>diligenter</strong></span> <span class='ocrx_word' id='word_1_416' title='bbox 1428 4608 1589 4672; x_wconf 91' lang='lat' dir='ltr'><strong>abluuntur</strong></span> 
     </span>
     <span class='ocr_line' id='line_1_42' title="bbox 212 4707 1588 4792; baseline -0.001 -21"><span class='ocrx_word' id='word_1_417' title='bbox 212 4729 233 4771; x_wconf 89' lang='lat' dir='ltr'><strong>a</strong></span> <span class='ocrx_word' id='word_1_418' title='bbox 272 4707 485 4772; x_wconf 88' lang='lat' dir='ltr'><strong>Sacerdotibus</strong></span> <span class='ocrx_word' id='word_1_419' title='bbox 514 4709 785 4790; x_wconf 82' lang='lat' dir='ltr'><strong>autalliaconis,</strong></span> <span class='ocrx_word' id='word_1_420' title='bbox 809 4710 955 4792; x_wconf 87' lang='lat' dir='ltr'><strong>aquibus</strong></span> <span class='ocrx_word' id='word_1_421' title='bbox 985 4728 1062 4790; x_wconf 91' lang='lat' dir='ltr'><strong>aqua</strong></span> <span class='ocrx_word' id='word_1_422' title='bbox 1091 4708 1266 4787; x_wconf 88' lang='lat' dir='ltr'><strong>ablutionis,</strong></span> <span class='ocrx_word' id='word_1_423' title='bbox 1297 4716 1330 4770; x_wconf 90' lang='lat' dir='ltr'><strong>ut</strong></span> <span class='ocrx_word' id='word_1_424' title='bbox 1358 4709 1436 4791; x_wconf 91' lang='lat' dir='ltr'><strong>apud</strong></span> <span class='ocrx_word' id='word_1_425' title='bbox 1464 4708 1588 4772; x_wconf 89' lang='lat' dir='ltr'><strong>Latinos</strong></span> 
     </span>
     <span class='ocr_line' id='line_1_43' title="bbox 215 4805 1588 4893; baseline -0.001 -22"><span class='ocrx_word' id='word_1_426' title='bbox 215 4809 289 4871; x_wconf 87' lang='lat' dir='ltr'><strong>lieri</strong></span> <span class='ocrx_word' id='word_1_427' title='bbox 311 4806 400 4887; x_wconf 87' lang='lat' dir='ltr'><strong>solet,</strong></span> <span class='ocrx_word' id='word_1_428' title='bbox 424 4808 547 4889; x_wconf 91' lang='lat' dir='ltr'><strong>bibitur,</strong></span> <span class='ocrx_word' id='word_1_429' title='bbox 571 4818 601 4873; x_wconf 90' lang='lat' dir='ltr'><strong>et</strong></span> <span class='ocrx_word' id='word_1_430' title='bbox 624 4818 729 4893; x_wconf 87' lang='lat' dir='ltr'><strong>postea</strong></span> <span class='ocrx_word' id='word_1_431' title='bbox 751 4828 825 4874; x_wconf 87' lang='lat' dir='ltr'><strong>vasa</strong></span> <span class='ocrx_word' id='word_1_432' title='bbox 855 4810 892 4873; x_wconf 92' lang='lat' dir='ltr'><strong>ad</strong></span> <span class='ocrx_word' id='word_1_433' title='bbox 919 4811 1100 4889; x_wconf 88' lang='lat' dir='ltr'><strong>sacrarium,</strong></span> <span class='ocrx_word' id='word_1_434' title='bbox 1130 4827 1186 4873; x_wconf 86' lang='lat' dir='ltr'><strong>seu</strong></span> <span class='ocrx_word' id='word_1_435' title='bbox 1214 4808 1478 4892; x_wconf 76' lang='lat' dir='ltr'><strong>scevophylacium</strong></span> <span class='ocrx_word' id='word_1_436' title='bbox 1499 4805 1588 4870; x_wconf 89' lang='lat' dir='ltr'><strong>reie-</strong></span> 
     </span>
     <span class='ocr_line' id='line_1_44' title="bbox 212 4914 336 4970; baseline -0.024 0"><span class='ocrx_word' id='word_1_437' title='bbox 212 4914 336 4970; x_wconf 84' lang='lat' dir='ltr'><strong>ruutur.</strong></span> 
     </span>
    </p>
   </div>
   <div class='ocr_carea' id='block_1_3' title="bbox 0 0 2268 6034">
    <p class='ocr_par' dir='ltr' id='par_1_4' title="bbox 0 0 2268 6034">
     <span class='ocr_line' id='line_1_45' title="bbox 0 0 2268 6034; baseline 0 5"><span class='ocrx_word' id='word_1_438' title='bbox 0 0 2268 6034; x_wconf 95' lang='lat' dir='ltr'><strong> </strong></span> 
     </span>
    </p>
   </div>
  </div>
 </body>
</html>
