<?xml version="1.0" encoding="UTF-8"?>
<!DOCTYPE html PUBLIC "-//W3C//DTD XHTML 1.0 Transitional//EN"
    "http://www.w3.org/TR/xhtml1/DTD/xhtml1-transitional.dtd">
<html xmlns="http://www.w3.org/1999/xhtml" xml:lang="en" lang="en">
 <head>
  <title>
</title>
<meta http-equiv="Content-Type" content="text/html;charset=utf-8" />
  <meta name='ocr-system' content='tesseract 3.04.00' />
  <meta name='ocr-capabilities' content='ocr_page ocr_carea ocr_par ocr_line ocrx_word'/>
</head>
<body>
  <div class='ocr_page' id='page_1' title='image "./liturgiarumorie00unkngoog/liturgiarumorie00unkngoog_1064.png"; bbox 0 0 4525 6034; ppageno 0'>
   <div class='ocr_carea' id='block_1_1' title="bbox 693 552 1497 633">
    <p class='ocr_par' dir='ltr' id='par_1_1' title="bbox 693 552 1497 633">
     <span class='ocr_line' id='line_1_1' title="bbox 693 552 1497 633; baseline 0.002 -5"><span class='ocrx_word' id='word_1_1' title='bbox 693 552 770 630; x_wconf 80' lang='lat'>354</span> <span class='ocrx_word' id='word_1_2' title='bbox 1263 554 1497 633; x_wconf 75' lang='lat' dir='ltr'>uouit</span> 
     </span>
    </p>
   </div>
   <div class='ocr_carea' id='block_1_2' title="bbox 691 735 2046 918">
    <p class='ocr_par' dir='ltr' id='par_1_2' title="bbox 691 735 2046 918">
     <span class='ocr_line' id='line_1_2' title="bbox 691 735 2046 822; baseline 0.001 -22"><span class='ocrx_word' id='word_1_3' title='bbox 691 744 813 820; x_wconf 88' lang='lat' dir='ltr'>ptorum</span> <span class='ocrx_word' id='word_1_4' title='bbox 835 736 994 818; x_wconf 87' lang='lat' dir='ltr'>imperitia,</span> <span class='ocrx_word' id='word_1_5' title='bbox 1017 743 1050 798; x_wconf 91' lang='lat' dir='ltr'>ut</span> <span class='ocrx_word' id='word_1_6' title='bbox 1071 753 1290 818; x_wconf 86' lang='lat' dir='ltr'>quemcumque</span> <span class='ocrx_word' id='word_1_7' title='bbox 1304 735 1447 801; x_wconf 79' lang='lat' dir='ltr'><strong>codicem</strong></span> <span class='ocrx_word' id='word_1_8' title='bbox 1469 738 1695 817; x_wconf 90' lang='lat' dir='ltr'>nanciscantur,</span> <span class='ocrx_word' id='word_1_9' title='bbox 1716 756 1786 801; x_wconf 91' lang='lat' dir='ltr'>eum</span> <span class='ocrx_word' id='word_1_10' title='bbox 1808 737 1985 818; x_wconf 72' lang='lat' dir='ltr'><strong>describant,</strong></span> <span class='ocrx_word' id='word_1_11' title='bbox 2001 741 2046 822; x_wconf 87' lang='lat' dir='ltr'>jn·</span> 
     </span>
     <span class='ocr_line' id='line_1_3' title="bbox 692 834 1246 918; baseline -0.002 -19"><span class='ocrx_word' id='word_1_12' title='bbox 692 836 772 899; x_wconf 87' lang='lat' dir='ltr'>‹licio</span> <span class='ocrx_word' id='word_1_13' title='bbox 795 835 889 915; x_wconf 90' lang='lat' dir='ltr'>nullo,</span> <span class='ocrx_word' id='word_1_14' title='bbox 912 834 1067 918; x_wconf 76' lang='lat' dir='ltr'>diligentia</span> <span class='ocrx_word' id='word_1_15' title='bbox 1090 835 1246 898; x_wconf 86' lang='lat' dir='ltr'>mediocri.</span> 
     </span>
    </p>
   </div>
   <div class='ocr_carea' id='block_1_3' title="bbox 1024 1111 1735 1206">
    <p class='ocr_par' dir='ltr' id='par_1_3' title="bbox 1024 1111 1735 1206">
     <span class='ocr_line' id='line_1_4' title="bbox 1024 1111 1735 1206; baseline -0.001 -25"><span class='ocrx_word' id='word_1_16' title='bbox 1024 1111 1060 1182; x_wconf 88' lang='lat'>6.</span> <span class='ocrx_word' id='word_1_17' title='bbox 1102 1111 1255 1204; x_wconf 82' lang='lat' dir='ltr'>Spiritus</span> <span class='ocrx_word' id='word_1_18' title='bbox 1281 1115 1339 1206; x_wconf 84' lang='lat' dir='ltr'>qni</span> <span class='ocrx_word' id='word_1_19' title='bbox 1366 1135 1389 1181; x_wconf 92' lang='grc' dir='ltr'><em>ο</em></span> <span class='ocrx_word' id='word_1_20' title='bbox 1415 1118 1450 1181; x_wconf 85' lang='lat' dir='ltr'>te</span> <span class='ocrx_word' id='word_1_21' title='bbox 1472 1111 1644 1203; x_wconf 84' lang='lat' dir='ltr'>procedit,</span> <span class='ocrx_word' id='word_1_22' title='bbox 1672 1117 1735 1181; x_wconf 84' lang='lat' dir='ltr'>ele.</span> 
     </span>
    </p>
   </div>
   <div class='ocr_carea' id='block_1_4' title="bbox 691 1301 2058 3354">
    <p class='ocr_par' dir='ltr' id='par_1_4' title="bbox 691 1301 2058 3354">
     <span class='ocr_line' id='line_1_5' title="bbox 791 1301 2051 1394; baseline -0.003 -17"><span class='ocrx_word' id='word_1_23' title='bbox 791 1301 978 1379; x_wconf 83' lang='lat' dir='ltr'>Occunaunn</span> <span class='ocrx_word' id='word_1_24' title='bbox 1011 1311 1118 1375; x_wconf 89' lang='lat' dir='ltr'>eadem</span> <span class='ocrx_word' id='word_1_25' title='bbox 1149 1311 1243 1374; x_wconf 86' lang='lat' dir='ltr'>verba</span> <span class='ocrx_word' id='word_1_26' title='bbox 1274 1312 1304 1374; x_wconf 92' lang='lat' dir='ltr'>in</span> <span class='ocrx_word' id='word_1_27' title='bbox 1327 1312 1441 1393; x_wconf 82' lang='lat' dir='ltr'>aliquot</span> <span class='ocrx_word' id='word_1_28' title='bbox 1464 1313 1531 1375; x_wconf 91' lang='lat' dir='ltr'>aliis</span> <span class='ocrx_word' id='word_1_29' title='bbox 1553 1313 1698 1393; x_wconf 80' lang='lat' dir='ltr'><strong>Syrorum</strong></span> <span class='ocrx_word' id='word_1_30' title='bbox 1718 1312 1864 1394; x_wconf 83' lang='lat' dir='ltr'>Liturgiis</span> <span class='ocrx_word' id='word_1_31' title='bbox 1886 1318 1998 1392; x_wconf 89' lang='lat' dir='ltr'>sumpta</span> <span class='ocrx_word' id='word_1_32' title='bbox 2017 1330 2051 1374; x_wconf 83' lang='lat' dir='ltr'>en</span> 
     </span>
     <span class='ocr_line' id='line_1_6' title="bbox 691 1413 2051 1498; baseline -0.001 -19"><span class='ocrx_word' id='word_1_33' title='bbox 691 1416 799 1479; x_wconf 89' lang='lat' dir='ltr'>Jacobi</span> <span class='ocrx_word' id='word_1_34' title='bbox 821 1415 979 1496; x_wconf 90' lang='lat' dir='ltr'>primaria:</span> <span class='ocrx_word' id='word_1_35' title='bbox 1002 1413 1083 1475; x_wconf 90' lang='lat' dir='ltr'>unde</span> <span class='ocrx_word' id='word_1_36' title='bbox 1106 1414 1233 1498; x_wconf 78' lang='lat' dir='ltr'>agnosci</span> <span class='ocrx_word' id='word_1_37' title='bbox 1257 1423 1361 1495; x_wconf 87' lang='lat' dir='ltr'>potest</span> <span class='ocrx_word' id='word_1_38' title='bbox 1383 1434 1438 1479; x_wconf 91' lang='lat' dir='ltr'>eos</span> <span class='ocrx_word' id='word_1_39' title='bbox 1461 1415 1555 1479; x_wconf 85' lang='lat' dir='ltr'>verba</span> <span class='ocrx_word' id='word_1_40' title='bbox 1579 1417 1644 1498; x_wconf 90' lang='lat' dir='ltr'>ipsa</span> <span class='ocrx_word' id='word_1_41' title='bbox 1660 1434 1790 1496; x_wconf 83' lang='lat' dir='ltr'>quaeex</span> <span class='ocrx_word' id='word_1_42' title='bbox 1806 1415 1961 1494; x_wconf 85' lang='lat' dir='ltr'>Scriptura</span> <span class='ocrx_word' id='word_1_43' title='bbox 1976 1432 2051 1477; x_wconf 88' lang='lat' dir='ltr'>saera</span> 
     </span>
     <span class='ocr_line' id='line_1_7' title="bbox 692 1512 2051 1596; baseline -0.001 -20"><span class='ocrx_word' id='word_1_44' title='bbox 692 1514 870 1596; x_wconf 88' lang='lat' dir='ltr'>deprompta</span> <span class='ocrx_word' id='word_1_45' title='bbox 898 1521 982 1593; x_wconf 91' lang='lat' dir='ltr'>sunt,</span> <span class='ocrx_word' id='word_1_46' title='bbox 1013 1512 1126 1575; x_wconf 88' lang='lat' dir='ltr'>rectius</span> <span class='ocrx_word' id='word_1_47' title='bbox 1156 1512 1246 1575; x_wconf 86' lang='lat' dir='ltr'>etad</span> <span class='ocrx_word' id='word_1_48' title='bbox 1271 1513 1438 1577; x_wconf 86' lang='lat' dir='ltr'>doctrinam</span> <span class='ocrx_word' id='word_1_49' title='bbox 1460 1514 1612 1577; x_wconf 85' lang='lat' dir='ltr'>Romanae</span> <span class='ocrx_word' id='word_1_50' title='bbox 1634 1514 1794 1577; x_wconf 83' lang='lat' dir='ltr'>Ecclesiae</span> <span class='ocrx_word' id='word_1_51' title='bbox 1816 1514 2051 1577; x_wconf 80' lang='lat' dir='ltr'>accommodatius</span> 
     </span>
     <span class='ocr_line' id='line_1_8' title="bbox 692 1610 2053 1695; baseline -0.002 -18"><span class='ocrx_word' id='word_1_52' title='bbox 692 1615 892 1688; x_wconf 83' lang='lat' dir='ltr'>intellexisse,</span> <span class='ocrx_word' id='word_1_53' title='bbox 915 1630 1004 1694; x_wconf 85' lang='lat' dir='ltr'>quam</span> <span class='ocrx_word' id='word_1_54' title='bbox 1016 1610 1150 1674; x_wconf 89' lang='lat' dir='ltr'>Graecos</span> <span class='ocrx_word' id='word_1_55' title='bbox 1173 1614 1373 1691; x_wconf 83' lang='lat' dir='ltr'>recentiores,</span> <span class='ocrx_word' id='word_1_56' title='bbox 1396 1614 1575 1695; x_wconf 88' lang='lat' dir='ltr'>praesertim</span> <span class='ocrx_word' id='word_1_57' title='bbox 1597 1631 1723 1693; x_wconf 87' lang='lat' dir='ltr'>quornm</span> <span class='ocrx_word' id='word_1_58' title='bbox 1746 1610 1911 1675; x_wconf 76' lang='lat' dir='ltr'>conamina</span> <span class='ocrx_word' id='word_1_59' title='bbox 1933 1612 1969 1673; x_wconf 92' lang='lat' dir='ltr'>de</span> <span class='ocrx_word' id='word_1_60' title='bbox 1989 1630 2053 1693; x_wconf 90' lang='lat' dir='ltr'>pro-</span> 
     </span>
     <span class='ocr_line' id='line_1_9' title="bbox 693 1709 2051 1793; baseline -0.003 -18"><span class='ocrx_word' id='word_1_61' title='bbox 693 1713 833 1775; x_wconf 87' lang='lat' dir='ltr'>cessione</span> <span class='ocrx_word' id='word_1_62' title='bbox 856 1711 986 1793; x_wconf 87' lang='lat' dir='ltr'>Spiritus</span> <span class='ocrx_word' id='word_1_63' title='bbox 1009 1710 1105 1771; x_wconf 90' lang='lat' dir='ltr'>sancti</span> <span class='ocrx_word' id='word_1_64' title='bbox 1128 1709 1298 1774; x_wconf 80' lang='lat' dir='ltr'>orientales</span> <span class='ocrx_word' id='word_1_65' title='bbox 1321 1730 1382 1776; x_wconf 93' lang='lat' dir='ltr'>non</span> <span class='ocrx_word' id='word_1_66' title='bbox 1405 1713 1493 1775; x_wconf 89' lang='lat' dir='ltr'>aliter</span> <span class='ocrx_word' id='word_1_67' title='bbox 1515 1712 1693 1791; x_wconf 87' lang='lat' dir='ltr'>didicerunt,</span> <span class='ocrx_word' id='word_1_68' title='bbox 1717 1729 1806 1791; x_wconf 89' lang='lat' dir='ltr'>quarn</span> <span class='ocrx_word' id='word_1_69' title='bbox 1825 1709 2051 1773; x_wconf 85' lang='lat' dir='ltr'>aMissionariis:</span> 
     </span>
     <span class='ocr_line' id='line_1_10' title="bbox 693 1808 2054 1893; baseline -0.002 -19"><span class='ocrx_word' id='word_1_70' title='bbox 693 1813 745 1893; x_wconf 91' lang='lat' dir='ltr'>qui</span> <span class='ocrx_word' id='word_1_71' title='bbox 775 1811 856 1892; x_wconf 86' lang='lat' dir='ltr'>quod</span> <span class='ocrx_word' id='word_1_72' title='bbox 887 1809 1055 1891; x_wconf 74' lang='lat' dir='ltr'>symbolum</span> <span class='ocrx_word' id='word_1_73' title='bbox 1079 1811 1144 1871; x_wconf 92' lang='lat' dir='ltr'>sine</span> <span class='ocrx_word' id='word_1_74' title='bbox 1174 1809 1325 1874; x_wconf 90' lang='lat' dir='ltr'>additione</span> <span class='ocrx_word' id='word_1_75' title='bbox 1348 1812 1482 1892; x_wconf 79' lang='lat' dir='ltr'>Filioque</span> <span class='ocrx_word' id='word_1_76' title='bbox 1503 1812 1626 1873; x_wconf 88' lang='lat' dir='ltr'>recitari</span> <span class='ocrx_word' id='word_1_77' title='bbox 1649 1808 1803 1887; x_wconf 84' lang='lat' dir='ltr'>audirent,</span> <span class='ocrx_word' id='word_1_78' title='bbox 1834 1828 1890 1872; x_wconf 88' lang='lat' dir='ltr'>ecs</span> <span class='ocrx_word' id='word_1_79' title='bbox 1913 1810 1943 1870; x_wconf 91' lang='lat' dir='ltr'>in</span> <span class='ocrx_word' id='word_1_80' title='bbox 1964 1808 2054 1873; x_wconf 88' lang='lat' dir='ltr'>eadem</span> 
     </span>
     <span class='ocr_line' id='line_1_11' title="bbox 692 1906 2053 1990; baseline -0.002 -18"><span class='ocrx_word' id='word_1_81' title='bbox 692 1927 829 1972; x_wconf 84' lang='lat' dir='ltr'>esseae</span> <span class='ocrx_word' id='word_1_82' title='bbox 860 1907 995 1971; x_wconf 85' lang='lat' dir='ltr'>Graecos</span> <span class='ocrx_word' id='word_1_83' title='bbox 1026 1906 1240 1971; x_wconf 79' lang='lat' dir='ltr'>schismaticos</span> <span class='ocrx_word' id='word_1_84' title='bbox 1278 1910 1437 1990; x_wconf 88' lang='lat' dir='ltr'>opinione,</span> <span class='ocrx_word' id='word_1_85' title='bbox 1472 1910 1730 1973; x_wconf 87' lang='lat' dir='ltr'>existimaverunt.</span> <span class='ocrx_word' id='word_1_86' title='bbox 1753 1908 1909 1988; x_wconf 69' lang='grc' dir='ltr'><em>Βρὶεἰιαι</em></span> <span class='ocrx_word' id='word_1_87' title='bbox 1937 1916 2053 1983; x_wconf 75' lang='lat' dir='ltr'>maana,</span> 
     </span>
     <span class='ocr_line' id='line_1_12' title="bbox 692 2005 2055 2090; baseline -0.003 -20"><span class='ocrx_word' id='word_1_88' title='bbox 692 2009 788 2090; x_wconf 90' lang='lat' dir='ltr'>inquit</span> <span class='ocrx_word' id='word_1_89' title='bbox 811 2007 959 2085; x_wconf 87' lang='lat' dir='ltr'>Christus,</span> <span class='ocrx_word' id='word_1_90' title='bbox 983 2008 1035 2088; x_wconf 83' lang='lat' dir='ltr'>qui</span> <span class='ocrx_word' id='word_1_91' title='bbox 1055 2025 1077 2068; x_wconf 89' lang='grc' dir='ltr'><em>ο</em></span> <span class='ocrx_word' id='word_1_92' title='bbox 1098 2006 1193 2069; x_wconf 76' lang='lat' dir='ltr'>Potae</span> <span class='ocrx_word' id='word_1_93' title='bbox 1211 2008 1361 2087; x_wconf 79' lang='lat' dir='ltr'>procedit,</span> <span class='ocrx_word' id='word_1_94' title='bbox 1384 2010 1422 2070; x_wconf 88' lang='lat' dir='ltr'>de</span> <span class='ocrx_word' id='word_1_95' title='bbox 1443 2027 1510 2070; x_wconf 81' lang='lat' dir='ltr'>naeo</span> <span class='ocrx_word' id='word_1_96' title='bbox 1532 2009 1672 2088; x_wconf 79' lang='lat' dir='ltr'>accipiet.</span> <span class='ocrx_word' id='word_1_97' title='bbox 1718 2005 1828 2069; x_wconf 89' lang='lat' dir='ltr'>Graeci</span> <span class='ocrx_word' id='word_1_98' title='bbox 1851 2006 1953 2068; x_wconf 90' lang='lat' dir='ltr'>ultima</span> <span class='ocrx_word' id='word_1_99' title='bbox 1973 2006 2055 2069; x_wconf 83' lang='lat' dir='ltr'>uerba</span> 
     </span>
     <span class='ocr_line' id='line_1_13' title="bbox 692 2105 2053 2188; baseline -0.002 -19"><span class='ocrx_word' id='word_1_100' title='bbox 692 2109 738 2169; x_wconf 90' lang='lat' dir='ltr'>sic</span> <span class='ocrx_word' id='word_1_101' title='bbox 760 2106 941 2187; x_wconf 88' lang='lat' dir='ltr'>intelligunt,</span> <span class='ocrx_word' id='word_1_102' title='bbox 965 2113 997 2167; x_wconf 93' lang='lat' dir='ltr'>ut</span> <span class='ocrx_word' id='word_1_103' title='bbox 1020 2105 1098 2168; x_wconf 90' lang='lat' dir='ltr'>dona</span> <span class='ocrx_word' id='word_1_104' title='bbox 1122 2105 1251 2186; x_wconf 87' lang='lat' dir='ltr'>Spiritus</span> <span class='ocrx_word' id='word_1_105' title='bbox 1274 2108 1370 2169; x_wconf 91' lang='lat' dir='ltr'>sancti</span> <span class='ocrx_word' id='word_1_106' title='bbox 1392 2125 1471 2188; x_wconf 90' lang='lat' dir='ltr'>quae</span> <span class='ocrx_word' id='word_1_107' title='bbox 1494 2105 1606 2169; x_wconf 83' lang='lat' dir='ltr'>Christi</span> <span class='ocrx_word' id='word_1_108' title='bbox 1629 2112 1728 2168; x_wconf 89' lang='lat' dir='ltr'>morte</span> <span class='ocrx_word' id='word_1_109' title='bbox 1749 2113 1838 2185; x_wconf 88' lang='lat' dir='ltr'>parta</span> <span class='ocrx_word' id='word_1_110' title='bbox 1860 2112 1948 2181; x_wconf 89' lang='lat' dir='ltr'>sunt,</span> <span class='ocrx_word' id='word_1_111' title='bbox 1969 2105 2003 2167; x_wconf 90' lang='lat' dir='ltr'>ab</span> <span class='ocrx_word' id='word_1_112' title='bbox 2022 2122 2053 2166; x_wconf 89' lang='lat' dir='ltr'>eo</span> 
     </span>
     <span class='ocr_line' id='line_1_14' title="bbox 692 2190 2055 2287; baseline -0.004 -20"><span class='ocrx_word' id='word_1_113' title='bbox 692 2212 835 2287; x_wconf 88' lang='lat' dir='ltr'>accepta,</span> <span class='ocrx_word' id='word_1_114' title='bbox 866 2203 1034 2266; x_wconf 90' lang='lat' dir='ltr'>bominibus</span> <span class='ocrx_word' id='word_1_115' title='bbox 1062 2205 1272 2268; x_wconf 87' lang='lat' dir='ltr'>communicet.</span> <span class='ocrx_word' id='word_1_116' title='bbox 1317 2205 1358 2267; x_wconf 85' lang='lat' dir='ltr'>nt</span> <span class='ocrx_word' id='word_1_117' title='bbox 1387 2205 1468 2286; x_wconf 83' lang='lat' dir='ltr'>quod</span> <span class='ocrx_word' id='word_1_118' title='bbox 1496 2222 1532 2268; x_wconf 88' lang='lat' dir='ltr'>ea</span> <span class='ocrx_word' id='word_1_119' title='bbox 1562 2223 1640 2285; x_wconf 87' lang='lat' dir='ltr'>quae</span> <span class='ocrx_word' id='word_1_120' title='bbox 1669 2190 1820 2287; x_wconf 74' lang='grc' dir='ltr'><em>οὕσιώδη</em></span> <span class='ocrx_word' id='word_1_121' title='bbox 1843 2210 1932 2279; x_wconf 89' lang='lat' dir='ltr'>sunt,</span> <span class='ocrx_word' id='word_1_122' title='bbox 1955 2202 2055 2264; x_wconf 74' lang='lat' dir='ltr'>attio</span> 
     </span>
     <span class='ocr_line' id='line_1_15' title="bbox 693 2298 2056 2385; baseline -0.002 -19"><span class='ocrx_word' id='word_1_123' title='bbox 693 2304 823 2385; x_wconf 90' lang='lat' dir='ltr'>Spiritus</span> <span class='ocrx_word' id='word_1_124' title='bbox 845 2311 968 2366; x_wconf 91' lang='lat' dir='ltr'>sanctus</span> <span class='ocrx_word' id='word_1_125' title='bbox 992 2303 1138 2383; x_wconf 88' lang='lat' dir='ltr'>accipiat,</span> <span class='ocrx_word' id='word_1_126' title='bbox 1167 2320 1227 2365; x_wconf 92' lang='lat' dir='ltr'>non</span> <span class='ocrx_word' id='word_1_127' title='bbox 1257 2311 1441 2385; x_wconf 89' lang='lat' dir='ltr'>agnoscunt,</span> <span class='ocrx_word' id='word_1_128' title='bbox 1472 2311 1504 2366; x_wconf 90' lang='lat' dir='ltr'>ut</span> <span class='ocrx_word' id='word_1_129' title='bbox 1534 2322 1610 2385; x_wconf 89' lang='lat' dir='ltr'>prae</span> <span class='ocrx_word' id='word_1_130' title='bbox 1639 2303 1769 2365; x_wconf 86' lang='lat' dir='ltr'>caeteris</span> <span class='ocrx_word' id='word_1_131' title='bbox 1799 2303 1894 2384; x_wconf 89' lang='lat' dir='ltr'>longa</span> <span class='ocrx_word' id='word_1_132' title='bbox 1918 2309 1949 2365; x_wconf 90' lang='lat' dir='ltr'>et</span> <span class='ocrx_word' id='word_1_133' title='bbox 1969 2298 2056 2363; x_wconf 86' lang='lat' dir='ltr'>subtili</span> 
     </span>
     <span class='ocr_line' id='line_1_16' title="bbox 692 2397 2056 2485; baseline -0.004 -22"><span class='ocrx_word' id='word_1_134' title='bbox 692 2401 896 2483; x_wconf 90' lang='lat' dir='ltr'>disputatione</span> <span class='ocrx_word' id='word_1_135' title='bbox 918 2402 949 2464; x_wconf 90' lang='lat' dir='ltr'>in</span> <span class='ocrx_word' id='word_1_136' title='bbox 962 2401 1098 2463; x_wconf 87' lang='lat' dir='ltr'>Concilio</span> <span class='ocrx_word' id='word_1_137' title='bbox 1115 2399 1289 2464; x_wconf 86' lang='lat' dir='ltr'>Florentino</span> <span class='ocrx_word' id='word_1_138' title='bbox 1307 2402 1439 2485; x_wconf 89' lang='lat' dir='ltr'>probare</span> <span class='ocrx_word' id='word_1_139' title='bbox 1461 2403 1545 2465; x_wconf 91' lang='lat' dir='ltr'>nisus</span> <span class='ocrx_word' id='word_1_140' title='bbox 1568 2410 1615 2465; x_wconf 88' lang='lat' dir='ltr'>est</span> <span class='ocrx_word' id='word_1_141' title='bbox 1636 2401 1757 2463; x_wconf 89' lang='lat' dir='ltr'>lllarcus</span> <span class='ocrx_word' id='word_1_142' title='bbox 1779 2401 1945 2481; x_wconf 84' lang='lat' dir='ltr'>Ephesius,</span> <span class='ocrx_word' id='word_1_143' title='bbox 1966 2407 1995 2461; x_wconf 87' lang='lat' dir='ltr'>et</span> <span class='ocrx_word' id='word_1_144' title='bbox 2014 2397 2056 2477; x_wconf 84' lang='lat' dir='ltr'>qui</span> 
     </span>
     <span class='ocr_line' id='line_1_17' title="bbox 692 2497 2055 2581; baseline -0.006 -17"><span class='ocrx_word' id='word_1_145' title='bbox 692 2501 754 2564; x_wconf 91' lang='lat' dir='ltr'>odii</span> <span class='ocrx_word' id='word_1_146' title='bbox 776 2509 808 2563; x_wconf 91' lang='lat' dir='ltr'>ct</span> <span class='ocrx_word' id='word_1_147' title='bbox 830 2501 901 2563; x_wconf 89' lang='lat' dir='ltr'>belli</span> <span class='ocrx_word' id='word_1_148' title='bbox 924 2500 1071 2563; x_wconf 87' lang='lat' dir='ltr'>adversus</span> <span class='ocrx_word' id='word_1_149' title='bbox 1095 2499 1218 2563; x_wconf 87' lang='lat' dir='ltr'>Latinos</span> <span class='ocrx_word' id='word_1_150' title='bbox 1240 2500 1350 2563; x_wconf 85' lang='lat' dir='ltr'>haeres</span> <span class='ocrx_word' id='word_1_151' title='bbox 1372 2501 1436 2581; x_wconf 84' lang='lat' dir='ltr'>luit,</span> <span class='ocrx_word' id='word_1_152' title='bbox 1461 2500 1632 2564; x_wconf 84' lang='lat' dir='ltr'>Gennadius</span> <span class='ocrx_word' id='word_1_153' title='bbox 1655 2500 1828 2563; x_wconf 88' lang='lat' dir='ltr'>Patriarcha</span> <span class='ocrx_word' id='word_1_154' title='bbox 1852 2497 2055 2561; x_wconf 87' lang='lat' dir='ltr'>Constantino-</span> 
     </span>
     <span class='ocr_line' id='line_1_18' title="bbox 696 2597 2055 2683; baseline -0.007 -20"><span class='ocrx_word' id='word_1_155' title='bbox 696 2598 861 2682; x_wconf 90' lang='lat' dir='ltr'>politanus,</span> <span class='ocrx_word' id='word_1_156' title='bbox 885 2599 922 2663; x_wconf 92' lang='lat' dir='ltr'>ab</span> <span class='ocrx_word' id='word_1_157' title='bbox 945 2598 1022 2661; x_wconf 89' lang='lat' dir='ltr'>urbe</span> <span class='ocrx_word' id='word_1_158' title='bbox 1044 2605 1132 2680; x_wconf 90' lang='lat' dir='ltr'>capta</span> <span class='ocrx_word' id='word_1_159' title='bbox 1156 2601 1280 2682; x_wconf 88' lang='lat' dir='ltr'>primus.</span> <span class='ocrx_word' id='word_1_160' title='bbox 1325 2598 1384 2673; x_wconf 81' lang='lat' dir='ltr'>uui</span> <span class='ocrx_word' id='word_1_161' title='bbox 1406 2601 1499 2683; x_wconf 88' lang='lat' dir='ltr'>igitur</span> <span class='ocrx_word' id='word_1_162' title='bbox 1519 2600 1614 2662; x_wconf 87' lang='lat' dir='ltr'>verba</span> <span class='ocrx_word' id='word_1_163' title='bbox 1634 2597 1746 2661; x_wconf 82' lang='lat' dir='ltr'>Christi</span> <span class='ocrx_word' id='word_1_164' title='bbox 1768 2598 1806 2660; x_wconf 88' lang='lat' dir='ltr'>de</span> <span class='ocrx_word' id='word_1_165' title='bbox 1830 2598 1946 2678; x_wconf 87' lang='lat' dir='ltr'>Spiritu</span> <span class='ocrx_word' id='word_1_166' title='bbox 1967 2601 2055 2658; x_wconf 87' lang='lat' dir='ltr'>sancto</span> 
     </span>
     <span class='ocr_line' id='line_1_19' title="bbox 693 2691 2055 2780; baseline -0.005 -20"><span class='ocrx_word' id='word_1_167' title='bbox 693 2705 800 2762; x_wconf 90' lang='lat' dir='ltr'>contra</span> <span class='ocrx_word' id='word_1_168' title='bbox 823 2697 1010 2761; x_wconf 86' lang='lat' dir='ltr'>Graecorum</span> <span class='ocrx_word' id='word_1_169' title='bbox 1032 2706 1163 2760; x_wconf 88' lang='lat' dir='ltr'>mentem</span> <span class='ocrx_word' id='word_1_170' title='bbox 1185 2698 1313 2780; x_wconf 86' lang='lat' dir='ltr'>publicis</span> <span class='ocrx_word' id='word_1_171' title='bbox 1336 2699 1513 2762; x_wconf 87' lang='lat' dir='ltr'>testimoniis</span> <span class='ocrx_word' id='word_1_172' title='bbox 1537 2697 1735 2777; x_wconf 80' lang='lat' dir='ltr'>declaratam,</span> <span class='ocrx_word' id='word_1_173' title='bbox 1757 2697 1915 2777; x_wconf 85' lang='lat' dir='ltr'>uariisque</span> <span class='ocrx_word' id='word_1_174' title='bbox 1937 2691 2055 2758; x_wconf 84' lang='lat' dir='ltr'>&#39;lbeolo-</span> 
     </span>
     <span class='ocr_line' id='line_1_20' title="bbox 693 2795 2056 2883; baseline -0.007 -24"><span class='ocrx_word' id='word_1_175' title='bbox 693 2814 802 2883; x_wconf 90' lang='lat' dir='ltr'>gorum</span> <span class='ocrx_word' id='word_1_176' title='bbox 825 2797 947 2878; x_wconf 89' lang='lat' dir='ltr'>scriptis</span> <span class='ocrx_word' id='word_1_177' title='bbox 971 2797 1174 2860; x_wconf 86' lang='lat' dir='ltr'>confirmatam</span> <span class='ocrx_word' id='word_1_178' title='bbox 1195 2799 1450 2878; x_wconf 88' lang='lat' dir='ltr'>interpretantur,</span> <span class='ocrx_word' id='word_1_179' title='bbox 1474 2797 1648 2860; x_wconf 89' lang='lat' dir='ltr'>eorumdem</span> <span class='ocrx_word' id='word_1_180' title='bbox 1669 2798 1767 2859; x_wconf 90' lang='lat' dir='ltr'>errori</span> <span class='ocrx_word' id='word_1_181' title='bbox 1789 2795 1894 2858; x_wconf 86' lang='lat' dir='ltr'>altinas</span> <span class='ocrx_word' id='word_1_182' title='bbox 1919 2808 2056 2857; x_wconf 88' lang='lat' dir='ltr'>essenon</span> 
     </span>
     <span class='ocr_line' id='line_1_21' title="bbox 691 2891 2057 2979; baseline -0.003 -21"><span class='ocrx_word' id='word_1_183' title='bbox 691 2903 830 2977; x_wconf 88' lang='lat' dir='ltr'>possunt.</span> <span class='ocrx_word' id='word_1_184' title='bbox 873 2895 1011 2958; x_wconf 91' lang='lat' dir='ltr'>Docendi</span> <span class='ocrx_word' id='word_1_185' title='bbox 1033 2897 1126 2979; x_wconf 88' lang='lat' dir='ltr'>igilur</span> <span class='ocrx_word' id='word_1_186' title='bbox 1147 2903 1217 2958; x_wconf 89' lang='lat' dir='ltr'>sunt</span> <span class='ocrx_word' id='word_1_187' title='bbox 1239 2894 1426 2975; x_wconf 86' lang='lat' dir='ltr'>Orientales,</span> <span class='ocrx_word' id='word_1_188' title='bbox 1450 2913 1512 2959; x_wconf 92' lang='lat' dir='ltr'>non</span> <span class='ocrx_word' id='word_1_189' title='bbox 1534 2895 1716 2974; x_wconf 90' lang='lat' dir='ltr'>insectandi,</span> <span class='ocrx_word' id='word_1_190' title='bbox 1740 2895 1777 2958; x_wconf 94' lang='lat' dir='ltr'>ab</span> <span class='ocrx_word' id='word_1_191' title='bbox 1799 2894 1859 2956; x_wconf 91' lang='lat' dir='ltr'>illis</span> <span class='ocrx_word' id='word_1_192' title='bbox 1882 2891 2057 2974; x_wconf 83' lang='lat' dir='ltr'>praesertim,</span> 
     </span>
     <span class='ocr_line' id='line_1_22' title="bbox 692 2987 2057 3077; baseline -0.005 -19"><span class='ocrx_word' id='word_1_193' title='bbox 692 2998 745 3077; x_wconf 87' lang='lat' dir='ltr'>qui</span> <span class='ocrx_word' id='word_1_194' title='bbox 767 3002 859 3058; x_wconf 90' lang='lat' dir='ltr'>totam</span> <span class='ocrx_word' id='word_1_195' title='bbox 881 2995 960 3056; x_wconf 90' lang='lat' dir='ltr'>illam</span> <span class='ocrx_word' id='word_1_196' title='bbox 983 2996 1154 3075; x_wconf 88' lang='lat' dir='ltr'>materiam,</span> <span class='ocrx_word' id='word_1_197' title='bbox 1184 3012 1246 3057; x_wconf 90' lang='lat' dir='ltr'>non</span> <span class='ocrx_word' id='word_1_198' title='bbox 1268 3013 1309 3058; x_wconf 81' lang='lat' dir='ltr'>ex</span> <span class='ocrx_word' id='word_1_199' title='bbox 1330 2996 1465 3075; x_wconf 89' lang='lat' dir='ltr'>probatis</span> <span class='ocrx_word' id='word_1_200' title='bbox 1489 2995 1660 3073; x_wconf 87' lang='lat' dir='ltr'>autoribus,</span> <span class='ocrx_word' id='word_1_201' title='bbox 1688 3012 1765 3076; x_wconf 85' lang='lat' dir='ltr'>quos</span> <span class='ocrx_word' id='word_1_202' title='bbox 1788 2993 1986 3077; x_wconf 84' lang='lat' dir='ltr'>ignorabant,</span> <span class='ocrx_word' id='word_1_203' title='bbox 2012 2987 2057 3050; x_wconf 88' lang='lat' dir='ltr'>sed</span> 
     </span>
     <span class='ocr_line' id='line_1_23' title="bbox 693 3086 2057 3175; baseline -0.007 -18"><span class='ocrx_word' id='word_1_204' title='bbox 693 3113 734 3157; x_wconf 85' lang='lat' dir='ltr'>ex</span> <span class='ocrx_word' id='word_1_205' title='bbox 756 3093 961 3158; x_wconf 77' lang='lat' dir='ltr'>collectaneis</span> <span class='ocrx_word' id='word_1_206' title='bbox 984 3092 1170 3173; x_wconf 90' lang='lat' dir='ltr'>didicerunt,</span> <span class='ocrx_word' id='word_1_207' title='bbox 1195 3102 1244 3156; x_wconf 85' lang='lat' dir='ltr'>aut</span> <span class='ocrx_word' id='word_1_208' title='bbox 1268 3112 1307 3156; x_wconf 87' lang='lat' dir='ltr'>ex</span> <span class='ocrx_word' id='word_1_209' title='bbox 1329 3094 1495 3175; x_wconf 87' lang='lat' dir='ltr'>aliquorum</span> <span class='ocrx_word' id='word_1_210' title='bbox 1518 3093 1669 3155; x_wconf 89' lang='lat' dir='ltr'>hominum</span> <span class='ocrx_word' id='word_1_211' title='bbox 1691 3092 1911 3170; x_wconf 78' lang='lat' dir='ltr'>relationibuS,</span> <span class='ocrx_word' id='word_1_212' title='bbox 1942 3088 1991 3171; x_wconf 82' lang='lat' dir='ltr'>qui</span> <span class='ocrx_word' id='word_1_213' title='bbox 2009 3086 2057 3148; x_wconf 91' lang='lat' dir='ltr'>do-</span> 
     </span>
     <span class='ocr_line' id='line_1_24' title="bbox 694 3186 2058 3273; baseline -0.008 -18"><span class='ocrx_word' id='word_1_214' title='bbox 694 3211 774 3255; x_wconf 90' lang='lat' dir='ltr'>mum</span> <span class='ocrx_word' id='word_1_215' title='bbox 796 3212 837 3254; x_wconf 86' lang='lat' dir='ltr'>cx</span> <span class='ocrx_word' id='word_1_216' title='bbox 860 3190 985 3255; x_wconf 86' lang='lat' dir='ltr'>Oriente</span> <span class='ocrx_word' id='word_1_217' title='bbox 1008 3191 1150 3271; x_wconf 88' lang='lat' dir='ltr'>reduces,</span> <span class='ocrx_word' id='word_1_218' title='bbox 1174 3191 1212 3254; x_wconf 91' lang='lat' dir='ltr'>de</span> <span class='ocrx_word' id='word_1_219' title='bbox 1236 3193 1423 3273; x_wconf 86' lang='lat' dir='ltr'>triumphatis</span> <span class='ocrx_word' id='word_1_220' title='bbox 1436 3192 1639 3255; x_wconf 89' lang='lat' dir='ltr'>Schismaticis</span> <span class='ocrx_word' id='word_1_221' title='bbox 1662 3200 1712 3254; x_wconf 92' lang='lat' dir='ltr'>aut</span> <span class='ocrx_word' id='word_1_222' title='bbox 1725 3190 1897 3254; x_wconf 90' lang='lat' dir='ltr'>Haereticis</span> <span class='ocrx_word' id='word_1_223' title='bbox 1916 3186 2058 3268; x_wconf 91' lang='lat' dir='ltr'>sibiplau-</span> 
     </span>
     <span class='ocr_line' id='line_1_25' title="bbox 695 3290 928 3354; baseline -0.017 0"><span class='ocrx_word' id='word_1_224' title='bbox 695 3291 769 3354; x_wconf 90' lang='lat' dir='ltr'>dunt</span> <span class='ocrx_word' id='word_1_225' title='bbox 790 3290 928 3353; x_wconf 90' lang='lat' dir='ltr'>inaniter.</span> 
     </span>
    </p>
   </div>
   <div class='ocr_carea' id='block_1_5' title="bbox 1074 3549 1697 3641">
    <p class='ocr_par' dir='ltr' id='par_1_5' title="bbox 1074 3549 1697 3641">
     <span class='ocr_line' id='line_1_26' title="bbox 1074 3549 1697 3641; baseline 0.002 -24"><span class='ocrx_word' id='word_1_226' title='bbox 1074 3549 1110 3618; x_wconf 86' lang='lat'>7.</span> <span class='ocrx_word' id='word_1_227' title='bbox 1151 3549 1283 3626; x_wconf 85' lang='lat' dir='ltr'>Panem</span> <span class='ocrx_word' id='word_1_228' title='bbox 1308 3551 1407 3620; x_wconf 83' lang='lat' dir='ltr'>iatnm</span> <span class='ocrx_word' id='word_1_229' title='bbox 1430 3551 1604 3641; x_wconf 77' lang='lat' dir='ltr'>perficiat,</span> <span class='ocrx_word' id='word_1_230' title='bbox 1633 3553 1697 3619; x_wconf 83' lang='lat' dir='ltr'>etc.</span> 
     </span>
    </p>
   </div>
   <div class='ocr_carea' id='block_1_6' title="bbox 787 3736 2060 3831">
    <p class='ocr_par' dir='ltr' id='par_1_6' title="bbox 787 3736 2060 3831">
     <span class='ocr_line' id='line_1_27' title="bbox 787 3736 2060 3831; baseline 0 -21"><span class='ocrx_word' id='word_1_231' title='bbox 787 3736 879 3829; x_wconf 78' lang='lat' dir='ltr'>Quas</span> <span class='ocrx_word' id='word_1_232' title='bbox 903 3747 940 3809; x_wconf 93' lang='lat' dir='ltr'>ad</span> <span class='ocrx_word' id='word_1_233' title='bbox 963 3748 1047 3810; x_wconf 89' lang='lat' dir='ltr'>istius</span> <span class='ocrx_word' id='word_1_234' title='bbox 1061 3747 1122 3811; x_wconf 91' lang='lat' dir='ltr'>loci</span> <span class='ocrx_word' id='word_1_235' title='bbox 1133 3748 1318 3811; x_wconf 90' lang='lat' dir='ltr'>intellectum</span> <span class='ocrx_word' id='word_1_236' title='bbox 1328 3751 1481 3830; x_wconf 89' lang='lat' dir='ltr'>pertinent</span> <span class='ocrx_word' id='word_1_237' title='bbox 1502 3749 1572 3813; x_wconf 92' lang='lat' dir='ltr'>alibi</span> <span class='ocrx_word' id='word_1_238' title='bbox 1595 3750 1690 3811; x_wconf 85' lang='lat' dir='ltr'>fustus</span> <span class='ocrx_word' id='word_1_239' title='bbox 1714 3749 1868 3831; x_wconf 85' lang='lat' dir='ltr'>explicata</span> <span class='ocrx_word' id='word_1_240' title='bbox 1893 3757 1979 3812; x_wconf 88' lang='lat' dir='ltr'>sunt:</span> <span class='ocrx_word' id='word_1_241' title='bbox 2000 3747 2060 3811; x_wconf 88' lang='lat' dir='ltr'>illud</span> 
     </span>
    </p>
   </div>
   <div class='ocr_carea' id='block_1_7' title="bbox 673 3849 2063 5118">
    <p class='ocr_par' dir='ltr' id='par_1_7' title="bbox 673 3849 2063 5118">
     <span class='ocr_line' id='line_1_28' title="bbox 694 3849 2061 3933; baseline -0.001 -20"><span class='ocrx_word' id='word_1_242' title='bbox 694 3857 809 3914; x_wconf 90' lang='lat' dir='ltr'>tantum</span> <span class='ocrx_word' id='word_1_243' title='bbox 835 3849 971 3912; x_wconf 86' lang='lat' dir='ltr'>breviter</span> <span class='ocrx_word' id='word_1_244' title='bbox 1004 3850 1204 3931; x_wconf 89' lang='lat' dir='ltr'>repetendum</span> <span class='ocrx_word' id='word_1_245' title='bbox 1233 3859 1289 3914; x_wconf 83' lang='lat' dir='ltr'>est.</span> <span class='ocrx_word' id='word_1_246' title='bbox 1334 3851 1382 3914; x_wconf 84' lang='lat' dir='ltr'>Ex</span> <span class='ocrx_word' id='word_1_247' title='bbox 1409 3853 1467 3915; x_wconf 91' lang='lat' dir='ltr'>illis</span> <span class='ocrx_word' id='word_1_248' title='bbox 1496 3851 1598 3914; x_wconf 90' lang='lat' dir='ltr'>verbis</span> <span class='ocrx_word' id='word_1_249' title='bbox 1629 3851 1737 3931; x_wconf 87' lang='lat' dir='ltr'>quibus</span> <span class='ocrx_word' id='word_1_250' title='bbox 1759 3851 1830 3933; x_wconf 85' lang='lat' dir='ltr'>Syri</span> <span class='ocrx_word' id='word_1_251' title='bbox 1848 3853 1899 3914; x_wconf 87' lang='lat' dir='ltr'>uti</span> <span class='ocrx_word' id='word_1_252' title='bbox 1922 3852 2061 3915; x_wconf 88' lang='lat' dir='ltr'>salenttn</span> 
     </span>
     <span class='ocr_line' id='line_1_29' title="bbox 696 3948 2060 4031; baseline 0 -19"><span class='ocrx_word' id='word_1_253' title='bbox 696 3948 878 4030; x_wconf 83' lang='lat' dir='ltr'>exponenda</span> <span class='ocrx_word' id='word_1_254' title='bbox 886 3948 1087 4011; x_wconf 76' lang='lat' dir='ltr'>invocatione</span> <span class='ocrx_word' id='word_1_255' title='bbox 1107 3949 1242 4029; x_wconf 71' lang='lat' dir='ltr'>Spiritu</span> <span class='ocrx_word' id='word_1_256' title='bbox 1263 3953 1371 4029; x_wconf 80' lang='lat' dir='ltr'>sancti,</span> <span class='ocrx_word' id='word_1_257' title='bbox 1396 3970 1457 4014; x_wconf 93' lang='lat' dir='ltr'>non</span> <span class='ocrx_word' id='word_1_258' title='bbox 1480 3949 1656 4031; x_wconf 88' lang='lat' dir='ltr'>captandam</span> <span class='ocrx_word' id='word_1_259' title='bbox 1678 3968 1749 4012; x_wconf 88' lang='lat' dir='ltr'>esse</span> <span class='ocrx_word' id='word_1_260' title='bbox 1763 3952 2060 4013; x_wconf 82' lang='lat' dir='ltr'>occasionemmrias</span> 
     </span>
     <span class='ocr_line' id='line_1_30' title="bbox 673 4046 2062 4129; baseline -0.001 -18"><span class='ocrx_word' id='word_1_261' title='bbox 673 4049 769 4129; x_wconf 84' lang='lat' dir='ltr'>&#39;apsis</span> <span class='ocrx_word' id='word_1_262' title='bbox 792 4046 1030 4129; x_wconf 81' lang='lat' dir='ltr'>significationes</span> <span class='ocrx_word' id='word_1_263' title='bbox 1054 4047 1246 4124; x_wconf 86' lang='lat' dir='ltr'>attribuendi,</span> <span class='ocrx_word' id='word_1_264' title='bbox 1266 4048 1329 4128; x_wconf 81' lang='lat' dir='ltr'>Jam</span> <span class='ocrx_word' id='word_1_265' title='bbox 1352 4048 1489 4111; x_wconf 85' lang='lat' dir='ltr'>diximus.</span> <span class='ocrx_word' id='word_1_266' title='bbox 1525 4048 1653 4111; x_wconf 89' lang='lat' dir='ltr'>Utuntur</span> <span class='ocrx_word' id='word_1_267' title='bbox 1676 4048 1784 4111; x_wconf 91' lang='lat' dir='ltr'>Graeci</span> <span class='ocrx_word' id='word_1_268' title='bbox 1806 4051 1837 4111; x_wconf 92' lang='lat' dir='ltr'>in</span> <span class='ocrx_word' id='word_1_269' title='bbox 1860 4049 2062 4113; x_wconf 77' lang='lat' dir='ltr'>vetustissima</span> 
     </span>
     <span class='ocr_line' id='line_1_31' title="bbox 694 4133 2062 4229; baseline -0.001 -21"><span class='ocrx_word' id='word_1_270' title='bbox 694 4146 837 4228; x_wconf 90' lang='lat' dir='ltr'>Liturgiis</span> <span class='ocrx_word' id='word_1_271' title='bbox 852 4145 978 4208; x_wconf 88' lang='lat' dir='ltr'>uocibus</span> <span class='ocrx_word' id='word_1_272' title='bbox 1000 4146 1117 4221; x_wconf 81' lang='grc' dir='ltr'><em>ποιεῖν,</em></span> <span class='ocrx_word' id='word_1_273' title='bbox 1144 4134 1322 4224; x_wconf 71' lang='grc' dir='ltr'><em>ἀναδεῖξαι,</em></span> <span class='ocrx_word' id='word_1_274' title='bbox 1344 4133 1494 4229; x_wconf 64' lang='lat' dir='ltr'>epinicea,</span> <span class='ocrx_word' id='word_1_275' title='bbox 1515 4142 1670 4225; x_wconf 77' lang='grc' dir='ltr'><em>τελειοῦν,</em></span> <span class='ocrx_word' id='word_1_276' title='bbox 1693 4165 1771 4228; x_wconf 87' lang='lat' dir='ltr'>quae</span> <span class='ocrx_word' id='word_1_277' title='bbox 1793 4165 1905 4210; x_wconf 88' lang='lat' dir='ltr'>omnes</span> <span class='ocrx_word' id='word_1_278' title='bbox 1929 4147 2005 4210; x_wconf 88' lang='lat' dir='ltr'>idem</span> <span class='ocrx_word' id='word_1_279' title='bbox 2024 4147 2062 4207; x_wconf 91' lang='lat' dir='ltr'>si-</span> 
     </span>
     <span class='ocr_line' id='line_1_32' title="bbox 695 4242 2062 4326; baseline -0.001 -20"><span class='ocrx_word' id='word_1_280' title='bbox 695 4245 847 4326; x_wconf 85' lang='lat' dir='ltr'>gnificant.</span> <span class='ocrx_word' id='word_1_281' title='bbox 877 4242 1049 4306; x_wconf 87' lang='lat' dir='ltr'>Orientales</span> <span class='ocrx_word' id='word_1_282' title='bbox 1065 4244 1264 4325; x_wconf 86' lang='lat' dir='ltr'>quiejusdem</span> <span class='ocrx_word' id='word_1_283' title='bbox 1279 4245 1398 4308; x_wconf 91' lang='lat' dir='ltr'>omnino</span> <span class='ocrx_word' id='word_1_284' title='bbox 1421 4246 1580 4325; x_wconf 89' lang='lat' dir='ltr'>potestatis</span> <span class='ocrx_word' id='word_1_285' title='bbox 1602 4262 1695 4307; x_wconf 91' lang='lat' dir='ltr'>voces</span> <span class='ocrx_word' id='word_1_286' title='bbox 1718 4262 1779 4308; x_wconf 92' lang='lat' dir='ltr'>non</span> <span class='ocrx_word' id='word_1_287' title='bbox 1801 4245 1931 4326; x_wconf 85' lang='lat' dir='ltr'>babent,</span> <span class='ocrx_word' id='word_1_288' title='bbox 1955 4252 2062 4308; x_wconf 91' lang='lat' dir='ltr'>utuntur</span> 
     </span>
     <span class='ocr_line' id='line_1_33' title="bbox 693 4341 2062 4427; baseline 0.001 -23"><span class='ocrx_word' id='word_1_289' title='bbox 693 4341 753 4404; x_wconf 92' lang='lat' dir='ltr'>illis</span> <span class='ocrx_word' id='word_1_290' title='bbox 775 4359 865 4421; x_wconf 87' lang='lat' dir='ltr'>quae,</span> <span class='ocrx_word' id='word_1_291' title='bbox 887 4343 914 4405; x_wconf 89' lang='lat' dir='ltr'>si</span> <span class='ocrx_word' id='word_1_292' title='bbox 935 4359 997 4404; x_wconf 90' lang='lat' dir='ltr'>non</span> <span class='ocrx_word' id='word_1_293' title='bbox 1018 4342 1057 4405; x_wconf 88' lang='lat' dir='ltr'>ad</span> <span class='ocrx_word' id='word_1_294' title='bbox 1080 4342 1176 4423; x_wconf 91' lang='lat' dir='ltr'>ipsam</span> <span class='ocrx_word' id='word_1_295' title='bbox 1199 4344 1384 4425; x_wconf 87' lang='lat' dir='ltr'>singularem</span> <span class='ocrx_word' id='word_1_296' title='bbox 1406 4344 1657 4425; x_wconf 82' lang='lat' dir='ltr'>significationem</span> <span class='ocrx_word' id='word_1_297' title='bbox 1680 4343 1846 4421; x_wconf 88' lang='lat' dir='ltr'>accedunt,</span> <span class='ocrx_word' id='word_1_298' title='bbox 1873 4353 1906 4406; x_wconf 92' lang='lat' dir='ltr'>at</span> <span class='ocrx_word' id='word_1_299' title='bbox 1928 4346 2062 4427; x_wconf 86' lang='lat' dir='ltr'>originem</span> 
     </span>
     <span class='ocr_line' id='line_1_34' title="bbox 695 4439 2062 4523; baseline 0 -20"><span class='ocrx_word' id='word_1_300' title='bbox 695 4441 878 4520; x_wconf 85' lang='lat' dir='ltr'>exprimunt.</span> <span class='ocrx_word' id='word_1_301' title='bbox 923 4439 1112 4502; x_wconf 79' lang='lat' dir='ltr'>Manifestum</span> <span class='ocrx_word' id='word_1_302' title='bbox 1137 4449 1184 4503; x_wconf 89' lang='lat' dir='ltr'>est</span> <span class='ocrx_word' id='word_1_303' title='bbox 1205 4458 1317 4523; x_wconf 89' lang='lat' dir='ltr'>porro,</span> <span class='ocrx_word' id='word_1_304' title='bbox 1346 4451 1408 4506; x_wconf 88' lang='lat' dir='ltr'>tum</span> <span class='ocrx_word' id='word_1_305' title='bbox 1438 4461 1478 4505; x_wconf 84' lang='lat' dir='ltr'>ex</span> <span class='ocrx_word' id='word_1_306' title='bbox 1508 4441 1707 4505; x_wconf 87' lang='lat' dir='ltr'>invocationis</span> <span class='ocrx_word' id='word_1_307' title='bbox 1736 4443 1827 4504; x_wconf 83' lang='lat' dir='ltr'>variis</span> <span class='ocrx_word' id='word_1_308' title='bbox 1852 4441 1992 4507; x_wconf 82' lang='lat' dir='ltr'>formulis</span> <span class='ocrx_word' id='word_1_309' title='bbox 2012 4450 2062 4503; x_wconf 86' lang='lat' dir='ltr'>ton</span> 
     </span>
     <span class='ocr_line' id='line_1_35' title="bbox 694 4531 2063 4621; baseline 0 -21"><span class='ocrx_word' id='word_1_310' title='bbox 694 4538 973 4621; x_wconf 79' lang='lat' dir='ltr'>exl&#39;heologorum</span> <span class='ocrx_word' id='word_1_311' title='bbox 987 4539 1177 4618; x_wconf 83' lang='lat' dir='ltr'>testimoniis,</span> <span class='ocrx_word' id='word_1_312' title='bbox 1200 4545 1392 4621; x_wconf 89' lang='lat' dir='ltr'>praecipuam</span> <span class='ocrx_word' id='word_1_313' title='bbox 1415 4549 1445 4604; x_wconf 91' lang='lat' dir='ltr'>et</span> <span class='ocrx_word' id='word_1_314' title='bbox 1468 4540 1506 4604; x_wconf 90' lang='lat' dir='ltr'>ad</span> <span class='ocrx_word' id='word_1_315' title='bbox 1529 4531 1766 4621; x_wconf 60' lang='lat' dir='ltr'>quam&#39;reliquae</span> <span class='ocrx_word' id='word_1_316' title='bbox 1781 4543 2063 4606; x_wconf 86' lang='lat' dir='ltr'>omnesreferuntur</span> 
     </span>
     <span class='ocr_line' id='line_1_36' title="bbox 694 4625 2062 4729; baseline 0.004 -31"><span class='ocrx_word' id='word_1_317' title='bbox 694 4653 765 4698; x_wconf 90' lang='lat' dir='ltr'>esse</span> <span class='ocrx_word' id='word_1_318' title='bbox 793 4625 832 4699; x_wconf 84' lang='grc' dir='ltr'>τό</span> <span class='ocrx_word' id='word_1_319' title='bbox 860 4636 982 4711; x_wconf 84' lang='grc' dir='ltr'><em>ποιεῖν,</em></span> <span class='ocrx_word' id='word_1_320' title='bbox 1016 4634 1140 4714; x_wconf 74' lang='lat' dir='ltr'>facere,</span> <span class='ocrx_word' id='word_1_321' title='bbox 1163 4637 1301 4718; x_wconf 67' lang='lat' dir='ltr'>efficere,</span> <span class='ocrx_word' id='word_1_322' title='bbox 1331 4642 1379 4702; x_wconf 93' lang='lat' dir='ltr'>cui</span> <span class='ocrx_word' id='word_1_323' title='bbox 1401 4629 1600 4716; x_wconf 79' lang='grc' dir='ltr'><em>ἷσοδύναμος</em></span> <span class='ocrx_word' id='word_1_324' title='bbox 1621 4647 1668 4701; x_wconf 91' lang='lat' dir='ltr'>est</span> <span class='ocrx_word' id='word_1_325' title='bbox 1689 4627 1862 4717; x_wconf 72' lang='grc' dir='ltr'><em>ἀναδεῖξαι</em></span> <span class='ocrx_word' id='word_1_326' title='bbox 1884 4650 1922 4729; x_wconf 86' lang='lat' dir='ltr'>ut</span> <span class='ocrx_word' id='word_1_327' title='bbox 1945 4642 1981 4703; x_wconf 92' lang='lat' dir='ltr'>ab</span> <span class='ocrx_word' id='word_1_328' title='bbox 2001 4639 2062 4720; x_wconf 76' lang='lat' dir='ltr'>ips&#39;s</span> 
     </span>
     <span class='ocr_line' id='line_1_37' title="bbox 693 4731 2060 4822; baseline 0.003 -30"><span class='ocrx_word' id='word_1_329' title='bbox 693 4731 942 4810; x_wconf 88' lang='lat' dir='ltr'>Protestantibus,</span> <span class='ocrx_word' id='word_1_330' title='bbox 966 4734 1141 4796; x_wconf 89' lang='lat' dir='ltr'>doctissimo</span> <span class='ocrx_word' id='word_1_331' title='bbox 1156 4738 1336 4817; x_wconf 88' lang='lat' dir='ltr'>praesertim</span> <span class='ocrx_word' id='word_1_332' title='bbox 1358 4739 1387 4798; x_wconf 94' lang='lat' dir='ltr'>in</span> <span class='ocrx_word' id='word_1_333' title='bbox 1411 4736 1536 4801; x_wconf 85' lang='lat' dir='ltr'>Graecis</span> <span class='ocrx_word' id='word_1_334' title='bbox 1559 4738 1656 4801; x_wconf 90' lang='lat' dir='ltr'>literis</span> <span class='ocrx_word' id='word_1_335' title='bbox 1680 4738 1862 4802; x_wconf 80' lang='lat' dir='ltr'>casaubono</span> <span class='ocrx_word' id='word_1_336' title='bbox 1889 4740 2060 4822; x_wconf 74' lang='lat' dir='ltr'>agnoscitur.</span> 
     </span>
     <span class='ocr_line' id='line_1_38' title="bbox 695 4828 2060 4920; baseline 0.006 -30"><span class='ocrx_word' id='word_1_337' title='bbox 695 4828 765 4909; x_wconf 82' lang='lat' dir='ltr'>Syri</span> <span class='ocrx_word' id='word_1_338' title='bbox 787 4830 825 4892; x_wconf 91' lang='lat' dir='ltr'>ad</span> <span class='ocrx_word' id='word_1_339' title='bbox 848 4832 996 4911; x_wconf 89' lang='lat' dir='ltr'>originem</span> <span class='ocrx_word' id='word_1_340' title='bbox 1018 4834 1190 4912; x_wconf 90' lang='lat' dir='ltr'>primariam</span> <span class='ocrx_word' id='word_1_341' title='bbox 1212 4838 1332 4914; x_wconf 90' lang='lat' dir='ltr'>attenti,</span> <span class='ocrx_word' id='word_1_342' title='bbox 1355 4844 1514 4899; x_wconf 90' lang='lat' dir='ltr'>verterunt</span> <span class='ocrx_word' id='word_1_343' title='bbox 1535 4836 1693 4917; x_wconf 85' lang='lat' dir='ltr'>aliquando</span> <span class='ocrx_word' id='word_1_344' title='bbox 1716 4854 1774 4916; x_wconf 90' lang='lat' dir='ltr'>per</span> <span class='ocrx_word' id='word_1_345' title='bbox 1796 4850 1871 4915; x_wconf 75' lang='lat' dir='ltr'>nin,</span> <span class='ocrx_word' id='word_1_346' title='bbox 1896 4838 1979 4920; x_wconf 83' lang='lat' dir='ltr'>quod</span> <span class='ocrx_word' id='word_1_347' title='bbox 1999 4854 2060 4918; x_wconf 93' lang='lat' dir='ltr'>pra-</span> 
     </span>
     <span class='ocr_line' id='line_1_39' title="bbox 694 4928 2059 5018; baseline 0.007 -30"><span class='ocrx_word' id='word_1_348' title='bbox 694 4928 852 4991; x_wconf 81' lang='lat' dir='ltr'>ximiorcm</span> <span class='ocrx_word' id='word_1_349' title='bbox 874 4946 982 4991; x_wconf 85' lang='lat' dir='ltr'>vocem</span> <span class='ocrx_word' id='word_1_350' title='bbox 1004 4947 1065 4992; x_wconf 92' lang='lat' dir='ltr'>non</span> <span class='ocrx_word' id='word_1_351' title='bbox 1088 4933 1276 5011; x_wconf 88' lang='lat' dir='ltr'>reperirent,</span> <span class='ocrx_word' id='word_1_352' title='bbox 1305 4942 1338 4996; x_wconf 93' lang='lat' dir='ltr'>ut</span> <span class='ocrx_word' id='word_1_353' title='bbox 1367 4934 1486 4998; x_wconf 81' lang='lat' dir='ltr'>Arabes</span> <span class='ocrx_word' id='word_1_354' title='bbox 1514 4934 1671 5018; x_wconf 81' lang='lat' dir='ltr'>liturgiae</span> <span class='ocrx_word' id='word_1_355' title='bbox 1699 4934 1845 5016; x_wconf 87' lang='lat' dir='ltr'>Copticae</span> <span class='ocrx_word' id='word_1_356' title='bbox 1877 4938 2059 5018; x_wconf 79' lang='lat' dir='ltr'>interpretes,</span> 
     </span>
     <span class='ocr_line' id='line_1_40' title="bbox 693 5026 2060 5118; baseline 0.004 -30"><span class='ocrx_word' id='word_1_357' title='bbox 693 5027 909 5115; x_wconf 83' lang='lat' dir='ltr'>persimilem.</span> <span class='ocrx_word' id='word_1_358' title='bbox 954 5026 1001 5090; x_wconf 90' lang='lat' dir='ltr'>De</span> <span class='ocrx_word' id='word_1_359' title='bbox 1023 5027 1102 5091; x_wconf 91' lang='lat' dir='ltr'>illius</span> <span class='ocrx_word' id='word_1_360' title='bbox 1117 5030 1368 5113; x_wconf 87' lang='lat' dir='ltr'>interpretatione</span> <span class='ocrx_word' id='word_1_361' title='bbox 1382 5033 1546 5097; x_wconf 89' lang='lat' dir='ltr'>secundum</span> <span class='ocrx_word' id='word_1_362' title='bbox 1568 5033 1657 5098; x_wconf 87' lang='lat' dir='ltr'>verbi</span> <span class='ocrx_word' id='word_1_363' title='bbox 1678 5034 1788 5097; x_wconf 79' lang='grc' dir='ltr'><em>ποιεῖν</em></span> <span class='ocrx_word' id='word_1_364' title='bbox 1809 5035 2060 5118; x_wconf 80' lang='lat' dir='ltr'>significationen,</span> 
     </span>
    </p>
   </div>
   <div class='ocr_carea' id='block_1_8' title="bbox 0 0 2273 6034">
    <p class='ocr_par' dir='ltr' id='par_1_8' title="bbox 0 0 2273 6034">
     <span class='ocr_line' id='line_1_41' title="bbox 0 0 2273 6034; baseline 0 0"><span class='ocrx_word' id='word_1_365' title='bbox 0 0 2273 6034; x_wconf 95' lang='lat' dir='ltr'> </span> 
     </span>
    </p>
   </div>
  </div>
 </body>
</html>
