4525 6034
708 3220 882 3274 Sancti
901 3225 993 3291 qui
1024 3225 1160 3291 apud
1187 3222 1294 3277 Co-

672 3307 825 3372 ptitas
887 3324 1293 3365 commemoran-

672 3396 773 3445 tur.

1332 552 1483 627 236
1851 500 1857 505 ’
2151 677 2154 679 ῃ
2275 513 3144 639 COMMENTARIUS

1330 754 1466 799 nam
1512 737 1569 799 in
1616 736 1886 820 Liturgia
1945 738 2164 820 triplici
2223 759 2402 821 quam
2457 740 2709 804 bahent:
2768 743 2828 804 in
2890 741 3204 809 Thesauro
3263 764 3513 828 precum
3573 749 4075 830 quotidianarum,

1330 854 1441 899 seu
1485 837 1860 920 Horologio,
1908 838 2110 919 hymni
2157 840 2322 902 multi
2367 841 2443 903 ad
2489 858 2621 903 eam
2667 850 3015 921 occurrunt,
3062 845 3171 908 sed
3199 846 3260 907 in
3294 847 3513 928 quibus
3543 865 3787 928 semper
3818 849 4077 913 Christi-

1321 952 1485 1011 para
1528 938 1905 1017 appellatur:
1951 956 2108 1019 quae
2153 947 2297 1001 nota
2344 939 2502 1004 illius
2548 948 2757 1002 sectae
2815 941 3144 1006 indubitata
3204 952 3318 1009 est.
3419 945 3645 1008 Multae
3699 965 3942 1029 quoque
4001 950 4076 1011 ad

1329 1034 1645 1114 Virginem
1691 1039 1997 1100 orationes
2055 1046 2386 1101 occurrunt
2442 1040 2505 1101 in
2561 1038 2978 1102 Melchitarum
3035 1042 3372 1127 Horologio
3439 1044 3589 1107 Fani
3643 1045 3839 1125 edito,
3899 1055 3960 1110 et
4016 1050 4077 1109 in

1328 1136 1752 1215 manuscriptis
1799 1136 2069 1218 ejusdem
2113 1136 2251 1199 libri
2298 1136 2644 1202 CodicibuS.
2732 1139 3032 1221 Imagines
3077 1143 3210 1223 ejus
3256 1141 3495 1221 colunt,
3544 1150 3607 1205 et
3653 1143 3873 1207 multae
3917 1148 4078 1209 anti·

1328 1234 1651 1311 quissimae
1695 1235 2080 1315 reperiuntur
2123 1236 2350 1313 adhuc,
2406 1238 2468 1298 in
2512 1237 2703 1300 ruinis
2758 1247 3030 1301 veterum
3088 1240 3502 1305 Ecclesiarum
3564 1243 3918 1322 ThebaidiS,
3974 1244 4077 1306 ubi

1327 1328 1519 1412 Virgo
1566 1342 2059 1415 repraesentatur
2104 1334 2287 1397 filium
2328 1336 2390 1398 in
2433 1336 2568 1397 sinu
2614 1344 2901 1420 gestans,
2959 1348 3024 1402 ut
3068 1339 3144 1402 de
3189 1341 3387 1403 multis
3447 1348 3693 1421 notant,
3750 1359 3874 1405 non
3928 1345 4073 1407 satis

1328 1433 1502 1513 gnari
1548 1434 1689 1513 quid
1751 1435 1904 1496 istae
1961 1435 2256 1517 imagines
2314 1433 2727 1518 significarent
2780 1436 3137 1518 MakriziuS‚
3198 1439 3521 1503 Kazuinius
3580 1448 3642 1503 et
3697 1441 3799 1503 alii
3856 1441 4074 1506 Muha-

1326 1528 1583 1591 medani.
1672 1532 2160 1613 Antiquissimam
2203 1533 2541 1596 Ecclesiam
2586 1534 2781 1598 eidem
2829 1536 3085 1600 dicatam
3129 1547 3343 1602 extare
3387 1539 3582 1603 adhuc
3616 1559 3728 1604 suo
3776 1548 4070 1622 tempore,

1328 1628 1444 1691 hoc
1491 1638 1586 1692 est
1630 1630 1988 1695 duodecimo
2034 1632 2283 1696 saeculo
2311 1632 2584 1695 Min-touta·
2626 1633 2874 1710 dictam,
2920 1636 3111 1699 refert
3150 1636 3482 1715 Abuselah,
3515 1638 3698 1720 idque
3726 1640 4073 1721 significare

3554 1724 4070 1745 ——-———

1326 1740 1584 1803 Matrem
1603 1741 1725 1804 Dei
1758 1744 1965 1820 Verbi,
1989 1761 2207 1824 nempe
2233 1760 2390 1805 voce
2421 1752 2728 1826 corrupta,
2754 1765 2834 1808 ex
2867 1744 3115 1810 Graecis
3141 1746 3504 1812 abbrevians
3530 1749 3743 1812 MHP
3776 1748 3898 1814 τοῦ
3932 1750 4070 1815 ΘΥ.

1324 1839 1541 1903 Multas
1587 1850 1872 1905 recenset
1916 1842 2243 1905 Makrizius
2288 1845 2349 1905 in
2396 1843 2825 1927 Topographia
2869 1844 3174 1927 Aegypti,
3235 1866 3484 1927 quarum
3540 1848 3831 1929 frequens
3877 1856 3970 1911 est
4013 1850 4074 1911 in

1328 1937 1804 2003 Christianorum
1849 1941 2021 2005 libris
2066 1944 2376 2008 memoria.
2443 1943 2607 2005 Festi
2635 1944 2764 2006 dies
2811 1944 3040 2007 diversi
3082 1948 3145 2008 in
3178 1947 3473 2010 honorem
3492 1947 3815 2027 Deiparae,
3862 1948 4073 2028 quales

1329 2039 1488 2120 apud
1535 2040 1805 2104 Graecos
1852 2050 1915 2104 et
1960 2041 2117 2121 apud
2164 2060 2297 2105 nos.
2382 2042 2483 2105 De
2527 2061 2755 2106 summa
2800 2046 2932 2126 ejus
2977 2044 3302 2126 dignitate,
3347 2046 3509 2127 quod
3552 2047 3666 2108 Dei
3723 2054 3920 2109 mater
3973 2049 4073 2124 sit,

1327 2146 1535 2200 extant
1611 2141 1882 2223 insignes
1943 2141 2259 2203 Tractatus
2328 2140 2706 2205 diversorum
2767 2143 3218 2226 Theologorum
3228 2165 3246 2219 3
3313 2146 3472 2208 inter
3530 2146 3680 2208 alios
3747 2145 4074 2231 Abrahami

1322 2236 1601 2300 Monachi
1665 2238 2150 2315 Tiberiadensis,
2218 2238 2360 2303 Abu
2417 2240 2668 2304 Raithae
2730 2242 3139 2320 TakritensiS,
3205 2243 3414 2307 Jahiae
3473 2245 3602 2306 sive
3661 2244 3913 2307 Joannis
3971 2245 4076 2307 filii

1323 2336 1684 2416 Zachariae,
1733 2336 1947 2401 Severi
1989 2338 2278 2420 Episcopi
2321 2339 2729 2418 Aschmonin,
2774 2340 2907 2403 Isae
2954 2343 3057 2404 filii
3083 2344 3333 2421 Zaraae,
3381 2345 3480 2424 qui
3523 2361 3733 2406 omnes
3760 2342 4072 2406 Jacobitae

1321 2434 1598 2513 fuerunt,
1647 2445 1896 2516 praeter
1942 2456 2014 2499 ea
2062 2455 2219 2518 quae
2267 2438 2343 2501 de
2390 2437 2509 2501 hoc
2555 2448 2910 2521 argumento
2954 2443 3201 2522 scripsit
3240 2441 3607 2506 Ebnassalus
3655 2443 3716 2504 in
3761 2442 4073 2522 Principiis

1322 2534 1463 2595 fidei
1509 2540 1637 2597 toto
1686 2553 1819 2616 cap.
1868 2535 1973 2600 45.
2019 2537 2376 2619 Eutychium
2404 2538 2876 2602 Alexandrinum
2923 2547 2985 2603 et
3021 2539 3411 2605 orthodoxos
3455 2542 3606 2604 alios
3651 2542 4075 2621 praeterimus.

1322 2634 1516 2695 Nemo
1563 2652 1708 2697 sane
1755 2634 2097 2699 Orientales
2142 2639 2452 2700 accusavit
2494 2638 2654 2719 quod
2699 2638 3012 2720 legitimis,
3067 2642 3170 2720 qui
3213 2640 3512 2721 Deiparae
3570 2641 3901 2716 debentur,
3949 2638 4071 2701 ho-

1325 2731 1576 2796 noribus
1624 2733 1945 2798 deessent:
2016 2737 2181 2799 multi
2226 2737 2387 2817 quod
2449 2755 2526 2800 eo
2573 2740 2630 2800 in
2678 2738 2844 2800 cultu
2899 2739 3138 2801 modum
3178 2738 3498 2820 aliquando
3543 2738 3942 2816 excederent,
4007 2745 4071 2800 et

1324 2832 1402 2893 ad
1445 2835 1935 2912 superstitionem
1979 2853 2174 2917 usque
2220 2836 2658 2916 procederent;
2704 2855 2861 2917 quae
2905 2840 3212 2900 accusatio
3257 2838 3642 2901 fundamento
3701 2850 3819 2901 non
3877 2841 4068 2899 caret.

1320 2931 1472 2993 Nam
1516 2931 1736 2995 habent
1779 2941 2024 3014 praeter
2067 2934 2254 2997 libros
2302 2954 2456 3017 quos
2503 2936 2986 3020 designatarum,
3032 2938 3136 3018 qui
3178 2956 3212 2999 a
3258 2937 3530 3000 doctrina
3573 2955 3720 3000 sana
3753 2954 4069 2999 commen-

1321 3030 1452 3094 dari
1495 3040 1785 3111 possunt,
1831 3033 2092 3096 infinitos
2141 3033 2291 3097 alios
2335 3034 2550 3098 fabulis
2598 3042 2659 3097 et
2702 3034 3232 3115 superstitionibus
3267 3037 3628 3117 inquinatoS,
3672 3055 3753 3098 ex
3798 3038 4072 3116 apocryss

1319 3131 1573 3213 phorum
1620 3131 1793 3194 faece
1840 3132 2136 3195 collectiS.

1498 3232 1851 3297 Sanctorum
1899 3233 2001 3312 qui
2043 3233 2104 3294 in
2147 3231 2464 3314 Diptychis
2509 3242 3052 3296 commemorantur
3096 3234 3337 3297 diversa
3377 3235 3538 3313 ,ratio
3567 3241 3681 3312 est,
3727 3240 3863 3295 sunt
3908 3233 4065 3295 enim

1320 3351 1576 3415 quorum
1622 3333 1907 3394 sanctitas
1953 3331 2110 3411 apud
2157 3341 2369 3393 omnes
2412 3332 2720 3395 Ecclesias
2767 3332 3179 3396 commendata
3225 3340 3322 3397 est
3363 3333 3721 3413 antiquitus,
3777 3338 3844 3394 ut
3885 3332 4065 3412 Apo-

1321 3431 1649 3509 stolorum,
1696 3430 2028 3511 Martyrum
2053 3478 2071 3510 ,
2122 3438 2181 3492 et
2224 3430 2539 3494 Ecclesiae
2587 3432 2951 3510 Doctorum,
3014 3434 3118 3513 qui
3174 3439 3314 3495 ante
3372 3432 3642 3495 Concilia
3697 3430 4065 3511 Ephesinum

1318 3537 1382 3593 et
1421 3527 1923 3593 Calchedonense
1967 3529 2318 3592 floruerunt.
2408 3530 2875 3610 Praecipuorum
2918 3531 3156 3594 illorum
3187 3533 3426 3595 nomina
3452 3530 3610 3612 apud
3635 3549 3846 3593 omnes
3871 3529 4061 3591 ferme

1316 3629 1626 3692 Ecclesias
1674 3636 2242 3705 commemorantur,
2286 3646 2411 3690 non
2454 3637 2654 3691 tamen
2701 3631 2982 3709 omnium,
3031 3630 3089 3692 id
3113 3631 3269 3692 enim
3296 3630 3584 3692 infinitum
3605 3628 3785 3694 foret.
3845 3629 4063 3692 Postea

1319 3747 1469 3791 vero
1515 3729 1892 3808 Nestoriani,
1937 3728 2136 3792 nullos
2183 3730 2286 3808 qui
2329 3729 2444 3791 sibi
2487 3729 2547 3790 in
2603 3728 2934 3790 damnanda
2990 3728 3231 3791 haeresi
3289 3747 3399 3791 sua
3458 3730 3741 3791 contrarii
3800 3727 4060 3805 suerunt,

1320 3829 1604 3891 memoria
1668 3828 1883 3909 dignos
1936 3828 2382 3910 judicaverunt.
2483 3828 2692 3909 ltaque
2762 3830 2988 3891 sanctis
3047 3828 3320 3891 omnibus
3382 3826 3750 3891 Orthodoxis
3810 3826 4064 3908 postha-

1320 3928 1495 4006 bitis,
1559 3927 1678 3990 duo
1732 3928 1982 3990 aliorum
2037 3946 2268 4009 genera
2329 3927 2797 4005 substituerunt,
2868 3944 2977 3990 eos
3035 3944 3251 4008 nempe
3312 3944 3466 4007 quos
3522 3927 3742 3988 Patres
3793 3924 4059 3989 Graecos

1321 4027 1664 4107 appellant,
1707 4026 2039 4089 Diodorum
2101 4026 2499 4104 Tarsensem,
2564 4026 2949 4089 Theodorum
3003 4022 3533 4106 Mopsuestenum,
3599 4025 3940 4088 Nestorium
3992 4032 4060 4087 et

1319 4126 1612 4208 quosdam
1652 4126 1769 4188 illis
1814 4127 2170 4207 conjunctos
2181 4147 2199 4201 ;
2245 4133 2370 4187 tum
2415 4143 2525 4188 eos
2571 4127 2672 4206 qui
2720 4123 2858 4205 Syri
2902 4126 3110 4188 Patres
3146 4125 3544 4207 appellantur,
3589 4143 3806 4205 nempe
3851 4141 4063 4186 eorum

1320 4226 1680 4307 discipuIOS,
1726 4243 1978 4305 quorum
2027 4224 2209 4304 aliqui
2254 4222 2616 4287 Cathedram
2663 4222 3118 4288 Seleuciensem
3172 4230 3528 4303 tenuerunt,
3585 4233 3649 4287 et
3707 4242 3860 4303 quos
3914 4240 4066 4286 suae

1321 4334 1531 4389 sectae
1576 4343 1892 4407 supremos
1936 4324 2252 4388 Antistites
2300 4326 2439 4388 olim
2484 4327 2844 4389 habuerunt.
2931 4324 3068 4385 Pari
3112 4323 3291 4386 modo
3335 4323 3645 4386 Jacobitae
3691 4315 3833 4404 pos't
3892 4323 4067 4386 Con-

1323 4426 1519 4487 cilium
1567 4424 2065 4487 Calchedonense
2109 4425 2185 4487 ab
2231 4425 2509 4499 Ecclesia
2553 4415 2953 4498 secedentes,
2999 4423 3154 4484 sicut
3196 4421 3546 4485 Nestoriani
3588 4420 3877 4503 Cyrillum
3919 4422 4066 4485 diris

1322 4532 1383 4586 et
1441 4522 1913 4586 anathematibus
1971 4521 2385 4603 devoverunt,
2445 4526 2524 4586 ita
2596 4523 2713 4604 ipsi
2774 4520 3041 4584 Leonem
3108 4520 3470 4599 Romanum,
3532 4529 3593 4584 et
3650 4523 3754 4601 qui
3810 4523 3869 4584 in
3929 4521 4067 4603 ejus

1322 4624 1739 4685 communione
1785 4620 2060 4701 fuerunt,
2107 4640 2243 4704 pro.
2266 4623 2590 4686 haereticis
2636 4622 2958 4700 habentes,
3005 4621 3396 4700 Dioscorum,
3459 4621 3753 4683 Severum
3806 4628 3867 4683 et
3912 4621 4068 4684 alios

1321 4720 1691 4784 Jacobiticae
1736 4719 2009 4783 haeresis
2056 4720 2416 4786 defensores
2479 4731 2540 4785 et
2592 4728 3075 4803 propagatores,
3128 4722 3192 4782 in
3234 4720 3585 4785 Sanctorum
3643 4738 3896 4782 numero
3950 4720 4066 4782 Di-

1319 4820 1557 4902 ptychis
1606 4822 2011 4884 inseruerunt.
2100 4821 2198 4883 De
2243 4822 2375 4884 istis
2421 4841 2571 4885 vero
2616 4820 2940 4884 notissimis
2987 4818 3129 4881 nihil
3174 4820 3561 4901 singulariter
3620 4817 4066 4881 observandum

1319 4927 1449 4982 est:
1498 4928 1558 4981 at
1602 4920 1664 4981 in
1711 4918 1840 4983 aliis
1888 4936 2143 5000 quorum
2187 4918 2540 4999 obscurior,
2587 4920 2947 5001 praesertim
2992 4917 3151 4999 apud
3196 4917 3463 4981 Graecos
3514 4926 3574 4981 et
3616 4916 3883 4997 Latinos,
3925 4936 4066 4979 me-

1317 5021 1507 5082 moria
1553 5027 1681 5098 est,
1728 5038 1850 5083 non
1894 5020 2081 5083 semel
2129 5020 2296 5083 multi
2339 5020 2683 5084 hallucinati
2727 5026 2885 5094 sunt.
2976 5019 3257 5100 Plerique
3301 5037 3454 5082 sane
3495 5018 3804 5098 Monachi,
3847 5018 3901 5081 si
3943 5018 4067 5079 Pa-
