4525 6034
709 580 786 655 442
1079 584 1248 662 RITUS
1287 583 1701 664 ORDINATIONIS

710 777 746 842 et
779 770 963 843 Orationes
993 774 1104 865 pacis.
1169 772 1307 842 Deinde
1342 774 1508 865 incipient
1542 771 1734 866 Liturqiam
1768 779 1803 844 et
1836 779 1915 844 tunc
1947 774 2067 845 solvent

708 887 847 958 uincula
872 889 1085 982 conpedibus
1112 893 1194 980 qus.
1230 888 1317 960 Post
1342 888 1521 959 lectionem
1546 893 1794 983 scripturarum
1819 893 1962 983 tempori
1986 913 2065 961 con-

709 1005 930 1092 venientiam,
968 1005 1136 1098 Episcopi
1176 1010 1210 1075 et
1243 1003 1361 1076 Clerus
1401 1007 1507 1076 omnis
1536 1011 1749 1098 paramentis
1781 1008 1852 1076 suis
1888 1005 2066 1077 induentur.

709 1118 831 1188 Finita
855 1141 939 1192 cero
965 1121 1112 1192 Aetnam
1126 1121 1404 1214 Apostolicorum
1423 1120 1580 1210 lectione,
1607 1122 1885 1193 Arcbidioconus
1901 1120 1973 1191 ulto
1992 1142 2067 1192 noce

710 1233 888 1305 clamabit:
914 1235 942 1308 0
970 1234 1139 1333 Episcopi.
1785 1319 1789 1328 ¹

819 1350 899 1422 Tum
925 1359 1051 1424 exeunt
1078 1376 1124 1424 ec
1149 1352 1363 1441 Diaconico,
1392 1355 1637 1424 circumeuntes
1661 1353 1804 1424 median
1825 1351 2015 1440 Ecclesiae,
2038 1357 2068 1422 ct

708 1473 761 1543 ita
783 1470 977 1564 procedant
1001 1492 1106 1563 usque
1131 1469 1179 1538 ad
1205 1469 1336 1540 altare:
1358 1470 1584 1564 proceditque
1605 1473 1718 1563 prino
1744 1473 1860 1541 senior
1875 1468 2067 1562 Episcopus,

709 1592 848 1680 etpost
873 1607 947 1656 esem
971 1583 1096 1679 reliqui
1122 1607 1236 1656 omnes
1250 1586 1427 1679 Episcopi,
1454 1587 1680 1679 unnsquisque
1705 1588 1742 1655 in
1768 1586 1889 1657 ordine
1914 1607 1994 1658 suo:
2016 1585 2067 1656 ul-

710 1705 873 1796 timusque
900 1704 1043 1772 omnium
1068 1702 1226 1788 Electus,
1253 1702 1388 1773 indutus
1413 1701 1581 1771 sticlsario
1608 1701 1702 1772 solo:
1727 1707 1762 1772 et
1786 1701 1925 1773 umutile
1951 1702 2068 1772 baben

709 1821 808 1889 circa
834 1818 971 1888 collam:
999 1817 1132 1911 duoque
1151 1816 1363 1888 Sacerdotes
1390 1823 1504 1888 tenent
1530 1838 1604 1887 eum
1629 1815 1709 1887 binc
1735 1823 1770 1890 et
1795 1817 1884 1905 inde,
1912 1824 2067 1911 caputque

708 1935 906 2006 inclinatam
930 1933 1044 2022 babet,
1072 1940 1107 2005 et
1133 1956 1208 2004 eum
1233 1940 1417 2028 sequuntur
1444 1933 1655 2005 Sacerdotes
1678 1939 1909 2025 omnesjucta
1928 1933 2068 2004 ordinem

707 2074 810 2122 suum
852 2049 1132 2121 Arcbidiaconus
1154 2054 1307 2146 proteqit
1332 2049 1422 2120 latas
1446 2052 1595 2121 senioris
1620 2049 1880 2144 Episcoporun,
1906 2054 1943 2120 et
1963 2052 2068 2142 praeit

707 2189 769 2238 eos
794 2171 826 2238 is
851 2169 910 2260 qui
935 2166 1048 2259 defert
1073 2166 1296 2258 Eccnqelium
1322 2189 1441 2237 corum
1466 2169 1534 2237 eis:
1562 2164 1803 2260 Sacerdosque
1829 2169 1984 2236 incertsat
2008 2185 2066 2235 co-

706 2306 783 2354 ram
809 2280 969 2373 omnibrm
1008 2282 1163 2353 Diaconi
1189 2303 1306 2352 coram
1332 2285 1383 2354 eis
1405 2285 1523 2374 serunt
1548 2304 1669 2353 cruces
1695 2289 1730 2353 et
1758 2302 1879 2352 cereos
1905 2302 2066 2367 acuemus,

707 2406 743 2471 et
769 2398 1036 2471 Cberabinorun
1061 2402 1243 2490 inopinos,
1275 2420 1336 2469 sea
1365 2397 1504 2492 mtetta
1529 2403 1565 2468 et
1590 2403 1716 2468 canunt
1747 2396 1933 2468 ordinatim
1962 2417 2067 2466 corun

707 2515 898 2610 annqelio
924 2519 1045 2585 sarecto
1072 2514 1234 2585 dicentes.

759 2629 956 2722 Unigenious
973 2629 1077 2702 Filius
1093 2639 1127 2702 ot
1144 2628 1294 2701 Verbum
1307 2629 1373 2701 Dei
1455 2626 1494 2706 Ὀ
1507 2625 1704 2729 μονογενὴς
1718 2625 1806 2718 υἱός,
1820 2627 1881 2701 καὶ
1895 2625 1999 2729 λόγος
2010 2632 2068 2701 roi
2211 2639 2212 2696 l

707 2747 894 2819 immortale
914 2749 970 2841 qui
988 2755 1126 2843 propter
1143 2756 1292 2819 nostrum
1309 2768 1372 2820 sn·
1414 2749 1505 2819 Θεοῦ
1520 2741 1707 2828 ἀθάνατος
1721 2742 1912 2845 ὑπάρχων,
1933 2743 1991 2819 καὶ
2006 2771 2067 2818 na-

707 2863 808 2935 lntem
835 2865 987 2936 sustinuit
1003 2884 1138 2935 carnem
1156 2885 1301 2952 sumere,
1328 2884 1374 2934 cx
1411 2857 1650 2959 ταὸεξάμεαος
1660 2858 1804 2957 dicimis
1817 2859 2067 2962 inunmera-

708 2989 825 3053 sunctn
851 2981 999 3076 Deipnrn
1025 2990 1060 3052 ot
1085 3001 1219 3076 semper
1233 2979 1374 3072 Virgine
1411 2976 1540 3077 rqqiau
1564 2979 1802 3079 acquisivimus
1827 2981 1866 3052 iu
1891 2983 1953 3076 τῆς
1976 2976 2067 3077 ἁγίας

706 3096 832 3186 Maris,
859 3099 932 3169 sine
957 3094 1024 3168 ulls
1050 3099 1247 3188 mutatione,
1273 3095 1373 3168 bomo
1415 3092 1592 3171 Θεοτόκου
1605 3091 1666 3168 nui
1679 3090 1924 3193 araneum
1932 3091 2067 3192 Munius

706 3211 780 3285 fieri
807 3226 841 3286 et
866 3214 1030 3307 crucifigi,
1057 3212 1190 3285 Christe
1209 3214 1303 3288 oeus
1318 3216 1374 3307 qui
1410 3207 2066 3312 deqtnrmcinuudqumipucmuiotao·
2210 3259 2211 3312 3

707 3341 815 3402 morte
831 3340 971 3403 mortem
981 3328 1201 3419 conculcasti3
1216 3333 1271 3425 qui
1288 3352 1372 3402 unus
1412 3324 1762 3427 quiquoansardc
1778 3325 1799 3400 ὁ
1813 3323 1911 3416 ons,
1925 3321 2066 3420 θανάτῳ

703 3463 747 3519 ¹cs
762 3447 930 3520 Trinitatis
948 3454 1103 3535 sunctae,
1129 3443 1371 3538 conglorifics-
1410 3442 1579 3522 θάνατον
1586 3441 1760 3540 πατήσας·
1775 3438 1821 3527 εἷς
1832 3440 1886 3518 ὢν
1898 3440 2065 3543 reincipiat

707 3574 761 3638 tus
788 3590 863 3639 cum
888 3569 1006 3657 Putre,
1033 3575 1067 3638 ct
1084 3566 1209 3662 Spiritu
1236 3576 1368 3639 sancto:
1407 3556 1953 3663 equomomtotactpuoerd
1967 3551 2064 3673 utini

708 3682 806 3755 sslvs
831 3704 904 3755 nos.
1409 3678 1532 3777 καὶτῷ
1541 3676 1634 3779 ἁγίῳ
1644 3674 1834 3773 πνεύματι,
1843 3680 1967 3753 σῶσον
1976 3674 2063 3773 ἡμᾶς
2209 3747 2210 3762 ,

811 3779 1027 3869 inclinabunt
1051 3820 1089 3869 se
1115 3820 1233 3868 coram
1258 3796 1365 3868 altori
1389 3804 1519 3870 sancto.

810 3913 937 3985 Senior
962 3915 1213 4007 Episcoporum
1237 3912 1369 3985 sedebit
1394 3937 1497 4008 snper
1521 3911 1748 4006 Sqntbronum
1774 3916 1809 3981 et
1832 3909 1960 4004 reliqui
1980 3907 2061 4000 Epi-

707 4033 805 4122 scopi
835 4030 997 4102 sedebunt
1032 4034 1161 4101 circum
1196 4053 1285 4119 eum,
1328 4031 1407 4102 binc
1447 4037 1480 4101 ct
1519 4029 1616 4116 inde,
1642 4033 1751 4119 jiucta
1785 4026 1939 4098 ordinem
1972 4045 2061 4096 suun

708 4146 910 4239 Presbyteri
936 4152 971 4218 et
995 4147 1150 4219 Diaconi
1176 4168 1289 4218 omnes
1314 4147 1453 4219 stabunt
1476 4148 1637 4239 inferius:
1664 4142 1810 4236 populus
1842 4146 1949 4214 onmis
1971 4139 2064 4212 stabit

708 4267 745 4334 in
770 4263 916 4336 silentio.
967 4262 1108 4337 Electus
1132 4262 1239 4336 stabit
1263 4268 1358 4357 infra
1382 4263 1525 4356 modun
1549 4259 1737 4355 Sqntltroni
1758 4263 1856 4353 facie
1882 4260 1930 4330 ad
1947 4258 2061 4329 Orien-

709 4386 775 4451 tem
801 4403 983 4469 conoersa,
1011 4386 1046 4451 et
1070 4404 1183 4473 qenuu
1205 4383 1330 4474 plectet,
1356 4379 1518 4473 amnique
1544 4378 1610 4449 dno
1625 4375 1827 4468 Presbyteri
1852 4397 1927 4446 eum
1952 4380 2061 4445 tenen-

708 4503 768 4568 tes.
820 4497 952 4569 Postea
976 4499 1093 4568 senior
1118 4498 1368 4590 Episcoporum
1401 4494 1497 4567 dubit
1527 4493 1727 4588 Psepltisma
1755 4514 1850 4562 sunni
1887 4494 1947 4561 uni
1976 4488 2061 4560 Dio-
2208 4545 2209 4572 ,

580 4601 584 4606 ⁵
709 4635 871 4685 concrum
896 4616 954 4708 qui
980 4611 1094 4705 tepere
1117 4613 1229 4705 probe
1246 4616 1347 4701 sciat,
1369 4617 1491 4707 quique
1510 4611 1697 4683 ascendum
1717 4608 1764 4679 od
1781 4605 1966 4694 asnbonesn,
1990 4598 2061 4674 illut

707 4731 806 4823 leqet.
860 4729 953 4801 lden
979 4736 1091 4801 auten
1117 4730 1285 4824 estquod
1306 4732 1405 4823 prius
1430 4733 1467 4800 in
1494 4727 1617 4800 charta
1642 4727 1804 4817 scriptun
1826 4724 1972 4816 fueritu
1988 4719 2059 4791 No-

707 4850 800 4919 tario
827 4847 968 4940 Synodi,
995 4846 1151 4940 quodque
1176 4847 1357 4918 secundum
1380 4868 1506 4917 nmen
1528 4846 1756 4939 perscriptum
1768 4841 1877 4935 tuerit
1894 4843 2059 4929 mnqum

706 4968 863 5035 venirent
888 4965 935 5034 ad
960 4962 1162 5034 Ecclesiam.
1214 4963 1263 5034 Et
1284 4969 1366 5056 post
1386 4962 1588 5057 Psepltismo
1609 4960 1730 5033 lectrum
1744 4957 1989 5052 pronunciatur
2003 4949 2058 5020 boo
2207 5021 2208 5064 3

708 5081 861 5174 eloqium.
