4525 6034
369 511 412 585 DE
428 511 685 590 ll'l'UllGlAltUll
698 511 953 592 truttmunt
968 513 1120 592 otidum
1135 517 1183 592 ET
1197 516 1445 594 amonium,
1510 515 1605 589 LXV

221 697 407 790 pugnavit,
439 696 503 769 sed
529 699 568 769 iis
594 695 797 787 rationibus,
825 721 911 793 quiae
936 722 980 772 ne
1008 700 1139 796 qrridem
1166 723 1248 774 suae
1275 714 1390 776 sectae
1417 703 1603 777 hominibus

224 810 481 883 satisfecerunt:
515 834 579 884 nec
605 810 744 884 meliora
770 813 906 909 protulit
931 813 1116 887 Smitheus:
1143 838 1220 887 nam
1246 816 1394 891 ultimum
1420 823 1603 913 impugna-

226 937 339 1000 torem
372 930 543 999 nominare
575 926 684 1023 pudor
711 938 815 1019 esset,
842 932 924 1001 satis
951 928 1082 1031 alioqui
1101 933 1325 1024 ignorantiae,
1352 937 1510 1029 stuporis,
1537 956 1602 1004 ca·

223 1042 371 1115 lumniae
397 1051 431 1113 et
456 1040 708 1114 maledicentiae
735 1045 933 1115 convictum.
986 1045 1034 1116 At
1059 1068 1123 1118 uec
1150 1045 1214 1138 itti,
1241 1070 1304 1119 nec
1331 1051 1361 1119 si
1388 1052 1443 1143 qui
1469 1049 1603 1120 bierunt

226 1158 295 1246 ulii,
323 1161 442 1229 rituum
466 1161 666 1229 mentionem
692 1155 854 1229 ieoenmt.
882 1158 997 1253 ltaque
1023 1182 1092 1232 non
1127 1170 1194 1232 tam
1226 1162 1357 1234 illorum
1394 1174 1602 1255 argumenta,

225 1293 330 1365 quam
356 1272 557 1345 Claudianae
591 1271 794 1346 defensionis
822 1284 1060 1365 consentanea,
1094 1288 1240 1371 atquae
1268 1301 1314 1350 ex
1340 1281 1487 1374 ipsomm
1515 1301 1601 1351 sen-

225 1390 329 1458 tentia
354 1387 569 1483 probabiliter
595 1387 660 1460 diei
687 1396 839 1482 posstmt,
866 1392 1085 1465 excudemus.

334 1501 414 1575 Cmn
440 1501 610 1597 liturgias
645 1502 829 1598 explodunt
853 1511 890 1575 nt
914 1526 1035 1595 novas,
1069 1515 1104 1578 et
1129 1506 1359 1603 interpolatas,
1385 1506 1529 1603 falsique
1555 1530 1601 1580 ex
1649 1494 1752 1548 ΝΜ
1766 1503 1922 1555 'mmmm'

225 1617 340 1708 titulis,
365 1618 485 1714 quibus
511 1621 576 1692 buc
601 1643 708 1716 nsque
724 1622 977 1696 commendatae
990 1632 1067 1695 sunt
1081 1625 1268 1713 convictas,
1294 1627 1377 1695 ritus
1391 1628 1446 1718 qui
1472 1623 1598 1696 illamm
1613 1669 1684 1719 cium
1704 1677 1748 1720 m
1766 1687 1850 1727 novos
1864 1688 1922 1725 a„

182 1757 191 1769 ·
226 1744 353 1830 partem
386 1733 528 1826 iaciunt,
568 1736 770 1828 rejiciendos
805 1760 938 1833 quoque
974 1737 1139 1810 affirmare
1172 1737 1247 1810 illos
1282 1748 1423 1833 oportet.
1471 1736 1508 1810 Si
1544 1743 1600 1835 qui
1613 1757 1775 1822 meandum

225 1854 330 1943 magis
363 1850 484 1922 eruditi
518 1849 733 1942 videbuntur,
766 1853 903 1924 ulterius
935 1856 1120 1949 progressi,
1145 1851 1317 1946 negabunt
1343 1853 1494 1926 eamdem
1521 1877 1599 1928 esse

226 1966 356 2037 Ritnnm
392 1969 448 2061 qui
482 1965 638 2039 Rubricis
673 1970 900 2059 coarmantur,
935 1977 970 2040 et
1002 1969 1226 2060 Liturgiarum
1266 1972 1488 2059 autoritatem,
1524 1992 1599 2041 cum

229 2082 302 2154 illae
325 2081 437 2154 desint
461 2085 496 2153 in
523 2084 664 2177 antiquis
692 2081 889 2155 Codioibns:
916 2085 950 2152 in
977 2081 1051 2155 aliis
1070 2103 1194 2173 magna
1215 2085 1305 2154 circa
1332 2082 1598 2157 illaslectionum

227 2201 369 2269 varietas
397 2196 608 2269 observetur.
649 2197 744 2269 Haec
772 2219 855 2269 sane
882 2219 997 2269 amore
1023 2200 1174 2271 veritatis
1202 2219 1222 2268 a
1248 2196 1346 2270 nobis
1372 2197 1597 2294 proiemntur,

229 2333 270 2382 ex
301 2310 558 2383 Protestantium
591 2315 673 2384 ratis
715 2316 908 2402 sententiis,
949 2321 1173 2384 consentanea
1207 2315 1319 2406 potins
1354 2336 1451 2408 quam
1487 2336 1595 2406 argu-

226 2438 343 2515 menta,
369 2449 446 2498 oum
472 2424 644 2499 derebus
671 2426 851 2519 liturgicis
879 2436 935 2498 aut
959 2425 1147 2500 Ritualibus
1169 2426 1277 2499 nullus
1303 2431 1388 2499 inter
1414 2451 1475 2501 eos
1502 2429 1595 2502 tole-

227 2538 369 2613 rabiliter
395 2543 599 2638 scripseritz.
617 2564 676 2616 eas
704 2542 862 2615 Claudius
889 2546 1020 2638 penitus
1047 2544 1267 2633 ignoraverit.

324 2656 424 2744 Quod
450 2657 492 2729 de
518 2656 678 2748 Litnrgiis
705 2657 826 2729 dicttrm
852 2656 931 2749 fuit,
961 2680 1077 2730 earum
1103 2655 1232 2729 scilicet
1257 2665 1370 2752 partes
1396 2662 1594 2756 praecipuas
1622 2661 1917 2734 nim‚ouraenpaaoa

227 2782 258 2843 et
280 2772 562 2860 sacramentales,
589 2775 739 2867 quamvis
764 2776 857 2844 initio
886 2776 1028 2868 scriptae
1054 2793 1122 2843 non
1149 2769 1305 2861 fuissent,
1332 2772 1509 2845 traditione
1537 2785 1590 2846 ta-
1607 2756 1710 2886 ff’
1734 2751 1857 2821 '‘W'‘
1875 2762 1918 2805 ‘¹'

227 2909 307 2978 nen,
340 2909 417 2977 usu,
451 2897 486 2958 et
521 2908 688 2960 consensu
721 2890 865 2960 omnium
898 2887 1127 2961 Ecclesiamm
1160 2886 1203 2959 ab
1231 2890 1321 2960 omni
1354 2891 1593 2983 suppositionis

226 3011 298 3075 nota
325 3006 407 3075 satis
433 3001 617 3091 vindicari,
650 3002 684 3073 id
709 3005 831 3097 potiori
862 3005 939 3095 jure
973 3002 1016 3075 de
1048 3000 1242 3096 disciplinae
1268 3001 1412 3094 regulis,
1447 3006 1593 3097 quaein

226 3115 371 3190 mbricas
406 3116 558 3209 digestae
590 3127 684 3208 aunt,
718 3116 782 3189 dici
808 3116 918 3191 debet.
965 3118 1119 3212 Scriptae
1144 3137 1212 3187 non
1240 3126 1356 3206 erant,
1382 3116 1443 3188 sed
1469 3139 1591 3191 sacer-

227 3232 316 3307 dotes
341 3242 375 3303 et
400 3231 519 3327 reliqui
545 3230 697 3305 altarium
715 3236 854 3307 ministri
879 3232 953 3305 illas
983 3231 1152 3321 tenebant,
1178 3240 1212 3303 et
1238 3254 1284 3302 ex
1310 3254 1373 3304 usu
1400 3232 1590 3327 quotidiano

225 3351 407 3421 notissimas
434 3346 609 3419 habebant.
652 3349 691 3421 ln
716 3348 940 3445 Liturgiarum
969 3346 1174 3419 Graecarum
1200 3344 1260 3418 vel
1283 3345 1476 3418 Latinarum
1501 3371 1590 3420 con-

225 3470 312 3533 texta
344 3460 386 3533 de
422 3483 510 3556 aqua
534 3466 616 3535 vino
642 3461 814 3534 miscenda
839 3461 919 3534 nihil
942 3459 1196 3559 praescribitur:
1210 3471 1259 3562 ⁸et
1276 3472 1385 3533 tamen
1399 3460 1590 3559 Cyprianus
1690 3490 1695 3499 ¹

224 3598 278 3679 eos
305 3581 361 3672 qni
380 3578 485 3649 aliter
509 3576 675 3666 iacerent,
701 3600 747 3649 ex
773 3581 940 3649 communi
964 3576 1192 3649 Ecclesiarum
1220 3576 1389 3672 disciplina
1425 3582 1590 3671 coarguit,

223 3691 334 3787 deque
349 3691 514 3765 haesitant
539 3692 782 3783 Protestantes‚
813 3696 890 3788 qnia
916 3692 1040 3763 nullum
1066 3692 1109 3763 de
1136 3714 1177 3763 ea
1192 3694 1347 3765 mistione
1373 3703 1589 3788 praeceptum

224 3810 363 3880 occurrit
387 3811 422 3879 in
450 3812 556 3881 sacris
582 3808 697 3881 literis.
730 3807 973 3881 Eucharistiam
1002 3805 1045 3878 ad
1071 3806 1229 3879 absentes
1254 3805 1355 3897 ferri,
1388 3818 1422 3878 et
1448 3832 1468 3880 a
1495 3809 1585 3882 fide·

219 3920 299 3994 libus
327 3922 460 3995 domum
487 3927 654 4019 asportari
681 3922 802 3996 docent
828 3922 951 3995 infinita
985 3921 1162 4017 exempla,
1190 3920 1268 3992 nibil
1290 3932 1402 3993 tamen
1428 3928 1588 4020 scriptum

220 4036 257 4108 de
282 4060 323 4109 ea
351 4038 592 4111 consuetudine
618 4049 695 4110 tunc
722 4050 806 4110 erat.
841 4035 970 4110 Eadem
984 4036 1189 4110 moribundis
1217 4035 1443 4110 deferebatur
1459 4059 1504 4108 ex
1519 4062 1587 4111 an-

218 4155 301 4247 tiqua
329 4150 422 4244 lege,
448 4164 484 4225 nt
510 4153 628 4225 dicitur
652 4156 686 4225 in
701 4152 853 4226 Nicaeno
882 4152 1053 4226 Concilio:
1079 4151 1139 4224 lex
1153 4151 1209 4223 illa
1237 4156 1360 4247 scripta
1387 4174 1455 4224 non
1481 4165 1587 4244 extat,
1601 4162 1677 4220 Cone.
1690 4166 1743 4219 Nic.
1758 4166 1874 4220 cauta

217 4267 461 4341 observabatur
487 4281 607 4342 tamen.
647 4268 833 4344 Infantibus
865 4269 1006 4341 dabatur
1031 4265 1261 4356 Eucharistia‚
1294 4271 1328 4339 in
1354 4268 1526 4362 Baptismo
1554 4280 1588 4340 et

215 4384 489 4479 inSynaxibus:
525 4384 727 4458 servabatur
757 4384 813 4457 illa
841 4384 884 4456 ad
909 4383 1048 4455 Missam
1075 4382 1467 4456 Praesanctiticatorum:
1496 4382 1585 4455 domi

214 4502 310 4570 etiam
337 4522 358 4571 a
384 4497 546 4572 fidelibus.
572 4500 678 4572 Facta
704 4498 789 4573 haec
815 4523 894 4573 esse
921 4502 1044 4571 scimus
1060 4508 1094 4570 et
1115 4498 1170 4570 din
1185 4501 1356 4590 viguisse:
1383 4520 1446 4568 nec
1474 4508 1584 4569 tamen

212 4616 245 4683 iu
268 4612 426 4686 Rubricis
453 4614 631 4710 quidquam
657 4614 764 4688 simile
790 4614 929 4707 legitur:
956 4624 992 4685 nt
1007 4635 1117 4708 nequae
1137 4613 1179 4685 de
1205 4635 1285 4684 cura
1312 4611 1474 4704 religiosa
1491 4618 1582 4686 circa
1717 4674 1719 4679 ,

210 4724 470 4821 Conbaristum,
503 4752 591 4826 quae
625 4734 735 4803 omnia
762 4754 826 4802 nac
854 4734 998 4817 omissa,
1025 4751 1089 4801 nec
1115 4732 1250 4799 noviter
1275 4727 1462 4800 introducta
1490 4753 1582 4820 esse,

210 4855 340 4916 constat
373 4867 419 4917 ex
451 4849 553 4918 certis
589 4849 798 4941 antiquorum
824 4848 1041 4934 testimoniis,
1076 4865 1216 4937 quorum
1241 4841 1343 4914 multa
1371 4843 1449 4916 alibi
1475 4844 1582 4918 relata

209 4966 291 5027 sunt.
317 4959 401 5032 lllud
426 4984 511 5035 vero
540 4959 780 5037 observatione
807 4962 941 5054 dignum
969 4971 1039 5052 est,
1067 4958 1177 5054 quod,
1205 4981 1279 5029 cam
1307 4957 1487 5053 Claudius,
1513 4968 1693 5040 nanterre·
1708 4970 1907 5025 urtam.

231 5092 344 5140 aarum
740 5111 746 5119 ·
1350 5075 1373 5146 9

1613 1581 1786 1635 Protastantes
1812 1587 1856 1636 rix
1879 1586 1922 1639 ia·
1994 1636 1996 1640 ,
