4525 6034
730 587 806 662 386
1232 585 1592 663 tttutuln

833 773 1009 847 Sacerdos
1020 773 1156 846 cloccas
1168 794 1294 846 coccm.
1324 771 1462 846 Auxilia
1487 773 1566 864 nnllj
1592 773 1778 848 confusioni
1793 775 1943 866 obnoxia,
1965 776 2055 849 ecula

728 892 871 964 Domine
897 895 930 962 in
958 914 1019 964 cos
1047 911 1164 963 omnes
1191 891 1246 985 qui
1272 886 1450 981 diligenter
1480 901 1640 987 praesunt
1671 891 1832 984 gregibus
1863 895 1921 964 tuis
1949 897 2056 980 sancta,

730 1016 765 1077 et
791 1008 823 1077 in
851 1006 1017 1079 uberrima
1050 1005 1223 1102 voluptate
1249 1003 1428 1098 Evangelii
1462 1010 1622 1099 unigeniti
1647 1006 1722 1080 Filii
1754 1010 1818 1096 tui,
1848 1006 1920 1080 illos
1947 1020 2058 1103 pascunt

729 1132 764 1193 et
789 1133 925 1215 regunt:
953 1132 988 1194 et
1014 1144 1087 1195 cum
1114 1122 1179 1194 illis
1206 1121 1347 1214 gloriam
1373 1121 1557 1196 referemus
1584 1122 1642 1196 tibi
1669 1134 1704 1195 et
1729 1126 1893 1216 unigenito
1911 1122 1984 1194 Filio
2004 1133 2056 1214 tuo,

730 1249 764 1310 ct
789 1239 926 1335 Spiritui
954 1248 1070 1312 sancto
1099 1247 1165 1311 tuo.

833 1354 995 1449 Populos.
1047 1357 1167 1428 Amen.
2184 1441 2185 1446 Ἰ

834 1470 1010 1544 Sacerdos
1043 1471 1235 1542 inclinatos.
1297 1469 1546 1544 convenienter
1584 1479 1749 1543 memento
1784 1471 1938 1558 Domine,
1971 1491 2057 1542 corun
2184 1501 2185 1574 p

660 1575 663 1582 λ
731 1592 785 1683 qui
812 1593 1080 1684 persecutionem
1106 1592 1272 1684 patiuntur
1297 1609 1360 1682 pro
1387 1590 1520 1659 nominc
1546 1597 1603 1659 tuo
1636 1597 1763 1660 sancto.
1817 1586 1922 1659 Etiam
1951 1588 2059 1682 praeci·
2184 1607 2185 1632 ³

729 1728 795 1801 pue
830 1714 864 1775 et
894 1704 1109 1796 singulariter
1141 1712 1307 1776 memento
1339 1706 1454 1775 matris
1488 1702 1589 1790 illius,
1625 1726 1711 1801 quae
1746 1707 1850 1775 vitam
1884 1707 2011 1799 peperit,
2034 1713 2060 1773 et
2184 1773 2185 1792 1

730 1822 907 1894 Dominum
936 1832 1142 1894 sanctorum:
1176 1821 1443 1917 reliquorumque
1470 1823 1613 1892 omnium
1641 1823 1696 1915 qui
1724 1823 1756 1892 in
1783 1819 1918 1913 singulis
1941 1841 2060 1912 gencra-
2184 1859 2185 1894 ι

729 1938 873 2012 tionibus
900 1937 1095 2033 placuerunt
1120 1960 1236 2011 coram
1263 1946 1304 2009 te.
1608 2010 1614 2019 ,

832 2053 1009 2126 Sacerdos
1035 2053 1174 2125 elecons
1194 2075 1319 2125 vocem.
1364 2051 1500 2125 Placeat
1526 2037 1584 2125 tibi
1610 2052 1755 2124 Domine
1779 2062 1816 2123 ut
1841 2073 1903 2148 per
1925 2056 2060 2124 interces-

730 2174 844 2244 siones
871 2167 1063 2242 dilectorum
1089 2180 1231 2257 tuorum,
1259 2171 1325 2241 cito
1353 2169 1473 2241 salvati
1502 2190 1722 2264 appareamus
1749 2190 1864 2241 coram
1891 2178 1933 2254 te,
1960 2178 1989 2237 et
2008 2189 2060 2238 vo-

729 2286 854 2382 luptate
881 2308 945 2382 qua
972 2284 1136 2375 fruuntur,
1163 2308 1315 2381 quaeque
1340 2285 1438 2357 linem
1464 2306 1533 2357 non
1560 2282 1670 2372 babet,
1697 2284 1788 2378 digni
1815 2284 1996 2356 efficiamur:
2017 2305 2061 2379 per

728 2405 871 2495 gratiam
899 2412 934 2474 ct
958 2402 1222 2475 misericordiam
1248 2423 1463 2496 amoremque
1488 2423 1573 2493 erga
1599 2399 1747 2474 homines
1772 2405 1931 2494 unigeniti
1942 2399 2006 2471 Filii
2019 2401 2062 2469 tui:

728 2541 791 2615 per
817 2541 915 2614 mem
942 2528 977 2591 et
1002 2542 1076 2591 cum
1103 2542 1170 2615 quo
1197 2528 1231 2590 te
1258 2517 1355 2590 decet
1381 2515 1490 2610 gloria
1517 2540 1590 2589 cum
1617 2517 1742 2614 Spiritu
1769 2527 1827 2589 tuo
1855 2529 1974 2592 sancto.

834 2633 997 2729 Populos.
1049 2635 1171 2708 Amen.

834 2749 1009 2824 Sacerdos
1035 2751 1227 2823 inclinatos.
1272 2749 1414 2847 Suscipc
1440 2753 1473 2826 in
1501 2753 1695 2825 memoriam
1720 2761 1810 2824 tuam
1825 2752 2062 2825 DomincPatrvs

729 2866 866 2955 beatos,
894 2871 1015 2964 quique
1041 2869 1200 2966 mysteria
1228 2867 1420 2957 docuerunt,
1446 2866 1634 2941 Ecclesiam
1660 2877 1748 2944 tuam
1775 2877 1943 2956 sanctam;
1966 2887 2062 2952 corun,

731 2986 786 3078 qni
814 2981 856 3055 ab
885 2986 1025 3078 antiquis
1051 2983 1257 3080 temporibus
1284 2982 1342 3057 tibi
1368 2988 1435 3056 noti
1461 2994 1547 3071 sunt,
1574 2983 1617 3056 ad
1643 2982 1726 3055 banc
1752 3007 1861 3079 usque
1887 2983 1975 3055 diem.

834 3101 985 3173 Eteonos
1009 3122 1134 3172 nocem.
1187 3101 1371 3197 Praecipue
1398 3099 1507 3174 stabili
1534 3110 1569 3171 et
1594 3101 1762 3190 confirma,
1789 3101 1943 3189 Domine,
1966 3095 2063 3169 Eccle-
2183 3081 2184 3124 ⁷

731 3219 814 3288 siam
841 3226 928 3289 tuam
957 3228 1105 3290 sanctam
1133 3240 1195 3313 per
1220 3220 1466 3290 invocationem
1481 3217 1624 3313 Spiritus
1646 3219 1691 3288 tui
1710 3218 1830 3304 sancti,
1859 3227 1893 3288 et
1911 3213 2062 3307 dirigentis:

718 3343 830 3427 <utque
858 3336 1037 3406 universim
1065 3355 1148 3406 orna
1175 3355 1250 3406 eam
1277 3344 1311 3404 et
1336 3337 1549 3429 conspicuam
1576 3333 1687 3422 effice,
1721 3356 1785 3429 per
1810 3332 1988 3406 doctrinam
2009 3332 2063 3400 sic

732 3472 843 3521 ceram
872 3450 1066 3524 dilectorum
1093 3461 1239 3522 tuorum:
1267 3453 1343 3545 quia
1370 3460 1404 3522 tu
1430 3449 1618 3534 munificusq
1645 3459 1679 3522 et
1706 3448 1872 3522 donorum
1897 3445 2063 3521 liberalissi-

730 3587 804 3637 mus
831 3589 881 3656 es,
909 3566 1032 3661 tibique
1058 3564 1199 3659 gloriam
1227 3575 1261 3638 et
1286 3566 1417 3639 laudem
1450 3557 1625 3639 re'lerimus
1659 3575 1692 3638 et
1723 3569 1897 3658 unigenito
1922 3564 1997 3636 Filio
2024 3572 2063 3631 tm

731 3690 766 3751 ct
791 3681 926 3777 Spiritui
952 3694 1008 3755 tuo
1035 3691 1162 3756 sancto.

834 3795 996 3890 Populus.
1047 3798 1168 3870 Amen.

834 3912 1009 3986 Sacerdos
1032 3915 1223 3986 inclinatos.
1263 3914 1441 3987 Praeclare
1463 3925 1497 3985 et
1516 3912 1806 3996 abundantissime,
1830 3922 1989 3985 memento
2007 3911 2063 3982 Do-

732 4032 821 4101 mine
843 4032 1024 4102 animarum
1048 4042 1082 4103 et
1103 4032 1274 4127 spirituum
1297 4040 1441 4128 patrum,
1462 4029 1612 4118 fratrum,
1634 4032 1937 4125 magistrorumque
1956 4036 2065 4100 nosto-

731 4168 817 4235 rum,
840 4157 874 4218 et
896 4168 1013 4219 eorum
1028 4150 1171 4220 omnium
1189 4150 1244 4242 qui
1259 4150 1292 4218 in
1306 4146 1519 4220 confessione
1546 4145 1740 4220 Ortboiloxa
1757 4170 1802 4218 cx
1816 4144 1884 4218 boe
1910 4143 2015 4216 mundo
2034 4136 2064 4210 al

731 4274 766 4334 te
792 4261 934 4360 profecti
960 4262 1125 4353 obierunt,
1152 4275 1186 4337 et
1211 4262 1276 4336 illis
1303 4266 1450 4360 requiem
1477 4273 1623 4359 praesta,
1650 4272 1685 4335 ut
1716 4266 1756 4336 iis
1782 4265 1902 4352 ctiam,
1930 4281 1986 4357 pro
2008 4260 2064 4352 qui-

730 4376 793 4450 bus
820 4376 883 4451 boc
910 4379 1105 4453 sacrificium
1133 4378 1278 4453 oblatum
1306 4390 1367 4454 est.

835 4494 985 4567 Eteonos
1010 4518 1135 4567 nocem
1169 4495 1357 4569 Efficaciter
1382 4506 1547 4568 memento
1574 4494 1702 4567 illorum
1729 4495 1886 4580 Domine,
1912 4503 1946 4564 et
1968 4493 2064 4561 mma

731 4633 845 4683 eorum
873 4610 1002 4683 colloca
1030 4615 1063 4683 in
1090 4610 1283 4686 habitaculis
1311 4615 1455 4685 aeternis
1482 4612 1575 4699 lucis,
1603 4622 1637 4683 ct
1663 4609 1748 4683 illius
1773 4608 2064 4700 beatitudinisque

730 4750 791 4823 per
817 4727 1077 4800 misericordiam
1103 4740 1192 4801 tuam
1219 4728 1420 4822 singularem
1448 4727 1624 4818 obtinetur,
1651 4738 1685 4799 et
1710 4730 1744 4798 in
1769 4725 1853 4798 locis
1881 4728 1989 4821 qnietis
2010 4720 2064 4816 spi·

732 4848 815 4915 ritus
842 4867 959 4916 eorum
984 4842 1131 4934 colloca,
1166 4867 1296 4941 nosque
1329 4855 1362 4917 et
1392 4867 1453 4918 eos
1487 4844 1583 4917 simul
1607 4842 1748 4917 laetifica
1773 4841 1898 4914 lumine
1921 4835 2064 4937 praeclaro

735 4959 845 5033 vultus
872 4963 948 5032 tuit.
963 4964 1039 5056 quia
1067 4960 1154 5056 quod
1182 4961 1223 5034 ab
1251 4965 1419 5058 unigenito
1446 4961 1532 5036 Filio
1553 4973 1608 5034 tuo
1634 4958 1897 5033 commendatum
1919 4965 1996 5043 erat,
2017 4971 2064 5022 ac-

734 5078 893 5172 cepimus,
921 5086 954 5148 et
979 5099 1041 5174 per
1067 5076 1156 5150 illum
1182 5081 1281 5150 etiam
1309 5099 1482 5175 speramus
1509 5076 1770 5151 misericordiam
1795 5078 1965 5170 consequi,
1987 5080 2037 5142 tlt·
