4525 6034
665 555 719 627 20
1178 552 1549 676 LITURGIA·

665 749 700 811 et
724 738 919 836 Seraphim,
946 750 981 812 et
1008 742 1115 813 omnis
1141 739 1312 813 multitudo
1339 737 1589 813 innumerabilis
1610 748 1812 836 potestatum
1829 740 2047 835 coelestium3

665 858 721 950 qui
753 856 967 930 sanctificasti
1001 855 1064 929 has
1097 855 1285 930 oblationes
1319 858 1528 954 propositas,
1563 878 1626 952 per
1659 856 1813 953 illapsum
1846 879 1947 953 super
1983 882 2047 931 eas

665 973 808 1069 Spiritus
835 975 943 1045 sancti
968 974 1032 1044 tui:
1060 973 1272 1046 mundanos
1299 972 1443 1046 Domine
1469 996 1489 1044 a
1516 975 1813 1068 peccatisnostris
1843 975 1982 1046 occultis
2011 984 2048 1047 et

666 1089 868 1177 manifestis,
902 1097 936 1159 et
962 1087 1003 1160 ab
1033 1091 1123 1160 omni
1155 1091 1359 1182 cogitatione
1394 1110 1479 1183 quae
1514 1087 1653 1160 bonitati
1688 1098 1766 1162 tuae
1799 1110 1868 1162 non
1901 1090 2047 1186 placeat.

666 1205 761 1277 Deus
787 1201 953 1275 bominum
979 1215 1108 1276 amator
1134 1204 1234 1277 talem
1261 1228 1281 1276 a
1306 1204 1405 1277 nobis
1431 1203 1573 1300 repelle:
1599 1204 1737 1301 purifica
1753 1226 1898 1300 corpora
1917 1216 1952 1277 et
1965 1209 2048 1277 ani-

665 1341 739 1392 mas
766 1330 919 1409 nostras,
946 1318 1050 1393 corda
1077 1330 1193 1393 nostra
1220 1330 1255 1392 et
1280 1324 1504 1393 conscientias
1529 1332 1675 1411 nostras,
1701 1329 1825 1393 uicum
1839 1321 1942 1394 corde
1959 1344 2048 1416 puro

667 1444 701 1506 et
728 1439 837 1508 anima
870 1434 996 1529 lucida,
1028 1435 1206 1509 inconfusa
1241 1435 1348 1527 iacie,
1381 1439 1520 1508 caritate
1553 1436 1723 1532 perfecta,
1758 1446 1792 1507 et
1824 1459 1886 1531 spe
1912 1459 2049 1526 secura,

667 1550 853 1627 audeamus,
874 1574 948 1622 cum
982 1550 1124 1642 fiducia,
1161 1561 1196 1623 et
1229 1550 1357 1646 absque
1383 1554 1502 1624 umore
1535 1573 1636 1625 orare
1671 1552 1714 1624 nd
1746 1563 1798 1641 te,
1829 1552 1923 1625 Deus
1949 1562 2050 1648 pater

666 1677 783 1740 sancte
810 1677 845 1740 et
869 1668 1028 1742 coelestis
1055 1677 1090 1739 et
1116 1667 1238 1739 dicere.
1291 1668 1394 1742 Pater
1419 1677 1546 1741 noster.

1055 1925 1177 1995 0ναίἱο
1204 1926 1403 1995 dicationis
1428 1923 1502 1994 clia
1528 1923 1663 1995 Basilii.

380 2127 434 2178 llll
450 2135 518 2177 ΕΜ
533 2127 558 2177 ⁶2·
570 2136 654 2179 ’ΜΟ
771 2130 865 2202 Deus
881 2150 1004 2226 parens
1021 2130 1123 2218 lucis,
1149 2131 1240 2201 vitae
1254 2131 1468 2225 principium,
1495 2132 1659 2204 scientiae
1693 2131 1853 2223 largitor,
1883 2130 2050 2203 donorum

343 2211 404 2365 ᾖ
420 2213 467 2264 ''⁰‘'
476 2212 537 2275 '⁰⁰⁰’
550 2214 618 2283 ’ΜΡ
619 2221 656 2265 ⁰⁸⁸
668 2256 822 2336 creator,
848 2249 999 2339 gratiose
1026 2244 1163 2342 opifex,
1190 2247 1374 2317 animarum
1399 2254 1588 2318 nostrarum
1621 2244 1838 2335 benefactum
1870 2245 2050 2320 thesaurus

668 2363 871 2456 sapientiae,
899 2361 1019 2433 doctor
1045 2369 1255 2450 sanctorum,
1280 2358 1435 2433 bmdator
1462 2360 1693 2453 saeculorum,
1719 2384 1856 2457 precum
1888 2384 2050 2458 purarum

668 2485 861 2572 susceptor,
887 2479 928 2550 iis
956 2478 1069 2572 quiin
1095 2498 1172 2548 eum
1198 2485 1269 2547 toto
1291 2476 1396 2549 corde
1412 2477 1579 2550 confidunt
1594 2478 1736 2550 donator
1748 2500 1933 2569 munerum,
1960 2500 2052 2572 quae

669 2592 860 2666 desiderant
884 2594 1009 2687 Angeli
1035 2596 1247 2690 prospicere:
1284 2595 1388 2687 quie
1419 2592 1586 2699 profundo
1619 2614 1683 2666 nos
1716 2593 1832 2666 eduxit
1864 2598 1899 2664 in
1924 2595 2051 2687 lucem,

668 2712 723 2804 qui
749 2707 839 2780 dedit
863 2710 962 2783 nobis
988 2712 1091 2782 vitam
1119 2732 1166 2781 ex
1191 2719 1315 2782 morte:
1350 2713 1405 2805 qui
1437 2714 1606 2783 concessit
1640 2709 1739 2783 nobis
1771 2707 1980 2801 libertatem,
2015 2718 2052 2782 et

666 2828 957 2899 manumissionem
984 2850 1004 2898 a
1031 2827 1207 2899 servitutec
1234 2826 1290 2920 qui
1316 2824 1472 2898 tenebras
1499 2829 1625 2899 erroris
1654 2848 1739 2921 quae
1766 2828 1799 2896 in
1825 2822 1923 2897 nobis
1951 2834 2053 2897 erant

666 2941 861 3032 illustravit,
901 2965 964 3037 per
995 2944 1221 3037 praesentiam
1254 2943 1288 3011 iu
1321 2963 1423 3013 carne
1455 2944 1616 3033 unigeniti
1649 2941 1726 3013 Filii
1758 2944 1819 3014 sui.
1874 2941 1926 3012 'lu
1962 2964 2051 3036 ergo

668 3059 845 3129 etiamnum
862 3057 1005 3129 Domine
1019 3057 1149 3132 illustra
1170 3056 1287 3130 ocudos
1313 3056 1425 3130 cordis
1450 3061 1577 3149 nostri,
1604 3068 1639 3130 et
1663 3055 1835 3153 perfectos
1860 3078 1924 3129 nos
1952 3057 2051 3129 edice

668 3175 804 3265 animis,
831 3173 1047 3269 corporibus,
1081 3174 1318 3271 spiritibusque
1349 3177 1493 3263 nostris,
1529 3182 1565 3246 ut
1596 3172 1699 3246 corde
1732 3181 1849 3246 sancto
1881 3180 1916 3243 et
1949 3171 2050 3245 labiis

667 3292 760 3383 puris
787 3288 969 3363 audeamus
996 3313 1096 3364 orare
1122 3299 1170 3381 te,
1198 3289 1292 3362 Dens
1318 3299 1415 3385 pater
1441 3299 1558 3365 sancte
1585 3293 1640 3385 qui
1666 3310 1704 3363 es
1730 3291 1764 3360 in
1785 3288 1902 3379 coelis,
1929 3297 1965 3360 et
1992 3288 2050 3359 di-

667 3424 791 3477 camus.

381 3669 657 3731 rnarucousaamo
918 3650 1039 3720 Oratio
1066 3652 1265 3723 Fraetiooic
1290 3650 1364 3721 clia
1387 3651 1535 3722 dononio
1561 3648 1799 3742 Cbrysoatomi.

207 3810 222 3835 x
345 3755 491 3820 Bostrensis,
507 3758 558 3807 sice
572 3757 657 3808 Baso-
1379 3782 1380 3785 ¹

344 3858 432 3894 mim.

773 3868 904 3941 Dedisti
929 3867 1027 3943 nobis
1061 3871 1204 3961 gratiam
1237 3869 1444 3965 adoptionis,
1479 3889 1542 3963 per
1575 3866 1747 3939 lavacrum
1779 3870 2051 3960 regenerationis

671 3994 706 4057 et
729 3989 958 4087 renovationis
985 3985 1128 4082 Spiritus
1156 3988 1281 4075 sancti,
1307 4007 1395 4057 nnnc
1428 3992 1538 4056 autam
1564 3983 1683 4074 dignos
1712 3981 1824 4073 effice,
1857 3993 1893 4053 ut
1919 3983 2052 4077 absque

670 4101 859 4197 hypocrisi,
886 4101 990 4174 corde
1015 4122 1121 4198 puro,
1147 4103 1351 4173 conscientia
1377 4100 1517 4172 fiduciae
1543 4099 1659 4194 plena,
1695 4096 1859 4191 labiisque
1887 4096 1928 4169 ab
1958 4102 2052 4170 omni

671 4218 798 4289 ollensa
824 4215 955 4307 liberis,
984 4238 1118 4291 oremus
1145 4225 1179 4288 te
1205 4225 1319 4311 pater,
1353 4225 1390 4286 ut
1422 4237 1481 4287 eas
1507 4213 1678 4286 lntditates
1712 4213 1923 4308 respuendo,
1961 4238 2052 4308 qnae

670 4335 818 4424 gentium
844 4332 1038 4428 multiloquii
1072 4342 1106 4403 et
1130 4332 1260 4403 Judaici
1295 4330 1463 4426 supercilii
1496 4337 1589 4419 sunt,
1622 4332 1790 4424 possimus
1827 4328 1948 4400 offerre
1991 4328 2052 4399 tibi

670 4471 791 4544 preces
825 4453 1097 4543 orationemque,
1120 4451 1220 4540 juxta
1245 4449 1482 4519 institutionem
1509 4444 1758 4518 saluberrimam
1785 4442 1860 4515 Filii
1894 4446 1941 4514 tui
1967 4448 2052 4515 nni-

672 4567 794 4656 geniti,
821 4586 909 4637 voce
935 4587 1038 4660 pura,
1066 4564 1172 4658 qualis
1200 4560 1406 4636 Christianos
1434 4562 1557 4651 decet3.
1573 4572 1607 4633 et
1624 4583 1699 4632 cum
1714 4564 1889 4632 sanctitate
1905 4561 2052 4648 animae,

671 4684 823 4777 eorporis
851 4691 885 4752 et
911 4684 1063 4776 spiritnS,
1091 4679 1273 4751 audeamus
1300 4676 1427 4773 absque
1453 4681 1572 4759 timore
1598 4675 1743 4747 clamare
1771 4674 1811 4745 ad
1831 4685 1883 4763 te,
1909 4677 2052 4746 increa-

671 4806 758 4885 tum,
786 4797 914 4891 absque
939 4799 1053 4885 initio,
1080 4798 1281 4887 ingenitum,
1307 4805 1456 4866 nostrum
1483 4801 1518 4864 et
1544 4795 1688 4863 omnium
1714 4793 1909 4880 Dominum,
1940 4789 2052 4861 Deum

671 4922 801 5007 patrem
829 4921 978 4983 sanctum
1005 4913 1060 5004 qui
1087 4933 1125 4985 es
1152 4914 1187 4982 in
1214 4910 1337 5000 coelis,
1365 4919 1399 4982 et
1425 4908 1584 4981 dicamus.
1636 4908 1738 4979 Pater
1769 4916 1885 4978 noster
1921 4908 1977 4999 qui
2014 4925 2052 4975 es

670 5031 704 5099 in
731 5028 857 5118 coelis,
884 5038 947 5100 etc.
