4525 6034
584 570 820 651 uuouuoln
851 570 1199 650 trosvouounn.
1500 569 1574 644 175

216 757 413 848 delictorum,
439 761 735 855 remissionemque
761 770 987 857 peccatorum,
1014 762 1226 856 omniumque
1253 757 1576 854 praevaricationum

214 885 410 949 nostrarum:
437 887 471 948 ut
497 880 597 948 etiam
623 876 665 947 ad
684 876 827 969 gloriam
843 879 986 950 nominis
1005 880 1052 948 tui
1071 880 1189 967 sancti,
1210 887 1244 950 ot
1258 876 1417 968 unigeniti
1430 873 1504 945 Filii
1519 877 1574 946 tui.

309 991 494 1063 Sacerdos.
546 992 630 1064 Pax.

309 1108 471 1201 Populea.
522 1108 567 1188 Et
592 1132 677 1180 cum.

309 1223 494 1296 Sacerdos.
546 1226 689 1297 Domine
714 1225 808 1296 Deus
835 1224 970 1315 salatia,
1003 1230 1057 1321 qui
1089 1236 1227 1322 propter
1253 1246 1316 1298 nos
1343 1224 1442 1297 homo
1467 1225 1575 1300 lactus

211 1361 267 1427 es,
297 1349 332 1410 et
356 1362 419 1436 per
444 1338 641 1413 sacrificium
666 1362 833 1436 personae
860 1351 954 1428 tuae,
988 1342 1127 1415 salvasti
1154 1363 1234 1412 nos:
1268 1341 1364 1415 salva
1398 1346 1576 1415 etiamnum

210 1478 270 1528 nos
297 1479 317 1527 a
344 1461 559 1554 corruptione
584 1459 786 1552 pemiciosa
814 1468 848 1529 et
872 1456 927 1530 lac
953 1480 1015 1530 nos
1043 1459 1198 1554 templum
1225 1460 1349 1531 nomini
1371 1469 1427 1529 tuo
1448 1469 1576 1547 sancto,

211 1575 284 1668 quia
309 1572 452 1670 populus
479 1585 513 1645 et
537 1572 726 1646 haereditas
752 1585 809 1646 tua
836 1595 965 1646 sumus:
992 1585 1091 1669 teque
1118 1577 1216 1649 decet
1241 1575 1361 1666 gloria,
1387 1574 1511 1666 honor,
1543 1585 1578 1648 et

209 1700 356 1784 potestas
384 1714 459 1763 cum
484 1690 585 1763 Patre
611 1700 668 1762 tuo
695 1700 730 1762 et
756 1691 880 1787 Spiritu
906 1701 962 1763 tuo
989 1694 1072 1764 vivo
1100 1703 1134 1764 et
1160 1701 1288 1782 sancto,
1313 1713 1413 1782 nunc,
1440 1701 1503 1763 etc.

308 1807 470 1900 Popotto.
522 1808 642 1881 Amen.

307 1922 494 1996 Sacerdos.
547 1922 694 1994 Benedic
721 1920 883 1994 omuibus.

308 2039 497 2112 Diaooaae.
539 2037 740 2111 Benedicam
767 2040 954 2111 Dominum.

786 2240 1016 2314 FINIS.

626 2567 1160 2611 φα

489 2952 1265 3071 iltillnttlln

274 3181 1504 3322 suvevonunnrosvouonun

804 3372 974 3458 verre.

301 3592 392 3672 Mrem
422 3611 469 3665 est
497 3601 641 3665 Codicum
669 3602 757 3684 hujus
779 3601 934 3684 Liturgiae
966 3603 1144 3681 diversitas,
1175 3621 1252 3685 quae
1283 3622 1322 3665 ex
1352 3601 1576 3684 comparatione

202 3712 354 3774 variorum
368 3706 639 3787 Manuscriptornm
656 3705 810 3767 conciliari
826 3708 937 3786 nequit.
981 3708 1159 3770 versionem
1182 3706 1401 3769 elaboravimus
1418 3705 1454 3769 ad
1468 3725 1576 3769 exem·

202 3810 285 3891 piar,
315 3804 396 3888 quod
425 3823 493 3866 cum
516 3823 552 3867 ea
574 3804 709 3888 liturgia
733 3823 809 3884 quae
833 3807 952 3868 nomine
977 3806 1141 3868 Duodecim
1163 3805 1379 3887 Apostolorum
1401 3814 1576 3869 sanctorum

203 3909 282 3972 edita
312 3906 426 3969 Romae
455 3912 502 3966 est
531 3906 563 3967 in
589 3904 703 3966 Missali
726 3903 889 3972 Chaldaico
912 3923 928 3966 a
952 3923 1022 3986 pag.
1046 3906 1098 3969 98.
1122 3905 1280 3986 usquead
1303 3904 1374 3969 105.
1398 3907 1471 3969 satis
1496 3924 1575 3969 con-

202 4009 303 4083 venit,
335 4006 392 4067 etsi
422 4004 452 4065 in
483 4003 559 4067 locis
588 4003 735 4084 aliquibus
759 4002 892 4066 differat:
923 4021 984 4067 uon
1014 4005 1071 4066 illis
1094 4003 1200 4083 modo,
1232 4020 1309 4084 quae
1331 4003 1575 4069 reformationem

201 4124 294 4188 passa
318 4111 404 4181 sunt,
431 4102 485 4166 sed
508 4104 538 4165 in
561 4102 636 4165 aliis.
680 4103 728 4186 At
750 4103 780 4164 in
804 4101 879 4166 Cod·
902 4102 988 4168 Colb.
1012 4103 1097 4167 3922
1120 4104 1178 4166 alia
1200 4111 1248 4166 est
1270 4101 1376 4165 ecdem
1399 4105 1484 4167 titulo
1507 4124 1574 4168 cum

203 4205 319 4287 insigni
341 4203 523 4266 discrimine.
568 4202 653 4265 Unde
676 4201 863 4264 manifestum
893 4211 940 4266 est
962 4202 1072 4265 nullam
1094 4210 1145 4266 aut
1168 4204 1308 4286 exiguam
1330 4220 1400 4265 esse
1423 4204 1575 4267 titulorum

204 4306 304 4368 iidem.

294 4402 323 4465 l.
345 4402 453 4466 Forma
475 4400 635 4463 verborum
658 4399 769 4465 Christi
792 4403 832 4465 ita
855 4409 887 4463 ut
917 4419 981 4463 eam
1003 4402 1164 4478 vertimus,
1194 4401 1306 4483 legitur
1327 4403 1358 4488 in
1381 4400 1492 4464 Codice
1515 4401 1572 4466 tls.

203 4524 273 4568 nam
296 4506 327 4566 in
350 4502 482 4565 editione
503 4500 648 4578 Romana,
671 4509 703 4562 ut
726 4501 802 4564 aliae
825 4509 935 4564 mutata
958 4509 1014 4565 est.
1058 4502 1091 4564 ln
1113 4501 1171 4563 hac
1193 4509 1280 4581 perte
1301 4501 1362 4562 duo
1385 4500 1574 4564 observanda

203 4612 291 4668 sunt:
313 4602 442 4684 primum
466 4600 544 4681 quod
568 4602 597 4663 in
619 4600 721 4664 verbis
744 4601 781 4664 ad
798 4601 884 4682 panis
904 4602 1160 4664 consecrationem
1183 4599 1411 4682 pertinentibus,
1438 4599 1574 4663 Christus

204 4704 306 4767 edisse
327 4721 367 4764 ex
390 4699 441 4763 illo
465 4700 583 4778 dicitur,
605 4700 678 4762 utin
692 4700 898 4781 sequentibus,
921 4708 1061 4782 gustasse
1085 4700 1226 4763 calicem:
1250 4701 1330 4780 quod
1352 4701 1382 4761 in
1397 4698 1531 4782 Coptieis
1544 4710 1575 4764 et

204 4801 394 4866 Nestorianis
416 4800 560 4883 liturgiis
583 4799 710 4882 legitur,
740 4808 772 4862 ιιι
802 4800 833 4862 in
863 4799 974 4879 aliquot
998 4799 1129 4880 Syriacis
1151 4798 1334 4864 Jacobitieis.
1378 4800 1427 4862 Ad
1450 4799 1574 4862 calicem

204 4904 298 4966 verba
328 4899 473 4964 dominica
500 4899 675 4962 reseruntur
697 4919 738 4962 ex
758 4899 839 4961 Luca
863 4899 1067 4982 Evangelista.
1113 4898 1178 4961 Hoc
1204 4906 1250 4960 eet
1271 4898 1486 4962 Testamentum
1507 4900 1574 4962 Ne-

204 5023 275 5068 eam
295 5003 328 5063 ia
349 5019 415 5061 mec
442 5002 605 5080 sanquine,
637 5018 714 5080 quae
743 4997 881 5061 fortassis
902 4999 980 5061 ratio
1003 4997 1057 5059 luit
1079 5015 1134 5059 cur
1155 4998 1256 5060 Lucae
1278 4998 1308 5060 in
1331 4989 1443 5079 aliquot
1465 5018 1573 5062 exem·

205 5128 341 5211 pluribus
363 5098 439 5162 haec
469 5098 632 5180 Anaphora
662 5098 817 5165 tribuatur.
860 5097 893 5161 ln
916 5095 973 5161 alia
996 5096 1131 5180 ejusdem
1154 5098 1292 5176 nominis,
1315 5097 1457 5162 deficiunt
1479 5099 1573 5163 verba
