4525 6034
705 596 778 673 too
1038 597 1734 679 LITURGIAPETRIII.

803 783 978 857 Sacerdos
1004 787 1196 858 inclinatos.
1236 786 1379 860 Sanctus
1407 810 1459 876 es,
1486 797 1519 859 et
1544 811 1689 882 magnae
1715 792 1960 866 misericordiae
1983 793 2058 868 Do-

699 905 804 990 mine,
847 906 902 997 qui
934 926 996 1000 per
1032 926 1180 975 amorem
1215 913 1305 975 tuum
1338 926 1421 998 erga
1452 902 1602 976 homines
1635 904 1735 978 filium
1766 917 1856 979 tuum
1887 913 2001 982 misisti
2029 914 2060 983 in

698 1019 869 1091 mundum:
898 1028 931 1091 et
957 1022 1031 1115 ipse
1056 1022 1090 1091 in
1106 1020 1248 1113 Virgine
1265 1021 1370 1093 Maria
1387 1023 1576 1094 incarnatus
1597 1031 1649 1094 est
1676 1022 1717 1094 ad
1744 1023 1883 1097 salutem
1907 1037 2059 1100 nostram

802 1134 952 1206 Eleooor
984 1159 1110 1207 roccos.
1169 1136 1234 1224 Qui
1268 1159 1340 1209 eum
1374 1136 1478 1209 vellet
1511 1149 1647 1231 gustare
1681 1150 1840 1228 mortem,
1876 1151 1911 1214 et
1939 1142 2062 1216 Pascm

698 1272 846 1345 vespere
871 1251 1057 1348 perliceret,
1085 1255 1216 1350 accepit
1241 1275 1361 1350 panem
1388 1256 1422 1324 in
1448 1277 1565 1328 manus
1593 1256 1918 1346 suas,†benedixit,
1935 1260 1964 1347 †
1981 1281 2062 1332 son-

701 1367 878 1458 ctificavit,
913 1370 1001 1457 †et
1025 1369 1144 1462 lregit,
1178 1369 1333 1465 deditque
1368 1370 1486 1443 turbae
1515 1370 1751 1466 Apostolorum
1788 1385 1998 1465 sanctorum,
2032 1387 2062 1448 et

701 1483 802 1554 dixit:
837 1486 991 1582 Accipite
1027 1497 1060 1557 et
1099 1484 1114 1523 ²
1145 1485 1350 1559 manducate.
1410 1487 1484 1560 Hoo
1516 1498 1568 1559 est
1600 1511 1722 1584 corpus
1757 1512 1865 1563 meum
1892 1490 1980 1587 quod
2005 1514 2062 1588 pro

700 1600 802 1673 vobis
830 1612 862 1673 et
888 1625 950 1698 pro
976 1602 1085 1676 multis
1111 1602 1277 1696 frangitur
1303 1613 1337 1674 et
1364 1602 1519 1675 dividitur
1545 1607 1578 1675 in
1606 1607 1829 1700 expiationem
1861 1606 2062 1698 delictonrm,

700 1721 932 1791 remissionem
958 1730 1173 1816 peccatorum
1200 1731 1235 1792 et
1260 1722 1363 1792 vitam
1390 1730 1568 1792 aeternam.

804 1836 965 1930 Populos.
1017 1837 1136 1909 Amen.

802 1951 986 2023 Sacerdos.
1039 1952 1198 2024 Similiter
1225 1962 1258 2024 et
1284 1952 1422 2025 calicem
1448 1956 1593 2027 miscens
1620 1958 1721 2044 vino,
1756 1962 1791 2026 et
1817 1979 1920 2051 aque,
1945 1956 1976 2044 †
1999 1953 2062 2029 he-

698 2068 844 2156 nedixit,
881 2075 901 2151 †
934 2068 1168 2156 sanctificavit,
1200 2076 1221 2152 †
1253 2078 1287 2141 et
1321 2069 1404 2141 dixit
1430 2072 1496 2142 eis:
1529 2070 1699 2164 Accipite,
1731 2067 1835 2142 bibite
1861 2094 1908 2143 ex
1933 2094 1977 2145 eo
2002 2094 2062 2145 ros

698 2206 825 2257 omnes.
866 2184 929 2255 Hic
956 2192 1009 2258 est
1034 2183 1124 2257 calix
1151 2188 1322 2278 sanguinis
1348 2188 1413 2256 mei
1439 2183 1530 2257 Novi
1557 2185 1768 2274 Testamenti,
1796 2190 1851 2282 qui
1875 2209 1938 2283 pro
1966 2186 2059 2260 robis

698 2310 732 2371 et
757 2322 820 2397 pro
847 2301 955 2373 multis
983 2299 1168 2392 effunditur,
1194 2305 1228 2374 in
1255 2303 1477 2397 expiationem
1500 2300 1704 2390 delictorum,
1730 2307 1962 2378 remissionem
1978 2327 2060 2400 pce-

698 2428 864 2507 catorum,
891 2426 925 2489 et
950 2421 1055 2490 vitam
1081 2427 1261 2490 aeternnm.

803 2534 963 2627 Populos.
1016 2536 1136 2610 Amen.

802 2648 987 2722 Sacerdos.
1039 2649 1115 2723 Hoc
1141 2655 1323 2748 praecepit,
1351 2661 1385 2724 et
1410 2653 1535 2724 monuit
1560 2649 1655 2741 illos,
1681 2649 1769 2746 quod
1795 2655 2061 2748 quotiescumque

697 2769 859 2862 mysteria
884 2765 969 2839 haec
995 2768 1191 2865 perficietis,
1217 2778 1379 2860 mortem,
1405 2771 1744 2841 et·resurrectionem
1775 2791 1884 2841 meam
1911 2792 2059 2842 comme·

695 2881 889 2972 morabitis,
916 2884 1024 2957 donec
1050 2887 1192 2958 veniam.

800 2999 960 3093 Populos.
1013 3002 1132 3074 Mortis
1159 3013 1244 3074 tuae.

800 3114 984 3189 Sacerdos.
1026 3117 1218 3192 Adventum
1244 3127 1333 3190 tuum
1360 3117 1538 3191 salutarem
1565 3128 1599 3192 et
1625 3115 1805 3189 secundnm
1831 3115 1934 3205 illum,
1961 3139 2053 3189 com-

696 3244 932 3322 memorantes,
960 3234 1115 3324 Domine,
1141 3233 1271 3308 laudem
1299 3256 1373 3306 cum
1400 3234 1634 3330 deprecatione
1659 3236 1824 3326 majestati
1851 3243 1928 3304 tuoe
1947 3232 2055 3304 olferi-

696 3371 787 3439 mus,
814 3360 850 3421 ut
875 3352 908 3421 in
936 3348 1079 3423 timendo
1107 3349 1182 3440 illo,
1209 3360 1243 3422 et
1269 3349 1405 3423 terribili
1428 3351 1543 3445 judicii
1570 3350 1643 3440 die,
1670 3352 1703 3420 in
1730 3372 1796 3445 quo
1818 3351 2000 3440 justorum,
2025 3360 2055 3421 et

694 3475 909 3559 peccatorum
935 3489 1078 3539 examen
1105 3471 1277 3554 institues,
1309 3489 1375 3539 non
1403 3466 1581 3540 secundum
1608 3478 1745 3562 peccata
1781 3476 1915 3556 nostra,
1951 3466 2054 3538 tradas

625 3597 628 3606 ·
695 3602 758 3652 nos
785 3581 896 3653 ardori
923 3580 1055 3655 lletuum
1082 3595 1116 3656 et
1141 3607 1334 3681 poenarum,
1361 3607 1471 3680 neque
1497 3594 1635 3681 propter
1650 3586 1823 3679 nequitias,
1850 3593 1883 3653 et
1896 3585 2053 3679 insipien·

695 3700 759 3768 tias
785 3708 918 3772 nostras
947 3703 1142 3788 cruciemur,
1170 3710 1205 3773 et
1229 3705 1347 3798 poenis
1374 3702 1559 3788 afficiamur,
1587 3705 1653 3773 imo
1680 3703 1841 3796 propitius
1869 3709 1956 3787 esto,
1981 3698 2052 3769 llo-

697 3817 800 3901 mine,
836 3815 998 3887 miserere
1032 3821 1157 3907 nostri,
1192 3827 1226 3889 et
1256 3828 1374 3890 averte
1401 3817 1522 3890 faciem
1548 3828 1635 3890 tuam
1662 3843 1682 3889 a
1708 3820 1854 3915 peccatis
1880 3818 2052 3889 nostriset

697 3928 820 4022 adjurva
845 3953 927 4004 uos:
955 3943 1093 4029 propter
1118 3933 1182 4004 hoc
1207 3932 1361 4005 Ecclesia
1388 3945 1442 4007 tua
1470 3944 1504 4005 et
1533 3957 1621 4028 grex
1654 3947 1728 4007 tuus
1760 3934 1979 4029 deprecantur
2010 3941 2051 4012 te,

696 4055 731 4117 et
756 4070 818 4142 per
844 4058 877 4119 te
904 4058 938 4119 et
963 4060 1070 4121 tecum
1097 4051 1232 4121 Patrem
1258 4059 1366 4141 tuum,
1394 4051 1516 4123 dicens.

798 4163 976 4257 Papulae·
1013 4166 1179 4238 Miserere
1204 4168 1319 4239 nostri.

797 4279 981 4352 Sacerdos.
1035 4280 1108 4355 Nos
1136 4305 1279 4378 quoque.

797 4397 959 4491 Populus.
1014 4396 1065 4469 Te
1090 4398 1272 4472 laudamus.

798 4512 981 4585 Sacerdos.
1035 4513 1229 4612 Praecipue.

798 4629 985 4701 Diocooar.
1041 4630 1149 4717 Quam
1175 4630 1317 4703 timenda
1344 4640 1397 4703 ost
1421 4630 1505 4704 haec
1530 4632 1622 4704 hora.

799 4745 975 4818 Sacerdos
1000 4743 1183 4819 inchoatur
1208 4749 1293 4819 dicit
1316 4748 1571 4820 lacerationem
1595 4747 1747 4842 Spiritus
1771 4752 1894 4823 sancti.

800 4861 965 4940 Miserere
991 4866 1114 4954 nostri,
1149 4866 1311 4955 Domine,
1338 4867 1498 4937 miserere
1529 4870 1652 4940 nostri:
1685 4869 1777 4938 mitto
1810 4889 1911 4963 super
1934 4885 1994 4938 nos
2015 4873 2044 4935 et

697 4999 799 5074 super
824 4977 885 5051 has
912 4980 1110 5071 oblationes,
1137 4980 1294 5077 Spiritum
1319 4991 1410 5053 tuum
1436 4992 1597 5075 sanctum,
1623 4987 1849 5079 mysteriaque
1868 4982 1951 5056 haec
1967 5002 2040 5056 son-

696 5093 821 5186 ctilica,
847 5097 1011 5194 nobisque
1038 5097 1196 5170 auxilium
1222 5098 1330 5171 tribue
1357 5103 1558 5172 etveniam.
