4525 6034
691 597 767 672 252
945 598 1156 676 LITURGIA
1183 600 1214 677 S.
1240 599 1442 678 Jobtnls
1471 601 1795 683 CHRYSOSTOlll.

795 785 978 858 Sacerdos.
1032 787 1156 859 Sancta
1184 789 1316 860 sanctis.

795 903 955 997 Popalas.
1008 904 1100 977 Unus
1126 904 1227 976 Pater
1253 917 1396 978 sanctus

924 1215 1099 1286 Sacerdos
1124 1216 1211 1285 dicit
1238 1215 1435 1287 Orationem
1459 1221 1650 1311 protiarrtrn
1675 1222 1831 1292 actionis.

796 1404 882 1493 Quid
909 1403 1006 1476 nobis
1040 1413 1109 1489 est,
1146 1404 1234 1499 quod
1268 1404 1487 1479 retribuamus
1525 1408 1583 1480 tibi
1616 1407 1778 1498 Domine,
1811 1432 1873 1505 pro
1905 1412 2055 1485 omnibus

690 1522 861 1596 beneficiis
888 1524 952 1592 tuis
979 1542 1061 1612 erga
1087 1543 1151 1592 nos
1178 1530 1212 1592 et
1237 1532 1374 1618 propter
1400 1527 1509 1595 omnia
1536 1524 1622 1595 dona
1650 1536 1721 1616 tua,
1748 1537 1781 1598 et
1810 1524 1975 1600 beneficia
2002 1541 2054 1604 tua

691 1650 725 1711 et
750 1637 924 1710 benefacta
952 1648 1006 1708 tua
1033 1659 1116 1728 erga
1143 1660 1221 1710 nos:
1249 1643 1303 1733 qui
1330 1639 1450 1731 dignos
1475 1639 1584 1712 fecisti
1610 1663 1673 1713 nos
1689 1644 1952 1715 communicandi
1972 1668 2054 1718 cor-

691 1760 764 1852 pori
790 1757 948 1846 unigeniti
974 1753 1047 1825 Filii
1075 1758 1137 1843 tui,
1164 1765 1198 1825 ct
1224 1755 1423 1850 suscipiendi
1450 1756 1586 1828 calicem
1605 1755 1732 1846 salutis,
1759 1762 1957 1851 sanguinem
1984 1765 2054 1854 ejas

689 1875 871 1969 pretiosum
899 1879 932 1942 et
958 1869 1147 1943 salutarem.
1200 1870 1297 1942 Nunc
1324 1882 1433 1943 autem
1458 1873 1602 1945 Domino
1626 1871 1716 1945 bone
1742 1884 1776 1945 et
1793 1887 1922 1949 amator
1941 1878 2053 1949 bomi-

690 2012 777 2068 num,
806 1986 1078 2082 quemadmodum
1104 1971 1249 2076 vocasti,
1277 1997 1312 2059 et
1338 1987 1502 2062 adduxisti
1528 2012 1591 2062 nos
1618 1989 1659 2060 ad
1686 1988 1746 2062 bas
1775 1990 1910 2064 delicias
1937 1992 2053 2067 beatas

690 2118 725 2181 et
741 2107 964 2195 vivificantes,
992 2104 1131 2196 dignare
1157 2115 1194 2176 ut
1219 2109 1397 2176 misceatur
1423 2128 1543 2203 corpus
1570 2110 1730 2199 unigeniti
1750 2106 1825 2178 Filii
1839 2116 1898 2200 tui,
1925 2133 2053 2207 corpo-

689 2224 781 2297 ribus
807 2226 946 2310 nostris,
974 2230 1009 2292 et
1033 2225 1286 2293 commisceatur
1312 2225 1448 2314 sanguis
1475 2226 1548 2316 ajin
1576 2223 1747 2296 animabus
1773 2230 1914 2314 nostris,
1948 2230 2054 2322 sitque

689 2342 787 2415 nobis
814 2338 856 2412 ad
882 2340 1015 2410 veniam
1043 2336 1254 2426 delictorum,
1282 2341 1513 2411 remissionem
1539 2350 1762 2436 peccatorum,
1788 2342 1946 2414 viaticum
1966 2346 2053 2416 vitae

691 2467 868 2544 aeternae,
896 2452 1018 2526 diaboli
1046 2452 1294 2548 depulsionem,
1321 2465 1354 2526 ct
1380 2454 1670 2529 sanctificationem
1697 2478 1874 2554 corporum
1909 2470 1944 2530 et
1977 2464 2053 2531 ani-

689 2598 832 2647 marum:
860 2575 935 2666 quia
962 2579 995 2640 tu
1023 2568 1216 2642 benedictus
1243 2592 1301 2659 es,
1333 2592 1355 2642 o
1388 2572 1495 2659 Deus,
1533 2584 1566 2644 et
1601 2584 1749 2647 sanctum
1780 2597 1921 2667 regnum
1954 2587 2052 2668 mum,

689 2692 814 2786 tibique
841 2690 982 2782 gloriam
1009 2685 1185 2758 referimus
1212 2697 1246 2757 et
1262 2689 1431 2778 unigenito
1448 2685 1534 2760 Filio
1551 2698 1617 2776 tuo,
1645 2699 1679 2761 ct
1692 2690 1827 2786 Spiritui
1844 2699 1900 2764 tuo
1924 2703 2049 2774 sancto,

687 2830 791 2896 nunc,
818 2818 881 2878 cte.

794 2922 953 3017 Populos.
980 2923 1099 2995 Amen.

791 3039 974 3112 Sacerdos.
1028 3038 1112 3109 Pax.

792 3155 951 3250 Populus.
1004 3153 1148 3224 Etcum
1175 3154 1290 3248 spiritu
1317 3164 1382 3225 tuo.

792 3273 979 3344 Diaconos.
1031 3270 1124 3357 Post,
1152 3278 1213 3340 ete.

792 3387 952 3481 Populus.
980 3384 1103 3458 Coram
1130 3394 1173 3457 te.

790 3505 973 3576 Sacerdos.
1027 3502 1152 3575 Coram
1178 3512 1212 3573 te
1237 3501 1398 3590 Domine,
1423 3498 1625 3573 humiliamus
1652 3510 1795 3588 mentes,
1830 3503 2047 3592 cogitationes

688 3633 721 3693 et
748 3626 876 3693 animos
903 3631 1055 3706 nostros,
1082 3641 1279 3713 omnemque
1305 3639 1501 3713 compagem
1529 3639 1706 3712 corporum
1724 3625 1925 3706 nostrorum,
1951 3641 2046 3689 com-

688 3739 880 3810 mendantes
908 3736 964 3809 tibi
992 3739 1118 3808 animas
1145 3745 1295 3807 nostras:
1323 3743 1456 3807 orantes
1484 3743 1532 3822 tc,
1561 3745 1593 3804 et
1620 3732 1838 3829 deprecantes
1853 3737 2046 3806 misericor-

687 3856 774 3928 diam
794 3864 907 3942 tuam3
934 3863 969 3924 ut
994 3856 1184 3947 requiescat
1209 3874 1311 3948 super
1336 3873 1398 3924 nos
1425 3849 1565 3921 dextera
1597 3861 1652 3921 tua
1685 3871 1829 3941 magna,
1865 3848 2045 3936 invisibilis,

688 3971 905 4066 omnibusque
944 3967 1231 4042 benedictionibus
1262 3968 1372 4064 plena.
1426 3967 1560 4058 Adjuva
1596 3977 1628 4038 et
1661 3965 1788 4038 custodi
1827 3987 1889 4039 nos
1923 3989 2047 4052 omnes,

686 4088 828 4161 benedic
861 4096 894 4158 et
926 4084 1093 4157 sanctifica
1128 4107 1190 4156 nos
1229 4106 1362 4183 omnes:
1396 4083 1491 4155 salva
1527 4093 1560 4153 et
1593 4104 1694 4154 serva
1727 4104 1790 4153 nos
1825 4104 1955 4155 omnes:
1988 4104 2047 4178 per

687 4227 821 4276 crucem
848 4215 935 4275 tuam
963 4201 1141 4273 salutarem
1174 4211 1208 4272 et
1241 4201 1428 4273 vivificam:
1464 4198 1713 4294 referemusque
1747 4198 1806 4271 tibi
1841 4198 1980 4291 gloriam
2014 4207 2046 4269 et

687 4326 867 4414 gratiarum
899 4321 1080 4406 actionem,
1116 4329 1151 4389 et
1185 4319 1274 4390 Patri
1311 4329 1384 4406 tuo,
1418 4327 1452 4388 ct
1481 4314 1614 4411 Spiritui
1646 4326 1701 4388 tuo
1736 4318 1820 4388 vivo
1854 4326 1887 4387 et
1920 4326 2043 4400 sancto,

686 4461 773 4510 nunc
800 4448 834 4509 et
860 4457 993 4531 semper
1020 4444 1053 4505 et
1080 4437 1113 4505 in
1140 4435 1273 4507 saecula
1300 4434 1515 4508 saeculorum.

791 4551 951 4646 Populos.
1005 4555 1123 4624 Amen.

791 4669 978 4741 Diaconos.
1031 4665 1179 4739 benedic
1204 4667 1357 4739 Domine.

790 4785 974 4857 Sacerdos.
1027 4781 1173 4855 Benedic
1199 4783 1360 4857 omnibus.
1490 4823 1494 4831 ·

1105 5022 1618 5067 &ww-..-
