4525 6034
650 603 1187 684 inexinanita.
1515 607 1592 680 405

228 790 335 886 ibique
360 791 532 866 solennem
557 791 743 886 Litargiam
768 790 976 887 celebrandi,
1003 816 1089 891 quae
1105 794 1225 868 deinde
1243 794 1285 867 ab
1306 795 1458 869 omnibus
1476 791 1592 865 Potri-

227 907 332 979 arcbis
360 907 543 982 observata
570 921 630 983 est

326 1023 512 1098 LXXXIX.
539 1028 588 1099 lta
613 1048 699 1099 vero
725 1029 799 1121 ipsa
825 1026 1032 1100 consuetudo
1058 1031 1090 1099 in
1117 1027 1230 1121 legem
1255 1030 1405 1119 transiit,
1430 1036 1467 1098 ut
1491 1035 1593 1123 post·
1623 1035 1662 1134 ii·
1679 1035 1836 1089 comeum
1849 1038 1916 1108 regu

225 1140 355 1214 modum
381 1139 536 1215 Monacbi
562 1143 598 1216 S.
625 1142 764 1215 ldacarii
789 1165 857 1217 non
881 1147 975 1239 prius
1001 1147 1202 1237 agnoverint
1234 1166 1345 1218 novos
1371 1138 1659 1232 l'atriarcbas,lul
1676 1122 1792 1175 ⁰¹'l¹¹¹¹¹‘

225 1278 320 1351 qaam
347 1260 382 1328 in
407 1280 523 1332 eorum
547 1258 702 1333 Ecclesia
727 1258 941 1355 proclamati,
973 1260 1020 1334 ibi
1044 1261 1228 1353 Liturgiam
1262 1259 1500 1333 celebrassent.
1553 1259 1591 1331 Si

224 1371 349 1446 blisrae
375 1397 436 1448 seu
463 1373 607 1448 Cabirae
633 1374 774 1448 ordinati
799 1388 913 1466 erant,
940 1382 1047 1450 statim
1064 1376 1305 1451 Alexandriam
1330 1377 1497 1473 proficisci
1525 1376 1592 1449 de-

223 1486 367 1578 bebant,
394 1500 550 1586 tanquam
581 1491 625 1564 ad
658 1495 803 1564 omnium
840 1493 990 1590 Aegypti
1025 1492 1253 1568 Ecclesiarum
1286 1491 1500 1590 lllctropolio.
1553 1491 1592 1563 Si

222 1627 305 1677 vero
333 1605 563 1680 Alexandriae
587 1606 676 1680 iacta
702 1607 820 1681 linisset
845 1611 1034 1706 Ordinatio,
1065 1614 1158 1708 prius
1189 1609 1232 1682 ad
1258 1610 1294 1683 S.
1326 1609 1509 1682 Macarium
1542 1611 1593 1678 ire

221 1725 294 1798 illos
323 1728 522 1822 oportebat,
549 1751 647 1824 quarn
675 1728 818 1802 Cabirus
846 1733 877 1801 in
904 1726 1067 1802 Ecclesiis
1101 1725 1362 1818 celebrioribus,
1390 1724 1591 1811 lllubollaca,

221 1841 255 1913 S.
282 1842 468 1934 blicbaelis,
494 1855 552 1917 aut
577 1845 613 1917 S.
640 1845 752 1938 Sergii
785 1867 883 1920 sacra
915 1844 1085 1919 iecissent.
1138 1843 1338 1939 Exemplum
1372 1840 1532 1915 babemus
1559 1843 1592 1912 in

220 1955 360 2032 historia
384 1959 525 2034 Macarii
551 1959 672 2035 LXIX.
701 1965 756 2058 qui
783 1960 952 2034 ordinatus
980 1969 1032 2035 est
1058 1981 1146 2033 auno
1172 1959 1203 2031 J.
1231 1960 1270 2034 C.
1297 1958 1417 2032 lllOllI.
1443 1958 1476 2030 ls
1503 1961 1591 2029 enim

221 2096 294 2146 cum
327 2075 558 2149 Alexandriae
591 2077 760 2150 ordinatus
796 2088 830 2150 et
862 2076 1087 2174 proclamatus
1123 2075 1242 2148 linisset
1281 2096 1375 2148 more
1416 2077 1591 2166 majorum,

221 2191 296 2263 inde
323 2191 463 2265 illistam
488 2197 591 2281 venit,
616 2202 653 2264 ut
677 2195 711 2265 in
736 2193 891 2266 Ecclesia
917 2192 1105 2266 llubollaca
1132 2191 1405 2288 proclamaretur.
1436 2187 1506 2262 Sed
1531 2193 1590 2260 in-

221 2317 439 2380 tervenerunt
464 2307 618 2381 Monacbi
644 2310 680 2382 S.
707 2309 859 2397 Maeonii,
886 2314 1106 2407 oppositaque
1124 2309 1234 2380 veteri
1248 2306 1487 2381 consuetudine
1500 2328 1590 2402 pro-

221 2427 332 2496 testati
359 2435 445 2513 sunt,
472 2448 510 2500 se
536 2448 647 2522 neque
667 2448 790 2499 nomen
816 2429 889 2519 ejus
915 2431 948 2498 in
961 2424 1128 2524 Diptpcba
1155 2424 1332 2512 relaturos,
1358 2446 1468 2520 neqm
1481 2427 1590 2520 ipsum

219 2542 252 2610 in
276 2538 469 2612 Ecclesiam
494 2563 588 2614 suam
612 2554 733 2639 postea
759 2553 993 2640 suscepturos,
1029 2553 1085 2615 aut
1116 2540 1216 2614 ullam
1249 2565 1324 2614 cum
1359 2563 1402 2613 eo
1435 2562 1590 2612 commu-

218 2658 354 2728 nionem
386 2654 572 2746 habituros,
608 2662 637 2731 si
668 2659 792 2731 llisrae
827 2662 919 2756 prins
954 2681 1052 2733 sacra
1083 2656 1232 2731 lecisset
1285 2659 1401 2752 ltaque
1436 2654 1489 2728 dic
1522 2679 1587 2729 sc·
1702 2653 1707 2662 '

217 2776 341 2866 quenti,
368 2796 455 2867 quae
481 2784 553 2847 erat
578 2776 764 2862 Dominica,
791 2797 835 2846 ne
860 2775 936 2849 illos
964 2774 1147 2848 offenderet
1178 2771 1363 2866 liturgiam
1394 2794 1462 2846 non
1488 2774 1587 2845 cele-

218 2885 340 2976 bravit,
367 2898 402 2960 et
426 2892 534 2962 statim
561 2891 603 2962 ad
629 2890 665 2964 S.
692 2866 875 2965 biccarium
901 2891 1073 2989 profectus
1100 2899 1161 2962 est

321 3003 397 3080 XC.
423 3007 638 3101 Prosequitur
663 3006 878 3087 Ebnassalus.
930 3005 1123 3081 Patriarcba
1150 3028 1224 3078 cum
1252 3004 1293 3076 ad
1320 3002 1508 3078 Ecclesiam
1522 3027 1586 3075 ac·
1624 3021 1808 3078 coeremoniae
1821 3026 1848 3077 m
1862 3043 1912 3079 00-

218 3124 372 3212 cesserit,
398 3121 584 3217 procumbit
610 3145 723 3196 coram
751 3122 868 3216 altari,
898 3122 957 3198 illo
990 3124 1175 3215 Beniamini
1209 3121 1356 3195 scilicet:
1391 3132 1425 3194 et
1459 3120 1587 3198 Archi-
1601 3109 1911 3250 fffffllffzmffl’t·

217 3238 381 3309 mandrita
413 3238 449 3310 S.
481 3237 621 3311 Macarii
650 3243 847 3336 pronunciat
879 3262 981 3336 super
1013 3262 1089 3311 eum
1124 3239 1322 3309 Orationem
1352 3238 1588 3328 absolutionis,
1601 3213 1678 3335 ,33⁰
1712 3216 1728 3250 ⁰
1765 3207 1910 3268 ommno-

218 3376 304 3449 quae
332 3364 387 3425 est
412 3357 503 3427 initio
529 3354 717 3449 Linngiae:
745 3379 827 3430 mox
852 3357 1035 3451 ingreditur
1061 3354 1105 3428 ad
1130 3354 1254 3444 altare,
1281 3375 1383 3450 super
1409 3354 1498 3449 quod
1524 3379 1588 3430 sa-

218 3491 274 3540 cra
302 3467 464 3561 celebrat,
488 3475 818 3567 communionemque
833 3483 1023 3546 sauctorum
1039 3473 1274 3568 mysteriorum
1302 3470 1473 3544 distribuit
1504 3471 1589 3543 Tum

218 3596 402 3658 veneratur
428 3598 544 3660 sancta
571 3611 733 3685 corpora,
768 3599 802 3662 ot
828 3587 870 3662 ab
897 3589 1027 3662 illorum
1054 3587 1200 3683 reliquiis
1226 3584 1492 3660 benedictionem
1519 3612 1585 3661 ca-

217 3709 305 3796 ptat,
343 3703 543 3801 tandemque
575 3709 694 3801 recipit
725 3727 765 3778 se
804 3708 836 3777 in
873 3705 1000 3779 Cellam
1032 3701 1312 3777 Patriarobarum:
1347 3713 1381 3775 et
1411 3714 1530 3800 postea
1558 3709 1588 3778 si

216 3817 310 3908 velit,
339 3819 382 3891 ad
408 3820 536 3916 reliqua
564 3821 687 3894 deserti
714 3820 919 3895 Monosteria
952 3821 1182 3917 proficiscitur.
1235 3818 1330 3892 llaec
1360 3825 1477 3914 paucis
1509 3820 1589 3896 Eb-

218 3934 386 4027 uassalus,
413 3959 499 4032 quae
525 3938 723 4033 explicanda
749 3948 834 4011 sunt.
889 3939 1003 4012 Oratio
1030 3937 1253 4010 absolutionis
1285 3958 1326 4007 ea
1362 3944 1415 4007 est
1440 3959 1526 4032 qnae
1553 3942 1589 4010 in

218 4054 378 4125 versione
403 4052 576 4147 Liturgiae
610 4054 772 4151 Copticae
803 4054 1008 4144 basilianae,
1044 4078 1064 4126 a
1098 4051 1274 4125 Maronitis
1305 4051 1412 4141 factu,
1444 4057 1590 4124 occurrit

218 4167 394 4242 subsalsa
421 4171 515 4243 titulo
544 4171 816 4265 Glorificationis
841 4172 888 4241 ad
911 4172 1025 4264 pitisso.
1059 4168 1122 4242 Est
1148 4179 1257 4241 auum
1285 4170 1392 4242 oratio
1418 4171 1588 4262 pertinens

218 4282 260 4353 ad
285 4285 465 4380 petendam
490 4290 724 4361 remissionem
749 4298 974 4384 pcccatorum,
1000 4289 1196 4382 praesertim
1223 4307 1286 4381 pro
1313 4282 1499 4356 Sacerdote
1530 4296 1589 4356 aut

217 4398 389 4499 Episcopo
417 4403 625 4494 celebrante,
652 4403 870 4500 omnibusque
904 4401 1208 4491 circumstantibus,
1241 4404 1380 4497 ejusque
1410 4398 1518 4472 verba
1554 4411 1588 4472 et

218 4522 416 4608 sententiae,
444 4541 464 4590 a
490 4519 640 4593 lormulis
668 4524 865 4609 orationum,
893 4518 1010 4615 quibus
1043 4523 1076 4591 iu
1104 4519 1242 4592 Oriente
1274 4520 1484 4613 poenitentes
1518 4515 1586 4588 ab-

219 4632 405 4727 solvuntur,
431 4658 546 4732 parum
573 4635 733 4710 differunt.
786 4637 823 4709 ln
849 4639 1013 4708 communi
1039 4636 1156 4709 ordine
1182 4634 1369 4727 Liturgiae,
1402 4655 1443 4705 ea
1477 4637 1584 4706 oratio

220 4754 457 4843 pronunciatur
484 4775 585 4849 super
600 4752 818 4827 Sacerdotem
844 4752 1081 4843 celebrantem,
1108 4751 1238 4825 ababa
1265 4750 1469 4825 Sacerdotes
1496 4751 1587 4846 quod

218 4869 246 4937 si
271 4867 500 4961 Hegumcnus,
528 4881 582 4942 aut
608 4869 725 4966 aliquis
751 4868 940 4967 Episcopus
968 4891 1066 4942 sacro
1094 4871 1262 4942 interstat:
1288 4880 1442 4962 unquam
1470 4864 1585 4958 digni-

217 4990 286 5052 tate
314 4989 516 5080 superiores
544 5009 619 5060 eam
644 4988 874 5083 pronunciant.
900 4987 938 5058 ln
963 4984 1026 5057 hae
1052 4988 1153 5079 igitur
1178 4986 1282 5080 prima
1309 4983 1471 5076 liturgia,
1487 5007 1585 5079 quam

218 5103 301 5170 novi
326 5100 537 5175 Patriarcbae
564 5102 735 5176 celebrant
762 5103 805 5176 ad
836 5113 985 5176 sanctum
1010 5103 1210 5192 Macarium,
1241 5099 1359 5172 honori
1389 5099 1611 5174 Monaesen

1297 5218 1378 5292 67*
