4525 6034
520 605 641 684 ulad
672 607 970 686 PRdllDlCdl'ORlS
997 609 1045 685 ET
1070 608 1368 685 nvandntistln.
1556 608 1625 682 181

253 814 328 863 curn
355 792 491 888 reliquis
519 790 672 866 omnibus
699 797 755 888 qui
780 797 1048 891 persecutionem
1074 797 1167 891 passi
1182 805 1269 885 suut,
1295 817 1358 891 pro
1375 793 1629 867 confirmatione

252 904 483 981 Ecclesiarurn
509 931 644 980 suarum
670 919 869 982 sanctarum.

369 1023 519 1095 lllcooaa
552 1046 678 1099 uocem.
713 1025 828 1097 Fidem
870 1047 988 1099 eorurn
1020 1030 1186 1099 sinceram
1221 1029 1255 1097 in
1291 1022 1462 1097 animabus
1504 1028 1629 1098 nostris

254 1137 386 1233 planta,
420 1162 441 1210 o
471 1141 636 1228 Domine,
673 1144 762 1212 omni
798 1151 967 1237 ternpore,
1001 1141 1211 1237 praeclaram
1237 1162 1365 1212 morum
1393 1143 1630 1212 institutionem

255 1275 371 1326 corum
398 1258 431 1326 in
458 1255 556 1327 nohis
583 1255 757 1328 confirma:
785 1257 1012 1330 rectitudinem
1038 1257 1151 1349 legam
1183 1255 1519 1353 irreprehensibilium
1547 1279 1629 1350 quas

255 1365 298 1440 ab
326 1372 409 1463 ipsis
437 1368 629 1460 didicimus,
654 1373 689 1441 iu
716 1370 880 1444 mentibus
911 1374 1035 1445 nostris
1068 1371 1177 1444 lirina:
1210 1394 1326 1443 eorum
1358 1373 1540 1466 praecipue
1574 1375 1630 1466 qui

255 1483 408 1557 omnibns
449 1487 582 1581 spoliati
617 1490 783 1582 patienter
822 1496 985 1559 tormenta
1022 1490 1247 1559 sustinuerunt
1283 1508 1346 1583 pro
1395 1488 1631 1560 constitutione

253 1597 484 1672 Ecclesiamm
509 1612 639 1674 tuarum
665 1611 869 1674 sanctarum:
896 1624 1013 1674 eornm
1040 1605 1095 1697 qui
1118 1604 1243 1694 jugiter
1277 1604 1371 1675 rivos
1405 1602 1630 1700 lacrymarum

253 1738 299 1787 ex
340 1716 446 1788 oculis
479 1715 698 1811 profuderunt
722 1737 785 1812 pro
822 1715 929 1788 salute
955 1727 1070 1790 nostra
1104 1720 1162 1812 qui
1193 1729 1393 1812 peccatores
1430 1741 1559 1809 sumus,
1594 1730 1629 1790 et

251 1854 369 1904 eorum
404 1834 557 1921 vestigiis
599 1834 813 1921 insistentes,
847 1831 993 1924 adjunge
1025 1854 1090 1905 nos
1124 1837 1277 1906 societati
1313 1835 1463 1906 ordinum
1498 1834 1629 1907 illorum

249 1946 444 2036 beatorum,
470 1958 507 2018 ut
533 1970 610 2018 cum
635 1946 700 2019 illis
726 1969 810 2042 pure
838 1970 996 2021 canamus
1023 1949 1081 2022 tihi
1107 1947 1265 2043 hymnum
1292 1952 1568 2041 convenientem,
1595 1961 1630 2022 et

250 2064 422 2155 unigenito
449 2061 535 2134 Filio
561 2071 640 2151 tuo,
668 2072 702 2133 et
727 2062 866 2158 Spiritui
893 2072 961 2135 tuo.

354 2177 531 2250 Sacerdos
565 2178 757 2249 inclinatos.
805 2177 850 2250 Et
884 2201 999 2251 eoram
1034 2181 1089 2274 qui
1124 2182 1179 2274 pia
1214 2184 1536 2254 commemoratione
1573 2181 1630 2252 di-

250 2297 309 2386 gni
351 2304 444 2381 sunt,
479 2303 644 2365 memento
681 2317 743 2390 per
783 2295 1045 2367 misericordiam
1079 2305 1168 2367 tuam
1201 2296 1363 2384 Domine,
1397 2295 1637 2387 sacerdotum,

249 2408 498 2497 Diacouorum,
524 2407 879 2504 Subdiuconorumque
906 2420 1091 2500 castorum,
1117 2410 1409 2502 Anagnostarum,
1436 2412 1629 2499 Lecturam,

250 2524 455 2611 Cantor-um,
483 2535 516 2596 et
543 2529 687 2598 omnium
716 2524 942 2599 defunctorum
970 2526 1129 2615 fidelium,
1156 2530 1337 2623 praecipue
1369 2537 1519 2623 patrum,
1552 2525 1629 2598 da-

251 2651 359 2728 trrrnr,
385 2643 690 2736 magistrorumque
715 2651 918 2732 nostrorum,
946 2654 980 2714 et
1012 2646 1157 2715 omnium
1185 2645 1240 2737 qui
1264 2645 1430 2738 petierunt
1455 2646 1627 2716 orationes

250 2758 417 2828 tenuitatis
444 2764 595 2829 nostrae:
622 2767 656 2828 et
682 2761 827 2829 omnium
854 2761 909 2853 qui
934 2760 1115 2854 participes
1131 2756 1212 2829 iacti
1227 2768 1303 2830 sunt
1317 2757 1628 2851 dignitatislncate-

252 2873 409 2945 siasticae
437 2870 631 2963 cujuslibet,
658 2877 779 2968 parique
804 2873 1058 2946 necessitatibus
1082 2876 1225 2944 omnium
1248 2895 1430 2965 egenorum
1458 2878 1628 2949 societatis

250 2995 391 3057 nostrae
418 2991 762 3079 communicaverunt,
790 3000 824 3060 et
849 2992 890 3061 iis
922 3012 1060 3084 quorum
1095 2991 1322 3080 meminimus,
1347 2988 1403 3060 luc
1434 2993 1627 3063 memoriam

251 3099 384 3173 bonam.

356 3216 506 3290 mevam
531 3242 656 3291 rocem.
683 3219 857 3311 Rogamus
884 3229 936 3309 te,
963 3221 1106 3291 Domine
1131 3219 1245 3308 Deus,
1277 3219 1410 3291 Patrurn
1438 3231 1628 3294 sanctorum

250 3330 440 3422 Abraham,
466 3333 579 3423 Isaac,
608 3348 641 3409 et
666 3335 791 3424 Jacob,
819 3347 853 3407 et
881 3337 988 3408 omnis
1015 3345 1132 3408 coctus
1155 3338 1337 3427 Justorum,
1364 3343 1397 3406 et
1422 3339 1567 3431 piorum3
1594 3345 1630 3407 ut

251 3449 315 3522 illis
345 3454 488 3545 quictem
515 3451 661 3540 tribuas,
689 3451 752 3524 iliis
779 3455 911 3547 iuquam
940 3450 1114 3540 omnibus,
1147 3453 1202 3545 qui
1230 3474 1250 3522 a
1277 3449 1374 3522 nobis
1407 3451 1569 3548 proiecti·
1586 3450 1629 3523 ad

251 3576 286 3637 te
312 3570 561 3658 migraverunt,
589 3579 623 3638 et
650 3568 690 3639 ad
719 3566 819 3641 sedes
846 3577 919 3640 tuas
954 3564 1073 3638 beatas
1106 3577 1342 3661 pervenerunt.
1396 3569 1495 3655 Delo,
1523 3574 1629 3661 igno-

253 3705 333 3770 sce,
362 3691 394 3753 et
420 3687 551 3754 remitte
579 3688 689 3757 omnia
713 3693 852 3779 peccata
879 3705 1008 3770 eorum,
1034 3691 1126 3771 uota,
1153 3690 1187 3752 et
1213 3685 1339 3774 ignota,
1366 3681 1570 3775 voluntaria,
1597 3692 1632 3754 et
1679 3761 1685 3774 ,

251 3799 494 3887 involuntaria,
529 3803 604 3894 quia
636 3798 744 3872 nullus
780 3803 875 3871 visus
908 3808 961 3870 est
1000 3820 1101 3893 super
1143 3808 1266 3870 terram
1307 3798 1436 3892 absque
1468 3802 1629 3894 peccatis,

252 3917 319 3986 nisi
345 3914 438 3986 solus
464 3915 626 3987 Dominus
659 3917 752 3987 Deus
786 3926 820 3986 et
845 3912 1005 3986 Salvator
1031 3923 1146 3996 noster
1179 3914 1279 3984 lesus
1312 3912 1464 3987 Christus
1497 3918 1625 4006 unige-

252 4034 341 4103 nitus
367 4031 472 4103 Filius
499 4041 589 4103 tuus:
622 4054 685 4127 per
717 4053 815 4126 quem
847 4037 880 4101 ct
912 4050 975 4100 nos
1010 4030 1272 4102 misericordiam
1309 4033 1470 4125 consequi
1503 4052 1628 4126 spera-

251 4168 343 4235 mus,
370 4157 404 4217 et
430 4150 660 4220 remissionem
688 4155 901 4242 peccatorum
931 4167 1017 4239 quae
1041 4155 1180 4241 propter
1207 4167 1280 4215 eum
1309 4153 1371 4237 est,
1398 4155 1432 4215 et
1458 4146 1566 4232 uobis,
1595 4155 1630 4218 et

255 4265 348 4357 ipsis.
1479 4245 1482 4256 Χ

358 4376 521 4470 Populus.
550 4379 702 4463 Quietem
729 4385 874 4471 praesta.

356 4492 541 4564 Sacerdos.
568 4491 655 4564 Dele
681 4494 836 4580 Domine,
862 4512 924 4585 per
950 4488 1210 4561 misericordiam
1236 4499 1325 4561 tuam
1353 4494 1463 4563 omnia
1486 4501 1629 4585 peecata

252 4620 386 4698 nostra,
414 4618 448 4680 et
473 4607 620 4696 illorum,
649 4607 796 4696 occulta3
823 4616 857 4677 et
883 4604 1057 4678 manifesta
1093 4627 1179 4700 quae
1213 4604 1306 4678 solus
1339 4609 1445 4694 nosti,
1482 4628 1630 4702 uosque,

252 4734 286 4794 et
312 4723 389 4796 ilios
420 4722 540 4815 dignos
574 4724 683 4811 effice,
718 4733 754 4794 ut
789 4743 836 4793 ex
870 4725 940 4794 uita
977 4721 1041 4793 hac
1075 4720 1251 4817 temporali
1284 4724 1466 4813 migrantes
1502 4721 1630 4816 absque
1747 4813 1750 4816 Ι

251 4852 393 4935 peccato
422 4851 478 4911 aut
503 4850 616 4928 reatu,
643 4851 767 4913 stemus
795 4858 909 4909 coram
935 4848 980 4925 te,
1007 4848 1141 4910 etcum
1169 4836 1244 4925 illis,
1271 4846 1305 4907 et
1332 4840 1417 4907 inter
1444 4859 1523 4924 eos,
1551 4860 1629 4908 me-

251 4977 386 5028 reamur
410 4954 541 5027 referre
567 4956 625 5029 tibi
652 4955 793 5047 gloriam
820 4952 1077 5042 indesinentem,
1110 4962 1145 5024 et
1171 4951 1292 5024 iestum
1331 4974 1470 5043 agamus
1506 4952 1563 5024 tibi
1596 4955 1629 5023 in

253 5069 386 5146 choreis
412 5072 662 5168 triumphalibus
668 5124 680 5161 ,
714 5069 781 5143 illio
807 5073 839 5142 in
867 5074 937 5142 vita
962 5068 1018 5141 illa
1044 5071 1163 5162 longa,
1196 5066 1390 5164 temporali,
1428 5079 1461 5141 et
1495 5079 1630 5142 aeterna

1345 5183 1428 5260 26*
