4525 6034
587 619 641 694 tlt
673 618 975 698 Lll'llRGth
1011 619 1293 697 stainans
1549 625 1654 699 117·

248 800 437 864 Eucharistia
458 800 581 878 dicitur,
605 802 673 880 quia
697 800 777 863 illam
799 820 869 865 esse
892 801 1020 865 credunt
1041 821 1106 865 rem
1135 804 1371 882 sanctissimam,
1411 824 1520 888 nempe
1549 825 1624 870 cor-

248 918 306 981 pus
337 908 369 962 et
397 900 575 980 sanguinem
603 897 732 980 Christi,
767 901 875 981 quibus
904 900 977 963 nihil
1005 903 1149 967 sanctius.
1195 902 1353 983 Nunquam
1386 921 1480 983 porro
1507 923 1622 968 vocare

249 998 328 1060 dona
353 1005 532 1060 consecrata
554 998 655 1061 solent
673 1018 785 1078 punem
806 1007 943 1062 moenum
965 1008 995 1061 et
1014 1002 1115 1062 αι’νιανι
1138 1009 1292 1079 sunctum,
1322 1004 1377 1064 sed
1407 1023 1515 1085 panem
1544 1006 1625 1067 vitae

249 1096 423 1177 aliquando,
446 1115 535 1177 quern
549 1095 686 1160 Christus
708 1098 774 1178 ipse
795 1116 831 1161 se
854 1117 924 1162 esse
947 1098 1036 1161 dixit:
1060 1106 1142 1161 tanta
1165 1107 1213 1162 est
1235 1099 1432 1164 Orientalium
1447 1120 1509 1165 non
1533 1103 1622 1165 modo

249 1197 280 1258 iu
302 1196 395 1259 rebus
416 1195 634 1259 Eucharistiom
656 1197 878 1278 spectantibus,
900 1197 1068 1261 sedetiam
1090 1201 1121 1260 in
1144 1199 1202 1261 illis
1225 1199 1412 1280 explicandis
1434 1200 1554 1282 religio.

691 1474 783 1546 Um
808 1473 920 1545 Pater
945 1481 1094 1563 auectus,
1121 1483 1186 1547 etc.
1391 1566 1395 1574 Ι
1672 1481 1701 1535 t’.
1719 1483 1797 1534 aut
1819 1484 1860 1534 as.

347 1664 485 1744 Carnus
508 1675 715 1740 Orientalibus
737 1678 903 1739 communis
926 1685 973 1740 est
994 1678 1052 1741 boc
1074 1677 1144 1741 loce
1166 1677 1232 1741 heri
1253 1678 1341 1741 solita
1370 1698 1388 1741 a
1412 1681 1527 1761 populo
1550 1681 1623 1744 Tri·
1671 1687 1736 1740 com
1764 1690 1800 1739 au
1821 1688 1868 1742 tu.
1885 1689 1945 1741 aas

246 1780 348 1842 nitatis
373 1779 548 1857 Confessio,
570 1779 688 1843 scilicet
710 1788 743 1841 ut
765 1788 924 1860 antequam
947 1782 1139 1844 admittantur
1162 1780 1323 1844 Christiani
1352 1783 1389 1845 ad
1412 1782 1622 1847 Eucharistiae
1631 1792 1658 1844 a·
1677 1775 1740 1825 ²⁴⁴·

246 1879 525 1960 participationem
555 1878 680 1941 brevem
709 1879 748 1942 de
778 1878 931 1941 Trinitatis
966 1881 1111 1961 mysterio
1145 1878 1375 1943 Confessionem
1409 1884 1620 1963 pronuncient.

246 1977 330 2042 lllius
352 1979 550 2041 meminerunt
571 1977 705 2042 lacobus
727 1978 913 2056 Edessenus,
935 1977 1091 2058 Barsalibi,
1109 1977 1264 2041 Canonum
1279 1980 1483 2043 collectiones
1506 1984 1620 2058 variae,

247 2085 279 2139 et
305 2076 424 2139 Rituum
452 2078 648 2157 interpretes.
699 2076 732 2138 ln
762 2076 898 2160 liturgia
928 2077 1053 2159 Coptica
1082 2078 1200 2141 Graece
1230 2079 1354 2157 dicitur,
1385 2086 1416 2141 ιιι
1444 2079 1621 2161 plerumque
1669 2081 1714 2134 ta.
1730 2101 1757 2152 n·
1777 2084 1820 2136 79.

246 2176 416 2239 solennium
437 2177 606 2239 orationum
628 2174 785 2240 tonnulae.
819 2162 878 2250 Εἷς
898 2165 1008 2263 πατὴρ
1030 2167 1139 2261 ἅγιος,
1166 2166 1215 2251 εἷς
1238 2167 1309 2251 uide
1331 2167 1437 2261 ἅγιος·
1460 2169 1495 2240 ἓν
1515 2175 1620 2241 πνεῦ-

244 2294 295 2353 μα
316 2264 416 2358 ἅγιον.
462 2275 546 2337 Unus
566 2275 661 2338 Pater
682 2282 827 2349 mam
848 2295 927 2337 ausus
948 2278 1043 2339 attus
1064 2284 1207 2339 menta:
1234 2295 1313 2339 urus
1333 2277 1466 2358 Spiritum
1487 2287 1620 2341 muenia

246 2375 351 2436 Amen
396 2374 438 2436 lta
460 2376 491 2436 in
514 2374 719 2437 Alexandrina
743 2374 859 2436 Graeca
882 2374 998 2437 Basilii:
1022 2377 1052 2437 in
1076 2374 1219 2455 Coptica,
1250 2375 1411 2457 aliquando
1435 2377 1501 2454 sola
1524 2379 1620 2458 prima

245 2474 340 2536 verba
363 2475 572 2554 reperiuntur,
595 2472 650 2535 sed
672 2472 810 2554 plerique
835 2471 965 2537 Codices
987 2474 1121 2537 melioris
1145 2483 1245 2552 nome,
1268 2474 1350 2537 illam
1371 2476 1495 2539 totidem
1518 2479 1621 2540 verbis

245 2580 486 2655 repraesentant.
533 2571 614 2634 Talis
637 2580 684 2635 est
706 2573 899 2653 syriacorum
922 2574 1052 2637 omnium
1074 2573 1181 2653 lectio,
1210 2574 1326 2655 absque
1353 2575 1415 2638 ullo
1438 2575 1620 2639 discrimine.

244 2671 280 2734 lu
302 2671 420 2735 Graeca
442 2680 542 2735 tamen
563 2672 686 2750 Jacobi,
716 2679 778 2734 tota
806 2673 903 2735 oratio
931 2672 968 2734 ad
992 2672 1143 2736 Christum
1167 2672 1307 2737 retertur.
1354 2663 1414 2747 Εἷς
1435 2663 1545 2757 ἅγιος,
1572 2666 1621 2750 εἷς

245 2763 358 2858 κύριος
376 2757 500 2857 Ἰησοῦς
514 2757 671 2858 Χριστός,
694 2764 742 2844 εἷς
755 2761 855 2850 δόξαν
871 2769 961 2834 Θεοῦ
976 2759 1111 2858 πατρός,
1133 2759 1163 2854 ᾦ
1182 2764 1203 2859 ἡ
1220 2761 1304 2852 δόξα
1325 2766 1373 2846 εἰς
1394 2762 1474 2846 τούς
1497 2767 1620 2846 αἰῶνας

243 2869 311 2934 τῶν
333 2861 467 2935 αἰώνων.
514 2871 597 2934 [Ιααα
619 2879 754 2948 sunctrtr,
776 2892 854 2934 unus
874 2873 1022 2934 Donumts
1042 2872 1135 2935 Jesus
1157 2872 1312 2949 Christus,
1341 2875 1374 2934 iu
1401 2874 1532 2953 glorium
1561 2871 1621 2933 Dei

245 2971 359 3047 Putris,
382 2973 433 3033 erui
451 2972 553 3051 picria
574 2974 606 3033 iu
627 2972 752 3033 saecula
773 2973 971 3034 tuendorum.
1016 2969 1058 3033 lta
1082 2989 1204 3052 quoque
1228 2972 1340 3053 legitur
1362 2972 1391 3032 in
1415 2971 1541 3033 Graecis
1557 2972 1620 3033 Ba-

245 3071 313 3147 sitit,
337 3070 606 3151 Chrysostomique
628 3069 782 3150 liturgiis.
826 3070 949 3132 Addunt
972 3069 1042 3150 Syri
1063 3069 1266 3152 Doxologiam
1290 3071 1430 3144 brevem,
1462 3086 1550 3149 quam
1579 3087 1620 3130 ex

245 3169 339 3232 hibro
368 3170 525 3232 llinisterii
554 3169 709 3232 Diaconiei
740 3169 953 3232 transtulimus.
1006 3168 1173 3250 Subjiciunt
1202 3165 1341 3250 Coptitae
1375 3169 1514 3230 eximiam
1541 3166 1619 3228 illam

245 3268 316 3332 iidei
340 3268 377 3330 de
394 3267 581 3331 Eucharistia
600 3267 841 3344 Confessionem,
864 3269 902 3331 de
925 3286 985 3350 qua
1007 3267 1137 3330 videnda
1153 3276 1233 3345 sunt,
1257 3286 1335 3349 quae
1351 3269 1381 3329 in
1396 3266 1618 3329 Commentario

247 3368 286 3430 ad
309 3367 428 3430 illorum
449 3367 615 3448 Liturgiam
639 3366 878 3434 observavimus.
907 3367 1050 3440 Quamvis
1073 3368 1152 3428 euim
1175 3368 1255 3429 nulla
1279 3366 1430 3449 professio
1452 3365 1522 3428 ndei
1544 3366 1619 3428 sim-

245 3467 357 3549 plicior
379 3476 408 3529 et
432 3485 449 3528 a
473 3466 656 3546 metaphoris
673 3468 817 3529 remotior
833 3467 961 3530 inveniri
982 3477 1082 3547 queat,
1106 3468 1137 3530 in
1154 3467 1290 3543 Graecis,
1306 3466 1418 3528 Latinis
1440 3466 1489 3527 vel
1506 3464 1619 3527 Orien·

247 3564 484 3643 tahbusOidciis,
507 3583 568 3628 non
591 3573 689 3628 tamen
713 3567 917 3646 antiquissima
934 3575 992 3645 est,
1015 3574 1048 3628 ut
1062 3566 1199 3628 suoloco
1215 3568 1391 3642 monuimus,
1415 3582 1482 3627 cum
1496 3569 1620 3643 praeter

247 3663 481 3743 contessionem,
504 3682 582 3745 quae
604 3683 708 3726 veram
732 3667 870 3746 corporis
894 3674 925 3728 et
947 3666 1103 3747 sanguinis
1117 3664 1227 3728 Christi
1243 3666 1444 3746 praesentiam
1457 3661 1618 3745 signifieat,

246 3764 346 3826 addita
369 3766 427 3826 sint
449 3764 592 3827 nonnulla
614 3783 692 3844 quae
714 3764 992 3846 hloncphysitarum
1015 3766 1181 3827 doctrinam
1204 3766 1369 3843 continent,
1395 3780 1453 3844 qua
1476 3760 1541 3824 sola
1564 3778 1619 3822 ra·

246 3865 328 3926 hone
350 3865 470 3926 novitas
493 3881 598 3926 eorum
620 3862 867 3945 deprehenditur,
890 3867 976 3946 eujus
999 3864 1147 3946 originem
1170 3864 1402 3947 designavimus.
1432 3860 1521 3934 Quod
1543 3875 1619 3920 vero

246 3961 284 4023 ad
313 3962 511 4042 profitendum
541 3963 748 4025 Eucharistiae
777 3962 866 4025 iidem
896 3971 1031 4045 spectat,
1055 3968 1176 4045 antiqua
1200 3965 1321 4025 omnino
1344 3971 1408 4039 est,
1437 3978 1537 4041 neque
1559 3958 1618 4020 alia

246 4079 264 4122 a
287 4060 413 4141 simplici
436 4061 487 4124 illa
511 4068 542 4125 et
564 4062 767 4124 vetustissima
790 4062 934 4140 formula,
964 4080 1023 4143 qua
1051 4061 1156 4124 lideles
1178 4060 1395 4124 Eucharistiam
1417 4060 1617 4141 suscipientes

245 4159 415 4225 utebantur.
441 4160 559 4241 Corpus
582 4160 704 4223 Christi.
727 4160 831 4225 Amen.
868 4160 928 4224 lllis
951 4160 1030 4223 enim
1053 4159 1148 4222 tribus
1171 4160 1274 4223 verbis
1297 4159 1375 4221 idem
1398 4156 1617 4241 intelligebant,

245 4259 327 4338 quod
350 4269 457 4340 postea
478 4260 614 4341 pluribus
637 4259 819 4339 explicatum
847 4258 912 4324 fuit.
965 4259 1084 4340 Corpus
1112 4267 1264 4336 sanctitat,
1290 4262 1473 4338 pretimm,
1504 4274 1617 4330 oerurn,

244 4358 450 4421 Emmanuelis
468 4359 531 4438 ftttt
549 4360 609 4421 Dei
629 4359 688 4421 hoc
708 4367 856 4424 estsere.
880 4359 987 4424 Anien.
1018 4360 1151 4441 Sanguis
1168 4361 1324 4438 pretioue
1340 4376 1442 4432 eene,
1464 4364 1519 4417 eto.
1543 4353 1618 4414 Nam

245 4475 313 4519 cum
335 4458 412 4521 haec
432 4458 526 4521 verba
550 4458 667 4520 Graece
690 4458 850 4521 etiamnum
874 4459 1011 4521 dicantur
1039 4458 1118 4539 apud
1142 4456 1295 4537 Coptitas;
1325 4455 1507 4538 antiquitatis
1538 4452 1617 4514 ultra

244 4556 463 4621 bluhumedana
486 4566 633 4638 tempora,
655 4557 732 4620 haec
754 4564 825 4620 nota
848 4566 931 4621 certa
956 4566 1013 4620 est.
1045 4557 1114 4639 Syri
1129 4574 1147 4618 a
1164 4557 1355 4638 simplicitate
1377 4573 1437 4618 non
1461 4552 1617 4619 discesse-

243 4664 326 4734 runt,
349 4673 450 4736 neque
471 4659 568 4719 minus
590 4666 689 4719 tamen
712 4656 869 4737 praeclara
899 4659 929 4720 in
952 4656 1140 4720 orationibus
1164 4663 1233 4718 ante
1256 4663 1287 4718 et
1309 4663 1380 4737 post
1402 4656 1617 4720 sacramento-

244 4772 311 4817 rum
332 4757 571 4837 perceptionem,
597 4755 732 4838 ejusdem
754 4755 825 4818 fidei
854 4758 1020 4820 testimonia
1043 4760 1073 4819 in
1096 4753 1281 4818 orationibus
1303 4756 1415 4836 passim
1439 4759 1616 4816 occurrunt:

243 4862 279 4916 ut
301 4873 379 4935 quae
403 4862 507 4917 extum
529 4857 558 4917 in
582 4854 694 4918 Codice
717 4854 904 4936 Colbertino,
927 4864 958 4919 et
980 4859 1009 4919 iu
1033 4855 1085 4918 illo
1107 4873 1197 4936 quem
1211 4862 1336 4917 secutus
1358 4861 1405 4916 est
1419 4852 1616 4926 Bodcrianus,

244 4961 372 5034 praeter
394 4955 468 5017 alias
491 4973 569 5036 quae
592 4955 736 5038 leguntur
758 4954 788 5015 in
809 4955 903 5018 variis
934 4957 1064 5037 optimae
1086 4963 1177 5017 notae
1200 4953 1273 5017 hlss.
1318 4953 1426 5034 Neque
1454 4952 1485 5014 id
1506 4951 1617 5013 iactum

243 5054 312 5116 sine
336 5054 494 5135 exemplo,
525 5072 592 5117 curn
621 5054 729 5116 Graeci
759 5052 870 5116 similes
900 5055 1054 5118 orationes
1084 5055 1148 5117 suis
1178 5051 1322 5134 liturgiis
1352 5050 1558 5133 adjunxerint:
1587 5055 1618 5110 et

1338 5169 1411 5247 18*
