4525 6034
701 565 778 640 640
1245 564 1477 641 uoltu

574 811 581 828 ,
699 753 740 815 ila
763 750 920 815 distinctae
943 758 1024 829 sunt,
1047 757 1079 813 ut
1092 749 1296 813 Diaconorum
1314 751 1436 813 monitio
1459 748 1497 812 ad
1519 748 1654 830 singulas
1677 758 1830 830 sequatur,
1851 767 1927 831 quae
1946 751 2039 816 ibamn

700 852 896 915 intentionem
920 852 1088 932 explicant3
1111 857 1162 912 ant
1184 850 1210 912 si
1233 850 1416 932 prolixiores
1439 856 1518 927 sunt,
1542 848 1647 910 eadem
1670 849 1795 911 intentio
1817 849 1854 911 ab
1876 850 1940 931 ipso
1950 852 2042 915 Sacer-
2104 851 2110 862 ’

699 951 770 1013 dole
792 950 966 1013 celebrante
988 951 1165 1030 explicatur.
1200 949 1243 1011 lta
1265 952 1296 1012 in
1318 948 1444 1030 Coptica
1465 947 1576 1010 Basilii.
1604 947 2041 1012 Mententollominesonetmun

699 1051 752 1130 pati
767 1050 823 1111 tibi
833 1053 1013 1131 plemneunt
1024 1050 1064 1112 ab
1082 1051 1179 1124 initio,
1202 1049 1465 1125 Potriorcborunr,
1486 1048 1716 1127 Prophetarum,
1738 1048 1953 1127 Apostolorum,
1972 1049 2043 1110 llor-

699 1156 795 1230 tpram
823 1157 879 1213 ete.
909 1169 1035 1231 merum
1062 1147 1206 1228 precibus
1239 1157 1268 1210 et
1297 1147 1558 1210 obsecrationibus
1586 1148 1730 1208 mucrene
1760 1151 1890 1209 omnium
1921 1155 2042 1212 notbun.

700 1247 764 1310 Nec
795 1249 883 1312 aliter
912 1248 1047 1328 reliquae
1077 1264 1181 1311 omnes
1212 1246 1377 1330 liturgiae.
1423 1246 1498 1310 Cum
1524 1248 1617 1326 igitur
1644 1264 1684 1308 ex
1706 1247 1795 1309 nnieo
1817 1248 1977 1328 primitivae
1994 1247 2044 1310 lle

702 1346 816 1410 etesiae
839 1348 1005 1429 exemplari
1027 1346 1107 1408 nulla
1129 1363 1190 1409 non
1213 1364 1361 1427 expressa
1384 1348 1440 1423 sit;
1460 1347 1698 1426 sanctorumque
1707 1348 1954 1422 commemoratio,
1973 1365 2045 1426 mam

700 1447 901 1510 Nestorianae
915 1447 1068 1525 exhibent,
1086 1447 1151 1508 aliis
1166 1448 1382 1527 praemittatur,
1399 1463 1460 1509 non
1478 1445 1566 1508 aliter
1580 1445 1709 1529 intelligi
1724 1454 1834 1527 potest,
1858 1464 1942 1526 quam
1954 1446 2045 1525 ubique

700 1556 731 1610 et
754 1565 875 1628 semper
898 1546 1048 1609 intellecta
1070 1554 1130 1620 cst3
1161 1547 1277 1610 seilicet
1306 1554 1338 1609 ut
1361 1546 1442 1628 quod
1464 1547 1494 1608 in
1517 1546 1610 1626 prima
1633 1543 1761 1628 legitur,
1791 1546 1875 1608 Deus
1896 1547 2045 1606 memorien

700 1648 808 1709 habeat
830 1654 948 1726 patrum
971 1648 1089 1726 piorum
1112 1654 1142 1708 et
1161 1646 1328 1727 justorum,
1357 1647 1448 1727 idque
1471 1644 1584 1726 duplici
1606 1647 1738 1720 ratione;
1768 1662 1877 1726 nempe
1902 1652 1934 1706 ut
1960 1662 2046 1706 eamn

700 1746 843 1828 precibus
867 1754 897 1808 ct
920 1746 1140 1808 intercessione
1164 1746 1295 1808 obtineat
1316 1745 1455 1809 Ecclesia
1483 1746 1563 1826 quod
1591 1745 1681 1825 petit:
1710 1754 1741 1807 et
1770 1744 1953 1827 significetur
1978 1742 2048 1805 simul

700 1848 876 1909 Sanctorum
900 1847 1083 1922 eommunia,
1107 1863 1234 1926 qnorum
1257 1853 1289 1908 ut
1311 1846 1473 1907 viventium
1496 1837 1599 1908 coram
1620 1844 1686 1906 Deo
1710 1845 1950 1906 commemoratio
1969 1843 2047 1918 litet

701 1962 778 2026 quos
800 1952 832 2007 ut
855 1944 1012 2006 Ecclesiae
1035 1952 1260 2025 superterram
1283 1944 1434 2007 militantis
1456 1944 1606 2022 membra,
1634 1943 1771 2006 sacrificii
1793 1961 1855 2024 quo
1878 1942 2047 2005 redemtionis

700 2063 774 2107 suae
805 2051 835 2106 et
866 2051 989 2106 nostrae
1018 2045 1163 2124 mysteria
1191 2045 1383 2106 eontinentur
1410 2045 1496 2125 qnasi
1524 2050 1740 2124 cooperatores
1763 2043 1901 2106 advocat.
1943 2042 1982 2102 lta
2001 2055 2049 2100 non

701 2143 737 2204 ad
762 2159 816 2205 eos
830 2142 991 2223 pertinebit
1012 2142 1114 2205 ultima
1137 2143 1282 2206 orationis
1305 2161 1386 2224 pars,
1410 2161 1488 2225 quae
1510 2143 1548 2206 ad
1571 2150 1754 2206 mortuorum
1775 2142 1948 2206 memoriam
1967 2136 2049 2201 reler-

700 2249 759 2320 tur,
784 2241 865 2322 quod
881 2243 1126 2305 verisimillimum
1145 2251 1202 2320 est,
1226 2243 1345 2324 quando
1368 2242 1488 2324 quidem
1511 2261 1571 2306 uno
1594 2250 1701 2306 tenore
1723 2242 1800 2305 bane
1822 2243 1983 2304 orationem
2002 2255 2049 2299 non

700 2343 898 2424 pronuntiari,
922 2349 1040 2404 constat
1062 2362 1103 2404 ex
1124 2344 1273 2404 communi
1295 2342 1451 2423 disciplina
1474 2342 1598 2404 aliarum
1621 2343 1749 2404 omnium
1772 2341 1985 2414 Ecclesiamm;
2007 2333 2050 2399 scd

701 2441 831 2524 interjici
853 2460 962 2522 preces
987 2442 1094 2522 plebis,
1118 2443 1185 2505 sive
1207 2442 1345 2520 Diaconi,
1368 2441 1481 2505 similes
1496 2443 1555 2505 illis
1578 2461 1653 2524 quas
1671 2441 1791 2518 Graeci,
1814 2440 1943 2521 Coptici,
1964 2439 2051 2518 Syria-

701 2543 790 2622 cique
812 2540 934 2604 codices
957 2548 1205 2621 repraesentant,
1236 2549 1286 2603 ant
1316 2543 1470 2623 integras,
1500 2549 1551 2604 aut
1578 2543 1681 2622 primis
1704 2550 1818 2604 tantum
1842 2540 1965 2602 vocibus
1984 2535 2051 2599 dcti-

700 2648 819 2725 gnatas.
864 2640 972 2702 Forma
995 2639 1111 2701 illarum
1135 2658 1276 2721 precum,
1307 2642 1373 2703 sive
1395 2640 1651 2720 adhortationum,
1675 2642 1713 2704 ad
1735 2640 1905 2702 orationem
1927 2656 1988 2699 cnm
2006 2635 2052 2698 Sa·

700 2741 827 2802 cerdote
850 2739 1088 2821 conjungendam
1111 2739 1163 2801 illa
1186 2740 1278 2821 vulgo
1308 2747 1369 2802 cst:
1414 2739 1511 2802 Orate
1536 2760 1596 2820 pro
1624 2741 1780 2815 Ecclesia,
1808 2759 1871 2818 pro
1895 2758 1985 2818 paee,
2006 2754 2051 2815 pm
2094 2799 2099 2806 .

702 2838 897 2913 Paniardis,
917 2856 976 2917 pro
998 2840 1087 2913 vivis,
1107 2858 1167 2918 pro
1190 2838 1350 2918 defunctis,
1373 2848 1429 2903 etc.
1457 2838 1545 2901 Nulla
1567 2857 1660 2920 porro
1683 2841 1835 2920 reperitur
1859 2838 1897 2899 ad
1920 2836 2051 2910 orandum,

700 2957 758 3020 pro
781 2938 980 3015 Patriarclris,
1004 2955 1061 3019 pro
1083 2937 1259 3019 Apostolis,
1282 2938 1464 3019 lllartyribus
1487 2946 1519 3001 et
1541 2940 1655 3002 sanctis
1677 2939 1813 3020 reliquis.
1837 2938 2051 3000 Nestorianosa

701 3046 821 3101 vetusta
844 3036 1001 3118 disciplina
1031 3037 1212 3116 deflexisse,
1243 3037 1318 3101 liaeo
1347 3038 1414 3100 sola
1444 3038 1599 3120 Liturgiae
1629 3038 1774 3120 particula
1805 3055 1870 3099 non
1897 3035 2053 3099 sufficienter

702 3137 900 3215 demonstrat,
930 3154 997 3198 cum
1025 3156 1065 3198 cx
1095 3137 1279 3218 reliquarum
1301 3136 1504 3201 Ecclesiarum
1528 3137 1669 3218 exemplo
1692 3137 1863 3214 intellecta,
1893 3136 1963 3198 nibil
1988 3132 2052 3217 quod

701 3235 904 3312 commodam,
938 3253 1027 3317 quam
1057 3237 1224 3312 attulimus,
1255 3240 1533 3317 interpretationem
1561 3239 1699 3319 respuat,
1737 3238 1896 3299 continere
1928 3235 2052 3298 videatur.

701 3336 788 3399 Velle
812 3343 910 3398 antem
933 3345 965 3397 ut
987 3335 1222 3416 Diamperenses
1245 3338 1507 3415 existimaverunt,
1536 3356 1554 3400 a
1578 3339 1703 3400 Graecis
1726 3339 1777 3418 qui
1798 3344 1925 3399 sanctos
1946 3335 2053 3397 nondun

700 3435 916 3498 beatitudinem
938 3434 1105 3516 perfectam
1127 3443 1308 3499 consecutos
1331 3436 1425 3500 lause
1447 3436 1563 3516 dieunt,
1585 3437 1665 3500 bone
1679 3436 1868 3499 erroremad
1882 3435 2053 3498 Nestoriaaos

701 3537 882 3614 manavisse,
902 3537 1034 3616 jactatur
1053 3534 1170 3599 facilius
1193 3554 1280 3617 quam
1303 3537 1465 3619 probatur:
1489 3538 1601 3618 quippe
1625 3536 1707 3599 nulla
1728 3536 1765 3599 ab
1789 3535 1935 3617 Ephesini
1950 3527 2054 3595 Consilii

701 3642 839 3715 tempore
863 3635 918 3696 luit
940 3633 1189 3697 Nestorianorum
1211 3654 1279 3699 cum
1303 3636 1428 3700 Graecis
1450 3638 1636 3715 communio,
1664 3643 1714 3699 aut
1737 3637 1828 3697 etiam
1851 3636 1920 3697 telis
1940 3628 2054 3693 incivili

703 3733 884 3796 commercio
906 3735 1049 3812 societas,
1071 3742 1104 3797 ut
1127 3734 1215 3797 alteri
1238 3736 1276 3798 ab
1299 3736 1414 3815 alteris,
1438 3737 1598 3818 quidquam
1621 3735 1701 3818 quod
1725 3735 1762 3796 ad
1786 3753 1877 3798 sacra
1900 3734 2055 3814 pertineret,

701 3837 855 3918 potuerint
885 3837 1035 3916 accipere.
1081 3837 1209 3899 Sanctos
1239 3839 1395 3914 invocant,
1426 3854 1592 3916 eorumque
1619 3836 1714 3898 lestos
1743 3834 1809 3897 dies
1833 3834 1985 3896 celebrant
2003 3827 2055 3890 Ne-

705 3937 839 4014 storiani,
861 3943 895 3996 ut
916 3925 956 3997 ex
978 3935 1095 3997 illorum
1118 3935 1302 4017 Horologiis,
1326 3936 1501 4010 Bait-Gaza,
1522 3934 1715 3997 Lectionario
1737 3934 1874 4011 Persico,
1899 3940 1931 3995 et
1949 3927 2054 3993 tanna

703 4038 895 4117 agnoscitur3
925 4035 1104 4117 illorumque
1132 4054 1167 4098 se
1196 4036 1339 4116 precibus
1368 4034 1585 4097 commendant.
1630 4034 1724 4117 igitur
1746 4052 1802 4115 pro
1826 4033 1945 4095 illorum
1964 4027 2053 4100 sune,

704 4143 735 4199 et
758 4136 876 4215 quiete,
900 4134 980 4216 quod
1003 4153 1060 4216 pro
1083 4135 1150 4210 aliis¹
1172 4133 1300 4214 iaciunt,
1324 4153 1414 4197 orare
1435 4153 1496 4196 non
1519 4141 1654 4216 possunt.
1701 4133 1731 4196 Si
1754 4142 1925 4213 temporum
1944 4131 2055 4193 donum

704 4240 735 4296 et
766 4234 794 4294 iu
825 4235 1003 4316 gravissima
1038 4233 1276 4296 Christianorum
1306 4234 1363 4297 sub
1398 4232 1567 4296 infidelibus
1604 4233 1730 4296 dominis
1765 4232 1951 4308 calamitate,
1983 4240 2054 4290 error

704 4334 875 4395 contrarius
906 4334 1056 4414 antiquam
1082 4333 1269 4413 disciplinam
1295 4333 1473 4412 inluseovit,
1502 4332 1706 4398 emendandus
1729 4342 1791 4410 est,
1819 4351 1881 4395 nee
1903 4330 1981 4392 valet
1996 4325 2056 4388 illo-

704 4447 770 4491 rum
786 4435 998 4511 testimonium,
1021 4432 1071 4494 nbi
1095 4452 1112 4495 a
1135 4434 1284 4495 communi
1307 4435 1437 4496 omnium
1460 4434 1519 4496 lide
1542 4441 1573 4494 et
1593 4433 1701 4516 regula
1715 4434 1888 4496 recessisse
1903 4426 2054 4511 depreben-

705 4530 824 4592 duntur.

879 4793 939 4865 12.
981 4794 1029 4865 Et
1054 4798 1171 4865 veniet
1195 4793 1343 4866 Domine
1367 4798 1486 4891 pratia
1510 4794 1662 4888 Spiritus
1686 4796 1811 4884 saneti,
1838 4800 1906 4866 ele.

797 4986 908 5065 Huaer
937 4997 1013 5061 baec
1043 4998 1245 5062 luvocationis
1275 4997 1411 5080 tonnula-
1430 4997 1595 5080 perlectam
1626 5017 1693 5061 cum
1721 5017 1758 5061 ea
1787 5016 1867 5079 quae
1888 4997 1920 5060 in
1940 4987 2052 5064 Gne&

706 5100 850 5183 Syriacis,
873 5102 1069 5184 Copticisqne
1090 5102 1235 5187 liturgiis
1256 5103 1474 5184 praescribitur
1495 5102 1733 5167 conformitatem
1755 5103 1822 5165 sire
1843 5100 1933 5164 locum
1948 5099 2053 5180 cpe&-
