4525 6034
604 575 607 588 '
693 582 767 658 194
1194 579 1553 658 LITURGIA

690 779 725 843 et
750 770 792 842 da
818 770 881 842 illis
908 778 1007 864 atque
1032 767 1130 842 nobis
1156 771 1311 841 virtutem
1338 765 1608 862 insuperabilem,
1635 777 1669 839 et
1694 766 1792 841 nobis
1813 780 1848 842 et
1863 771 1944 866 ipsis
1969 791 2050 840 cou-

691 885 775 958 cede
801 897 952 981 tempora
980 888 1108 980 quietis,
1136 895 1170 955 et
1196 884 1462 979 tranquillitatem
1489 884 1616 975 salutis,
1632 887 1703 980 ‘per
1723 890 1868 978 gratiam
1894 895 1927 957 et
1951 890 2051 958 mise-

690 1002 867 1075 ricordiam
893 1010 928 1074 et
955 1024 1100 1075 umorem
1128 1022 1211 1093 erga
1244 999 1394 1074 homines
1424 1004 1585 1092 unigeniti
1617 1001 1693 1073 Filii
1723 1003 1770 1073 tui
1802 1022 1864 1097 per
1899 1023 1992 1097 quem
2022 1009 2053 1073 et

691 1143 765 1192 cum
794 1141 860 1214 quo
888 1132 922 1192 te
948 1118 1046 1190 decet
1071 1117 1181 1209 gloria
1208 1125 1242 1189 et
1268 1115 1384 1204 bonor,
1412 1128 1476 1188 etc.

797 1236 959 1330 Populus.
1011 1235 1131 1305 Amen.

795 1350 973 1423 Sacerdos
996 1349 1189 1421 inclinatus.
1240 1347 1367 1421 Eorum
1394 1353 1492 1422 etiam
1529 1351 1671 1421 omnium
1706 1351 1761 1444 qui
1794 1347 1960 1441 agonibus
1991 1352 2054 1421 suis

693 1467 750 1541 tibi
775 1468 983 1564 placuerunt,
1010 1476 1045 1538 et
1070 1487 1231 1538 summam
1257 1464 1405 1538 moribus
1433 1471 1502 1538 suis
1529 1466 1669 1558 gloriam
1696 1470 1867 1540 consecuti
1894 1464 2055 1556 suetiae

692 1585 815 1658 bonam
841 1589 1034 1657 memoriam
1062 1584 1217 1668 Domine,
1244 1580 1309 1654 boc
1336 1589 1502 1678 tempore:
1529 1591 1657 1678 patrum
1677 1580 1955 1670 Patriarcbnrum,
1970 1582 2054 1655 Pro-

694 1700 876 1797 phetarum,
903 1697 1155 1794 Apostolorum,
1183 1696 1468 1786 Praedicatornm,
1493 1700 1792 1787 Annunciatorum,
1818 1696 2055 1791 Evangelista·

693 1840 778 1907 rum,
804 1815 945 1888 loannis
972 1814 1158 1911 Baptistae,
1184 1812 1343 1908 Stephani
1370 1812 1528 1906 Diacoui,
1562 1826 1597 1887 et
1623 1815 1800 1889 Genitricis
1832 1815 1898 1886 Dei
1923 1814 2058 1905 limiae,

692 1956 768 2005 cum
795 1929 947 2005 omnibus
973 1931 1116 2004 Sanctis.

795 2049 946 2120 Eteonos
970 2070 1095 2119 vocem.
1148 2046 1273 2121 Dorum
1306 2051 1361 2143 qui
1395 2051 1576 2121 certamine
1615 2047 1770 2123 athletico
1814 2072 1876 2121 suo
1912 2047 2059 2144 perfecti,

693 2177 727 2239 et
753 2187 864 2256 agone
887 2167 1035 2257 iustitiae
1062 2168 1282 2238 consummati
1308 2174 1393 2237 sunt.
1445 2165 1615 2239 Memento
1641 2169 1741 2239 etiam
1765 2167 1908 2238 Domine
1937 2184 2059 2251 eorum,

693 2286 809 2378 quiin
836 2281 1194 2374 singulisregiotribus
1229 2292 1263 2353 et
1295 2282 1483 2354 civitatibus
1513 2281 1707 2377 placuerunt
1738 2283 1817 2372 tibi,
1847 2285 1905 2377 qni
1940 2282 2058 2352 exitum

694 2401 787 2470 vitae
813 2396 1011 2492 inculpatum
1038 2396 1199 2471 babentes
1226 2421 1272 2471 ex
1297 2398 1362 2473 boc
1381 2397 1503 2470 mundo
1519 2398 1673 2495 proiecti,
1700 2399 1741 2471 ad
1766 2409 1802 2471 te
1826 2403 2060 2495 pervenerant,

694 2524 729 2586 ct
754 2513 797 2585 ad
822 2514 989 2587 coelestes
1023 2514 1141 2587 domos
1169 2514 1293 2588 elevati
1320 2527 1413 2588 sunt:
1444 2513 1579 2587 Patrurn
1606 2518 1815 2609 antiquorum
1849 2525 1884 2585 et
1910 2515 2059 2585 Patriar·

694 2630 841 2717 charum,
867 2633 1050 2726 principum
1075 2630 1284 2722 familiarum,
1311 2635 1366 2726 qui
1393 2635 1553 2728 mysteria
1581 2630 1735 2704 viderunt
1768 2641 1803 2703 et
1833 2630 2060 2703 revelationes

693 2756 965 2845 penetraverunt,
993 2768 1253 2820 oeconomorum
1283 2731 1510 2844 spiritualium,
1537 2748 1801 2844 praedicatorum
1827 2746 2061 2839 gloriosorum,

694 2876 729 2937 et
754 2862 947 2936 dilectorum
973 2862 1032 2936 tibi
1059 2863 1306 2960 deprecantium
1333 2875 1379 2957 te,
1412 2864 1536 2960 tibique
1556 2874 1781 2961 acceptorum
1817 2873 1851 2934 et
1883 2862 2061 2959 dispensu-

583 3045 591 3054 .
675 2990 803 3066 ,torum
829 2981 945 3053 domus
973 2990 1058 3052 tuae.
1111 2982 1279 3078 Propitius
1306 2990 1380 3054 esto
1408 2980 1552 3054 Domine
1577 2979 1801 3076 iniquitatibus
1832 2983 1981 3070 nostris,
2006 2999 2062 3075 per

694 3100 865 3171 orationes
892 3118 1018 3169 eorum.
1070 3094 1124 3168 Da
1150 3096 1249 3170 nobis
1274 3108 1311 3170 ut
1337 3120 1410 3170 cum
1436 3097 1502 3170 tide
1528 3095 1729 3185 orthodoxa,
1755 3095 1938 3168 secundum
1976 3117 2061 3167 exa·

694 3224 782 3287 ctam
809 3213 991 3285 doctrinam
1018 3235 1147 3301 eorum,
1174 3234 1351 3308 sequamm
1377 3213 1506 3300 illorum
1532 3217 1689 3306 vestigia,
1716 3217 1885 3307 simusque
1899 3210 2061 3284 haeredes

694 3332 952 3426 promissionum
979 3352 1065 3424 quae
1092 3329 1135 3402 ad
1162 3352 1223 3403 eos
1241 3329 1350 3402 iactae
1366 3342 1453 3422 sunt,
1479 3334 1724 3428 participesque
1736 3329 1903 3402 mercedis
1931 3350 2062 3416 eorum;

695 3457 829 3519 etcum
857 3448 907 3519 eis
933 3445 1113 3537 laetemur,
1148 3444 1257 3542 adepti
1285 3467 1428 3519 coronas
1458 3450 1641 3536 victoriae,
1674 3456 1774 3542 atque
1807 3449 1894 3517 inter
1929 3449 2060 3538 agmins

695 3585 811 3635 eorum
839 3583 998 3634 canamus
1024 3561 1083 3633 tibi
1109 3561 1254 3655 gloriam
1279 3573 1314 3635 et
1338 3563 1471 3636 laudem
1497 3574 1530 3636 et
1555 3567 1725 3656 unigenito
1753 3563 1838 3635 Filio
1866 3572 1935 3635 tuo.

801 3678 963 3771 Populus.
992 3679 1112 3750 Amen.

799 3793 975 3866 Sacerdos
1008 3794 1200 3866 inclinatus.
1243 3790 1550 3869 Commemoramus
1591 3817 1705 3868 coram
1739 3803 1773 3867 te
1812 3792 1877 3866 hoc
1913 3803 2070 3891 tempore

697 3912 859 4001 Domine,
885 3920 1040 4006 pastores
1071 3932 1196 4002 veros,
1231 3922 1266 3984 et
1298 3913 1455 3985 doctores
1488 3916 1654 3999 sincerus,
1688 3932 1804 3984 omnes
1834 3910 1957 3984 Patres
1991 3910 2060 3982 ele-

639 4129 644 4134 .
698 4038 770 4099 ctos
798 4035 832 4099 et
857 4026 995 4116 beatos,
1023 4030 1168 4100 maxime
1194 4050 1278 4101 vero
1305 4029 1480 4123 Ignatium,
1507 4028 1715 4127 Dionysium,
1743 4051 1818 4101 cnm
1844 4028 1984 4124 reliquis
2010 4026 2060 4097 di·

695 4144 791 4216 lectis
817 4146 893 4217 tuis.

800 4260 952 4331 Eteonos
976 4282 1101 4331 oocem.
1128 4258 1200 4332 Eos
1225 4262 1282 4353 rpri
1315 4281 1417 4354 super
1450 4269 1579 4355 petram
1610 4262 1844 4333 inconcussam
1870 4261 2060 4335 confessio-

696 4378 747 4448 nis
773 4375 1014 4471 Apostolicae,
1042 4375 1317 4465 aedificaverunt,
1344 4386 1378 4447 et
1403 4373 1633 4449 stabiliverunt
1671 4375 1786 4467 fidem,
1820 4377 2060 4448 extenderunt-

698 4515 763 4586 que
789 4501 824 4563 et
849 4491 1071 4564 dilataverunt
1096 4493 1270 4564 tentorium
1285 4490 1461 4566 Ecclesiae
1487 4501 1574 4579 tuac,
1603 4516 1622 4564 a
1649 4491 1767 4564 linibus
1788 4494 1956 4588 usquead
1983 4493 2060 4564 lines

698 4617 824 4679 terrae:
859 4610 914 4703 qui
946 4607 1206 4680 aedificaverunt
1241 4609 1331 4680 ovile
1367 4618 1455 4681 tuum
1474 4595 1523 4679 'in
1555 4610 1713 4681 universa
1755 4619 1844 4681 terra
1878 4605 2059 4681 habitabili:

698 4728 754 4819 qui
779 4728 812 4795 in
838 4729 942 4820 pratis
969 4724 1210 4820 spiritualibus,
1238 4735 1271 4795 et
1295 4723 1514 4817 Evangelicis
1546 4724 1743 4797 fortitudinis
1776 4735 1873 4815 tuae,
1900 4731 2060 4820 paverunt

699 4861 784 4911 oves
811 4849 884 4911 tuas
912 4841 1110 4932 rationales,
1138 4852 1171 4913 et
1197 4864 1298 4937 super
1324 4864 1429 4936 aquas
1457 4844 1576 4936 qrrietis
1602 4842 1811 4915 deduxerunt
1835 4864 1944 4933 agnos
1978 4861 2058 4932 gre-

695 4958 752 5046 gis
779 4957 842 5027 tui:
870 4961 925 5052 qui
960 4978 1074 5030 coram
1108 4956 1246 5050 regibus
1279 4968 1313 5030 et
1347 4962 1497 5055 tyrannis
1533 4959 1811 5055 praedicaverunt
1841 4957 2057 5050 Evangelium

698 5078 803 5162 tumn,
830 5083 865 5143 et
890 5095 1003 5146 coram
1026 5073 1192 5166 judicibus
1218 5077 1337 5171 iniquis
1365 5074 1643 5148 confirmaverunt
1667 5074 1864 5169 religionem
1878 5087 1983 5148 tuam:
2009 5070 2059 5165 qui
