4525 6034
528 651 533 658 ·
646 602 687 678 Ill
712 599 918 679 LllUllGlllbl
944 601 974 678 S.
1000 601 1120 678 xisti.
1494 594 1568 675 143

211 801 281 867 quos
301 782 465 865 Jacobitac,
488 793 630 868 tanquam
650 784 808 850 Ecclesiae
831 804 904 849 suae
935 784 1055 858 lumina,
1078 792 1278 863 venerantur,
1308 785 1377 849 illos
1399 784 1566 850 llaronitae

211 883 381 948 anathemati
404 885 615 969 subjecissent,
639 905 695 949 nec
719 904 823 949 eorum
847 886 966 949 nomina
990 903 1057 948 cum
1077 884 1194 948 honore
1215 887 1247 947 in
1267 884 1416 967 Diptycha
1439 885 1565 948 retulis-

209 991 282 1048 sent.
324 982 366 1047 At
388 986 419 1047 in
441 1002 480 1049 co
503 987 570 1067 ipso
583 986 695 1049 blissali
716 985 805 1063 libro,
828 1004 917 1067 quem
938 993 971 1048 ut
993 983 1128 1069 regulam
1145 983 1347 1048 celebrandae
1359 984 1565 1049 Eucharistiae

210 1102 275 1147 esse
296 1085 467 1164 voluerunt,
490 1094 653 1149 occurrunt
673 1086 893 1149 haereticorum
922 1083 1037 1164 laudes,
1059 1085 1228 1147 nominatur
1256 1085 1286 1147 in
1307 1086 1463 1168 Diptychis
1485 1086 1567 1149 Bar-

209 1198 302 1245 somas
324 1202 342 1246 a
365 1182 500 1248 Concilio
516 1184 755 1249 calchedonensi
767 1184 930 1264 damnatus,
954 1182 1134 1265 tandemque
1156 1182 1269 1265 aliquot
1290 1184 1444 1269 Liturgias
1467 1186 1565 1249 locum

207 1279 312 1344 habent
335 1301 412 1364 quae
434 1284 472 1347 ab
494 1284 653 1367 Episcopis
674 1285 819 1349 lacobitis
842 1285 975 1366 scriptae
997 1282 1132 1362 luerunt,
1165 1290 1216 1346 aut
1237 1283 1469 1366 appellationem
1490 1292 1564 1347 tra-

206 1390 327 1445 xerunt:
350 1402 409 1465 qua
432 1383 528 1448 dere
557 1384 628 1448 alibi
656 1386 766 1449 dictum
788 1404 806 1448 a
829 1385 914 1447 nobis
943 1390 1000 1448 est.
1056 1382 1143 1453 Cum,
1159 1391 1257 1446 auten
1286 1386 1343 1446 ista
1372 1380 1506 1464 Liturgin
1534 1384 1565 1445 in

207 1479 358 1563 plerisque
380 1482 600 1565 exemplaribus
622 1484 747 1566 primum
768 1484 868 1549 locum
898 1491 1036 1563 occupet,
1058 1481 1149 1544 multa
1172 1500 1249 1563 quae
1276 1501 1334 1564 per
1356 1482 1564 1563 compendium

206 1583 235 1644 in
256 1582 320 1644 aliis
342 1581 485 1666 Liturgiis
508 1584 714 1668 designantur,
736 1584 855 1667 integra
877 1583 984 1646 habet:
1007 1589 1037 1645 at
1060 1599 1128 1645 cum
1143 1581 1181 1644 ad
1194 1582 1273 1644 illam
1286 1600 1346 1645 non
1357 1583 1452 1666 magis
1476 1599 1565 1662 quam

207 1680 241 1742 ad
262 1680 395 1762 reliquus
417 1684 598 1765 pertineant,
621 1702 698 1767 quae
727 1684 957 1749 observavimus
987 1682 1025 1745 ad
1046 1683 1127 1745 illam
1149 1683 1245 1745 sancti
1264 1682 1386 1761 lucebi,
1415 1681 1500 1744 velut
1526 1680 1566 1744 ad

206 1782 332 1843 omnium
356 1783 559 1864 praecipuam,
581 1785 763 1849 sufficienter
784 1784 953 1868 explicant,
982 1782 1125 1865 quidquid
1147 1781 1216 1846 luce
1237 1799 1314 1863 opus
1344 1780 1477 1844 haberet.
1520 1780 1566 1843 lta

204 1879 233 1942 in
254 1880 326 1944 solis
349 1881 407 1946 illis
430 1901 508 1965 quac
529 1884 599 1948 hnic
620 1885 774 1970 liturgiae
795 1884 920 1968 propria
941 1890 1011 1946 sunt
1036 1882 1264 1946 immorabimur.

659 2181 693 2253 2.
731 2180 893 2274 Accipite
919 2180 1026 2268 edite,
1054 2185 1119 2252 etc.

313 2367 436 2448 Insicus
456 2382 515 2448 hcc
536 2383 606 2449 loco
627 2383 729 2447 vitium
751 2383 873 2448 codices
895 2384 982 2467 huJ'us
1003 2383 1159 2466 liturgiae
1180 2400 1278 2465 prope
1300 2398 1404 2444 omnes
1427 2397 1565 2461 occupa·

202 2484 253 2564 vit,
276 2502 345 2548 cum
368 2486 540 2551 omittantur
561 2488 656 2551 verba
676 2487 797 2567 Christi,
820 2506 882 2551 non
905 2490 1002 2551 minus
1027 2486 1064 2550 ad
1084 2486 1345 2550 consecrationem
1358 2486 1454 2566 panis,
1477 2502 1567 2566 quam

202 2583 239 2645 ad
261 2584 374 2647 calicis.
419 2584 506 2659 Orrod
528 2605 622 2668 porro
656 2587 881 2651 observavimus
909 2587 947 2650 ad
976 2587 1127 2670 liturgias
1157 2586 1369 2667 paucissimas,
1398 2603 1476 2666 quae
1506 2601 1567 2647 non

201 2682 375 2747 dissimilem
398 2684 557 2749 lectionem
577 2686 771 2769 praeienmt,
799 2688 910 2750 omissa
937 2686 987 2748 illa
1015 2685 1108 2749 subse
1135 2703 1197 2748 non
1225 2692 1285 2747 tam
1314 2690 1398 2747 certo
1428 2683 1566 2762 consilio,

202 2801 288 2864 qnam
314 2781 502 2848 librariorum
526 2785 625 2867 culpa,
647 2785 677 2848 id
699 2787 886 2850 verissimum
902 2785 1091 2848 arbitramur.
1113 2785 1196 2847 llaec
1219 2801 1338 2864 quoque
1360 2792 1463 2847 nostra
1486 2802 1565 2847 con-

198 2882 322 2964 jectura
343 2884 489 2964 probatur
510 2884 635 2948 duorum
658 2885 812 2964 codicum,
845 2903 907 2948 non
927 2885 1199 2966 antiquissimorum
1221 2882 1358 2964 quidem,
1385 2883 1441 2947 sed
1469 2883 1521 2965 qu
1548 2900 1567 2945 a

201 2982 413 3064 llissionariis,
436 2992 486 3046 aut
508 2983 648 3048 Romanis
670 2986 847 3049 censoribus
869 2984 1024 3048 reformati
1052 3001 1114 3046 non
1141 2982 1277 3060 luerunt,
1308 2982 1487 3047 testimonio.
1532 2982 1567 3045 ln

202 3095 262 3145 uno
284 3083 399 3165 quiippe
421 3083 539 3146 illorum
561 3084 646 3147 locus
668 3085 719 3147 ille
740 3092 773 3148 nt
794 3085 876 3148 illum
905 3082 1133 3165 interpretando
1164 3081 1379 3163 expressimus,
1403 3080 1566 3144 sehabet:

201 3181 232 3243 in
253 3182 354 3245 altero
376 3184 414 3247 ad
436 3188 601 3266 marginem
622 3184 716 3247 verba
746 3202 824 3265 quac
853 3182 979 3247 deerant
1001 3181 1151 3264 adscripta
1173 3189 1253 3247 sunt.
1296 3180 1364 3245 Non
1386 3179 1566 3243 reformatos

201 3297 277 3344 vero
299 3280 396 3345 fuisse
417 3284 539 3347 codices
561 3283 647 3362 illos,
676 3283 784 3364 probat
812 3285 922 3346 intacta
951 3283 1153 3346 lnvccationis
1181 3282 1308 3363 Spiritus
1338 3283 1434 3345 sancti
1464 3282 1566 3359 lectio,

201 3400 290 3462 quam
313 3389 442 3464 uterque
463 3391 686 3465 repraesentat:
716 3401 783 3445 curn
812 3400 877 3445 earn
900 3384 930 3444 in
952 3382 1076 3464 reliquis
1098 3381 1258 3463 liturgiis,
1287 3399 1346 3443 nna
1374 3380 1480 3443 Jaccbi
1507 3399 1567 3443 ex-

201 3490 303 3562 cepta,
327 3481 408 3563 quod
428 3500 486 3562 per
507 3484 729 3564 incogitantiam
752 3482 899 3545 accidisse
919 3482 1079 3545 verisimile
1102 3488 1159 3557 est,
1182 3479 1392 3562 interpolatam
1415 3497 1567 3561 agnosca·

203 3599 280 3657 mus,
302 3587 336 3642 ut
358 3581 388 3641 in
410 3580 466 3643 hac
488 3582 552 3662 ipsa
575 3581 732 3659 iecerunt,
761 3582 869 3663 quibus
891 3580 1030 3644 editionis
1053 3600 1126 3644 cura
1148 3580 1306 3643 commissa
1329 3587 1385 3643 est.
1429 3579 1567 3642 Formam

201 3680 367 3743 verborum
390 3677 511 3758 Christi,
534 3689 566 3744 ut
589 3681 619 3743 in
641 3681 723 3759 aliis,
753 3698 861 3744 novam
890 3680 1051 3760 dederunt,
1078 3679 1226 3744 verbatim
1255 3699 1296 3741 ex
1323 3679 1428 3741 Latina
1462 3688 1566 3741 nostra

202 3796 393 3856 conversam,
415 3787 519 3842 contra
542 3781 755 3861 exemplarium
777 3781 907 3844 omnium
934 3781 1148 3864 cujuscumque
1171 3780 1292 3862 linguae
1314 3777 1417 3842 tidem:
1446 3778 1484 3842 dc
1507 3798 1566 3860 qua

201 3879 421 3942 reformatione
443 3879 553 3943 dictum
587 3888 634 3944 est
663 3880 701 3943 ad
735 3881 870 3943 eumdem
899 3879 1005 3944 Jaccbi
1033 3878 1186 3964 liturgiae
1215 3879 1322 3942 locum.
1378 3878 1465 3953 Quod
1490 3897 1566 3942 vcro

202 3979 303 4041 desint
326 3978 420 4041 verba
448 3978 558 4043 Christi
579 3982 610 4041 in
639 3981 714 4058 ista,
741 3988 773 4042 ut
803 3980 834 4042 in
860 3998 920 4044 una
946 3980 1027 4043 Petri
1057 3981 1150 4058 dicta,
1177 3979 1313 4060 Dionysii
1341 3978 1503 4057 Barsalibi,
1533 3986 1566 4041 et

199 4079 308 4158 paucis
332 4077 409 4157 aliis,
432 4096 471 4140 ex
494 4079 677 4142 Graecorum
700 4081 842 4159 opinione
865 4097 1002 4142 manasse
1032 4080 1211 4142 existimavit
1233 4078 1378 4141 Ricardus
1400 4081 1512 4154 Simon,
1535 4085 1566 4139 ct

199 4175 269 4239 fuse
293 4177 456 4256 explicavit
478 4177 507 4239 in
530 4169 616 4241 No'tis
639 4177 677 4240 ad
698 4177 884 4242 ltinerarium
912 4178 1023 4241 Montis
1043 4177 1159 4257 Libani,
1182 4177 1322 4259 specioso
1345 4177 1480 4259 quidem,
1510 4177 1566 4240 sed

199 4275 314 4339 nullius
338 4275 484 4339 firmitatis
507 4287 694 4360 argumento.
731 4277 806 4341 Nam
828 4278 1037 4341 cumGraecis
1061 4277 1246 4341 Orthodcxis
1267 4277 1377 4339 nullam
1401 4296 1417 4339 a
1440 4276 1566 4340 Concilii

200 4375 458 4439 Calchedoncnsis
493 4384 629 4458 tempore
662 4378 897 4441 communionem
928 4376 1082 4441 Jaocbitae
1111 4377 1297 4441 habuerunt:
1327 4394 1427 4457 neque
1457 4373 1566 4437 Graeci

199 4474 271 4535 dnm
293 4472 513 4538 lnvccationem
537 4478 664 4557 Spiritus
686 4478 782 4540 sancti
804 4495 871 4540 cum
899 4476 1023 4560 reliquis
1049 4476 1206 4540 Ecclesiae
1233 4476 1392 4558 precihus,
1421 4475 1459 4537 ad
1488 4493 1566 4537 con-

198 4572 403 4636 secrationem
431 4574 646 4639 elementorum
677 4577 781 4640 valere
813 4577 996 4656 existimant,
1030 4576 1191 4640 verborum
1221 4577 1330 4640 Christi
1352 4577 1411 4639 vim
1441 4583 1472 4638 et
1494 4574 1560 4637 effl-

200 4673 317 4734 caciam
346 4683 473 4755 negant,
504 4678 637 4756 qnamms
665 4675 905 4758 frequentissima
938 4679 977 4741 sit
1007 4677 1227 4762 'lheologorum
1256 4676 1457 4740 recentiorum
1484 4674 1560 4736 haec

200 4769 351 4834 adversus
374 4772 443 4836 illos
466 4774 640 4838 criminatio.
675 4775 759 4850 Quae
780 4794 873 4858 porro
896 4777 934 4841 ad
955 4777 1148 4841 deterendam
1169 4796 1325 4841 sacrorum
1345 4777 1463 4839 illorum
1484 4793 1560 4838 vcr-

197 4868 310 4933 bcrum
335 4871 396 4933 vim
425 4879 456 4934 et
482 4873 657 4955 dignitatem
685 4883 811 4956 possent
840 4879 1007 4957 pertinere,
1036 4896 1096 4940 non
1124 4876 1283 4940 divinando
1312 4883 1343 4939 et
1372 4873 1410 4937 nd
1436 4874 1562 4936 alienam

199 4970 381 5033 sententiam
403 4991 440 5034 ea
463 4972 682 5055 detorquendo,
705 4974 878 5055 quaerenda
906 4984 990 5040 sunt:
1020 4976 1075 5040 sed
1102 4975 1133 5038 in
1166 4977 1287 5058 scriptis
1316 4974 1433 5037 illorum
1461 4990 1562 5056 agno-

199 5068 317 5136 scenda
348 5078 380 5134 et
402 5071 642 5154 demonstranda,
665 5073 745 5155 qnod
767 5076 876 5139 nemini
898 5075 1016 5140 illorum
1037 5077 1087 5158 qui
1108 5074 1242 5139 Gmecos
1264 5092 1302 5139 eo
1324 5074 1442 5139 nominc
1464 5074 1564 5156 impu-
