4525 6034
618 578 885 657 sitnon]
938 577 1238 653 nnslttt.
1615 577 1640 648 9

264 777 339 841 nito
373 778 526 865 tempore
561 768 651 861 digni
685 767 832 841 evadant
864 766 1003 839 lavacro
1042 768 1308 858 regenerationis
1343 767 1377 837 in
1410 767 1639 840 remissionem
1675 820 1680 829 .
1712 708 1750 975 j

265 895 481 980 peccatorum
518 906 670 975 suorum,
703 904 869 981 praepara
903 905 963 955 cos
998 881 1219 955 babitaculum
1251 882 1387 977 Spiritui
1429 894 1545 956 sancto
1582 893 1637 956 tuo
1693 931 1695 937 -

265 1023 332 1096 per
356 992 522 1103 gratiam⁸
533 1024 538 1035 ·

369 1119 459 1191 Post
484 1100 662 1189 lectionem
687 1117 869 1214 Eeanpelii
895 1122 1019 1213 afferet
1044 1117 1127 1187 illud
1140 1117 1319 1187 Dianoeas
1345 1117 1391 1187 ad
1405 1117 1637 1201 Sacerdotem,

267 1237 328 1328 pai
353 1235 438 1305 illud
463 1236 689 1323 osculabitur,
717 1242 754 1304 nt
781 1238 883 1305 etiam
910 1233 1029 1305 Clarae
1055 1241 1089 1303 et
1112 1233 1277 1326 populas,
1314 1239 1348 1304 et
1373 1237 1508 1305 interea
1539 1240 1638 1305 reci-

266 1351 357 1423 tabit
382 1351 558 1424 Sacerdor
585 1352 783 1422 Orationem
816 1351 888 1424 Veli
914 1356 1065 1439 secreto,
1098 1356 1193 1421 stane
1219 1350 1266 1420 ad
1291 1349 1380 1422 lutae
1405 1350 1489 1439 aeli,
1526 1354 1666 1445 capite⁴

264 1468 445 1540 inclinato.

842 1714 962 1785 Oratio
997 1714 1080 1787 Veli.

371 1933 464 2006 Deus
493 1937 548 2030 qui
574 1945 630 2006 tuo
658 1955 741 2027 erga
767 1933 917 2006 homines
945 1956 1059 2006 amore
1079 1934 1235 2007 ineffabili
1255 1933 1374 2005 Filium
1399 1944 1488 2007 tuum
1515 1938 1642 2027 unige-

263 2054 370 2123 nitnm
395 2054 430 2122 in
457 2051 611 2123 mundum
637 2054 765 2137 misisti,
791 2060 827 2121 ut
854 2073 955 2123 ovem
982 2051 1203 2123 errabundam
1230 2051 1273 2122 ad
1299 2061 1332 2122 te
1358 2050 1549 2141 reduceret,
1575 2074 1649 2123 ro·

264 2190 386 2261 gamus
414 2177 447 2239 te
472 2167 628 2258 Domine,
654 2189 698 2238 ne
724 2190 789 2239 nos
816 2190 836 2238 a
863 2177 896 2238 te
922 2171 957 2238 in
983 2178 1154 2240 aeternum
1180 2167 1342 2263 repellas,
1370 2167 1445 2238 dum
1473 2165 1640 2241 offerimus

265 2285 326 2357 uti
356 2284 561 2356 tremendum
593 2282 656 2354 hoc
690 2295 723 2356 et
755 2289 961 2356 incruentum
997 2285 1210 2357 sacrificinm:
1245 2308 1352 2381 neque
1385 2287 1470 2355 enim
1494 2286 1642 2375 justitiae

265 2411 404 2475 nostrae
419 2401 626 2491 confidimus,
652 2401 713 2474 sed
729 2401 981 2473 misericordiae
1008 2411 1094 2493 tuae,
1122 2426 1187 2497 qna
1214 2424 1320 2494 genus
1347 2410 1494 2473 nostrum
1521 2401 1639 2472 vivili-

266 2522 360 2589 casti.
387 2517 561 2611 Rogamus
574 2527 608 2590 et
620 2516 835 2593 obsecramus
849 2517 1030 2591 bonitatem
1047 2528 1148 2607 biam,
1165 2528 1292 2591 amator
1300 2519 1479 2605 bominum,
1490 2526 1642 2610 utneque

263 2634 377 2731 nobis
398 2658 509 2731 neque
535 2634 623 2731 plebi
650 2646 725 2707 tuae
747 2638 789 2708 sit
807 2639 840 2707 in
853 2635 1010 2726 judicium
1024 2639 1219 2731 mysterium
1234 2636 1317 2719 boc,
1336 2634 1424 2730 quod
1440 2634 1482 2706 ad
1499 2635 1637 2707 salutern

264 2761 416 2823 nostram
443 2754 618 2840 instituisti,
646 2752 707 2824 sed
734 2755 767 2824 in
795 2751 1036 2825 abstersionem
1062 2762 1274 2847 peccatorum
1301 2763 1491 2825 nostrorum
1518 2761 1551 2823 et
1576 2774 1639 2822 re-

265 2856 461 2941 missionem
494 2868 770 2961 negligentiarum
803 2879 1001 2942 nostrarum.
1065 2867 1180 2940 Gloria
1213 2879 1248 2940 et
1281 2869 1388 2942 bonor
1421 2871 1544 2941 nummi
1579 2878 1636 2939 tuo

266 2995 397 3076 sancto,
425 2985 533 3057 Patris
561 2996 596 3057 et
620 2986 696 3057 Filii
722 2995 756 3057 et
781 2985 926 3081 Spiritus
954 2989 1058 3057 saneti
1085 3007 1172 3057 nunc
1199 2995 1233 3057 et
1259 3009 1403 3082 semper,
1431 2995 1493 3057 etc.

371 3103 513 3173 Interea
538 3126 612 3173 cnm
637 3102 824 3174 absolvitur
850 3102 938 3172 baec
964 3107 1089 3190 aratio,
1117 3101 1326 3174 cantabitur
1351 3102 1525 3173 Sacerdos
1550 3127 1640 3196 pra-

266 3221 330 3290 dar
355 3219 488 3307 altaria
516 3220 679 3291 accendet
703 3220 751 3290 ad
775 3219 1027 3306 Sancctanrinm,
1056 3218 1263 3291 conlabitur
1289 3219 1402 3290 altare
1428 3224 1463 3289 et
1489 3240 1641 3290 conver-

265 3359 325 3408 ωε
351 3336 398 3406 ad
425 3335 639 3407 Occidentem
672 3339 825 3407 recitare
859 3339 1001 3428 incipiet
1030 3342 1101 3407 tres
1134 3341 1283 3427 majorca
1314 3340 1497 3408 orationem
1551 3336 1640 3407 Dran

266 3452 444 3525 δυοετιίοε
470 3452 555 3522 dicit
579 3453 655 3524 Pax
681 3451 844 3543 omnibus,
872 3475 1054 3525 conoerm
1087 3453 1135 3523 ad
1159 3451 1368 3524 Sacerdotes
1395 3457 1526 3546 fratrea
1551 3475 1640 3540 enos,

268 3572 395 3662 capitia
424 3569 646 3641 inclinatione
680 3569 826 3660 emutat,
866 3575 901 3639 et
936 3590 1119 3640 cancerem
1157 3569 1204 3639 ad
1238 3570 1451 3640 Occidentem
1481 3570 1640 3663 papalem

269 3707 373 3756 cruce
399 3688 521 3780 amem.

789 3945 910 4016 Oratio
934 3966 1001 4038 pro
1023 3967 1125 4038 pace.

374 4150 557 4225 Sacerdos.
610 4152 732 4241 Iterpm
758 4151 899 4225 Oramus
926 4153 1033 4224 Deum
1060 4156 1336 4248 omnipotentem,
1362 4166 1490 4250 patrem
1510 4156 1642 4230 Domini

268 4269 335 4340 Dei
364 4277 397 4339 et
422 4266 609 4340 Salvatoris
635 4271 742 4341 nostri
765 4269 848 4343 lesu
875 4267 1005 4341 Christi.
1058 4267 1231 4361 Rogamus
1267 4280 1301 4342 et
1326 4270 1543 4345 obsecramus
1569 4270 1640 4345 bo-

269 4388 405 4457 nitatem
431 4396 534 4475 mam,
562 4395 689 4457 amator
714 4386 892 4476 bominum,
918 4396 1084 4457 memento
1110 4384 1254 4459 Domine
1280 4393 1385 4484 pacis,
1414 4393 1530 4461 unicae
1555 4388 1642 4462 illius
1707 4411 1911 4477 Παααααιαῡααα
1936 4432 1964 4464 αα

269 4513 368 4592 tuae,
399 4512 554 4591 sanctae,
589 4498 783 4575 Catholicae
816 4512 851 4574 et
882 4501 1101 4597 Apostolicae
1134 4501 1330 4594 Ecclesiae,
1364 4528 1449 4602 quae
1476 4530 1496 4578 a
1522 4503 1640 4578 finibus
1655 4495 1821 4598 timim*
1856 4495 1935 4565 “7³³³

271 4618 315 4691 ad
348 4620 431 4693 lines
467 4640 573 4711 usque
605 4628 714 4690 terrae
760 4619 962 4709 diffunditur,
1003 4620 1091 4689 omni
1128 4620 1252 4717 populo
1290 4631 1324 4693 et
1358 4625 1456 4693 terris
1489 4620 1640 4696 benedic.
1656 4602 1734 4651 ’Μ

269 4736 395 4807 Pacem
420 4734 509 4806 illam
537 4735 717 4809 coelestem
744 4736 900 4808 cordibus
926 4737 1049 4807 nostris
1075 4738 1230 4828 immitte,
1257 4737 1318 4810 sed
1344 4749 1378 4811 ct
1404 4761 1521 4834 pacem
1547 4743 1641 4812 istius
1692 4823 1694 4826 y

269 4855 361 4923 vitae
387 4851 484 4925 nobis
511 4849 657 4944 benigne
683 4852 850 4924 concede:
883 4849 1000 4945 Reges
1034 4852 1260 4944 orthodoxos,
1296 4858 1500 4948 exercitum,
1527 4856 1641 4946 duces,
1682 4860 1712 4911 ¹1¹
1727 4860 1851 4913 aaau.
1867 4861 1962 4929 besem

271 4968 497 5059 consiliarios,
532 4967 654 5060 vulgus
687 4972 926 5064 promiscuum,
967 4979 1000 5040 et
1033 4971 1163 5041 vicinos
1195 4980 1349 5059 nostros,
1386 4974 1574 5065 ingressum
1607 4983 1642 5045 et
1656 4944 1838 4999 ⁰¹³¹¹⁰⁴¹⁰¹¹¹¹⁰'

269 5088 396 5157 exitum
423 5096 575 5159 nostrum
601 5090 690 5158 omni
714 5109 800 5182 pace
826 5109 964 5160 exorna.
1020 5082 1048 5155 0
1075 5086 1153 5159 Rex
1180 5091 1294 5183 pacis,
1327 5087 1369 5160 da
1402 5088 1499 5163 nobis
1525 5113 1643 5186 pacem
1657 5031 1962 5171 assblffilldlegsem'or

1357 5204 1437 5276 17*
