4525 6034
657 558 734 657 aaa
1164 572 1524 653 errororn

656 772 700 843 sit
727 767 883 855 difficilis,
910 774 944 837 et
975 762 1017 837 ab
1047 765 1136 835 omni
1171 764 1385 857 operatione,
1418 769 1452 831 et
1486 757 1745 853 depraedatione
1780 756 1938 848 maligni,
1971 778 2032 851 per

657 884 822 957 Christum
849 883 966 956 Jesnm
991 879 1168 952 Dominum
1195 887 1362 964 nostrum,
1391 898 1465 947 cnm
1493 896 1559 970 quo
1586 883 1620 946 te
1648 873 1745 945 decet
1771 872 1889 966 gloria.
1916 880 1982 942 eto.

761 998 947 1069 Sacerdos.
975 998 1059 1069 Pax.

763 1112 925 1205 Populos.
980 1110 1105 1184 Coram
1132 1118 1175 1179 te.

760 1226 946 1311 Sacerdos.
998 1227 1092 1299 Deus
1126 1227 1181 1320 qui
1215 1232 1391 1318 tantopere
1424 1221 1571 1294 dilexisti
1597 1242 1682 1311 nos,
1714 1232 1748 1293 et
1782 1219 1901 1293 dedisti
1936 1218 2031 1292 nohis

653 1347 708 1437 jus
736 1343 925 1438 adoptionis
952 1340 1094 1413 liliorum
1120 1343 1166 1414 ita
1192 1347 1229 1410 ut
1253 1336 1311 1408 lilii
1336 1337 1402 1408 Dei
1436 1359 1656 1425 vocaremur,
1689 1346 1723 1408 et
1755 1358 1908 1410 essemus
1943 1336 2030 1408 hae-

655 1459 755 1532 redes
784 1456 916 1552 quidem
942 1459 998 1542 toi,
1025 1456 1138 1544 Pater,
1166 1452 1375 1525 cohaeredes
1409 1462 1519 1525 autem
1546 1453 1669 1527 Christi
1702 1456 1768 1525 tui:
1799 1453 1922 1523 inclina
1954 1453 2030 1525 Do-

656 1577 744 1645 rnine
772 1594 886 1644 aurem
913 1581 1001 1643 tuam
1029 1581 1063 1641 et
1090 1568 1213 1641 exaudi
1240 1590 1316 1656 nos,
1342 1590 1456 1641 coram
1484 1579 1517 1640 te
1543 1572 1654 1662 capita
1680 1568 1877 1641 inclinantes
1905 1576 1941 1639 et
1965 1590 2030 1662 pu-

655 1690 749 1762 rilica
776 1690 967 1759 interiorem
994 1695 1145 1759 nostrum
1171 1684 1353 1771 hominem,
1390 1688 1475 1757 sicut
1499 1705 1602 1779 purus
1629 1693 1681 1756 est
1711 1687 1904 1776 unigenitus
1930 1682 2031 1755 Filius

658 1815 746 1890 tuus,
772 1826 870 1899 quem
896 1806 1083 1898 suscepturi
1111 1823 1235 1873 sumus.
1288 1800 1433 1892 Fugiunt
1465 1823 1485 1871 a
1517 1800 1616 1873 nohis
1642 1800 1840 1887 fornicatio,
1868 1810 1906 1870 et
1932 1804 2030 1891 eogi-

657 1923 800 1992 tationes
826 1918 1024 2006 immundae,
1052 1921 1086 1989 in
1112 1920 1246 1989 nomine
1272 1916 1337 1988 Dei
1364 1920 1419 2011 qui
1441 1925 1533 1987 ortus
1560 1925 1613 1986 est
1639 1939 1684 1987 ex
1699 1919 1847 2006 virgine:
1876 1916 2030 2012 snperbia

657 2046 780 2123 autem,
807 2043 842 2106 et
869 2032 968 2105 elatio
996 2033 1083 2105 mala
1111 2031 1317 2128 depellantur
1344 2055 1364 2103 a
1396 2030 1515 2119 nohis,
1547 2053 1609 2127 per
1641 2031 1731 2103 illum
1766 2035 1820 2125 qui
1853 2053 1895 2103 se
1928 2035 2030 2127 ipsum

656 2150 855 2223 humiliavit:
882 2148 1146 2245 pusillanimitas
1173 2170 1235 2242 per
1262 2169 1338 2219 eum
1364 2150 1420 2241 qui
1446 2149 1640 2242 passionem
1671 2150 1704 2217 in
1738 2169 1841 2218 carne
1869 2150 2028 2234 sustinuit,

657 2277 691 2338 et
717 2268 848 2357 signum
875 2268 1042 2337 victoriae
1069 2266 1178 2336 crucis
1206 2266 1324 2334 erexit.
1367 2261 1463 2334 Vana
1489 2263 1599 2355 gloria
1626 2287 1647 2334 a
1672 2261 1770 2335 nohis
1797 2274 2031 2358 compescatur

655 2381 833 2477 perillum
862 2383 916 2475 qui
943 2401 1124 2474 percussus
1152 2386 1187 2448 et
1213 2377 1399 2469 flagellatus
1426 2388 1489 2465 est,
1515 2400 1625 2474 neque
1639 2381 1763 2451 avertit
1786 2378 1913 2450 faciem
1942 2402 2030 2453 suam

657 2521 679 2568 a
706 2506 877 2593 sputorum
904 2495 1102 2591 opprobrio:
1130 2492 1300 2582 invidiam,
1327 2493 1556 2580 homicidium,
1585 2494 1828 2567 dissensionem
1861 2504 1899 2565 et
1926 2495 2029 2568 odium

658 2612 788 2685 auferat
813 2636 834 2683 a
860 2611 969 2704 nohis,
994 2613 1116 2702 Agnus
1143 2610 1208 2682 Dei
1236 2612 1292 2705 qui
1318 2608 1402 2681 tollit
1427 2619 1602 2703 peccatum
1627 2609 1754 2682 mundi:
1789 2608 1887 2682 lirror
1919 2621 1954 2683 et
1986 2615 2029 2682 ira

545 2784 550 2795 ,
656 2727 775 2823 procul
807 2751 827 2798 a
859 2727 958 2800 nohis
990 2727 1085 2815 liant,
1120 2749 1183 2821 per
1216 2725 1305 2797 illum
1339 2729 1395 2820 qui
1426 2723 1594 2797 diabolum
1629 2737 1663 2798 et
1698 2727 1863 2797 inimicum
1891 2725 2031 2799 traduxit

658 2842 877 2915 crucifixione
903 2864 976 2931 sua,
1003 2851 1038 2913 et
1063 2840 1318 2936 chirographum
1346 2840 1539 2914 delictorum
1565 2853 1716 2916 nostrum
1746 2841 1851 2915 scidit.
1896 2842 2028 2914 Omnem

655 2968 823 3030 terrenum
850 2960 1087 3050 cogitationem
1115 2956 1212 3029 aular
1238 2981 1258 3029 a
1285 2957 1403 3046 nohis,
1436 2956 1614 3053 perillum
1648 2962 1792 3053 quinos
1827 2981 1947 3031 secum
1972 2980 2028 3030 as·

657 3077 775 3147 sumsit
800 3076 833 3144 in
861 3072 1004 3161 coelum,
1031 3084 1067 3144 ut
1092 3095 1177 3169 pure
1192 3077 1473 3147 communicemus
1500 3084 1708 3146 sacramento
1735 3078 1927 3169 purissimo,
1950 3096 2028 3147 san·

658 3189 905 3284 ctificemurque
931 3187 1083 3283 perfecte
1109 3191 1143 3260 in
1171 3211 1328 3284 corpore,
1355 3193 1465 3262 anima
1492 3198 1527 3261 et
1552 3191 1680 3285 spiritu,
1708 3201 1742 3262 et
1765 3189 1954 3262 referamus
1976 3188 2028 3260 tihi

657 3303 810 3398 gloriam.
852 3315 915 3376 etc.

767 3419 952 3491 Sacerdos.
1006 3420 1090 3491 Pax.

764 3535 926 3627 Populea.
952 3532 1096 3606 Etcum
1124 3537 1240 3629 spiritu
1268 3545 1335 3606 tuo.

761 3648 947 3722 Sacerdos.
1000 3650 1195 3722 Benedictio
1221 3649 1286 3722 Dei
1313 3651 1355 3722 sit
1380 3660 1444 3722 etc.
1534 3724 1543 3736 ,

762 3764 951 3835 Diaconos.
1005 3764 1090 3837 Cum
1116 3768 1245 3838 timore.

763 3880 925 3972 Populus.
982 3879 1107 3954 Coram
1135 3893 1177 3953 te.

763 3995 948 4069 Sacerdos.
1002 3997 1128 4069 Sancta
1155 3999 1289 4069 sanctis.

769 4110 953 4183 Sacerdos.
1008 4112 1115 4198 Quam
1142 4111 1297 4205 gloriam,
1324 4125 1380 4186 aut
1406 4138 1504 4210 quam
1535 4113 1688 4207 landem,
1722 4126 1777 4188 ant
1804 4139 1903 4211 quam
1929 4120 2025 4188 retri-

658 4225 827 4299 butionem
855 4230 1038 4320 gratiarum
1066 4232 1207 4300 actionis
1239 4212 1424 4303 referemus
1457 4229 1531 4319 tihi,
1567 4231 1660 4305 Dens
1695 4243 1825 4304 amator
1856 4232 2025 4318 hominum,

661 4346 737 4439 quia
763 4343 859 4418 nohis
888 4346 943 4439 qui
969 4348 1085 4417 mortis
1112 4349 1173 4433 rei,
1201 4357 1235 4418 et
1262 4346 1382 4418 dudum
1407 4350 1555 4419 immersi
1581 4352 1729 4443 peccatis
1756 4371 1900 4437 eramus,
1926 4347 2024 4420 liher-

659 4468 761 4530 tatem
788 4458 935 4550 donasti,
968 4470 1003 4532 et
1033 4464 1212 4557 participes
1239 4484 1303 4534 nos
1329 4462 1436 4536 iecisti
1469 4463 1614 4535 alimenti
1649 4466 1745 4536 istius
1777 4465 1969 4536 immortalis
1993 4473 2024 4534 et

661 4573 833 4665 coelestis,
861 4586 896 4648 et
921 4598 1020 4649 omna
1046 4581 1242 4672 mysterium
1269 4577 1357 4673 quod
1384 4601 1404 4649 a
1431 4579 1573 4652 saeculis
1601 4590 1634 4651 et
1666 4579 1936 4671 generationibus
1961 4587 2026 4649 erat

660 4689 890 4763 absconditum
917 4690 1015 4765 nohis
1042 4691 1223 4783 revelasti,
1250 4692 1390 4764 utillud
1417 4703 1531 4766 notum
1557 4695 1653 4767 tieret
1679 4695 1875 4783 Virtutibus,
1900 4696 2023 4767 Princi-

658 4806 790 4900 patihns
817 4818 852 4877 et
876 4807 1101 4881 Potestatihus
1128 4807 1336 4894 coelestium,
1363 4832 1425 4903 per
1450 4809 1649 4883 Ecclesiam.
1688 4810 1861 4908 Sapientia
1888 4821 1941 4882 tna
1965 4831 2021 4879 su-

659 4930 757 5015 perat
782 4943 881 4994 omne
908 4924 997 5018 qnod
1024 4927 1159 5021 sapiens
1188 4928 1416 5014 existimatur,
1448 4936 1483 4997 et
1514 4948 1615 5023 supra
1646 4948 1778 4999 omnem
1810 4924 2021 5022 comprehen-

661 5039 791 5108 sionem
816 5037 901 5110 haec
928 5049 1044 5113 nostra
1072 5041 1259 5136 dispensas.
1314 5041 1446 5127 Quanta
1479 5041 1564 5114 haec
1599 5053 1652 5115 est
1680 5047 1787 5116 omnis
1814 5044 1944 5115 dilectio
1963 5063 2021 5111 ca·
