4525 6034
681 572 758 646 494
966 570 1326 650 LITURGld
1378 572 1761 653 conmotus

786 760 971 853 Sacerdos.
1023 758 1194 832 Exultabo
1222 770 1254 831 te
1280 781 1346 831 rex
1371 782 1466 835 meus
1493 772 1527 834 et
1554 762 1647 836 Deus
1674 783 1780 855 meus,
1808 773 1842 835 et
1860 761 2046 838 benedicam

681 877 805 948 nomini
833 887 890 949 tuo
916 880 950 947 in
977 876 1159 967 saeculum,
1186 886 1221 947 et
1245 878 1279 947 in
1306 877 1474 950 saeculum
1505 877 1641 951 saeculi.

784 993 946 1087 Populus.
998 994 1100 1065 Pater
1134 1002 1251 1065 noster
1286 996 1341 1087 qui
1373 1017 1411 1066 es
1446 997 1480 1065 in
1514 994 1640 1085 coelis,
1675 1017 1719 1067 ue
1752 1016 1815 1067 nos
1850 994 1985 1067 inducas
2016 998 2047 1068 in

680 1114 912 1197 tentationem,
946 1132 1019 1182 cum
1046 1114 1227 1206 participes
1262 1108 1342 1182 lacti
1374 1108 1533 1184 linerimus
1572 1112 1725 1208 eorporis
1761 1114 1869 1184 sancti
1904 1120 1938 1182 et
1968 1131 2046 1183 san·

681 1230 791 1320 guinis
817 1229 973 1323 pretiosi:
1000 1228 1193 1322 gratiasque
1220 1229 1362 1319 agimus,
1389 1225 1477 1322 quod
1503 1248 1565 1300 nos
1593 1228 1713 1320 dignos
1739 1227 1876 1315 fecerit,
1902 1249 2048 1299 commu-

681 1342 814 1414 nicandi
848 1346 1011 1439 mysterio
1045 1342 1177 1436 gloriae
1211 1353 1245 1415 et
1279 1345 1480 1432 sanctitatis,
1516 1342 1606 1439 qnod
1639 1365 1772 1416 omnem
1805 1342 2048 1436 intelligentiam

681 1467 833 1555 superat:
861 1458 1056 1533 benedicam
1083 1459 1142 1532 tibi
1168 1470 1202 1532 et
1227 1458 1373 1532 laudabo
1399 1480 1521 1532 nomen
1545 1469 1654 1548 mum,
1682 1463 1714 1531 in
1742 1456 1927 1556 saeculum,
1961 1471 1994 1532 et
2017 1463 2048 1531 in

682 1575 851 1648 saeculum
880 1575 1015 1648 saeculi.

785 1692 947 1786 Popula.
1000 1693 1102 1764 Pater
1127 1702 1253 1764 noster.

785 1808 969 1880 Sacerdos.
1021 1808 1173 1881 Laudem
1198 1807 1332 1881 Domini
1358 1807 1511 1904 loquetur
1537 1829 1577 1881 os
1603 1830 1730 1898 mcum,
1765 1818 1800 1880 et
1833 1809 1940 1881 omnis
1973 1829 2047 1880 caro
2158 1892 2160 1897 ‚

680 1923 858 1997 benedicet
883 1946 1006 1997 nomen
1033 1935 1185 1997 sanetum
1212 1928 1303 2017 ejus,
1329 1926 1362 1996 iu
1390 1922 1578 2015 saeculum,
1604 1936 1638 1996 et
1663 1927 1698 1997 in
1723 1925 1891 1998 saeculum
1918 1921 2046 1998 sacculi

784 2040 947 2134 Poputm.
999 2041 1101 2113 Pater
1126 2048 1252 2113 noster.

784 2155 968 2229 Sacerdos.
999 2224 1003 2237 ‚
1030 2157 1158 2229 Rector
1194 2159 1394 2249 animarum,
1425 2168 1619 2230 sauctorum
1659 2156 1823 2246 director,
1863 2168 2048 2230 sanctonum
2090 2200 2095 2205 -
2211 2256 2212 2271 χ

680 2273 806 2367 gloria:
834 2272 877 2344 da
903 2270 1001 2345 nobis
1027 2274 1170 2345 Domine
1197 2271 1314 2346 oculos
1341 2270 1599 2365 intelligentiae,
1625 2276 1681 2368 qui
1706 2282 1869 2369 perpetuo
1896 2282 1930 2345 te
1957 2275 2048 2369 aspi-

681 2392 788 2478 ciant3
822 2398 856 2461 et
889 2411 987 2464 aures
1022 2410 1108 2484 quac
1142 2388 1350 2464 solummodo
1384 2399 1418 2461 te
1452 2388 1601 2475 audiant,
1634 2399 1811 2485 postquam
1843 2390 1962 2462 satiata
1995 2387 2049 2460 fuit

681 2509 792 2579 anima
818 2515 946 2595 nostra,
973 2508 1080 2598 gratia
1108 2514 1174 2577 tua.
1228 2504 1298 2579 Cor
1324 2505 1477 2577 mundum
1504 2527 1584 2578 crea
1609 2503 1708 2579 nobis
1729 2505 1882 2593 Domine,
1908 2515 1945 2578 ut
1970 2527 2047 2600 per-

679 2633 781 2719 petuo
818 2620 1040 2714 intelligamus
1075 2621 1259 2694 bonitatem
1291 2633 1326 2695 et
1358 2644 1505 2695 amorem
1539 2644 1624 2715 erga
1656 2621 1808 2695 homines
1834 2620 1898 2692 Dei
1932 2622 2046 2693 nostri:

679 2736 845 2830 benignus
879 2747 953 2812 esto
986 2741 1116 2810 animae
1151 2749 1304 2829 nostrae,
1335 2748 1546 2834 mentemque
1579 2760 1696 2835 puram
1731 2748 1766 2809 et
1796 2747 1924 2809 rectam
1956 2735 2046 2809 uobis

678 2852 818 2947 largire,
846 2856 901 2948 qui
927 2875 1050 2951 corpus
1078 2864 1167 2926 tuum
1194 2865 1227 2927 et
1253 2858 1447 2948 sanguinem
1474 2858 1697 2952 percepimus,
1723 2875 1788 2927 nos
1807 2850 1948 2925 humiles
1963 2853 2047 2925 servi

679 2974 742 3042 tui:
771 2972 847 3065 quia
873 2979 963 3043 tuum
990 2980 1043 3044 est
1067 2992 1210 3064 regnum
1235 2970 1394 3062 Domine,
1424 2972 1498 3046 laus
1525 2981 1559 3043 et
1584 2971 1791 3059 benedictio,
1824 2970 1946 3060 Pater,
1979 2967 2045 3053 Fili,

681 3096 715 3160 et
740 3086 883 3184 Spiritus
911 3098 1039 3179 sancte,
1065 3109 1153 3160 nunc
1179 3096 1214 3158 et
1240 3108 1384 3184 semper,
1411 3098 1445 3160 et
1470 3091 1503 3161 in
1531 3087 1663 3163 saecula
1686 3085 1905 3161 saeculorum.
1933 3086 2057 3158 Amen(

1161 3363 1283 3434 Oratio
1310 3360 1567 3435 benedictionis.

783 3552 967 3626 Sacerdos.
1020 3553 1164 3626 Domine
1190 3551 1283 3625 Deus
1310 3564 1444 3644 noster,
1475 3552 1587 3625 lumen
1618 3549 1887 3646 inextinguibile,
1919 3553 2043 3646 respice

679 3690 802 3742 servos
834 3679 910 3743 mos
944 3679 980 3742 et
1010 3668 1147 3767 ancillas
1182 3679 1279 3759 tuas,
1312 3690 1456 3765 aereque
1488 3672 1522 3741 iu
1555 3669 1711 3743 cordibus
1747 3691 1861 3743 eorum
1900 3671 2041 3740 timorem

679 3786 823 3858 nominis
858 3788 925 3874 tui,
958 3798 992 3859 et
1025 3807 1164 3858 numera
1190 3784 1278 3874 illos,
1304 3796 1340 3856 ut
1364 3784 1563 3858 fructificent
1587 3789 1622 3858 in
1646 3785 1897 3874 benedictione,
1933 3783 2040 3880 quibus

680 3900 790 3973 datum
818 3911 872 3974 est
897 3924 1019 3999 corpus
1045 3913 1135 3975 tuum
1163 3913 1197 3975 et
1223 3904 1360 3994 sanguis
1387 3910 1476 3974 tuus:
1502 3912 1603 3997 utque
1628 3900 1754 3975 habitet
1779 3923 1881 3997 super
1907 3900 2040 3996 eosqui

679 4016 839 4089 inclinant
864 4021 973 4115 capita
1000 4041 1062 4091 sua
1089 4041 1204 4091 coram
1231 4027 1275 4106 te,
1302 4019 1458 4115 populum
1484 4028 1586 4110 tuum,
1612 4022 1725 4108 viros,
1751 4019 1906 4092 mulieres
1932 4027 1966 4090 et
1987 4018 2039 4087 in-

677 4132 800 4227 fantes,
827 4145 862 4207 et
886 4157 961 4209 nos.
976 4138 1075 4207 etiam
1101 4133 1166 4209 illis
1192 4134 1349 4227 adjunge,
1375 4146 1530 4230 protege,
1557 4133 1665 4228 dirige
1691 4145 1726 4208 et
1750 4135 1859 4225 salva,
1885 4156 1946 4230 per
1968 4133 2038 4204 vir-

679 4260 781 4323 tutem
817 4250 1102 4345 Archangelomm
1135 4262 1275 4324 morum.
1328 4250 1383 4324 Ab
1416 4253 1506 4323 omni
1539 4273 1643 4346 opere
1675 4250 1764 4324 malo
1795 4271 1936 4324 remove
1964 4268 2037 4320 nos:

679 4366 721 4437 ad
748 4387 847 4440 omne
873 4391 958 4464 opus
985 4366 1109 4440 bouum
1136 4367 1281 4462 adJunge
1306 4389 1385 4441 nos:
1423 4390 1486 4463 per
1511 4364 1676 4441 Christum
1702 4369 1906 4460 unigenitum
1930 4362 2036 4437 lilium

609 4498 614 4507 “
678 4492 769 4554 tuum
794 4505 857 4579 per
884 4506 1002 4579 quem
1030 4494 1092 4555 etc.

784 4598 852 4670 Hic
876 4603 978 4693 finem
1002 4599 1106 4670 babet
1119 4600 1281 4697 Liturgr'u
1294 4601 1438 4672 Petrum
1462 4607 1654 4672 morborum
1669 4600 1924 4693 Apostolorum,
1950 4597 2035 4668 Ore-
2087 4586 2090 4589 “

680 4718 791 4795 tiones
818 4736 935 4786 eorum
961 4721 996 4787 et
1021 4714 1276 4789 benedictiones
1302 4739 1418 4788 cortun
1443 4716 1616 4789 nobiscum
1640 4719 1716 4789 rint.
1769 4717 1890 4788 Amen.

785 4827 945 4921 Sanctus,
984 4829 1145 4925 Sanctus,
1180 4831 1322 4904 Sanctus
1357 4831 1501 4906 Trinitas
1531 4828 1790 4930 inexplicabilis:
1826 4832 1870 4903 da
1903 4827 1977 4903 mibi
2004 4834 2035 4896 ut

683 4948 844 5042 accipiam
872 4946 914 5019 ad
940 4949 1063 5037 vitam,
1090 4957 1124 5020 et
1150 4947 1278 5045 absque
1304 4948 1580 5022 condemnatione
1606 4972 1727 5046 corpus
1754 4958 1853 5021 tuum.
1894 4945 1945 5018 Da
1968 4938 2034 5015 milti

679 5072 716 5134 ut
741 5062 862 5137 luciam
888 5063 1029 5139 lructum
1056 5068 1112 5162 qui
1138 5065 1198 5140 tibi
1223 5063 1365 5163 placeat,
1392 5075 1427 5140 et
1453 5088 1633 5163 appaream
1659 5069 1693 5138 iu
1718 5066 1827 5160 gloria
1842 5074 1911 5155 tua,
1935 5070 1967 5134 at
1982 5060 2033 5131 vi·
