<?xml version="1.0" encoding="UTF-8"?>
<!DOCTYPE html PUBLIC "-//W3C//DTD XHTML 1.0 Transitional//EN"
    "http://www.w3.org/TR/xhtml1/DTD/xhtml1-transitional.dtd">
<html xmlns="http://www.w3.org/1999/xhtml" xml:lang="en" lang="en">
 <head>
  <title>
</title>
<meta http-equiv="Content-Type" content="text/html;charset=utf-8" />
  <meta name='ocr-system' content='tesseract 3.04.00' />
  <meta name='ocr-capabilities' content='ocr_page ocr_carea ocr_par ocr_line ocrx_word'/>
</head>
<body>
  <div class='ocr_page' id='page_1' title='image "./liturgiarumorie00unkngoog/liturgiarumorie00unkngoog_0592.png"; bbox 0 0 4525 6034; ppageno 0'>
   <div class='ocr_carea' id='block_1_1' title="bbox 694 521 1684 604">
    <p class='ocr_par' dir='ltr' id='par_1_1' title="bbox 694 521 1684 604">
     <span class='ocr_line' id='line_1_1' title="bbox 694 521 1684 604; baseline 0.007 -7"><span class='ocrx_word' id='word_1_1' title='bbox 694 521 771 597; x_wconf 79' lang='lat'><strong>428</strong></span> <span class='ocrx_word' id='word_1_2' title='bbox 1084 524 1684 604; x_wconf 79' lang='lat' dir='ltr'><strong>DEPATRIARGHA</strong></span> 
     </span>
    </p>
   </div>
   <div class='ocr_carea' id='block_1_2' title="bbox 370 692 2209 5113">
    <p class='ocr_par' dir='ltr' id='par_1_2' title="bbox 562 692 2050 2203">
     <span class='ocr_line' id='line_1_2' title="bbox 562 692 2046 811; baseline 0.006 -29"><span class='ocrx_word' id='word_1_3' title='bbox 562 692 568 720; x_wconf 82' lang='grc'>’</span> <span class='ocrx_word' id='word_1_4' title='bbox 693 710 977 810; x_wconf 78' lang='lat' dir='ltr'><strong>Hieroglyphicas</strong></span> <span class='ocrx_word' id='word_1_5' title='bbox 994 720 1159 801; x_wconf 88' lang='lat' dir='ltr'><strong>vetustas,</strong></span> <span class='ocrx_word' id='word_1_6' title='bbox 1187 735 1285 807; x_wconf 90' lang='lat' dir='ltr'><strong>quae,</strong></span> <span class='ocrx_word' id='word_1_7' title='bbox 1311 724 1347 785; x_wconf 92' lang='lat' dir='ltr'><strong>ut</strong></span> <span class='ocrx_word' id='word_1_8' title='bbox 1374 735 1421 785; x_wconf 88' lang='lat' dir='ltr'><strong>ex</strong></span> <span class='ocrx_word' id='word_1_9' title='bbox 1446 723 1618 810; x_wconf 86' lang='lat' dir='ltr'><strong>postrema</strong></span> <span class='ocrx_word' id='word_1_10' title='bbox 1633 714 1879 811; x_wconf 83' lang='lat' dir='ltr'><strong>Capacinorum</strong></span> <span class='ocrx_word' id='word_1_11' title='bbox 1906 715 2046 791; x_wconf 77' lang='lat' dir='ltr'>relatione</span> 
     </span>
     <span class='ocr_line' id='line_1_3' title="bbox 693 826 2043 928; baseline 0.007 -31"><span class='ocrx_word' id='word_1_12' title='bbox 693 837 843 918; x_wconf 84' lang='lat' dir='ltr'><strong>constat,</strong></span> <span class='ocrx_word' id='word_1_13' title='bbox 877 830 1001 902; x_wconf 89' lang='lat' dir='ltr'><strong>inillis</strong></span> <span class='ocrx_word' id='word_1_14' title='bbox 1035 829 1187 902; x_wconf 89' lang='lat' dir='ltr'><strong>omnibus</strong></span> <span class='ocrx_word' id='word_1_15' title='bbox 1220 826 1415 920; x_wconf 83' lang='lat' dir='ltr'><strong>regionibus</strong></span> <span class='ocrx_word' id='word_1_16' title='bbox 1446 842 1624 904; x_wconf 85' lang='lat' dir='ltr'><strong>occurrunt</strong></span> <span class='ocrx_word' id='word_1_17' title='bbox 1656 834 1781 928; x_wconf 89' lang='lat' dir='ltr'><strong>passim</strong></span> <span class='ocrx_word' id='word_1_18' title='bbox 1813 836 1847 903; x_wconf 94' lang='lat' dir='ltr'><strong>in</strong></span> <span class='ocrx_word' id='word_1_19' title='bbox 1887 832 2043 924; x_wconf 87' lang='lat' dir='ltr'><strong>Obeliseis,</strong></span> 
     </span>
     <span class='ocr_line' id='line_1_4' title="bbox 693 943 2044 1043; baseline 0.003 -29"><span class='ocrx_word' id='word_1_20' title='bbox 693 943 887 1039; x_wconf 88' lang='lat' dir='ltr'><strong>sphingibus</strong></span> <span class='ocrx_word' id='word_1_21' title='bbox 915 956 948 1017; x_wconf 92' lang='lat' dir='ltr'><strong>et</strong></span> <span class='ocrx_word' id='word_1_22' title='bbox 975 945 1049 1018; x_wconf 90' lang='lat' dir='ltr'><strong>aliis</strong></span> <span class='ocrx_word' id='word_1_23' title='bbox 1076 948 1307 1018; x_wconf 78' lang='lat' dir='ltr'><strong>monumentis.</strong></span> <span class='ocrx_word' id='word_1_24' title='bbox 1360 945 1445 1017; x_wconf 86' lang='lat' dir='ltr'><strong>Sunt</strong></span> <span class='ocrx_word' id='word_1_25' title='bbox 1470 969 1603 1042; x_wconf 87' lang='lat' dir='ltr'><strong>quoque</strong></span> <span class='ocrx_word' id='word_1_26' title='bbox 1629 950 1685 1043; x_wconf 90' lang='lat' dir='ltr'><strong>qui</strong></span> <span class='ocrx_word' id='word_1_27' title='bbox 1721 947 1764 1019; x_wconf 94' lang='lat' dir='ltr'><strong>ad</strong></span> <span class='ocrx_word' id='word_1_28' title='bbox 1789 970 1864 1020; x_wconf 89' lang='lat' dir='ltr'><strong>eam</strong></span> <span class='ocrx_word' id='word_1_29' title='bbox 1891 949 2044 1038; x_wconf 79' lang='lat' dir='ltr'><strong>regionem</strong></span> 
     </span>
     <span class='ocr_line' id='line_1_5' title="bbox 692 1059 2043 1158; baseline 0.003 -29"><span class='ocrx_word' id='word_1_30' title='bbox 692 1059 841 1133; x_wconf 87' lang='lat' dir='ltr'><strong>relerout</strong></span> <span class='ocrx_word' id='word_1_31' title='bbox 867 1062 1076 1134; x_wconf 73' lang='lat' dir='ltr'><strong>traditionem</strong></span> <span class='ocrx_word' id='word_1_32' title='bbox 1103 1065 1284 1149; x_wconf 87' lang='lat' dir='ltr'><strong>incertam,</strong></span> <span class='ocrx_word' id='word_1_33' title='bbox 1318 1060 1378 1133; x_wconf 86' lang='lat' dir='ltr'><strong>sed</strong></span> <span class='ocrx_word' id='word_1_34' title='bbox 1414 1062 1464 1158; x_wconf 61' lang='lat' dir='ltr'><strong>ab⁴</strong></span> <span class='ocrx_word' id='word_1_35' title='bbox 1483 1066 1566 1157; x_wconf 90' lang='lat' dir='ltr'><strong>ipsis</strong></span> <span class='ocrx_word' id='word_1_36' title='bbox 1591 1062 1842 1136; x_wconf 88' lang='lat' dir='ltr'><strong>Muhamedanis</strong></span> <span class='ocrx_word' id='word_1_37' title='bbox 1869 1083 2043 1134; x_wconf 87' lang='lat' dir='ltr'><strong>conserva-</strong></span> 
     </span>
     <span class='ocr_line' id='line_1_6' title="bbox 692 1176 2046 1275; baseline 0.002 -29"><span class='ocrx_word' id='word_1_38' title='bbox 692 1185 779 1267; x_wconf 88' lang='lat' dir='ltr'><strong>tam,</strong></span> <span class='ocrx_word' id='word_1_39' title='bbox 815 1177 905 1272; x_wconf 86' lang='lat' dir='ltr'><strong>qnod</strong></span> <span class='ocrx_word' id='word_1_40' title='bbox 940 1177 1091 1252; x_wconf 83' lang='lat' dir='ltr'><strong>Christus</strong></span> <span class='ocrx_word' id='word_1_41' title='bbox 1123 1200 1197 1248; x_wconf 88' lang='lat' dir='ltr'><strong>cum</strong></span> <span class='ocrx_word' id='word_1_42' title='bbox 1229 1177 1334 1249; x_wconf 88' lang='lat' dir='ltr'><strong>Maria</strong></span> <span class='ocrx_word' id='word_1_43' title='bbox 1363 1188 1484 1266; x_wconf 87' lang='lat' dir='ltr'><strong>matre,</strong></span> <span class='ocrx_word' id='word_1_44' title='bbox 1517 1178 1593 1250; x_wconf 93' lang='lat' dir='ltr'><strong>dum</strong></span> <span class='ocrx_word' id='word_1_45' title='bbox 1630 1182 1662 1250; x_wconf 94' lang='lat' dir='ltr'><strong>in</strong></span> <span class='ocrx_word' id='word_1_46' title='bbox 1695 1180 1857 1275; x_wconf 73' lang='lat' dir='ltr'><strong>Aegypto</strong></span> <span class='ocrx_word' id='word_1_47' title='bbox 1884 1176 1959 1262; x_wconf 91' lang='lat' dir='ltr'><strong>fuit,</strong></span> <span class='ocrx_word' id='word_1_48' title='bbox 1989 1176 2046 1249; x_wconf 89' lang='lat' dir='ltr'><strong>illic</strong></span> 
     </span>
     <span class='ocr_line' id='line_1_7' title="bbox 693 1292 2045 1388; baseline 0 -23"><span class='ocrx_word' id='word_1_49' title='bbox 693 1302 917 1367; x_wconf 87' lang='lat' dir='ltr'><strong>commoratus</strong></span> <span class='ocrx_word' id='word_1_50' title='bbox 945 1306 1009 1384; x_wconf 90' lang='lat' dir='ltr'><strong>est,</strong></span> <span class='ocrx_word' id='word_1_51' title='bbox 1037 1297 1189 1388; x_wconf 88' lang='lat' dir='ltr'><strong>quamvis</strong></span> <span class='ocrx_word' id='word_1_52' title='bbox 1216 1292 1249 1363; x_wconf 92' lang='lat' dir='ltr'><strong>id</strong></span> <span class='ocrx_word' id='word_1_53' title='bbox 1275 1292 1330 1365; x_wconf 89' lang='lat' dir='ltr'><strong>alii</strong></span> <span class='ocrx_word' id='word_1_54' title='bbox 1357 1294 1536 1366; x_wconf 81' lang='lat' dir='ltr'><strong>Beubeoe:</strong></span> <span class='ocrx_word' id='word_1_55' title='bbox 1563 1294 1617 1368; x_wconf 84' lang='lat' dir='ltr'><strong>alii</strong></span> <span class='ocrx_word' id='word_1_56' title='bbox 1632 1296 1886 1367; x_wconf 81' lang='lat' dir='ltr'><strong>Aeclomooiuuc</strong></span> <span class='ocrx_word' id='word_1_57' title='bbox 1906 1293 2045 1365; x_wconf 85' lang='lat' dir='ltr'><strong>tribuunt:</strong></span> 
     </span>
     <span class='ocr_line' id='line_1_8' title="bbox 692 1406 2046 1506; baseline 0.001 -26"><span class='ocrx_word' id='word_1_58' title='bbox 692 1431 738 1480; x_wconf 91' lang='lat' dir='ltr'><strong>ex</strong></span> <span class='ocrx_word' id='word_1_59' title='bbox 766 1433 830 1504; x_wconf 88' lang='lat' dir='ltr'><strong>qua</strong></span> <span class='ocrx_word' id='word_1_60' title='bbox 857 1409 940 1482; x_wconf 92' lang='lat' dir='ltr'><strong>urbe</strong></span> <span class='ocrx_word' id='word_1_61' title='bbox 966 1409 1149 1506; x_wconf 89' lang='lat' dir='ltr'><strong>proiectos,</strong></span> <span class='ocrx_word' id='word_1_62' title='bbox 1175 1418 1210 1481; x_wconf 93' lang='lat' dir='ltr'><strong>ut</strong></span> <span class='ocrx_word' id='word_1_63' title='bbox 1235 1409 1381 1481; x_wconf 75' lang='lat' dir='ltr'><strong>redirent</strong></span> <span class='ocrx_word' id='word_1_64' title='bbox 1406 1413 1440 1481; x_wconf 94' lang='lat' dir='ltr'><strong>in</strong></span> <span class='ocrx_word' id='word_1_65' title='bbox 1466 1410 1629 1482; x_wconf 86' lang='lat' dir='ltr'><strong>Judaeum</strong></span> <span class='ocrx_word' id='word_1_66' title='bbox 1655 1411 1771 1484; x_wconf 85' lang='lat' dir='ltr'><strong>scribit</strong></span> <span class='ocrx_word' id='word_1_67' title='bbox 1793 1406 1964 1485; x_wconf 88' lang='lat' dir='ltr'><strong>Abuselab</strong></span> <span class='ocrx_word' id='word_1_68' title='bbox 1981 1408 2046 1482; x_wconf 89' lang='lat' dir='ltr'><strong>Ar-</strong></span> 
     </span>
     <span class='ocr_line' id='line_1_9' title="bbox 690 1522 2047 1623; baseline -0.001 -26"><span class='ocrx_word' id='word_1_69' title='bbox 690 1548 818 1600; x_wconf 90' lang='lat' dir='ltr'><strong>menus.</strong></span> <span class='ocrx_word' id='word_1_70' title='bbox 869 1525 954 1597; x_wconf 87' lang='lat' dir='ltr'><strong>Eam</strong></span> <span class='ocrx_word' id='word_1_71' title='bbox 981 1549 1059 1599; x_wconf 90' lang='lat' dir='ltr'><strong>esse</strong></span> <span class='ocrx_word' id='word_1_72' title='bbox 1084 1526 1348 1622; x_wconf 90' lang='lat' dir='ltr'><strong>Antinooupolin</strong></span> <span class='ocrx_word' id='word_1_73' title='bbox 1375 1530 1474 1598; x_wconf 91' lang='lat' dir='ltr'><strong>etiam</strong></span> <span class='ocrx_word' id='word_1_74' title='bbox 1500 1550 1546 1599; x_wconf 90' lang='lat' dir='ltr'><strong>ex</strong></span> <span class='ocrx_word' id='word_1_75' title='bbox 1579 1550 1621 1600; x_wconf 90' lang='lat' dir='ltr'><strong>eo</strong></span> <span class='ocrx_word' id='word_1_76' title='bbox 1659 1528 1779 1623; x_wconf 90' lang='lat' dir='ltr'><strong>probat</strong></span> <span class='ocrx_word' id='word_1_77' title='bbox 1806 1527 1942 1609; x_wconf 86' lang='lat' dir='ltr'><strong>Golius,</strong></span> <span class='ocrx_word' id='word_1_78' title='bbox 1970 1522 2047 1619; x_wconf 80' lang='lat' dir='ltr'><strong>quod</strong></span> 
     </span>
     <span class='ocr_line' id='line_1_10' title="bbox 691 1640 2048 1737; baseline -0.001 -26"><span class='ocrx_word' id='word_1_79' title='bbox 691 1640 828 1714; x_wconf 89' lang='lat' dir='ltr'><strong>latitudo</strong></span> <span class='ocrx_word' id='word_1_80' title='bbox 851 1643 913 1715; x_wconf 84' lang='lat'><strong>27.</strong></span> <span class='ocrx_word' id='word_1_81' title='bbox 932 1641 1106 1735; x_wconf 87' lang='lat' dir='ltr'><strong>graduum,</strong></span> <span class='ocrx_word' id='word_1_82' title='bbox 1133 1663 1233 1736; x_wconf 88' lang='lat' dir='ltr'><strong>quarn</strong></span> <span class='ocrx_word' id='word_1_83' title='bbox 1259 1644 1322 1737; x_wconf 90' lang='lat' dir='ltr'><strong>ipsi</strong></span> <span class='ocrx_word' id='word_1_84' title='bbox 1349 1641 1461 1715; x_wconf 80' lang='lat' dir='ltr'><strong>tribuit</strong></span> <span class='ocrx_word' id='word_1_85' title='bbox 1479 1643 1703 1732; x_wconf 88' lang='lat' dir='ltr'><strong>Ptolemaeus,</strong></span> <span class='ocrx_word' id='word_1_86' title='bbox 1731 1645 1872 1715; x_wconf 81' lang='lat' dir='ltr'><strong>Aomtue</strong></span> <span class='ocrx_word' id='word_1_87' title='bbox 1900 1663 1958 1714; x_wconf 90' lang='lat' dir='ltr'><strong>seu</strong></span> <span class='ocrx_word' id='word_1_88' title='bbox 1977 1640 2048 1710; x_wconf 84' lang='lat' dir='ltr'><strong>Ao-</strong></span> 
     </span>
     <span class='ocr_line' id='line_1_11' title="bbox 692 1756 2048 1855; baseline 0 -27"><span class='ocrx_word' id='word_1_89' title='bbox 692 1762 791 1829; x_wconf 77' lang='lat' dir='ltr'><strong>sioue</strong></span> <span class='ocrx_word' id='word_1_90' title='bbox 822 1758 957 1832; x_wconf 89' lang='lat' dir='ltr'><strong>Arabes</strong></span> <span class='ocrx_word' id='word_1_91' title='bbox 1000 1756 1163 1830; x_wconf 88' lang='lat' dir='ltr'><strong>tribuunt:</strong></span> <span class='ocrx_word' id='word_1_92' title='bbox 1206 1758 1417 1850; x_wconf 83' lang='lat' dir='ltr'><strong>longitudinis</strong></span> <span class='ocrx_word' id='word_1_93' title='bbox 1453 1762 1644 1833; x_wconf 86' lang='lat' dir='ltr'><strong>meminisse</strong></span> <span class='ocrx_word' id='word_1_94' title='bbox 1679 1779 1965 1855; x_wconf 77' lang='lat' dir='ltr'><strong>supervacaneum</strong></span> <span class='ocrx_word' id='word_1_95' title='bbox 1993 1766 2048 1844; x_wconf 84' lang='lat' dir='ltr'><strong>eet,</strong></span> 
     </span>
     <span class='ocr_line' id='line_1_12' title="bbox 691 1863 2048 1971; baseline -0.001 -26"><span class='ocrx_word' id='word_1_96' title='bbox 691 1897 766 1946; x_wconf 93' lang='lat' dir='ltr'><strong>cum</strong></span> <span class='ocrx_word' id='word_1_97' title='bbox 796 1874 983 1962; x_wconf 87' lang='lat' dir='ltr'><strong>Abulieda,</strong></span> <span class='ocrx_word' id='word_1_98' title='bbox 1019 1878 1113 1968; x_wconf 76' lang='lat' dir='ltr'><strong>quus</strong></span> <span class='ocrx_word' id='word_1_99' title='bbox 1154 1898 1238 1971; x_wconf 90' lang='lat' dir='ltr'><strong>prae</strong></span> <span class='ocrx_word' id='word_1_100' title='bbox 1272 1879 1395 1947; x_wconf 89' lang='lat' dir='ltr'><strong>ceteris</strong></span> <span class='ocrx_word' id='word_1_101' title='bbox 1437 1875 1605 1968; x_wconf 87' lang='lat' dir='ltr'><strong>diligentia</strong></span> <span class='ocrx_word' id='word_1_102' title='bbox 1645 1863 1916 1963; x_wconf 88' lang='lat' dir='ltr'><strong>commendatur,</strong></span> <span class='ocrx_word' id='word_1_103' title='bbox 1947 1875 2048 1944; x_wconf 83' lang='lat' dir='ltr'><strong>varias</strong></span> 
     </span>
     <span class='ocr_line' id='line_1_13' title="bbox 690 1988 2050 2088; baseline -0.002 -26"><span class='ocrx_word' id='word_1_104' title='bbox 690 2000 815 2063; x_wconf 86' lang='lat' dir='ltr'><strong>tanturn</strong></span> <span class='ocrx_word' id='word_1_105' title='bbox 849 1988 1058 2063; x_wconf 88' lang='lat' dir='ltr'><strong>diversorum</strong></span> <span class='ocrx_word' id='word_1_106' title='bbox 1095 1993 1271 2087; x_wconf 88' lang='lat' dir='ltr'><strong>opiniones</strong></span> <span class='ocrx_word' id='word_1_107' title='bbox 1303 1992 1447 2082; x_wconf 80' lang='lat' dir='ltr'><strong>referat,</strong></span> <span class='ocrx_word' id='word_1_108' title='bbox 1484 1991 1569 2064; x_wconf 90' lang='lat' dir='ltr'><strong>adeo</strong></span> <span class='ocrx_word' id='word_1_109' title='bbox 1604 2003 1640 2064; x_wconf 91' lang='lat' dir='ltr'><strong>ut</strong></span> <span class='ocrx_word' id='word_1_110' title='bbox 1675 2014 1779 2088; x_wconf 90' lang='lat' dir='ltr'><strong>saepe</strong></span> <span class='ocrx_word' id='word_1_111' title='bbox 1805 2014 1889 2080; x_wconf 90' lang='lat' dir='ltr'><strong>uno,</strong></span> <span class='ocrx_word' id='word_1_112' title='bbox 1922 1988 2050 2078; x_wconf 90' lang='lat' dir='ltr'><strong>duobus,</strong></span> 
     </span>
     <span class='ocr_line' id='line_1_14' title="bbox 691 2106 1573 2203; baseline 0 -24"><span class='ocrx_word' id='word_1_113' title='bbox 691 2107 796 2179; x_wconf 90' lang='lat' dir='ltr'><strong>tribus</strong></span> <span class='ocrx_word' id='word_1_114' title='bbox 823 2106 1024 2203; x_wconf 86' lang='lat' dir='ltr'><strong>etamplius</strong></span> <span class='ocrx_word' id='word_1_115' title='bbox 1051 2106 1210 2198; x_wconf 61' lang='lat' dir='ltr'><strong>madibus</strong></span> <span class='ocrx_word' id='word_1_116' title='bbox 1236 2111 1322 2178; x_wconf 89' lang='lat' dir='ltr'><strong>inter</strong></span> <span class='ocrx_word' id='word_1_117' title='bbox 1349 2129 1387 2180; x_wconf 89' lang='lat' dir='ltr'><strong>se</strong></span> <span class='ocrx_word' id='word_1_118' title='bbox 1414 2106 1573 2180; x_wconf 85' lang='lat' dir='ltr'><strong>differant.</strong></span> 
     </span>
    </p>

    <p class='ocr_par' dir='ltr' id='par_1_3' title="bbox 692 2222 2050 2435">
     <span class='ocr_line' id='line_1_15' title="bbox 794 2222 2050 2320; baseline -0.003 -26"><span class='ocrx_word' id='word_1_119' title='bbox 794 2224 976 2296; x_wconf 80' lang='lat' dir='ltr'><strong>Kolobowu</strong></span> <span class='ocrx_word' id='word_1_120' title='bbox 1001 2227 1097 2316; x_wconf 88' lang='lat' dir='ltr'><strong>regio</strong></span> <span class='ocrx_word' id='word_1_121' title='bbox 1141 2226 1271 2316; x_wconf 91' lang='lat' dir='ltr'><strong>triginta</strong></span> <span class='ocrx_word' id='word_1_122' title='bbox 1305 2234 1432 2319; x_wconf 89' lang='lat' dir='ltr'><strong>septem</strong></span> <span class='ocrx_word' id='word_1_123' title='bbox 1467 2247 1576 2320; x_wconf 90' lang='lat' dir='ltr'><strong>pagos</strong></span> <span class='ocrx_word' id='word_1_124' title='bbox 1602 2223 1720 2312; x_wconf 87' lang='lat' dir='ltr'><strong>babet,</strong></span> <span class='ocrx_word' id='word_1_125' title='bbox 1752 2233 1870 2317; x_wconf 85' lang='lat' dir='ltr'><strong>estque</strong></span> <span class='ocrx_word' id='word_1_126' title='bbox 1905 2222 2050 2292; x_wconf 87' lang='lat' dir='ltr'><strong>etiamin</strong></span> 
     </span>
     <span class='ocr_line' id='line_1_16' title="bbox 692 2338 1517 2435; baseline -0.001 -24"><span class='ocrx_word' id='word_1_127' title='bbox 692 2338 876 2427; x_wconf 75' lang='lat' dir='ltr'><strong>Thebaide,</strong></span> <span class='ocrx_word' id='word_1_128' title='bbox 904 2339 946 2413; x_wconf 92' lang='lat' dir='ltr'><strong>de</strong></span> <span class='ocrx_word' id='word_1_129' title='bbox 973 2364 1038 2435; x_wconf 88' lang='lat' dir='ltr'><strong>qua</strong></span> <span class='ocrx_word' id='word_1_130' title='bbox 1064 2339 1144 2411; x_wconf 90' lang='lat' dir='ltr'><strong>nihil</strong></span> <span class='ocrx_word' id='word_1_131' title='bbox 1170 2340 1339 2432; x_wconf 89' lang='lat' dir='ltr'><strong>singulare</strong></span> <span class='ocrx_word' id='word_1_132' title='bbox 1365 2344 1517 2413; x_wconf 87' lang='lat' dir='ltr'><strong>occurrit.</strong></span> 
     </span>
    </p>

    <p class='ocr_par' dir='ltr' id='par_1_4' title="bbox 689 2450 2054 3132">
     <span class='ocr_line' id='line_1_17' title="bbox 796 2450 2050 2552; baseline -0.005 -25"><span class='ocrx_word' id='word_1_133' title='bbox 796 2456 947 2527; x_wconf 81' lang='lat' dir='ltr'><strong>Ecbmim</strong></span> <span class='ocrx_word' id='word_1_134' title='bbox 974 2460 1048 2528; x_wconf 92' lang='lat' dir='ltr'><strong>sive</strong></span> <span class='ocrx_word' id='word_1_135' title='bbox 1074 2455 1224 2545; x_wconf 78' lang='lat' dir='ltr'><strong>lcbuoim,</strong></span> <span class='ocrx_word' id='word_1_136' title='bbox 1260 2458 1438 2549; x_wconf 90' lang='lat' dir='ltr'><strong>sexaginta</strong></span> <span class='ocrx_word' id='word_1_137' title='bbox 1465 2467 1533 2529; x_wconf 89' lang='lat' dir='ltr'><strong>tres</strong></span> <span class='ocrx_word' id='word_1_138' title='bbox 1565 2477 1674 2552; x_wconf 85' lang='lat' dir='ltr'><strong>pagos</strong></span> <span class='ocrx_word' id='word_1_139' title='bbox 1707 2455 1954 2552; x_wconf 90' lang='lat' dir='ltr'><strong>complectitur:</strong></span> <span class='ocrx_word' id='word_1_140' title='bbox 1980 2450 2050 2521; x_wconf 88' lang='lat' dir='ltr'><strong>urbs</strong></span> 
     </span>
     <span class='ocr_line' id='line_1_18' title="bbox 691 2571 2050 2667; baseline -0.004 -23"><span class='ocrx_word' id='word_1_141' title='bbox 691 2595 814 2664; x_wconf 91' lang='lat' dir='ltr'><strong>magna</strong></span> <span class='ocrx_word' id='word_1_142' title='bbox 840 2576 874 2644; x_wconf 90' lang='lat' dir='ltr'><strong>in</strong></span> <span class='ocrx_word' id='word_1_143' title='bbox 900 2572 1022 2645; x_wconf 87' lang='lat' dir='ltr'><strong>Sabide</strong></span> <span class='ocrx_word' id='word_1_144' title='bbox 1049 2575 1230 2667; x_wconf 86' lang='lat' dir='ltr'><strong>superiori,</strong></span> <span class='ocrx_word' id='word_1_145' title='bbox 1266 2572 1395 2646; x_wconf 90' lang='lat' dir='ltr'><strong>duabus</strong></span> <span class='ocrx_word' id='word_1_146' title='bbox 1422 2573 1464 2647; x_wconf 90' lang='lat' dir='ltr'><strong>ab</strong></span> <span class='ocrx_word' id='word_1_147' title='bbox 1493 2574 1652 2647; x_wconf 88' lang='lat' dir='ltr'><strong>Ossiouta</strong></span> <span class='ocrx_word' id='word_1_148' title='bbox 1686 2572 1803 2645; x_wconf 88' lang='lat' dir='ltr'><strong>diaetis</strong></span> <span class='ocrx_word' id='word_1_149' title='bbox 1839 2571 1977 2657; x_wconf 62' lang='lat' dir='ltr'><strong>distans,</strong></span> <span class='ocrx_word' id='word_1_150' title='bbox 2009 2589 2050 2639; x_wconf 84' lang='lat' dir='ltr'><strong>ex</strong></span> 
     </span>
     <span class='ocr_line' id='line_1_19' title="bbox 689 2687 2050 2785; baseline -0.005 -24"><span class='ocrx_word' id='word_1_151' title='bbox 689 2688 866 2763; x_wconf 86' lang='lat' dir='ltr'><strong>Abulledu.</strong></span> <span class='ocrx_word' id='word_1_152' title='bbox 919 2689 967 2761; x_wconf 90' lang='lat' dir='ltr'><strong>lbi</strong></span> <span class='ocrx_word' id='word_1_153' title='bbox 1000 2700 1153 2761; x_wconf 88' lang='lat' dir='ltr'><strong>veterum</strong></span> <span class='ocrx_word' id='word_1_154' title='bbox 1189 2688 1401 2762; x_wconf 88' lang='lat' dir='ltr'><strong>delubrorum</strong></span> <span class='ocrx_word' id='word_1_155' title='bbox 1427 2693 1576 2783; x_wconf 89' lang='lat' dir='ltr'><strong>insignes</strong></span> <span class='ocrx_word' id='word_1_156' title='bbox 1608 2689 1787 2785; x_wconf 86' lang='lat' dir='ltr'><strong>reliquiae,</strong></span> <span class='ocrx_word' id='word_1_157' title='bbox 1814 2687 2050 2784; x_wconf 87' lang='lat' dir='ltr'><strong>sculpturisque</strong></span> 
     </span>
     <span class='ocr_line' id='line_1_20' title="bbox 690 2803 2053 2901; baseline -0.001 -26"><span class='ocrx_word' id='word_1_158' title='bbox 690 2807 831 2901; x_wconf 85' lang='lat' dir='ltr'><strong>antiquis</strong></span> <span class='ocrx_word' id='word_1_159' title='bbox 858 2816 892 2877; x_wconf 89' lang='lat' dir='ltr'><strong>et</strong></span> <span class='ocrx_word' id='word_1_160' title='bbox 918 2804 1079 2878; x_wconf 89' lang='lat' dir='ltr'><strong>columnis</strong></span> <span class='ocrx_word' id='word_1_161' title='bbox 1107 2804 1260 2878; x_wconf 86' lang='lat' dir='ltr'><strong>celebres</strong></span> <span class='ocrx_word' id='word_1_162' title='bbox 1287 2809 1412 2878; x_wconf 88' lang='lat' dir='ltr'><strong>ruinae.</strong></span> <span class='ocrx_word' id='word_1_163' title='bbox 1463 2805 1549 2878; x_wconf 85' lang='lat' dir='ltr'><strong>Eam</strong></span> <span class='ocrx_word' id='word_1_164' title='bbox 1581 2827 1660 2878; x_wconf 89' lang='lat' dir='ltr'><strong>esse</strong></span> <span class='ocrx_word' id='word_1_165' title='bbox 1692 2808 1857 2899; x_wconf 80' lang='lat' dir='ltr'><strong>andqunrn</strong></span> <span class='ocrx_word' id='word_1_166' title='bbox 1887 2803 2053 2875; x_wconf 71' lang='lat' dir='ltr'><strong>coenum</strong></span> 
     </span>
     <span class='ocr_line' id='line_1_21' title="bbox 690 2914 2054 3021; baseline -0.001 -29"><span class='ocrx_word' id='word_1_167' title='bbox 690 2921 733 2992; x_wconf 89' lang='lat' dir='ltr'><strong>de</strong></span> <span class='ocrx_word' id='word_1_168' title='bbox 761 2945 825 3017; x_wconf 87' lang='lat' dir='ltr'><strong>qua</strong></span> <span class='ocrx_word' id='word_1_169' title='bbox 852 2923 1042 2994; x_wconf 89' lang='lat' dir='ltr'><strong>Herodotus</strong></span> <span class='ocrx_word' id='word_1_170' title='bbox 1070 2933 1103 2993; x_wconf 86' lang='lat' dir='ltr'><strong>et</strong></span> <span class='ocrx_word' id='word_1_171' title='bbox 1130 2920 1202 3010; x_wconf 89' lang='lat' dir='ltr'><strong>alii,</strong></span> <span class='ocrx_word' id='word_1_172' title='bbox 1235 2920 1356 3018; x_wconf 88' lang='lat' dir='ltr'><strong>probat</strong></span> <span class='ocrx_word' id='word_1_173' title='bbox 1380 2921 1528 2997; x_wconf 84' lang='lat' dir='ltr'><strong>lacobus</strong></span> <span class='ocrx_word' id='word_1_174' title='bbox 1557 2921 1694 3012; x_wconf 86' lang='lat' dir='ltr'><strong>Golius,</strong></span> <span class='ocrx_word' id='word_1_175' title='bbox 1730 2943 1816 3016; x_wconf 90' lang='lat' dir='ltr'><strong>quae</strong></span> <span class='ocrx_word' id='word_1_176' title='bbox 1851 2919 1971 3021; x_wconf 82' lang='lat' dir='ltr'><strong>eadem</strong></span> <span class='ocrx_word' id='word_1_177' title='bbox 2001 2914 2054 2990; x_wconf 84' lang='lat' dir='ltr'><strong>luit</strong></span> 
     </span>
     <span class='ocr_line' id='line_1_22' title="bbox 692 3031 2053 3132; baseline -0.006 -22"><span class='ocrx_word' id='word_1_178' title='bbox 692 3035 767 3111; x_wconf 88' lang='lat' dir='ltr'><strong>eum</strong></span> <span class='ocrx_word' id='word_1_179' title='bbox 792 3038 923 3126; x_wconf 79' lang='lat' dir='ltr'><strong>Peuce,</strong></span> <span class='ocrx_word' id='word_1_180' title='bbox 951 3061 1012 3110; x_wconf 89' lang='lat' dir='ltr'><strong>seu</strong></span> <span class='ocrx_word' id='word_1_181' title='bbox 1037 3037 1228 3131; x_wconf 84' lang='lat' dir='ltr'><strong>Puoopolc&#39;,</strong></span> <span class='ocrx_word' id='word_1_182' title='bbox 1255 3049 1291 3110; x_wconf 93' lang='lat' dir='ltr'><strong>ut</strong></span> <span class='ocrx_word' id='word_1_183' title='bbox 1316 3061 1362 3110; x_wconf 86' lang='lat' dir='ltr'><strong>ex</strong></span> <span class='ocrx_word' id='word_1_184' title='bbox 1387 3039 1466 3111; x_wconf 93' lang='lat' dir='ltr'><strong>loco</strong></span> <span class='ocrx_word' id='word_1_185' title='bbox 1493 3038 1632 3111; x_wconf 90' lang='lat' dir='ltr'><strong>Diodori</strong></span> <span class='ocrx_word' id='word_1_186' title='bbox 1659 3037 1780 3126; x_wconf 88' lang='lat' dir='ltr'><strong>Siculi,</strong></span> <span class='ocrx_word' id='word_1_187' title='bbox 1816 3059 1916 3132; x_wconf 85' lang='lat' dir='ltr'><strong>quem</strong></span> <span class='ocrx_word' id='word_1_188' title='bbox 1948 3031 2053 3118; x_wconf 83' lang='lat' dir='ltr'><strong>refert,</strong></span> 
     </span>
    </p>

    <p class='ocr_par' dir='ltr' id='par_1_5' title="bbox 388 3149 2054 3251">
     <span class='ocr_line' id='line_1_23' title="bbox 388 3149 2054 3251; baseline 0 -33"><span class='ocrx_word' id='word_1_189' title='bbox 388 3166 677 3238; x_wconf 61' lang='lat' dir='ltr'><strong>neelrpaypuoe.</strong></span> <span class='ocrx_word' id='word_1_190' title='bbox 691 3155 860 3251; x_wconf 85' lang='lat' dir='ltr'><strong>probatur.</strong></span> <span class='ocrx_word' id='word_1_191' title='bbox 899 3154 947 3227; x_wconf 89' lang='lat' dir='ltr'><strong>lta</strong></span> <span class='ocrx_word' id='word_1_192' title='bbox 974 3163 1106 3228; x_wconf 87' lang='lat' dir='ltr'><strong>constat</strong></span> <span class='ocrx_word' id='word_1_193' title='bbox 1134 3152 1383 3227; x_wconf 88' lang='lat' dir='ltr'><strong>Glossariorum</strong></span> <span class='ocrx_word' id='word_1_194' title='bbox 1407 3154 1490 3229; x_wconf 88' lang='lat' dir='ltr'><strong>bdes</strong></span> <span class='ocrx_word' id='word_1_195' title='bbox 1516 3153 1573 3226; x_wconf 89' lang='lat' dir='ltr'><strong>ubi</strong></span> <span class='ocrx_word' id='word_1_196' title='bbox 1598 3155 1751 3226; x_wconf 82' lang='lat' dir='ltr'><strong>Ecbmim</strong></span> <span class='ocrx_word' id='word_1_197' title='bbox 1776 3152 1960 3249; x_wconf 85' lang='lat' dir='ltr'><strong>respondet</strong></span> <span class='ocrx_word' id='word_1_198' title='bbox 1983 3149 2054 3220; x_wconf 86' lang='lat' dir='ltr'><strong>voci</strong></span> 
     </span>
    </p>

    <p class='ocr_par' dir='ltr' id='par_1_6' title="bbox 370 3254 2209 4414">
     <span class='ocr_line' id='line_1_24' title="bbox 370 3254 2209 3370; baseline -0.007 -23"><span class='ocrx_word' id='word_1_199' title='bbox 370 3263 394 3306; x_wconf 78' lang='lat'><strong>⁶⁸</strong></span> <span class='ocrx_word' id='word_1_200' title='bbox 415 3254 473 3305; x_wconf 82' lang='lat'><strong><em>¹⁰³·</em></strong></span> <span class='ocrx_word' id='word_1_201' title='bbox 690 3269 825 3357; x_wconf 80' lang='grc' dir='ltr'><strong><em>Πάνος.</em></strong></span> <span class='ocrx_word' id='word_1_202' title='bbox 860 3272 897 3344; x_wconf 95' lang='lat' dir='ltr'><strong>In</strong></span> <span class='ocrx_word' id='word_1_203' title='bbox 924 3294 967 3345; x_wconf 93' lang='lat' dir='ltr'><strong>eo</strong></span> <span class='ocrx_word' id='word_1_204' title='bbox 994 3269 1084 3365; x_wconf 86' lang='lat' dir='ltr'><strong>quod</strong></span> <span class='ocrx_word' id='word_1_205' title='bbox 1111 3270 1212 3341; x_wconf 89' lang='lat' dir='ltr'><strong>edidit</strong></span> <span class='ocrx_word' id='word_1_206' title='bbox 1237 3259 1427 3360; x_wconf 78' lang='lat' dir='ltr'><strong>llircberlrs,</strong></span> <span class='ocrx_word' id='word_1_207' title='bbox 1455 3275 1528 3365; x_wconf 89' lang='lat' dir='ltr'><strong>ejus</strong></span> <span class='ocrx_word' id='word_1_208' title='bbox 1554 3275 1653 3345; x_wconf 85' lang='lat' dir='ltr'><strong>vocis</strong></span> <span class='ocrx_word' id='word_1_209' title='bbox 1677 3270 1754 3344; x_wconf 91' lang='lat' dir='ltr'><strong>loco</strong></span> <span class='ocrx_word' id='word_1_210' title='bbox 1780 3270 1905 3362; x_wconf 89' lang='lat' dir='ltr'><strong>legitur</strong></span> <span class='ocrx_word' id='word_1_211' title='bbox 1920 3267 2053 3338; x_wconf 69' lang='lat' dir='ltr'><strong>cmm:</strong></span> <span class='ocrx_word' id='word_1_212' title='bbox 2208 3329 2209 3370; x_wconf 22' lang='grc' dir='ltr'>ἶ</span> 
     </span>
     <span class='ocr_line' id='line_1_25' title="bbox 692 3381 2053 3484; baseline -0.007 -24"><span class='ocrx_word' id='word_1_213' title='bbox 692 3400 726 3460; x_wconf 88' lang='lat' dir='ltr'><strong>et</strong></span> <span class='ocrx_word' id='word_1_214' title='bbox 752 3411 793 3460; x_wconf 88' lang='lat' dir='ltr'><strong>ea</strong></span> <span class='ocrx_word' id='word_1_215' title='bbox 820 3391 893 3484; x_wconf 89' lang='lat' dir='ltr'><strong>ipsa</strong></span> <span class='ocrx_word' id='word_1_216' title='bbox 920 3396 972 3459; x_wconf 88' lang='lat' dir='ltr'><strong>est</strong></span> <span class='ocrx_word' id='word_1_217' title='bbox 998 3384 1154 3481; x_wconf 75' lang='grc' dir='ltr'><strong>Κίμμιςε</strong></span> <span class='ocrx_word' id='word_1_218' title='bbox 1181 3409 1257 3457; x_wconf 89' lang='lat' dir='ltr'><strong>nam</strong></span> <span class='ocrx_word' id='word_1_219' title='bbox 1291 3397 1327 3458; x_wconf 90' lang='lat' dir='ltr'><strong>ut</strong></span> <span class='ocrx_word' id='word_1_220' title='bbox 1361 3392 1499 3483; x_wconf 84' lang='lat' dir='ltr'><strong>exponit</strong></span> <span class='ocrx_word' id='word_1_221' title='bbox 1530 3385 1733 3460; x_wconf 87' lang='lat' dir='ltr'><strong>Athanasius</strong></span> <span class='ocrx_word' id='word_1_222' title='bbox 1766 3386 1957 3482; x_wconf 77' lang='lat' dir='ltr'><strong>Episcopus</strong></span> <span class='ocrx_word' id='word_1_223' title='bbox 1990 3381 2053 3452; x_wconf 82' lang='lat' dir='ltr'><strong>llus</strong></span> 
     </span>
     <span class='ocr_line' id='line_1_26' title="bbox 689 3502 2054 3600; baseline -0.006 -24"><span class='ocrx_word' id='word_1_224' title='bbox 689 3508 724 3576; x_wconf 91' lang='lat' dir='ltr'><strong>in</strong></span> <span class='ocrx_word' id='word_1_225' title='bbox 759 3506 982 3578; x_wconf 88' lang='lat' dir='ltr'><strong>Grammatica</strong></span> <span class='ocrx_word' id='word_1_226' title='bbox 1017 3502 1157 3596; x_wconf 85' lang='lat' dir='ltr'><strong>Coptica</strong></span> <span class='ocrx_word' id='word_1_227' title='bbox 1190 3524 1250 3574; x_wconf 90' lang='lat' dir='ltr'><strong>sua</strong></span> <span class='ocrx_word' id='word_1_228' title='bbox 1285 3502 1393 3575; x_wconf 83' lang='lat' dir='ltr'><strong>solent</strong></span> <span class='ocrx_word' id='word_1_229' title='bbox 1425 3505 1637 3600; x_wconf 67' lang='lat' dir='ltr'><strong>Aegyptiig</strong></span> <span class='ocrx_word' id='word_1_230' title='bbox 1670 3504 1836 3577; x_wconf 87' lang='lat' dir='ltr'><strong>Graecum</strong></span> <span class='ocrx_word' id='word_1_231' title='bbox 1870 3502 2054 3596; x_wconf 81' lang='lat' dir='ltr'><strong>frequenter</strong></span> 
     </span>
     <span class='ocr_line' id='line_1_27' title="bbox 692 3614 2053 3716; baseline -0.004 -24"><span class='ocrx_word' id='word_1_232' title='bbox 692 3623 882 3716; x_wconf 84' lang='lat' dir='ltr'><strong>exprimere</strong></span> <span class='ocrx_word' id='word_1_233' title='bbox 914 3642 975 3714; x_wconf 91' lang='lat' dir='ltr'><strong>per</strong></span> <span class='ocrx_word' id='word_1_234' title='bbox 1005 3619 1136 3690; x_wconf 87' lang='lat' dir='ltr'><strong>literam</strong></span> <span class='ocrx_word' id='word_1_235' title='bbox 1172 3641 1258 3714; x_wconf 89' lang='lat' dir='ltr'><strong>quae</strong></span> <span class='ocrx_word' id='word_1_236' title='bbox 1289 3618 1439 3692; x_wconf 86' lang='lat' dir='ltr'><strong>Arabum</strong></span> <span class='ocrx_word' id='word_1_237' title='bbox 1474 3619 1576 3693; x_wconf 84' lang='lat' dir='ltr'><strong>Schin</strong></span> <span class='ocrx_word' id='word_1_238' title='bbox 1602 3619 1716 3694; x_wconf 90' lang='lat' dir='ltr'><strong>similis</strong></span> <span class='ocrx_word' id='word_1_239' title='bbox 1744 3628 1814 3708; x_wconf 88' lang='lat' dir='ltr'><strong>est,</strong></span> <span class='ocrx_word' id='word_1_240' title='bbox 1850 3629 1885 3691; x_wconf 89' lang='lat' dir='ltr'><strong>et</strong></span> <span class='ocrx_word' id='word_1_241' title='bbox 1913 3614 2053 3711; x_wconf 79' lang='lat' dir='ltr'><strong>eJusdem</strong></span> 
     </span>
     <span class='ocr_line' id='line_1_28' title="bbox 689 3734 2054 3834; baseline -0.007 -24"><span class='ocrx_word' id='word_1_242' title='bbox 689 3739 875 3834; x_wconf 83' lang='lat' dir='ltr'><strong>potestatis.</strong></span> <span class='ocrx_word' id='word_1_243' title='bbox 927 3734 1119 3807; x_wconf 88' lang='lat' dir='ltr'><strong>Nestorium</strong></span> <span class='ocrx_word' id='word_1_244' title='bbox 1159 3737 1249 3806; x_wconf 90' lang='lat' dir='ltr'><strong>circa</strong></span> <span class='ocrx_word' id='word_1_245' title='bbox 1288 3735 1372 3807; x_wconf 89' lang='lat' dir='ltr'><strong>hanc</strong></span> <span class='ocrx_word' id='word_1_246' title='bbox 1409 3736 1526 3809; x_wconf 90' lang='lat' dir='ltr'><strong>urbem</strong></span> <span class='ocrx_word' id='word_1_247' title='bbox 1558 3740 1592 3807; x_wconf 93' lang='lat' dir='ltr'><strong>in</strong></span> <span class='ocrx_word' id='word_1_248' title='bbox 1629 3736 1732 3810; x_wconf 86' lang='lat' dir='ltr'><strong>exilio</strong></span> <span class='ocrx_word' id='word_1_249' title='bbox 1767 3739 1869 3808; x_wconf 83' lang='lat' dir='ltr'><strong>vitum</strong></span> <span class='ocrx_word' id='word_1_250' title='bbox 1906 3735 2054 3805; x_wconf 83' lang='lat' dir='ltr'><strong>finivisse</strong></span> 
     </span>
     <span class='ocr_line' id='line_1_29' title="bbox 692 3848 2053 3948; baseline -0.004 -22"><span class='ocrx_word' id='word_1_251' title='bbox 692 3853 888 3948; x_wconf 89' lang='lat' dir='ltr'><strong>ostendique</strong></span> <span class='ocrx_word' id='word_1_252' title='bbox 916 3854 988 3944; x_wconf 91' lang='lat' dir='ltr'><strong>ejus</strong></span> <span class='ocrx_word' id='word_1_253' title='bbox 1016 3851 1206 3947; x_wconf 89' lang='lat' dir='ltr'><strong>sepulcrum</strong></span> <span class='ocrx_word' id='word_1_254' title='bbox 1234 3853 1349 3926; x_wconf 89' lang='lat' dir='ltr'><strong>scribit</strong></span> <span class='ocrx_word' id='word_1_255' title='bbox 1373 3852 1555 3925; x_wconf 87' lang='lat' dir='ltr'><strong>Abuselab.</strong></span> <span class='ocrx_word' id='word_1_256' title='bbox 1595 3854 1718 3926; x_wconf 86' lang='lat' dir='ltr'><strong>Multas</strong></span> <span class='ocrx_word' id='word_1_257' title='bbox 1745 3872 1877 3946; x_wconf 90' lang='lat' dir='ltr'><strong>quoque</strong></span> <span class='ocrx_word' id='word_1_258' title='bbox 1905 3850 1972 3923; x_wconf 91' lang='lat' dir='ltr'><strong>illic</strong></span> <span class='ocrx_word' id='word_1_259' title='bbox 1988 3848 2053 3920; x_wconf 74' lang='lat' dir='ltr'><strong>lic·</strong></span> 
     </span>
     <span class='ocr_line' id='line_1_30' title="bbox 691 3968 2054 4062; baseline -0.004 -21"><span class='ocrx_word' id='word_1_260' title='bbox 691 3969 814 4042; x_wconf 89' lang='lat' dir='ltr'><strong>clesias</strong></span> <span class='ocrx_word' id='word_1_261' title='bbox 839 3968 955 4059; x_wconf 89' lang='lat' dir='ltr'><strong>luisse,</strong></span> <span class='ocrx_word' id='word_1_262' title='bbox 982 3968 1143 4062; x_wconf 88' lang='lat' dir='ltr'><strong>probatur</strong></span> <span class='ocrx_word' id='word_1_263' title='bbox 1169 3968 1319 4059; x_wconf 89' lang='lat' dir='ltr'><strong>ejusdem</strong></span> <span class='ocrx_word' id='word_1_264' title='bbox 1346 3973 1471 4042; x_wconf 88' lang='lat' dir='ltr'><strong>autoris</strong></span> <span class='ocrx_word' id='word_1_265' title='bbox 1497 3971 1685 4044; x_wconf 87' lang='lat' dir='ltr'><strong>testimonio</strong></span> <span class='ocrx_word' id='word_1_266' title='bbox 1713 3971 1767 4062; x_wconf 90' lang='lat' dir='ltr'><strong>qui</strong></span> <span class='ocrx_word' id='word_1_267' title='bbox 1792 3989 1901 4061; x_wconf 85' lang='lat' dir='ltr'><strong>usque</strong></span> <span class='ocrx_word' id='word_1_268' title='bbox 1928 3968 1971 4037; x_wconf 90' lang='lat' dir='ltr'><strong>ad</strong></span> <span class='ocrx_word' id='word_1_269' title='bbox 1994 3986 2054 4036; x_wconf 87' lang='lat' dir='ltr'><strong>an·</strong></span> 
     </span>
     <span class='ocr_line' id='line_1_31' title="bbox 690 4081 2054 4183; baseline -0.004 -26"><span class='ocrx_word' id='word_1_270' title='bbox 690 4107 769 4158; x_wconf 90' lang='lat' dir='ltr'><strong>num</strong></span> <span class='ocrx_word' id='word_1_271' title='bbox 795 4086 944 4177; x_wconf 87' lang='lat' dir='ltr'><strong>llegirae</strong></span> <span class='ocrx_word' id='word_1_272' title='bbox 971 4083 1071 4156; x_wconf 89' lang='lat' dir='ltr'><strong>DLll.</strong></span> <span class='ocrx_word' id='word_1_273' title='bbox 1098 4084 1127 4155; x_wconf 86' lang='lat' dir='ltr'><strong>J.</strong></span> <span class='ocrx_word' id='word_1_274' title='bbox 1157 4081 1195 4156; x_wconf 84' lang='lat' dir='ltr'><strong>C.</strong></span> <span class='ocrx_word' id='word_1_275' title='bbox 1218 4083 1388 4157; x_wconf 81' lang='lat' dir='ltr'><strong>MOLVll.</strong></span> <span class='ocrx_word' id='word_1_276' title='bbox 1406 4089 1615 4183; x_wconf 88' lang='lat' dir='ltr'><strong>septuaginta</strong></span> <span class='ocrx_word' id='word_1_277' title='bbox 1635 4093 1824 4156; x_wconf 89' lang='lat' dir='ltr'><strong>numeratos</strong></span> <span class='ocrx_word' id='word_1_278' title='bbox 1837 4081 1945 4155; x_wconf 85' lang='lat' dir='ltr'><strong>fuisse</strong></span> <span class='ocrx_word' id='word_1_279' title='bbox 1972 4081 2054 4153; x_wconf 88' lang='lat' dir='ltr'><strong>scri-</strong></span> 
     </span>
     <span class='ocr_line' id='line_1_32' title="bbox 690 4198 2055 4298; baseline -0.007 -25"><span class='ocrx_word' id='word_1_280' title='bbox 690 4201 747 4273; x_wconf 85' lang='lat' dir='ltr'><strong>bit</strong></span> <span class='ocrx_word' id='word_1_281' title='bbox 799 4201 851 4273; x_wconf 88' lang='lat' dir='ltr'><strong>Ea</strong></span> <span class='ocrx_word' id='word_1_282' title='bbox 890 4200 971 4272; x_wconf 91' lang='lat' dir='ltr'><strong>urbs</strong></span> <span class='ocrx_word' id='word_1_283' title='bbox 1015 4198 1222 4298; x_wconf 83' lang='lat' dir='ltr'><strong>Episcopum</strong></span> <span class='ocrx_word' id='word_1_284' title='bbox 1263 4199 1391 4272; x_wconf 88' lang='lat' dir='ltr'><strong>habuit:</strong></span> <span class='ocrx_word' id='word_1_285' title='bbox 1432 4213 1466 4274; x_wconf 86' lang='lat' dir='ltr'><strong>et</strong></span> <span class='ocrx_word' id='word_1_286' title='bbox 1509 4206 1615 4298; x_wconf 89' lang='lat' dir='ltr'><strong>patria</strong></span> <span class='ocrx_word' id='word_1_287' title='bbox 1654 4200 1715 4273; x_wconf 82' lang='lat' dir='ltr'><strong>luit</strong></span> <span class='ocrx_word' id='word_1_288' title='bbox 1758 4198 1988 4287; x_wconf 69' lang='lat' dir='ltr'><strong>celeberrimi,</strong></span> <span class='ocrx_word' id='word_1_289' title='bbox 2025 4203 2055 4266; x_wconf 88' lang='lat' dir='ltr'><strong>et</strong></span> 
     </span>
     <span class='ocr_line' id='line_1_33' title="bbox 692 4314 2052 4414; baseline -0.007 -25"><span class='ocrx_word' id='word_1_290' title='bbox 692 4318 875 4392; x_wconf 90' lang='lat' dir='ltr'><strong>doctissimi</strong></span> <span class='ocrx_word' id='word_1_291' title='bbox 903 4314 1076 4387; x_wconf 76' lang='lat' dir='ltr'><strong>canonum</strong></span> <span class='ocrx_word' id='word_1_292' title='bbox 1103 4316 1303 4390; x_wconf 85' lang='lat' dir='ltr'><strong>Collectoris</strong></span> <span class='ocrx_word' id='word_1_293' title='bbox 1330 4328 1364 4389; x_wconf 92' lang='lat' dir='ltr'><strong>et</strong></span> <span class='ocrx_word' id='word_1_294' title='bbox 1390 4321 1577 4414; x_wconf 90' lang='lat' dir='ltr'><strong>interpretis</strong></span> <span class='ocrx_word' id='word_1_295' title='bbox 1597 4317 1785 4408; x_wconf 90' lang='lat' dir='ltr'><strong>Abuliergii</strong></span> <span class='ocrx_word' id='word_1_296' title='bbox 1809 4314 2052 4388; x_wconf 85' lang='lat' dir='ltr'><strong>Echmimcnsis.</strong></span> 
     </span>
    </p>

    <p class='ocr_par' dir='ltr' id='par_1_7' title="bbox 687 4430 2055 5113">
     <span class='ocr_line' id='line_1_34' title="bbox 795 4430 2053 4530; baseline -0.004 -25"><span class='ocrx_word' id='word_1_297' title='bbox 795 4433 914 4505; x_wconf 71' lang='lat' dir='ltr'><strong>coma</strong></span> <span class='ocrx_word' id='word_1_298' title='bbox 939 4442 974 4503; x_wconf 89' lang='lat' dir='ltr'><strong>et</strong></span> <span class='ocrx_word' id='word_1_299' title='bbox 1000 4432 1194 4524; x_wconf 80' lang='lat' dir='ltr'><strong>Elaoulebot,</strong></span> <span class='ocrx_word' id='word_1_300' title='bbox 1221 4437 1399 4526; x_wconf 85' lang='lat' dir='ltr'><strong>sexaginta</strong></span> <span class='ocrx_word' id='word_1_301' title='bbox 1425 4445 1493 4507; x_wconf 92' lang='lat' dir='ltr'><strong>tres</strong></span> <span class='ocrx_word' id='word_1_302' title='bbox 1519 4455 1627 4530; x_wconf 87' lang='lat' dir='ltr'><strong>pagos</strong></span> <span class='ocrx_word' id='word_1_303' title='bbox 1648 4438 1805 4527; x_wconf 88' lang='lat' dir='ltr'><strong>majores,</strong></span> <span class='ocrx_word' id='word_1_304' title='bbox 1831 4444 1969 4529; x_wconf 88' lang='lat' dir='ltr'><strong>praeter</strong></span> <span class='ocrx_word' id='word_1_305' title='bbox 1992 4430 2053 4500; x_wconf 73' lang='lat' dir='ltr'><strong>mi-</strong></span> 
     </span>
     <span class='ocr_line' id='line_1_35' title="bbox 689 4544 2055 4642; baseline -0.008 -18"><span class='ocrx_word' id='word_1_306' title='bbox 689 4573 792 4624; x_wconf 90' lang='lat' dir='ltr'><strong>nores</strong></span> <span class='ocrx_word' id='word_1_307' title='bbox 826 4552 1002 4621; x_wconf 85' lang='lat' dir='ltr'><strong>continent</strong></span> <span class='ocrx_word' id='word_1_308' title='bbox 1054 4547 1117 4621; x_wconf 85' lang='lat' dir='ltr'><strong>Est</strong></span> <span class='ocrx_word' id='word_1_309' title='bbox 1152 4559 1260 4621; x_wconf 89' lang='lat' dir='ltr'><strong>autem</strong></span> <span class='ocrx_word' id='word_1_310' title='bbox 1293 4552 1390 4642; x_wconf 88' lang='lat' dir='ltr'><strong>regio</strong></span> <span class='ocrx_word' id='word_1_311' title='bbox 1407 4550 1482 4632; x_wconf 81' lang='lat' dir='ltr'><strong>,illa</strong></span> <span class='ocrx_word' id='word_1_312' title='bbox 1520 4550 1702 4621; x_wconf 81' lang='lat' dir='ltr'><strong>Eluolbut</strong></span> <span class='ocrx_word' id='word_1_313' title='bbox 1741 4572 1885 4624; x_wconf 87' lang='lat' dir='ltr'><strong>arenosa</strong></span> <span class='ocrx_word' id='word_1_314' title='bbox 1925 4559 1960 4622; x_wconf 89' lang='lat' dir='ltr'><strong>et</strong></span> <span class='ocrx_word' id='word_1_315' title='bbox 1995 4544 2055 4616; x_wconf 84' lang='lat' dir='ltr'><strong>late</strong></span> 
     </span>
     <span class='ocr_line' id='line_1_36' title="bbox 689 4663 2054 4764; baseline -0.006 -25"><span class='ocrx_word' id='word_1_316' title='bbox 689 4677 819 4764; x_wconf 89' lang='lat' dir='ltr'><strong>patens,</strong></span> <span class='ocrx_word' id='word_1_317' title='bbox 847 4689 892 4737; x_wconf 91' lang='lat' dir='ltr'><strong>ex</strong></span> <span class='ocrx_word' id='word_1_318' title='bbox 920 4665 1022 4737; x_wconf 88' lang='lat' dir='ltr'><strong>altera</strong></span> <span class='ocrx_word' id='word_1_319' title='bbox 1048 4665 1115 4738; x_wconf 92' lang='lat' dir='ltr'><strong>Nili</strong></span> <span class='ocrx_word' id='word_1_320' title='bbox 1141 4675 1237 4761; x_wconf 87' lang='lat' dir='ltr'><strong>parte</strong></span> <span class='ocrx_word' id='word_1_321' title='bbox 1264 4664 1480 4754; x_wconf 87' lang='lat' dir='ltr'><strong>Occidentali,</strong></span> <span class='ocrx_word' id='word_1_322' title='bbox 1513 4664 1641 4740; x_wconf 91' lang='lat' dir='ltr'><strong>scilicet</strong></span> <span class='ocrx_word' id='word_1_323' title='bbox 1668 4689 1774 4763; x_wconf 88' lang='lat' dir='ltr'><strong>prope</strong></span> <span class='ocrx_word' id='word_1_324' title='bbox 1801 4677 1948 4738; x_wconf 89' lang='lat' dir='ltr'><strong>montem</strong></span> <span class='ocrx_word' id='word_1_325' title='bbox 1978 4663 2054 4733; x_wconf 79' lang='lat' dir='ltr'><strong>Tei-</strong></span> 
     </span>
     <span class='ocr_line' id='line_1_37' title="bbox 690 4777 2054 4878; baseline -0.004 -23"><span class='ocrx_word' id='word_1_326' title='bbox 690 4786 837 4871; x_wconf 84' lang='lat' dir='ltr'><strong>lumoon,</strong></span> <span class='ocrx_word' id='word_1_327' title='bbox 865 4785 919 4877; x_wconf 87' lang='lat' dir='ltr'><strong>qui</strong></span> <span class='ocrx_word' id='word_1_328' title='bbox 947 4782 989 4855; x_wconf 88' lang='lat' dir='ltr'><strong>ad</strong></span> <span class='ocrx_word' id='word_1_329' title='bbox 1016 4805 1088 4854; x_wconf 89' lang='lat' dir='ltr'><strong>eam</strong></span> <span class='ocrx_word' id='word_1_330' title='bbox 1116 4784 1223 4878; x_wconf 88' lang='lat' dir='ltr'><strong>ripam</strong></span> <span class='ocrx_word' id='word_1_331' title='bbox 1250 4781 1446 4855; x_wconf 82' lang='lat' dir='ltr'><strong>extenditur.</strong></span> <span class='ocrx_word' id='word_1_332' title='bbox 1498 4780 1550 4854; x_wconf 83' lang='lat' dir='ltr'><strong>Ea</strong></span> <span class='ocrx_word' id='word_1_333' title='bbox 1576 4791 1686 4855; x_wconf 87' lang='lat' dir='ltr'><strong>autem</strong></span> <span class='ocrx_word' id='word_1_334' title='bbox 1711 4786 1853 4877; x_wconf 89' lang='lat' dir='ltr'><strong>regione</strong></span> <span class='ocrx_word' id='word_1_335' title='bbox 1879 4777 2054 4876; x_wconf 83' lang='lat' dir='ltr'><strong>significari</strong></span> 
     </span>
     <span class='ocr_line' id='line_1_38' title="bbox 687 4898 2054 4996; baseline -0.004 -28"><span class='ocrx_word' id='word_1_336' title='bbox 687 4899 873 4973; x_wconf 20' lang='lat' dir='ltr'><strong>,Makrizius</strong></span> <span class='ocrx_word' id='word_1_337' title='bbox 900 4909 1054 4987; x_wconf 62' lang='lat' dir='ltr'><strong>testam,</strong></span> <span class='ocrx_word' id='word_1_338' title='bbox 1089 4921 1188 4971; x_wconf 90' lang='lat' dir='ltr'><strong>omne</strong></span> <span class='ocrx_word' id='word_1_339' title='bbox 1213 4909 1377 4972; x_wconf 86' lang='lat' dir='ltr'><strong>terrarum</strong></span> <span class='ocrx_word' id='word_1_340' title='bbox 1409 4902 1550 4996; x_wconf 89' lang='lat' dir='ltr'><strong>spatium</strong></span> <span class='ocrx_word' id='word_1_341' title='bbox 1584 4924 1604 4972; x_wconf 90' lang='lat' dir='ltr'><strong>a</strong></span> <span class='ocrx_word' id='word_1_342' title='bbox 1638 4908 1745 4974; x_wconf 74' lang='lat' dir='ltr'><strong>tractu</strong></span> <span class='ocrx_word' id='word_1_343' title='bbox 1770 4898 2000 4972; x_wconf 82' lang='lat' dir='ltr'><strong>Alexandriae</strong></span> <span class='ocrx_word' id='word_1_344' title='bbox 2022 4899 2054 4962; x_wconf 88' lang='lat' dir='ltr'><strong>et</strong></span> 
     </span>
     <span class='ocr_line' id='line_1_39' title="bbox 692 5014 2052 5113; baseline -0.004 -23"><span class='ocrx_word' id='word_1_345' title='bbox 692 5015 846 5106; x_wconf 82' lang='lat' dir='ltr'><strong>Gabinae,</strong></span> <span class='ocrx_word' id='word_1_346' title='bbox 872 5020 959 5089; x_wconf 91' lang='lat' dir='ltr'><strong>inter</strong></span> <span class='ocrx_word' id='word_1_347' title='bbox 984 5015 1097 5108; x_wconf 84' lang='lat' dir='ltr'><strong>Sabid,</strong></span> <span class='ocrx_word' id='word_1_348' title='bbox 1124 5014 1268 5088; x_wconf 86' lang='lat' dir='ltr'><strong>Nubiam</strong></span> <span class='ocrx_word' id='word_1_349' title='bbox 1294 5027 1328 5089; x_wconf 88' lang='lat' dir='ltr'><strong>et</strong></span> <span class='ocrx_word' id='word_1_350' title='bbox 1351 5015 1578 5112; x_wconf 82' lang='lat' dir='ltr'><strong>Aethiopiam:</strong></span> <span class='ocrx_word' id='word_1_351' title='bbox 1605 5026 1639 5090; x_wconf 90' lang='lat' dir='ltr'><strong>et</strong></span> <span class='ocrx_word' id='word_1_352' title='bbox 1665 5018 1737 5109; x_wconf 80' lang='lat' dir='ltr'><strong>ejus</strong></span> <span class='ocrx_word' id='word_1_353' title='bbox 1762 5018 1888 5090; x_wconf 88' lang='lat' dir='ltr'><strong>initium</strong></span> <span class='ocrx_word' id='word_1_354' title='bbox 1909 5015 2052 5113; x_wconf 85' lang='lat' dir='ltr'><strong>provio·</strong></span> 
     </span>
    </p>
   </div>
   <div class='ocr_carea' id='block_1_3' title="bbox 0 0 2268 6034">
    <p class='ocr_par' dir='ltr' id='par_1_8' title="bbox 0 0 2268 6034">
     <span class='ocr_line' id='line_1_40' title="bbox 0 0 2268 6034; baseline 0 0"><span class='ocrx_word' id='word_1_355' title='bbox 0 0 2268 6034; x_wconf 95' lang='lat' dir='ltr'><strong> </strong></span> 
     </span>
    </p>
   </div>
  </div>
 </body>
</html>
