4525 6034
969 643 1138 721 SlvE
1191 640 1452 720 CANON
1502 626 1992 720 UNJVERSALIS
2047 642 2506 720 AETHJOPUM.
2957 642 3107 716 475

1339 951 1408 1023 2.
1501 950 1744 1022 Oratio
1797 949 2145 1022 illationis.

581 1156 864 1228 Domine
915 1155 1101 1228 Deus
1153 1168 1384 1230 noster
1438 1161 1548 1253 qui
1601 1159 1952 1252 suscepisti
2006 1156 2400 1229 sacrificium
2452 1155 2634 1230 Abel
2701 1161 2769 1229 in
2821 1157 3111 1252 planitie,

373 1270 528 1345 Noe
578 1273 643 1342 in
694 1294 876 1360 arca,
930 1269 1244 1345 Abrahae
1294 1275 1363 1345 in
1415 1277 1761 1345 cacumine
1812 1276 2079 1361 montis,
2131 1272 2326 1345 Eliae
2376 1275 2442 1344 in
2493 1283 2719 1344 monte
2773 1270 3114 1360 Carmelo,

372 1387 654 1462 Davidis
705 1391 773 1458 in
826 1409 982 1458 arca
1036 1387 1263 1460 Ornan
1314 1387 1657 1475 Jebusaei,
1710 1398 1777 1460 et
1829 1390 2074 1460 minuta
2127 1388 2373 1461 viduae
2429 1393 2494 1460 in
2550 1391 2967 1461 sanctuario:
3024 1391 3112 1459 ita

372 1507 700 1599 suscipias
754 1502 1157 1576 oblationem
1234 1514 1301 1576 et
1370 1503 1761 1577 sacrificium
1829 1525 2182 1576 servorum
2246 1513 2547 1591 tuorum,
2615 1505 2792 1600 quod
2862 1503 3111 1576 intule-

372 1631 529 1694 runt
576 1623 819 1692 nomini
873 1630 985 1691 tuo
1039 1630 1294 1709 sancto,
1348 1624 1565 1716 sitque
1617 1624 1685 1691 in
1737 1624 2200 1693 remissionem
2255 1632 2681 1716 peccatorum
2735 1641 2993 1706 eorum,
3019 1629 3115 1691 ·et

374 1749 798 1833 peccatorum
850 1739 1076 1833 populi
1128 1741 1246 1825 tui,
1301 1746 1369 1808 et
1418 1737 1711 1810 retribue
1762 1736 1888 1808 illis
1942 1735 2440 1809 retributionem
2495 1736 2780 1827 bonam,
2848 1738 2912 1806 in
2982 1735 3114 1807 hoc

377 1864 473 1925 et·
515 1863 793 1927 venturo
879 1853 1184 1947 saeculo,
1264 1876 1439 1927 nunc
1516 1865 1583 1926 et
1658 1874 1960 1948 semper,
2038 1864 2107 1925 et
2178 1856 2245 1924 in
2319 1853 2591 1927 saecula
2669 1849 3113 1928 saeculorum.

375 1971 611 2044 Amen.

950 2246 1191 2318 Oratio
1246 2247 1516 2341 quando
1568 2249 1887 2317 miscetur
1938 2267 2122 2339 aqua
2175 2268 2323 2316 cum
2374 2250 2550 2318 vino.

580 2452 847 2526 Christe
901 2457 1010 2548 qui
1065 2475 1233 2524 vere
1286 2476 1363 2526 es
1417 2453 1602 2527 Deus
1655 2462 1909 2540 noster,
1964 2456 2074 2548 qui
2128 2455 2309 2525 ivisti
2364 2453 2449 2526 ad
2480 2457 2740 2549 nuptias
2795 2479 2944 2528 cum
2998 2458 3115 2526 in-

375 2571 756 2643 vitaverunt
808 2581 876 2643 te
926 2574 993 2641 in
1047 2566 1233 2642 Cana
1289 2567 1654 2658 Galilaeae,
1709 2567 2246 2665 benedixistique
2300 2569 2430 2644 illis
2484 2581 2552 2642 et
2604 2570 2817 2644 fecisti
2875 2594 3116 2666 aquam

366 2689 637 2777 vinum3
694 2691 780 2761 ita
834 2686 944 2760 fac
998 2686 1148 2759 huic
1199 2689 1376 2760 vino·
1413 2689 1762 2782 proposito
1816 2707 2045 2757 coram
2102 2709 2245 2773 me,
2309 2686 2593 2759 benedic
2659 2696 2727 2760 et
2778 2687 3121 2762 sanctifica.

366 2803 558 2895 illud,
605 2815 677 2877 ut
727 2805 814 2877 sit
863 2808 932 2876 in
982 2803 1323 2893 laetitiam,
1375 2803 1875 2889 exultationem,
1929 2812 1998 2874 et
2047 2806 2253 2874 vitam
2322 2803 2665 2877 animabus
2731 2815 2799 2876 et
2850 2826 3114 2901 corpo-

373 2924 561 2996 ribus
623 2925 909 3010 nostris,
990 2941 1389 3015 semperque
1466 2922 1597 2991 sint
1670 2917 2020 2991 nobiscum
2085 2918 2321 3009 Pater,
2391 2920 2599 2992 Filius
2683 2931 2750 2992 et
2825 2920 3114 3016 Spiritus

377 3046 678 3112 sanctus:
732 3059 949 3131 neque
1002 3039 1180 3108 enim
1231 3035 1425 3108 nobis
1477 3044 1585 3108 est
1634 3034 1801 3108 alius
1851 3035 2038 3107 Deus
2089 3044 2358 3131 praeter
2411 3046 2496 3108 te.
2580 3034 2797 3131 Reple
2850 3059 3114 3132 quoque

378 3159 599 3226 vinum
653 3154 826 3226 istud
897 3153 1303 3225 exultatione
1369 3163 1437 3224 et
1487 3151 1735 3225 laetitia
1755 3204 1777 3237 .,
1849 3151 1934 3223 ad
1997 3153 2431 3241 suavitatem,
2495 3153 2737 3240 vitam,
2811 3150 3115 3238 salutem,

379 3268 813 3364 prudentiam,
867 3280 935 3341 et
986 3267 1335 3341 consilium
1385 3268 1671 3365 Spiritus
1715 3269 1979 3357 -sancti3
2032 3288 2206 3339 nunc
2259 3278 2328 3339 et
2379 3290 2668 3364 semper,
2722 3270 2890 3338 etin
2945 3290 3113 3341 sae-

381 3385 612 3457 culum.
719 3387 958 3459 Amen.

582 3502 983 3575 Benedictus
1037 3501 1362 3573 Dominus
1413 3500 1600 3573 Deus
1654 3500 1858 3573 Pater
1912 3503 2350 3597 omnipotens.
2455 3500 2852 3573 Benedictus
2906 3500 3115 3575 Filius

380 3621 751 3711 unigenitus
802 3618 1003 3690 Jesus
1056 3615 1382 3708 Christus,
1449 3620 1559 3713 qui
1611 3625 1803 3689 natus
1876 3627 1981 3691 est
2044 3618 2127 3689 de
2190 3617 2407 3688 Maria
2467 3617 2769 3709 Virgine.
2877 3619 3115 3690 Bene-

381 3734 586 3807 dictus
641 3735 926 3829 Spiritus
978 3732 1347 3806 Paraclitus
1400 3733 1585 3806 Deus
1639 3746 1891 3822 noster,
1946 3736 2181 3830 quibus
2210 3733 2415 3825 Patri,
2468 3744 2538 3805 et
2587 3735 2781 3823 Filio,
2835 3746 2904 3808 et
2944 3733 3115 3831 Spi-

380 3855 521 3923 ritui
576 3859 811 3923 sancto
862 3872 1031 3922 vera
1084 3861 1386 3945 potestas
1440 3859 1546 3922 est
1595 3854 1663 3922 in
1716 3849 1988 3923 saecula
2040 3850 2479 3923 saeculorum.
2584 3850 2824 3924 Amen.

580 3966 842 4038 Postea
893 3973 1162 4060 repetet
1211 3989 1418 4060 saper
1470 3967 1753 4039 calicem
1808 3967 2218 4038 Orationem.
2310 3967 2593 4038 Domine
2644 3965 2831 4040 Deus
2885 3979 3114 4040 noster

382 4087 484 4178 qui
537 4086 915 4179 suscepisti,
970 4092 1092 4155 etc.
1211 4084 1299 4154 Ut
1349 4107 1562 4177 supra
1613 4087 1686 4155 in
1740 4083 2089 4179 offerendo
2143 4083 2452 4155 hostiam.

581 4198 779 4271 Dicit
845 4200 1197 4273 Sacerdos
1260 4199 1602 4271 cantando
1690 4207 1757 4271 et
1824 4199 2251 4271 extendendo
2318 4200 2584 4294 palmas
2647 4222 2905 4271 sursum
2923 4252 2945 4289 .‚
3013 4203 3116 4269 ita

382 4321 599 4387 tamen
656 4314 836 4408 quod
886 4323 1093 4407 caput
1141 4337 1283 4387 non
1336 4317 1695 4388 excedant.

581 4429 767 4502 Unus
823 4428 1023 4502 Pater
1075 4443 1368 4522 sanctuS,
1419 4454 1587 4505 unus
1638 4431 1845 4505 Filius
1900 4443 2194 4521 sanctuS,
2248 4454 2417 4505 unus
2472 4442 2576 4506 est
2625 4430 2908 4526 Spiritus
2944 4452 3115 4504 san-

381 4556 538 4617 ctus.
647 4544 945 4618 Laudate
997 4549 1349 4620 Dominum
1404 4571 1635 4622 omnes
1688 4560 1950 4642 gentes,
2004 4549 2270 4621 laudate
2337 4571 2488 4621 eum
2560 4569 2792 4621 omnes
2860 4546 3111 4644 populi:

383 4664 688 4756 quoniam
741 4661 1127 4735 confirmata
1183 4675 1286 4736 est
1338 4687 1542 4762 super
1595 4688 1720 4738 nos
1773 4665 2225 4739 misericordia
2280 4670 2464 4760 ejus,
2530 4674 2598 4736 et
2647 4668 2900 4736 veritas
2953 4664 3113 4736 Do-

382 4781 533 4851 mini
584 4789 809 4851 manet
858 4781 926 4850 in
979 4789 1338 4853 aeternum.
1446 4781 1675 4854 Gloria
1726 4781 1935 4872 Patri,
1989 4791 2057 4854 et
2107 4781 2322 4873 Filio,
2390 4791 2457 4855 et
2508 4781 2777 4877 Spiritui
2842 4792 3111 4872 sancto;

383 4915 549 4967 nunc
604 4905 672 4967 et
724 4917 1013 4991 semper,
1067 4906 1137 4969 et
1185 4900 1249 4969 in
1303 4896 1574 4971 saecula
1629 4899 2065 4972 saeculorum.
2169 4902 2408 4974 Amen.

585 5012 941 5084 Diaconus
992 5014 1175 5085 dicit.
1281 5015 1551 5108 Surgite
1605 5014 1689 5086 ad
1745 5016 2148 5090 Orationem.

584 5128 949 5201 Sacerdos.
1005 5130 1153 5203 Pax
1206 5131 1402 5205 vobis
1458 5134 1781 5206 omnibus.

458 5267 625 5311 ‘romum
652 5269 681 5312 1.
2611 5250 2705 5322 76
