4525 6034
680 576 757 649 266
1176 574 1535 652 trontola

504 833 507 844 ,
560 795 565 800 ·
682 762 805 835 Severi
831 760 1065 850 Patriarchae‚
1091 760 1290 849 Philoxeni,
1316 761 1428 849 Petri,
1454 770 1488 831 et
1513 759 1648 833 iacobi:
1676 761 1805 834 illorum
1833 766 1889 858 qui
1914 783 1977 857 per
1989 785 2054 834 co-

680 900 797 949 ronam
826 878 1048 950 confessionis
1081 900 1127 948 ex
1162 874 1284 947 mondo
1321 879 1489 948 exierunt:
1530 889 1566 949 nt
1601 880 1701 949 etiarn
1737 882 1880 949 omnium
1914 878 2054 962 illorum,

681 997 735 1087 qui
764 993 805 1064 ad
833 993 919 1064 hanc
946 1015 1052 1087 usque
1080 992 1167 1065 diem
1194 993 1340 1081 vestigia
1367 990 1497 1063 illorum
1524 995 1629 1064 secuti
1657 1005 1742 1065 sunt.

783 1109 934 1179 Davom
966 1131 1092 1179 nocem.
1159 1106 1311 1178 Omnium
1343 1105 1473 1178 illorum
1507 1107 1645 1200 dignare
1677 1111 1868 1180 meminisse
1900 1109 2054 1185 Domine.

680 1227 736 1318 qui
764 1246 865 1318 super
892 1223 1102 1295 adamantem
1128 1223 1232 1306 Petri„
1258 1219 1483 1293 lundaverunt
1509 1223 1625 1297 domos
1643 1223 1732 1312 fidei
1759 1223 1954 1318 rat-pericula
1970 1246 2054 1317 per-

680 1345 887 1411 secutionum
915 1343 1141 1412 sustinuerunt
1166 1360 1228 1432 pro
1256 1339 1418 1409 veritate:
1446 1350 1546 1434 atque
1573 1362 1634 1434 per
1662 1343 1832 1411 orationes
1852 1362 1970 1412 eorum
1984 1341 2054 1432 pias

680 1466 714 1525 et
742 1465 893 1541 sanctas,
920 1455 1080 1526 haereses
1116 1476 1202 1547 quae
1228 1456 1423 1545 impugnant
1443 1453 1637 1528 Ecclesiam
1664 1466 1752 1526 tuam
1780 1454 1926 1550 depelle:
1961 1453 2054 1524 scbi-

680 1582 786 1641 smata
814 1569 999 1642 condemna
1027 1580 1062 1641 et
1087 1573 1208 1662 reJice:
1237 1589 1354 1640 omnes
1383 1594 1515 1667 quoque
1534 1584 1807 1663 transgressores
1825 1570 1913 1662 legis
1933 1571 2054 1664 dissipa

680 1697 713 1757 et
739 1684 928 1757 confunde:
964 1685 1069 1778 perde
1102 1689 1201 1756 etiam
1235 1703 1351 1755 omnes
1388 1692 1443 1780 qui
1478 1692 1512 1759 in
1548 1687 1651 1760 corde
1678 1698 1712 1757 et
1738 1687 1841 1759 corde
1868 1687 2052 1780 loquuntur.

680 1802 805 1873 Omnes
833 1810 942 1872 antem
969 1800 1094 1872 robora
1122 1810 1157 1871 et
1184 1800 1321 1891 adJuva,
1349 1803 1479 1875 custodi
1506 1813 1540 1874 et
1555 1826 1656 1875 serva
1677 1827 1696 1873 a
1717 1802 1845 1897 laqueis
1865 1801 2053 1883 haereticis:

678 1921 725 1990 sis
753 1922 852 1989 etiarn
879 1917 976 1989 uobis
1005 1918 1152 1990 director
1179 1929 1212 1990 et
1239 1921 1408 2008 defensor,
1437 1929 1472 1989 et
1497 1940 1665 1990 conserva
1691 1941 1755 1991 nos
1782 1922 1815 1988 in
1842 1917 1910 1989 lide
1935 1917 2053 1987 ortho-

678 2032 769 2105 doxa
797 2033 839 2103 ad
865 2033 1013 2105 ultimum
1040 2057 1147 2128 usque
1175 2039 1337 2130 spiritum,
1365 2047 1399 2108 et
1424 2034 1610 2106 reseremus
1638 2033 1710 2122 tibi,
1738 2047 1800 2106 etc.

783 2149 944 2240 Populus.
997 2151 1118 2221 Arnen.

781 2263 958 2334 Sacerdos
984 2264 1177 2362 inclinatus.
1205 2266 1374 2340 Memento
1397 2266 1541 2338 Domine
1569 2287 1684 2337 eorum
1713 2268 1768 2358 qui
1797 2264 1942 2359 depositi
1969 2274 2051 2346 sunt,

677 2390 711 2451 et
738 2383 883 2451 omnium
909 2389 1057 2475 patrum,
1084 2379 1243 2468 fratrum,
1269 2385 1572 2475 magistrorumque
1600 2390 1801 2467 nostrorum,
1829 2382 1885 2473 qui
1911 2378 2051 2451 debincti

677 2498 810 2567 suntin
836 2493 902 2565 lide
928 2517 1023 2582 vera,
1051 2518 1097 2566 ex
1123 2493 1188 2568 hoc
1215 2497 1311 2570 altari
1339 2508 1471 2571 sancto:
1499 2500 1645 2568 maxime
1660 2518 1746 2567 vero
1764 2500 1910 2566 omnium
1930 2493 2049 2565 delon-

676 2621 805 2682 ctornm
831 2609 987 2700 bdelium,
1015 2614 1070 2705 qui
1097 2634 1173 2682 cum
1200 2612 1266 2685 lide
1293 2614 1480 2687 orthodoxa
1507 2635 1553 2684 ex
1580 2610 1644 2684 boc
1670 2610 1791 2683 mondo
1820 2614 2011 2681 exiverunt.

781 2726 933 2797 Eteonos
958 2749 1084 2797 vocem
1138 2727 1273 2801 Dlorum
1299 2734 1400 2823 igitur
1427 2731 1570 2800 omnium
1597 2727 1758 2816 Domine,
1791 2710 1846 2821 qui
1879 2748 1944 2822 per
1971 2748 2049 2797 sen-

675 2846 811 2914 tentiam
839 2841 1003 2914 adversus
1030 2844 1170 2935 primum
1196 2854 1325 2938 patrem
1352 2855 1502 2918 nostrum
1528 2843 1693 2914 Adamum
1721 2843 1900 2937 prolatam,
1929 2842 1976 2912 e'x
1994 2840 2049 2910 bac

674 2960 744 3028 vita
766 2955 898 3028 infelice
914 2959 1155 3048 migraverunt,
1176 2969 1210 3029 et
1228 2983 1293 3054 qno
1312 2971 1346 3033 tu
1367 2962 1459 3033 solus
1477 2962 1600 3032 novisti
1619 2970 1858 3053 pervener-ont,
1885 2967 2046 3029 memento

674 3094 736 3165 per
762 3074 903 3163 gratiam
931 3082 1038 3160 tuam,
1066 3083 1100 3143 et
1125 3078 1274 3168 requiem
1301 3076 1366 3148 illis
1393 3087 1547 3169 praesta,
1574 3079 1660 3145 inter
1687 3073 1823 3146 delicias
1860 3073 1938 3145 illas
1973 3093 2047 3166 quas

674 3185 840 3281 pollicitus
868 3208 906 3259 es
933 3186 1145 3279 diligentibus
1172 3198 1205 3259 te
1232 3212 1298 3263 non
1325 3169 1494 3264 revocans
1521 3195 1554 3261 in
1574 3193 1767 3261 memoriam
1786 3189 1908 3261 delicta
1923 3187 2047 3259 illomn

676 3313 710 3372 et
736 3313 860 3374 nostra.
907 3302 1027 3397 Neque
1054 3308 1141 3375 enim
1169 3316 1343 3398 peccatum
1370 3319 1519 3379 nostrum
1547 3306 1723 3400 quidquam
1751 3315 1818 3377 est:
1847 3312 1905 3374 aut
1927 3304 2046 3396 justitia

675 3429 802 3507 nostra,
830 3441 945 3491 coram
973 3430 1006 3490 te
1031 3418 1193 3492 Domine:
1221 3431 1278 3492 aut
1304 3428 1476 3517 quisquam
1503 3444 1604 3515 purus
1633 3434 1694 3507 est,
1722 3431 1756 3491 et
1778 3419 1909 3513 absque
1925 3416 2046 3490 macula

675 3537 762 3605 inter
789 3556 906 3606 omnes
932 3534 1018 3607 filios
1045 3534 1234 3625 mulierum,
1267 3541 1332 3610 nisi
1367 3538 1460 3611 solus
1495 3539 1677 3625 Dominus,
1709 3539 1802 3610 Deus
1839 3546 1873 3606 et
1902 3534 2045 3609 salrator

674 3661 792 3721 noster
817 3650 917 3722 lesus
945 3650 1096 3722 Christus
1121 3655 1310 3744 unigenitus
1337 3653 1439 3726 Filius
1467 3666 1558 3726 tuus:
1594 3676 1656 3748 per
1690 3677 1788 3747 quern
1819 3674 1883 3724 nos
1921 3671 2044 3745 quoque

674 3765 938 3837 misericordiam
967 3771 1128 3860 consequi
1155 3790 1346 3861 speramus,
1379 3779 1413 3860 et
1438 3773 1669 3843 remissionem
1695 3779 1929 3863 peccatorum,
1967 3788 2043 3859 quae

674 3891 814 3974 propter
841 3903 915 3951 eom
943 3891 1004 3968 est,
1032 3891 1099 3953 tarn
1125 3883 1236 3972 nobis,
1264 3908 1363 3978 quam
1389 3883 1464 3956 illis.

779 3996 940 4089 Populus.
995 3998 1147 4083 Quietem
1175 4008 1320 4093 praesta.

677 4179 680 4182 ,
778 4111 963 4183 Sacerdos.
1016 4110 1124 4184 Nobis
1151 4117 1250 4185 etiam
1278 4118 1333 4207 qui
1360 4113 1424 4184 buc
1449 4137 1555 4208 usque
1583 4116 1676 4184 carni
1702 4111 1827 4203 aDigati
1858 4119 2041 4197 somus,et

671 4229 704 4297 in
731 4231 898 4300 aerumnis
924 4226 1023 4322 plena
1050 4232 1120 4300 vita
1148 4228 1387 4318 conflictamur,
1413 4241 1551 4324 praesta
1576 4240 1610 4315 ut
1632 4227 1853 4301 observemus
1868 4234 2039 4321 praecepta

673 4342 795 4415 Christi
822 4347 883 4415 tui:
912 4342 1084 4437 dedocque
1110 4365 1174 4415 nos
1202 4345 1244 4415 ad
1269 4345 1382 4432 linem,
1409 4345 1516 4439 qualis
1544 4344 1641 4415 decet
1668 4353 1847 4438 operantes
1874 4342 1970 4416 bona.
2000 4340 2039 4411 Et

671 4459 802 4553 qnando
820 4458 999 4530 secundom
1018 4458 1224 4531 volontatem
1241 4459 1386 4532 divinam
1404 4472 1494 4532 tuam
1507 4459 1709 4531 dissolvetur
1722 4481 1907 4553 compages
1922 4467 2037 4542 nostra.¹

670 4575 773 4646 etad
800 4577 902 4646 vitam
931 4574 1113 4647 secundam
1140 4577 1429 4648 transmutabitur:
1458 4585 1594 4670 praesta
1621 4575 1719 4648 nobis
1746 4576 1914 4667 Angelum
1940 4575 2037 4670 pacis,

670 4700 705 4760 et
731 4688 836 4762 libera
863 4712 927 4762 nos
956 4690 1136 4762 aTartaro
1163 4688 1356 4763 tenebroso.
1392 4692 1562 4785 Praepara
1589 4696 1688 4763 etiam
1715 4712 1791 4780 nos,
1817 4703 1853 4763 ιιι
1879 4689 2034 4783 inculpati

669 4827 743 4875 curn
776 4805 984 4900 lampadibus
1018 4804 1219 4894 lucentibus,
1250 4807 1473 4901 procedamus
1507 4811 1540 4877 in
1574 4830 1751 4880 occursum
1786 4799 2048 4897 unigenitium

668 4923 730 4991 tui:
757 4924 850 4992 utin
877 4921 954 5011 hoc,
982 4925 1067 4994 sient
1092 4925 1125 4992 in
1155 4921 1320 5014 omnibus,
1347 4922 1553 5016 glorificetur
1579 4932 1615 4994 et
1638 4921 1791 4994 laudetur
1814 4943 1933 4995 nornen
1952 4932 2031 4991 tuum
