4525 6034
649 617 819 749 ‘SEVERI
855 614 1156 694 tortuosum.
1523 616 1600 690 323

331 803 492 897 Populos.
545 806 666 876 Amen.

330 917 528 1005 mannos„
568 917 725 991 Similiter
752 927 787 990 et
812 917 949 989 calicem
977 918 1121 1012 accepit,
1150 928 1326 1014 postquam
1354 929 1599 1009 coenaverunt,

226 1035 438 1129 miscensqne
465 1037 545 1106 vino
573 1043 606 1106 et
632 1058 731 1130 aqua,
758 1041 778 1117 †
805 1038 932 1127 gratias
959 1035 1030 1124 egit
1050 1039 1070 1115 †
1092 1043 1126 1104 et
1146 1034 1375 1122 sanctificavit,
1403 1041 1472 1116 †et
1489 1033 1602 1107 divisit

227 1146 394 1245 discipulis
421 1155 490 1223 suis
516 1150 690 1245 Apostolis
717 1150 848 1222 dicens:
881 1151 1053 1244 Accipite,
1086 1148 1189 1221 bibite
1220 1173 1267 1221 ex
1299 1170 1341 1220 eo
1372 1170 1438 1221 vos
1466 1172 1602 1222 omnes:

226 1262 290 1334 Hic
317 1276 369 1337 est
395 1270 532 1360 sanguis
559 1289 653 1341 meus
680 1265 882 1338 Testamenti
909 1267 1006 1349 novi,
1042 1268 1097 1359 qui
1123 1287 1185 1361 pro
1214 1264 1312 1336 vobis
1342 1276 1375 1336 et
1401 1284 1463 1359 pro
1491 1263 1602 1336 miritis

226 1379 401 1453 effunditur
426 1396 461 1455 et
486 1383 582 1454 datur
618 1385 651 1475 in
685 1385 915 1454 remissionem
948 1391 1173 1475 peccatorum.
1226 1380 1300 1453 Hoc
1335 1381 1435 1453 iacite
1470 1381 1504 1450 in
1535 1384 1602 1452 mei

226 1499 438 1570 memoriam:
466 1500 738 1593 quotiescumque
766 1500 853 1568 enim
880 1495 1120 1569 manducabitis
1147 1519 1268 1592 panem
1290 1495 1389 1585 bunc,
1407 1506 1440 1568 et
1464 1495 1601 1568 calicem

227 1608 313 1683 bunc
338 1612 474 1703 bibetis,
500 1624 643 1686 mortem
668 1636 778 1684 meam
806 1612 1047 1685 annuntiabitis.

330 1728 493 1825 Populos.
545 1728 665 1802 Mortis
693 1739 769 1800 tuae
796 1728 939 1800 Domine
966 1730 1159 1800 memoriam
1188 1732 1326 1821 agimus.

333 1841 517 1916 Sacerdos.
550 1845 624 1916 Hoc
649 1847 751 1936 igitur
777 1845 974 1917 sacrificium
999 1846 1204 1915 incruentum
1232 1843 1442 1939 perficientes
1458 1842 1603 1916 Domine

229 1957 331 2048 lesu,
358 1958 577 2054 deprecamur
604 1981 752 2032 amorem
780 1970 867 2031 tuum
896 1982 977 2050 erga
1005 1958 1174 2047 homines,
1204 1970 1279 2055 pter
1306 1981 1402 2053 quem
1429 1960 1461 2027 in
1489 1961 1602 2029 sacri-

230 2073 341 2144 ficium
368 2072 488 2147 dedisti
514 2084 548 2147 te
574 2078 680 2169 ipsmn
707 2097 768 2170 pro
795 2076 902 2148 nobis.
956 2074 1167 2147 Meminimus
1198 2079 1297 2147 etiam
1327 2072 1603 2145 manifestationis

225 2198 304 2260 tuae
332 2189 518 2277 secundae,
555 2190 750 2283 gloriosae,
785 2201 819 2262 et
852 2194 970 2262 timore
1004 2190 1142 2285 plenae,
1175 2189 1307 2285 quando
1340 2186 1474 2261 sedebis
1502 2209 1604 2283 snper

225 2303 344 2376 sedem
383 2304 555 2378 excelsam
588 2315 622 2377 et
655 2306 848 2395 timendam,
882 2305 1081 2400 stabuntque
1117 2326 1232 2377 coram
1266 2316 1299 2375 te
1334 2302 1452 2376 millies
1479 2303 1604 2374 milleni

224 2419 362 2511 Angeli,
391 2424 578 2516 igneusque
604 2419 723 2494 fluvius
751 2421 932 2493 descendet
954 2431 989 2491 et
1006 2425 1124 2517 impios
1147 2422 1298 2493 absumet
1319 2417 1447 2514 absque
1464 2422 1603 2490 miseri-

225 2534 358 2631 cordia:
399 2557 515 2608 omnes
552 2559 685 2631 qnoque
721 2536 872 2610 bomines
908 2540 1070 2609 rationem
1104 2536 1244 2608 reddent
1271 2558 1420 2632 operum
1454 2555 1603 2624 suorum,

224 2648 348 2722 nullum
362 2653 432 2743 jam
452 2661 508 2724 aut
527 2654 744 2740 accusatoris,
772 2663 829 2723 aut
845 2655 977 2748 patroni
998 2674 1083 2746 opus
1108 2649 1282 2741 babentes,
1309 2650 1369 2723 sed
1391 2653 1464 2744 ipsa
1487 2669 1603 2720 eorum

225 2787 330 2861 opera
359 2789 445 2861 quae
472 2776 626 2859 egerunt,
653 2766 925 2855 recensebuntur,
953 2771 1048 2861 ipsae
1076 2770 1176 2838 etiam
1203 2770 1425 2859 cogitationes
1453 2774 1510 2837 aut
1536 2788 1601 2837 ac-

224 2880 399 2971 cusabunt,
426 2891 483 2955 aut
509 2883 735 2956 excusabunt:
764 2883 894 2978 quando
923 2882 1020 2977 quale
1048 2885 1090 2954 sit
1117 2903 1202 2978 opus
1229 2884 1468 2974 cujuscumque
1486 2878 1602 2952 homi-

224 3001 277 3069 nis
311 2996 325 3034 ²
357 3001 445 3089 ignis
476 2997 649 3094 probabit;
683 3000 814 3093 quondo
849 3021 958 3092 neque
990 2986 1217 3093 sapientibus,
1251 3018 1361 3093 neque
1397 2995 1504 3068 doctis
1538 2998 1603 3066 erit

225 3112 410 3185 excusandi
435 3114 541 3203 locus,
570 3117 602 3184 in
628 3113 685 3186 illo
712 3125 863 3212 tempore
890 3118 1009 3186 timore
1035 3112 1148 3209 pleno,
1178 3135 1253 3184 enm
1280 3122 1405 3184 tremor
1432 3119 1465 3181 et
1491 3119 1603 3181 terror

223 3230 258 3298 in
285 3250 402 3301 omnes
430 3240 602 3301 creaturas
629 3229 809 3302 rationales
837 3230 945 3318 cadet,
973 3238 1007 3299 et
1033 3252 1132 3301 omne
1160 3250 1200 3301 os
1228 3228 1429 3314 obstruetur,
1458 3236 1491 3297 et
1511 3247 1602 3297 con-

222 3341 312 3414 fusio
340 3346 459 3439 impios
487 3353 521 3415 et
547 3348 740 3441 insipientes
774 3346 916 3417 tenebit:
951 3344 1084 3440 quando
1119 3346 1225 3416 irater
1261 3343 1386 3416 auxilio
1422 3364 1491 3414 non
1528 3345 1603 3431 erit,

224 3468 257 3530 et
283 3458 362 3530 nibil
384 3459 516 3553 juvabit
544 3465 803 3549 commiseratio,
830 3484 939 3556 neque
965 3471 1079 3557 patres
1099 3459 1293 3534 salvabunt:
1322 3458 1453 3554 quando
1473 3478 1603 3550 seque-

223 3583 277 3646 tur
303 3574 384 3646 nltio
412 3573 539 3670 absque
565 3577 812 3665 misericordia,
846 3576 922 3650 sslos
957 3582 1012 3671 qui
1041 3599 1110 3648 non
1142 3574 1295 3647 lecerunt
1326 3571 1600 3644 misericordiam.

223 3689 285 3762 Illo
314 3699 477 3785 tempore,
504 3713 548 3763 ne
575 3702 709 3764 avertas
735 3692 857 3764 faciem
883 3703 971 3765 tuanr
1000 3691 1155 3781 anobis,
1182 3712 1292 3785 neque
1320 3686 1488 3781 despicias
1512 3686 1602 3758 bae-

223 3806 398 3878 reditatem
425 3816 523 3893 tuam,
551 3812 596 3879 ita
623 3818 658 3880 ut
684 3807 884 3881 cruciatibus
912 3809 1041 3904 absque
1066 3809 1132 3880 fine
1160 3806 1316 3879 tradatur.
1357 3801 1410 3873 Ne
1437 3799 1602 3875 haeredes

225 3925 327 3993 simus
354 3921 565 3995 tenebrarum
593 3925 722 4020 absque
749 3923 814 3995 ulla
841 3923 928 4012 lnce,
958 3923 1132 3995 nefarias
1160 3945 1223 3995 nos
1250 3923 1396 3994 Domine
1423 3915 1552 3988 alienos
1581 3938 1602 3987 a

224 4041 392 4109 consortio
422 4049 489 4126 tuo,
517 4060 626 4133 neque
653 4037 803 4133 abneges
830 4061 904 4125 nos,
932 4050 966 4111 et
993 4038 1085 4111 dicas
1103 4037 1215 4125 nobis,
1242 4040 1401 4132 quianon
1420 4034 1501 4103 novi
1518 4053 1602 4119 vost

224 4176 268 4224 ne
295 4163 422 4226 statuas
448 4176 511 4227 nos
539 4159 572 4226 in
599 4154 705 4227 latere
732 4159 878 4243 sinistro,
907 4153 1038 4227 illorum
1065 4159 1119 4249 qui
1145 4153 1301 4226 viderunt
1326 4161 1360 4222 te
1386 4148 1600 4235 esurientem,

225 4291 289 4340 nec
316 4277 481 4364 pavemnt
506 4281 557 4342 te:
591 4270 765 4359 infirmum,
791 4292 900 4366 neque
925 4273 1146 4342 visitavemnt
1172 4278 1221 4340 te:
1259 4266 1318 4339 sed
1353 4285 1505 4357 agnosce
1538 4282 1602 4335 nos

226 4393 260 4455 et
282 4406 419 4457 numera
436 4407 499 4457 nos
522 4388 555 4456 in
574 4397 673 4460 coetu
691 4386 832 4476 illorum,
854 4389 908 4481 qui
929 4384 1080 4458 lecemnt
1100 4384 1307 4457 voluntatem
1331 4390 1430 4452 tuam.
1458 4377 1603 4472 Propter

225 4497 309 4571 baec
336 4503 423 4572 enim
450 4500 592 4596 populus
618 4513 693 4575 tuus
721 4512 754 4574 et
781 4501 970 4574 baereditas
996 4513 1052 4574 tua
1081 4501 1279 4595 deprecatur
1304 4507 1350 4586 te,
1377 4507 1411 4567 et
1435 4516 1497 4590 per
1513 4503 1546 4566 te
1568 4504 1603 4565 et
1658 4550 1662 4561 .

225 4624 335 4687 tecum
360 4616 495 4687 Patrem
522 4627 621 4689 tuum.

580 4788 583 4795 ⁴
679 4805 859 4875 Inoocntio
887 4802 1040 4898 Spiritus
1065 4806 1188 4875 annoti

328 4971 514 5044 Sacerdos.
567 4971 733 5043 Miserere
759 4975 825 5042 mei
850 4970 945 5044 Deus
971 4972 1072 5043 Pater
1099 4972 1322 5062 omnipotens,
1350 4976 1384 5037 et
1403 4969 1535 5061 respice
1558 4963 1602 5034 ad

223 5090 367 5177 gemitus
396 5095 430 5156 et
456 5089 598 5182 suspiria
625 5086 740 5182 populi
766 5090 829 5174 tui,
863 5109 973 5180 neque
1008 5088 1172 5181 respicias
1205 5083 1368 5169 Domine,
1403 5081 1493 5154 labia
1526 5100 1603 5150 mea

278 5222 364 5266 ronna
377 5221 401 5263 n,
1323 5197 1374 5270 44
