4525 6034
615 577 883 655 snucul
935 575 1244 656 GYRILLI.
1564 581 1611 656 51

609 817 695 889 Alia
722 817 844 888 Oratio
869 820 1061 911 praedurum
1086 821 1244 890 actionis.

345 1025 505 1124 Respice,
531 1026 687 1115 Domine,
714 1024 756 1097 ad
783 1028 869 1097 istus
903 1046 1024 1099 servos
1050 1036 1126 1099 tuos
1153 1029 1208 1122 qui
1233 1025 1390 1098 inclinant
1416 1030 1524 1124 capitu
1551 1051 1613 1103 sun

241 1166 358 1216 coram
384 1143 493 1237 gloria
520 1153 575 1215 tua
601 1150 736 1217 sanctu:
763 1141 912 1214 concede
936 1142 999 1214 illis
1026 1144 1257 1216 remissionem
1283 1154 1498 1239 peccatorum
1524 1167 1612 1217 sun-

238 1283 332 1353 rnm,
363 1258 504 1333 benedic
533 1258 611 1332 illos
646 1257 798 1331 omnibus
831 1257 1116 1333 benedictionibus
1150 1258 1389 1355 spiritualibus,
1423 1270 1458 1332 et
1483 1261 1612 1333 custodi

241 1400 305 1450 ecs
332 1375 473 1448 dextera
508 1386 562 1448 tna
596 1377 733 1472 potenti.
787 1373 954 1447 Corinna
987 1395 1049 1447 eos
1080 1378 1114 1446 in
1150 1375 1324 1448 ddecliune
1356 1387 1430 1465 tua3
1462 1380 1612 1474 imprime

240 1497 395 1566 timorem
424 1503 514 1565 tnunn
548 1489 705 1566 cordibus
731 1511 867 1580 eorum3
901 1493 994 1586 aperi
1027 1490 1145 1565 oculos
1180 1494 1362 1564 animarum
1395 1491 1542 1584 illorum,
1575 1503 1611 1565 ut

237 1609 353 1682 lucent
377 1632 480 1706 snper
505 1613 599 1707 ipsus
623 1607 734 1681 lumen
759 1607 939 1680 diuinitatis
965 1616 1058 1680 tuac:
1085 1611 1212 1680 instrue
1240 1608 1317 1683 illus
1344 1608 1439 1682 donis
1470 1610 1612 1707 Spiritus

237 1729 287 1799 tui
314 1729 434 1800 saneti:
461 1724 628 1798 circumda
655 1747 716 1798 eus
743 1734 909 1796 armatura
934 1734 1007 1796 tna:
1036 1724 1165 1796 custodi
1192 1746 1255 1799 eos
1282 1725 1343 1799 sub
1364 1724 1481 1799 umbra
1506 1723 1611 1799 boni·

237 1846 319 1917 tntis
344 1854 439 1916 tuae:
464 1841 572 1915 libera
608 1864 670 1916 ens
703 1839 744 1914 ab
781 1839 940 1937 operibus
972 1838 1067 1911 mulis
1104 1838 1240 1932 diaboli,
1275 1851 1308 1912 et
1334 1851 1472 1913 contere
1498 1846 1608 1914 omniu

239 1953 350 2056 opera
383 1961 477 2051 ejus,
508 1956 570 2032 sub
601 1957 741 2053 pedibus
776 1956 906 2029 illorum
941 1954 1114 2029 velociter.
1166 1956 1221 2029 Du
1258 1956 1323 2030 illis
1364 1966 1401 2028 nt
1439 1956 1612 2054 perficiant

236 2086 421 2172 praecepta
446 2084 502 2148 tna
529 2084 660 2147 sancta:
686 2077 798 2147 insere
824 2071 888 2145 illis
915 2071 1114 2144 desiderium
1139 2070 1303 2145 bonorum
1335 2083 1465 2145 tuorum
1493 2081 1611 2145 neuer-

236 2215 375 2266 norurn:
404 2190 510 2264 deduc
536 2213 597 2265 eos
624 2214 645 2262 a
670 2214 755 2288 pace
781 2193 815 2262 in
841 2212 975 2286 pacem:
1008 2186 1134 2261 robora
1160 2210 1221 2262 ecs
1255 2188 1458 2262 exercitibus
1483 2190 1612 2282 Ange-

237 2309 349 2381 lorum
374 2315 504 2380 tucrum
530 2317 734 2380 sanctorum:
771 2304 928 2403 operibns
964 2326 1118 2377 manuum
1144 2305 1274 2377 illorum
1306 2305 1464 2379 benedic:
1500 2306 1610 2398 dirige

238 2448 372 2498 omnem
399 2428 549 2498 sennium
575 2446 702 2514 eorum‚
730 2434 764 2496 et
788 2445 874 2516 rege
899 2424 1003 2494 vitum
1029 2419 1173 2494 illorum:
1205 2421 1287 2514 jube
1314 2421 1490 2518 praeibis
1516 2422 1608 2495 bonu

239 2552 273 2614 et
301 2544 535 2614 convenientia
561 2551 637 2614 sunt
663 2543 879 2633 contingere3
906 2547 941 2610 ct
965 2546 1001 2610 ut
1028 2560 1114 2633 quae
1140 2520 1409 2611 illis'cnncredita
1433 2537 1611 2613 suntbene

204 2732 207 2735 .
238 2669 392 2733 vertunt:
418 2681 548 2753 uosque
573 2656 668 2731 simul
695 2679 768 2729 cum
795 2659 876 2753 ipsis
903 2654 995 2746 digni
1027 2653 1207 2726 efficiamur
1235 2657 1343 2748 gratia
1367 2666 1442 2728 ura:
1470 2666 1503 2729 ct
1528 2658 1609 2727 mit-

239 2784 347 2847 tamus
375 2774 418 2846 ad
442 2785 476 2846 te
502 2796 633 2848 sursum
658 2773 775 2846 laudes
801 2772 935 2865 regales
962 2772 1049 2866 quud
1074 2773 1241 2861 naJesuri
1267 2781 1343 2843 tuae
1370 2771 1549 2861 debenun3
1576 2780 1611 2845 et

238 2892 391 2965 concede
430 2891 526 2965 nubis
568 2901 605 2964 ut
642 2892 848 2963 inveniamus
889 2887 1040 2960 fiduciam
1073 2906 1187 2958 coram
1225 2897 1259 2958 te
1291 2910 1353 2984 per
1385 2891 1609 2965 intercessio-

237 3031 317 3081 nem
344 3019 407 3082 θῑῧ.

665 3289 764 3358 Fran
788 3286 968 3380 Liberque
993 3286 1032 3359 s,
1059 3286 1188 3381 Cyrrus.
