4525 6034
736 597 811 673 532
1238 597 1596 677 LITURGIA

588 753 589 760 ἵ
730 787 955 884 pergratiam
978 795 1067 858 tuam
1094 785 1358 883 tranquillitatem
1385 795 1420 858 et
1444 808 1573 883 paoem,
1598 761 1751 883 tempora
1768 786 1907 859 laen‘tiae
1922 795 1952 859 et
1966 787 2053 861 alni-

731 903 875 991 daotiae‚
902 901 1154 975 benedictiones
1180 902 1341 976 alaram
1366 901 1545 993 frustrum,
1571 906 1801 977 remissionem
1826 907 2053 999 praevaricato-

731 1041 807 1092 num
834 1029 1041 1106 nostrarum,
1068 1018 1312 1092 abstersionem
1336 1021 1530 1115 insipienter
1555 1022 1825 1110 commissorum,
1846 1018 2055 1093 malefactornn

731 1134 976 1232 depulsionem,
1002 1134 1187 1208 libertatem
1214 1132 1257 1207 ali
1285 1132 1435 1208 omnibus
1459 1133 1589 1229 laqueis
1623 1133 1812 1248 hostilibus,
1846 1145 1881 1207 ut
1907 1135 2055 1208 reieranns

729 1252 787 1325 tili
816 1251 957 1346 gloriam
984 1260 1018 1323 et
1043 1249 1191 1343 laudem,
1222 1248 1384 1346 simulque
1409 1253 1580 1344 unigenito
1605 1252 1690 1324 Filio
1718 1262 1792 1342 tuo,
1818 1262 1854 1324 et
1876 1252 1997 1349 Spiritui
2014 1262 2057 1326 tao

731 1371 961 1456 sanctissimo,
988 1377 1023 1439 et
1049 1371 1185 1465 optimo.

834 1485 997 1578 Populea.
1048 1485 1169 1557 Amen.

836 1600 1011 1674 Sacerdos
1036 1600 1228 1672 inclinatas.
1269 1599 1391 1673 Iterum
1417 1599 1558 1693 dignare
1582 1602 1726 1673 Domine
1750 1603 1936 1674 meminisse
1957 1599 2060 1672 illornn

732 1718 877 1790 omnium
905 1718 959 1811 qni
986 1713 1028 1788 ab
1055 1718 1148 1788 initio
1175 1737 1281 1811 usque
1313 1714 1353 1788 ad
1386 1713 1502 1806 finem,
1536 1717 1570 1788 in
1601 1719 1668 1789 viis
1701 1718 1802 1788 raetis
1837 1717 2061 1804 ambulaverant

731 1843 765 1905 et
791 1843 824 1904 te
851 1835 955 1906 secuti
981 1841 1071 1919 sunt,
1099 1832 1313 1927 confessique
1340 1843 1415 1906 sunt
1440 1855 1563 1904 nomen
1590 1843 1696 1921 tuum,
1722 1832 1931 1905 crediderunt
1952 1835 1982 1903 iu
2000 1835 2061 1903 nai-

731 1953 877 2043 genitnm
904 1948 1020 2022 Filium
1047 1958 1148 2037 tuum,
1174 1959 1209 2021 et
1234 1947 1323 2021 laeto
1351 1953 1460 2022 animo
1487 1952 1711 2022 sustinuerunt
1736 1949 1938 2023 calamitates
1955 1959 2062 2046 propter

695 2059 700 2066 ’
731 2075 783 2139 te:
810 2066 1049 2162 Pr0phetarum
1077 2074 1111 2137 et
1136 2063 1376 2162 Apostolorum
1409 2068 1464 2162 qui
1496 2064 1608 2161 placiti
1641 2065 1701 2138 tibi
1732 2064 1884 2155 iuenmt3
1912 2064 2063 2159 Martyron

734 2192 769 2254 et
795 2180 1036 2256 Confessornm
1072 2183 1128 2276 qui
1163 2192 1197 2254 to
1227 2193 1475 2275 cognoverrmt,
1511 2183 1645 2257 Patrum
1680 2191 1713 2254 et
1742 2182 1941 2268 Doctomm,
1971 2183 2065 2275 quito

731 2319 892 2371 veracem
918 2295 1239 2394 comprobaverunt,
1266 2320 1341 2370 cum
1366 2302 1543 2394 purissima
1557 2298 1709 2391 ·Virgine
1735 2307 1869 2385 sancta,
1900 2297 1960 2369 liei
1986 2297 2065 2386 gmi-

730 2417 815 2488 trice
841 2414 968 2504 llario,
1000 2423 1105 2486 matre
1138 2417 1297 2508 unigeniti
1324 2417 1385 2503 tui,
1418 2425 1453 2487 et
1477 2416 1612 2511 reliquis
1639 2418 1763 2488 sanctis
1796 2415 1914 2486 amicis
1943 2421 1974 2484 et
1999 2409 2066 2481 dile·

731 2534 795 2604 ctis
820 2535 895 2604 tuis.

838 2647 1000 2742 Populos.
1052 2646 1158 2744 Kyrie
1187 2645 1325 2720 eleison.

837 2764 1013 2837 Sacerdos
1038 2763 1177 2835 cimolia
1207 2785 1334 2835 vocem.
1376 2761 1571 2836 Amicorum
1596 2764 1779 2856 majestatis
1803 2773 1886 2836 tuae
1910 2759 2069 2834 memoriam

733 2883 863 2974 agimus
889 2880 1044 2968 Domine,
1071 2889 1106 2952 et
1131 2902 1207 2953 cnm
1233 2879 1470 2976 deprecatione
1494 2877 1636 2976 supplici
1651 2902 1672 2951 a
1690 2888 1726 2951 te
1743 2882 1901 2975 petimus,
1926 2886 1960 2948 nt
1976 2875 2068 2966 dignos

731 2997 839 3070 iacias
865 3018 928 3069 nos
954 2997 1090 3090 adjungi
1123 2995 1293 3071 ordinibus
1327 3017 1461 3085 eorum,
1492 3004 1526 3068 et
1561 2995 1684 3068 admitti
1718 2999 1752 3067 in
1784 2990 2070 3088 congregationum

733 3135 862 3204 eorum,
889 3122 923 3185 et
948 3112 1108 3187 collocari
1135 3117 1220 3185 inter
1246 3122 1362 3187 coetus
1388 3134 1514 3185 eorum.
1566 3114 1751 3208 Propterea
1777 3111 1948 3184 infirmitas
1971 3114 2069 3192 nostra

731 3230 790 3303 luti
816 3229 939 3327 pelago
966 3233 1133 3320 immersa,
1159 3239 1321 3302 memorat
1347 3251 1464 3301 eorum
1488 3231 1632 3317 nomina,
1658 3239 1694 3301 ut
1717 3238 1878 3324 tanqum
1905 3227 1963 3300 alis
1983 3225 2069 3295 leuis-

733 3349 826 3421 simis
852 3345 1015 3419 subvecta
1041 3349 1175 3421 nomina
1198 3356 1314 3419 nostra
1340 3344 1466 3418 inlirma
1492 3355 1527 3417 et
1551 3345 1703 3438 indigna,
1736 3346 1932 3417 memoriam
1954 3337 2070 3414 tatem

731 3466 766 3535 in
794 3460 999 3536 orationibus
1026 3485 1155 3552 eorum,
1183 3473 1217 3535 et
1242 3465 1276 3534 iu
1301 3460 1456 3536 Ecclesia
1481 3464 1776 3560 primogenitorum
1802 3465 1837 3532 in
1865 3460 1973 3546 coelo,
2000 3455 2068 3528 scri·

732 3579 854 3652 hanun
872 3601 951 3676 'por
982 3582 1257 3653 intercessionem
1292 3601 1422 3652 eorum:
1454 3600 1583 3673 nosque
1618 3599 1733 3651 omnes
1767 3579 1862 3652 servi
1891 3580 1939 3648 tui
1966 3576 2028 3646 riri
2047 3578 2070 3639 et

732 3699 853 3767 mortui
878 3694 1040 3767 laetemur
1064 3697 1098 3767 in
1124 3717 1231 3788 regno
1258 3703 1315 3768 tuo
1347 3676 1516 3785 amomo,¹
1538 3716 1600 3789 per
1626 3696 1847 3790 patrocinium
1877 3714 2001 3778 eornm,
2023 3709 2069 3761 se·

734 3810 874 3883 cundum
900 3813 1159 3909 promissionem
1184 3833 1302 3884 veram
1327 3813 1487 3905 unigeniti
1512 3809 1587 3882 Filii
1613 3813 1673 3902 tui,
1699 3814 1754 3907 qui
1779 3832 1955 3886 sermones
1979 3823 2068 3879 corun

733 3926 960 4000 continuavit:
995 3938 1128 4001 etcum
1163 3951 1229 4024 quo
1255 3935 1289 3998 te
1320 3927 1418 4001 decet
1442 3926 1569 4019 gloria,
1593 3926 1719 4014 honor,
1755 3936 1790 3999 et
1819 3928 1990 4023 imperium
2015 3941 2070 3992 cm

732 4043 859 4141 Spiritu
883 4052 940 4116 tuo
967 4055 1094 4117 sancto.
1610 4053 1616 4060 “

837 4159 998 4254 Populea.
1051 4162 1171 4234 Anien.

837 4276 1013 4349 Sacerdos
1041 4277 1233 4349 inclinatae.
1287 4276 1439 4374 Amplius
1465 4280 1565 4351 etiam
1591 4287 1756 4350 memento
1783 4276 1946 4363 Domine,
1969 4272 2070 4345 Pasto-

732 4416 805 4466 rum
841 4392 1043 4484 electorum,
1070 4403 1103 4466 et
1127 4415 1287 4467 verorum
1323 4398 1378 4489 qui
1411 4394 1524 4489 legem
1557 4395 1739 4468 docuerunt
1770 4395 1951 4481 accurate,
1981 4403 2071 4459 eamn

729 4512 785 4605 qui
808 4508 966 4602 judicium
991 4508 1078 4602 legis
1105 4509 1302 4583 christianae
1328 4533 1412 4584 vere
1443 4521 1478 4583 et
1507 4522 1601 4583 recte
1633 4510 1965 4598 administraverunt,
1994 4505 2072 4578 etin

726 4626 792 4699 fide
821 4624 1038 4716 orthodoxa,
1073 4648 1119 4699 ex
1145 4630 1214 4698 vita
1240 4624 1304 4700 hac
1328 4625 1520 4718 laboriosa,
1553 4628 1596 4701 ad
1630 4630 1833 4719 unigenitum
1861 4625 1976 4699 Filium
2002 4628 2071 4690 turn

729 4744 974 4838 migraverrmt:
1001 4765 1117 4815 eorum
1145 4745 1200 4838 qui
1227 4766 1247 4815 a
1272 4744 1363 4818 Divo
1395 4741 1409 4782 ⁵
1434 4743 1565 4818 Jacobo
1582 4742 1834 4836 Theologorum
1848 4745 2004 4840 principe,
2024 4732 2070 4803 luc

730 4879 848 4952 usque,
875 4861 1114 4955 mysteriorum
1138 4858 1323 4934 divinorum
1350 4861 1521 4934 scientiam
1546 4858 1708 4933 Ecclesiis
1739 4863 1805 4932 tuis
1840 4863 1964 4934 sanctis
1987 4848 2071 4925 nadi-

734 4971 861 5062 derunt,
888 4983 924 5047 et
949 4979 1038 5048 omni
1065 4998 1193 5070 genere
1219 4976 1460 5073 deprecationis
1486 4980 1538 5050 usi
1564 4988 1657 5068 suot,
1689 4998 1751 5072 pro
1783 4975 1863 5050 liliis
1896 4977 1963 5052 suis
1989 4966 2070 5067 spiti-

729 5089 881 5164 tualibus.
1278 5109 1281 5116 “
