4525 6034
525 577 700 698 nrosoon
726 618 988 697 rnmrnoms
1014 621 1278 708 mmmnunn.
1504 624 1580 698 aso

217 806 438 901 acquisivisti,
476 805 632 879 obsecrat
664 818 697 879 et
731 807 928 903 depreeatur
953 819 1005 898 te,
1036 819 1074 881 et
1099 810 1234 883 Patrem
1260 821 1349 884 tuum
1375 833 1437 908 per
1463 820 1515 900 te,
1551 820 1586 884 et

218 933 329 993 tecum
356 921 481 993 dicens.
690 924 850 1017 Populos.
902 923 1075 997 llliserere.

321 1039 505 1109 Sacerdos.
558 1038 631 1111 Nos
659 1064 799 1136 quoque.

323 1155 483 1247 Populus.
538 1156 587 1227 Te
614 1155 800 1229 adoramus.

319 1270 506 1342 Diaconos.
562 1275 667 1358 Quam
694 1271 837 1346 timenda
865 1285 916 1346 est
942 1272 1026 1345 haec
1052 1272 1145 1346 hora.

320 1386 495 1472 Sacerdos
520 1387 713 1478 inclinatus,
741 1379 825 1459 dicit
850 1387 1104 1461 lanceationem
1130 1388 1282 1482 Spiritus
1307 1392 1428 1459 cuncti.

320 1503 463 1576 Domine
489 1508 604 1577 veniat
629 1504 771 1601 Spiritus
799 1516 872 1578 tuus
899 1517 1053 1594 sanctus,
1079 1509 1334 1600 requiescatque
1360 1507 1585 1600 pergratiam

219 1643 324 1711 suam,
351 1620 535 1692 sanctificet
560 1630 595 1692 et
620 1623 769 1717 perficiat
795 1622 990 1694 sacrificinm
1017 1622 1093 1708 hoc,
1120 1620 1210 1716 quod
1236 1644 1351 1695 eoram
1377 1618 1474 1692 nobis
1495 1607 1584 1716 pro·

216 1740 359 1833 positum
388 1747 460 1824 est,
487 1746 521 1807 et
546 1737 643 1810 nobis
671 1737 749 1810 illud
776 1739 1037 1834 purificationem
1064 1761 1143 1810 esse
1169 1738 1278 1810 iaciat.
1322 1737 1447 1809 Verum
1474 1759 1539 1809 noc
1569 1739 1585 1774 ⁴

215 1863 358 1949 propter
385 1875 488 1950 opera
516 1861 634 1926 nostra
658 1854 791 1927 odibiha
817 1858 930 1951 prives
957 1856 1112 1952 populum
1140 1865 1228 1926 tuum
1244 1853 1373 1926 fidelem
1389 1853 1477 1925 dono
1496 1875 1585 1925 coe-

216 1967 310 2041 lesti:
345 1968 405 2041 sed
436 1990 498 2066 per
532 1970 763 2044 abundantiam
795 1975 924 2064 gratiae
949 1981 1026 2043 tuae
1053 1974 1144 2043 mitte
1170 1968 1259 2042 illum
1286 1968 1400 2055 nobis,
1428 1979 1462 2040 et
1488 1969 1584 2043 donis

217 2088 288 2157 suis
316 2085 436 2157 divinis
462 2108 526 2158 nos
552 2089 689 2183 repleat
735 2087 780 2159 Et
795 2091 880 2160 sicut
895 2093 928 2159 in
945 2087 1119 2162 columbae
1136 2089 1250 2182 specie
1269 2090 1302 2158 in
1317 2083 1464 2157 iordane
1482 2084 1583 2157 llnvio

216 2223 318 2297 super
343 2205 545 2295 unigenitum
571 2204 691 2276 Filium
717 2214 807 2276 tunm
833 2208 1010 2300 requievit,
1043 2213 1076 2275 et
1109 2225 1210 2299 super
1236 2202 1422 2297 Apostolos
1449 2211 1583 2274 sanctos

215 2321 249 2388 in
276 2316 396 2410 linguis
422 2321 510 2411 ignis
538 2323 706 2416 apparuit:
734 2324 783 2391 sic
809 2318 934 2392 habitet
960 2331 994 2391 et
1020 2305 1209 2416 requiescat
1230 2341 1330 2414 super
1349 2341 1412 2391 nos
1431 2328 1465 2390 et
1483 2340 1584 2414 super

217 2433 404 2507 oblationes
434 2437 526 2507 istas.

320 2549 482 2644 Populos.
534 2552 666 2627 Exaudi
692 2576 755 2625 me.

319 2666 505 2739 Sacerdos.
558 2667 603 2741 Ut
638 2668 839 2756 adveniens,
873 2690 935 2764 per
969 2673 1110 2761 gratiam
1146 2690 1259 2756 suam,
1298 2688 1418 2762 panem
1451 2666 1582 2761 quidem

216 2784 313 2855 istum
341 2782 464 2856 efficiat
489 2807 612 2881 corpus
640 2784 761 2861 Christi
787 2787 851 2857 Dei
876 2787 990 2859 nostri.

324 2900 485 2993 Populus.
536 2903 654 2973 Amen.

320 3014 503 3087 Sacerdos.
555 3016 600 3088 Et
625 3021 756 3091 mistum
783 3016 872 3113 quod
899 3028 951 3089 est
975 3020 1008 3089 in
1031 3015 1095 3088 hoc
1112 3015 1227 3106 calice,
1255 3014 1373 3086 efficiat
1388 3019 1583 3112 sanquinem

218 3131 341 3205 Christi
367 3134 432 3204 Dei
457 3136 573 3205 nostri.

321 3248 483 3342 Populos.
535 3251 653 3321 Amen.

319 3363 502 3436 Sacerdos.
556 3364 600 3437 Ut
627 3369 741 3461 quiin
768 3365 831 3438 hoc
858 3368 1017 3439 convivio
1047 3368 1282 3461 mysteriorum
1315 3367 1452 3437 istorum
1484 3366 1581 3434 vivi-

215 3479 382 3552 ficantium
409 3480 530 3577 epulati
556 3481 733 3570 fuerimus,
760 3492 793 3553 et
819 3504 957 3577 quorum
984 3485 1113 3554 animae
1141 3492 1176 3553 et
1201 3503 1344 3576 corpora
1378 3479 1581 3553 sanctificata
1683 3481 1686 3490 ’

216 3595 356 3685 inerint,
384 3619 425 3668 ea
452 3601 578 3669 nonin
605 3597 833 3670 confusionem
861 3597 1063 3672 liantnobis
1089 3601 1333 3671 innovissimo
1361 3599 1431 3686 die,
1462 3596 1581 3670 sedin

216 3711 376 3798 salutem,
412 3723 445 3784 et
478 3712 667 3808 apologiam
700 3736 814 3786 coram
848 3717 1021 3807 majestate
1055 3725 1128 3803 tua,
1165 3715 1320 3787 ethonis
1348 3737 1434 3810 quae
1460 3717 1581 3785 trium-

214 3825 407 3923 phatoribus
435 3832 498 3900 tuis
524 3840 700 3902 reservata
727 3840 812 3914 sunt,
839 3834 872 3901 in
899 3829 1018 3902 lumine
1045 3829 1257 3903 intellectuali
1284 3843 1352 3922 tuo,
1387 3831 1477 3923 digni
1504 3829 1580 3901 elh-

215 3947 356 4017 ciamur:
383 3967 445 4040 per
471 3950 624 4036 gratiam,
650 3949 880 4019 miserationes
908 3957 941 4018 ot
967 3969 1115 4019 amorem
1142 3969 1224 4039 erga
1250 3947 1400 4021 homines
1422 3946 1580 4037 unigeniti

215 4059 291 4131 Filii
317 4063 373 4150 tui,
401 4072 435 4132 at
461 4062 601 4157 Spiritus
629 4066 673 4134 tni
700 4066 896 4135 sanctissimi
922 4072 956 4134 et
982 4062 1071 4135 boni.

321 4177 481 4271 Populos.
532 4181 651 4251 Amen.

321 4293 495 4365 Sacerdos
530 4295 721 4366 inclinatos.
776 4294 984 4369 Convertere
1010 4297 1154 4368 Domine
1180 4306 1214 4366 et
1240 4302 1371 4393 suscipe
1400 4298 1441 4369 dc
1467 4299 1580 4367 mani-

215 4410 280 4482 bus
307 4414 430 4483 nostris
456 4410 717 4507 peccatricibus,
743 4410 938 4484 sacrificium
971 4411 1035 4485 hoc
1069 4412 1158 4507 qnod
1191 4413 1249 4485 tibi
1280 4436 1366 4486 nunc
1401 4413 1579 4496 offerimus,

217 4549 281 4622 pro
308 4525 540 4622 tranquillitate
565 4527 741 4624 Ecclesiae
767 4538 843 4600 tuae
870 4537 1025 4616 sancho,
1056 4551 1118 4624 pro
1152 4528 1301 4602 custodia
1328 4531 1468 4603 liliorum
1495 4531 1580 4620 ejuS,

216 4652 251 4713 et
277 4641 481 4716 exaltatione
508 4643 725 4716 Sacerdotum
753 4647 841 4736 ejus,
874 4647 1053 4740 praecipue
1072 4663 1169 4718 *vero
1201 4648 1374 4719 Pastorum
1407 4645 1580 4717 beatorum

218 4760 273 4852 qui
300 4757 398 4830 hodie
423 4759 468 4831 illi
494 4770 661 4856 praesunt,
689 4766 721 4832 in
747 4761 811 4833 fite
838 4759 1036 4848 orthodoxa,
1062 4764 1096 4832 in
1113 4765 1225 4856 primis
1245 4772 1354 4832 autem
1368 4757 1580 4832 Patriarchae

214 4878 323 4947 nostri
350 4876 483 4947 Domini
509 4876 549 4946 N.
584 4887 618 4948 et
643 4877 784 4949 Domini.
811 4876 851 4948 N.
886 4888 920 4950 et
950 4876 1109 4973 Episcopi
1142 4881 1247 4950 nostri
1277 4878 1319 4948 D.
1352 4876 1394 4948 N.
1426 4873 1579 4969 reliquo-

216 5011 355 5084 rumque
380 4990 623 5087 Episcoporum
650 4993 920 5081 orthodoxorum,
957 4997 1049 5065 utin
1076 4998 1210 5090 pascuis
1237 4993 1476 5090 spiritualibus,
1504 5010 1579 5060 cum

214 5108 285 5178 vita
313 5106 433 5199 longa,
469 5119 502 5179 et
530 5110 730 5206 temporibus
758 5114 903 5206 pacatis,
935 5109 1062 5206 absque
1088 5110 1257 5208 hypocrisi
1282 5121 1421 5207 pascant
1447 5129 1521 5181 eam
1547 5114 1582 5176 et
