4525 6034
707 520 783 599 364
1215 527 1576 605 LITURGlb

703 724 789 786 stus:
816 736 878 810 per
905 738 1001 810 quem
1029 739 1092 789 nos
1119 717 1218 787 etiam
1243 735 1414 809 speramus
1435 700 1594 810 consequi
1617 716 1876 790 misericordiam
1892 729 1922 791 et
1937 723 2037 794 renis·

704 832 844 903 sionem·
858 841 1084 925 peccatorum,
1111 842 1145 903 et
1170 840 1308 927 propter
1335 852 1423 920 eum,
1449 841 1517 903 tam
1543 829 1640 904 uobis
1668 855 1766 927 mam
1792 835 1881 928 ipsit.

806 946 966 1040 Popalas.
1021 947 1175 1033 Quietem
1203 955 1347 1042 praesta.

805 1063 990 1138 Sacerdos.
1042 1064 1151 1137 Parce
1176 1064 1334 1161 Domine,
1366 1072 1400 1133 et
1425 1064 1556 1135 remitte
1582 1084 1699 1138 omnes
1725 1067 1910 1159 iniquitates
1933 1077 2039 1140 uastas

703 1190 737 1251 et
763 1180 910 1271 illorum,
938 1192 971 1253 et
997 1179 1101 1253 libera
1128 1202 1192 1252 nos
1220 1178 1262 1251 ab
1290 1176 1440 1251 omnibus
1468 1178 1728 1272 aegritudinibus
1753 1184 1960 1276 perniciosis,
1986 1187 2041 1254 ini-

703 1298 834 1390 quitatis
862 1308 896 1370 ct
921 1300 1068 1393 peccati,
1104 1299 1340 1389 cujuscumque
1371 1299 1522 1387 generis:
1559 1296 1665 1388 dirige
1696 1318 1837 1388 gressus
1870 1304 2041 1373 ucsuusin

703 1415 829 1484 semitis
855 1414 1084 1486 mandatorum
1111 1421 1240 1485 tuorum
1268 1410 1472 1484 divinorum:
1500 1422 1534 1483 et
1561 1412 1603 1485 da
1629 1412 1726 1485 nobis
1753 1423 1789 1484 ut
1810 1418 1910 1488 simus
1928 1416 2043 1512 popdus

675 1537 847 1615 ‚sauctus
875 1532 1095 1621 congregatio
1123 1527 1274 1616 salvata,
1306 1536 1341 1598 et
1372 1526 1604 1601 Sacerdotium
1636 1528 1833 1621 angelicum.
1887 1531 1936 1602 Da
1966 1534 2043 1603 edan

700 1642 815 1733 nobis,
843 1657 878 1717 ut
904 1668 977 1716 cum
1006 1644 1264 1717 exultationibus
1292 1643 1534 1739 spiritualibus,
1567 1655 1601 1715 et
1627 1643 1758 1718 choreis
1785 1644 2043 1733 intellectualibus,

701 1760 915 1856 tripudiisque
943 1785 1016 1833 cum
1045 1784 1173 1833 summo
1202 1760 1325 1853 gaudio
1353 1764 1550 1854 cunjuncta,
1576 1759 1738 1833 laetemur
1764 1773 1798 1834 et
1824 1763 1939 1835 eadem
1961 1762 2045 1833 rolu-

699 1886 791 1973 ptate
817 1877 977 1967 fruamur,
1004 1901 1079 1950 cum
1106 1880 1189 1949 viris
1215 1876 1280 1949 illis
1307 1874 1430 1967 beatis3
1463 1886 1498 1948 ut
1525 1898 1600 1948 cum
1626 1876 1689 1948 illis
1717 1888 1750 1949 et
1775 1882 1864 1949 inter
1889 1877 1957 1950 illos
1981 1878 2045 1970 glo-

700 1993 877 2083 rificemus,
900 1992 1071 2066 laudenius
1095 2003 1129 2065 et
1154 1992 1340 2066 exaltemus
1356 1992 1644 2085 gloriosissimum,
1666 2003 1700 2064 et
1720 1991 1930 2067 benedictum
1948 2017 2044 2068 nomen

700 2119 801 2203 tuum,
829 2121 862 2183 et
887 2111 1021 2184 Domini
1046 2114 1154 2183 nostri
1178 2109 1261 2182 tosa
1288 2107 1422 2199 Christi,
1450 2118 1484 2181 et
1509 2109 1651 2205 Spiritus
1678 2112 1724 2181 tui
1751 2115 1868 2182 sancti.

803 2227 965 2320 Populos.
1019 2226 1079 2314 Ut,
1107 2236 1170 2298 etc.

800 2344 985 2416 Sacerdos.
1039 2344 1122 2415 Pax.

800 2457 961 2553 Populos.
1013 2458 1057 2530 itt
1083 2482 1159 2531 cum
1184 2458 1309 2553 Spiritu
1336 2469 1402 2531 tuo.

801 2575 985 2647 Sacerdos.
1038 2574 1293 2647 Benedictiones
1320 2575 1386 2647 Dei
1412 2577 1487 2664 siut,
1515 2583 1576 2645 etc.

801 2693 981 2764 Diaconos
1007 2692 1092 2762 dicit
1119 2692 1341 2763 catholicam.
1396 2691 1571 2762 Sacerdos
1593 2696 1730 2788 frangit
1756 2700 1791 2764 et
1815 2696 1937 2785 signat.

867 3054 915 3125 Et
941 3055 1026 3125 dr'cr't
1054 3054 1253 3125 Orationem
1279 3076 1368 3148 paras
1394 3054 1521 3123 dicitur
1548 3060 1629 3124 uate
1655 3054 1755 3125 Pater
1780 3067 1909 3127 noster.

800 3262 892 3333 Deus
920 3261 1111 3333 admirande
1127 3271 1160 3333 et
1175 3258 1360 3350 ineffabilis
1387 3259 1526 3333 excelse
1543 3269 1576 3332 et
1590 3261 1713 3341 infinite
1735 3265 1790 3356 qui
1807 3261 1918 3334 laudis
1943 3281 2048 3357 perpe·

697 3390 751 3451 tua
773 3379 1039 3451 decantationea
1067 3376 1286 3474 potestatibus
1311 3376 1513 3449 coelestibus
1532 3376 1700 3464 exaltaris,
1730 3389 1764 3449 et
1792 3382 1930 3450 canticis
1951 3380 2048 3447 taum-

695 3494 858 3591 phalibus,
887 3503 921 3565 et
948 3492 1140 3567 sublimibus
1168 3492 1371 3566 celebraris:
1399 3503 1433 3563 te
1455 3514 1589 3591 oramus
1613 3498 1852 3565 crementium
1873 3504 2048 3573 nostramn,

696 3622 731 3683 tc
759 3614 813 3706 qni
840 3609 971 3683 occulta
998 3613 1135 3682 intueris
1162 3621 1287 3682 nostra.
1320 3609 1372 3681 'lu
1399 3631 1436 3681 cs
1464 3613 1550 3680 enim
1578 3609 1721 3683 Creator
1747 3622 1781 3681 et
1798 3610 1908 3701 Deus,
1932 3613 2046 3706 primns

697 3737 731 3798 et
756 3728 978 3799 novissimus:
1005 3749 1114 3821 neque
1142 3735 1194 3799 est
1220 3726 1303 3797 alius
1329 3726 1422 3798 Deus
1448 3734 1652 3821 praetante.
1703 3725 1754 3797 'l'u
1781 3749 1819 3798 es
1849 3749 1927 3823 spes
1953 3743 2048 3796 eumn

699 3846 754 3938 qui
772 3846 1038 3939 persecutionem
1057 3843 1240 3938 patiuntur:
1268 3863 1382 3914 comes
1402 3840 1623 3913 exulandum:
1650 3865 1833 3938 pauperum
1855 3842 2049 3921 confortator,

698 3957 891 4033 consolator
918 3958 1126 4045 afflictorum,
1162 3967 1196 4030 et
1220 3957 1424 4055 perditorum
1450 3968 1614 4054 repertor.
1667 3958 1718 4029 'l'e
1748 3962 1850 4051 igitur
1885 3975 2048 4056 precamur,

694 4086 733 4149 ut
759 4075 987 4148 misericordia
1014 4086 1069 4147 tua
1095 4077 1245 4147 iuveniat
1270 4074 1488 4171 perditionem
1520 4084 1682 4161 nostram,
1715 4083 1751 4144 ut
1782 4078 1973 4149 mundemur
1999 4091 2047 4166 per

698 4196 839 4285 gratiam
871 4201 960 4263 tuam
994 4216 1014 4263 a
1045 4190 1200 4264 sardibus
1235 4201 1469 4286 peccatorum,
1504 4200 1538 4261 et
1570 4188 1749 4263 liberemur
1781 4213 1801 4260 a
1835 4186 2047 4263 tenmdombus

698 4311 838 4380 animam
866 4320 899 4379 et
926 4331 1048 4403 corpus
1075 4305 1350 4403 impugnantibus.
1387 4306 1440 4378 Da
1455 4309 1552 4378 etiam
1569 4303 1667 4378 nobis
1682 4314 1717 4376 ut
1732 4309 1904 4378 orationes
1918 4316 2045 4387 nostrae,

586 4441 598 4455 ⁵
698 4424 759 4497 alis
786 4423 985 4520 optabilibus
1012 4428 1141 4516 gutiae
1167 4433 1245 4496 tuae
1272 4423 1473 4512 subvectae,
1497 4426 1696 4519 perveniant
1720 4445 1827 4517 usque
1855 4423 1898 4494 ad
1922 4422 2044 4493 infimum

698 4539 838 4633 gradmn
864 4539 939 4614 solii
966 4539 1095 4633 gloriae
1122 4549 1219 4629 tuae,
1246 4550 1346 4635 utque
1373 4564 1447 4612 cum
1473 4538 1593 4611 fiducia
1619 4563 1637 4610 a
1663 4548 1697 4610 te
1724 4561 1907 4626 concessa,
1939 4547 2043 4609 stemus

698 4680 811 4730 coram
839 4667 872 4728 te
899 4679 973 4728 cum
1001 4657 1103 4728 corde
1129 4676 1213 4751 puro
1241 4666 1275 4728 ct
1299 4656 1393 4728 vultu
1419 4656 1520 4737 laeto.
1547 4654 1759 4749 dicamusque
1777 4655 1863 4728 banc
1881 4658 2042 4728 orationem

698 4795 795 4868 quam
823 4773 934 4845 docuit
960 4778 1149 4866 unigenitus
1175 4772 1279 4845 Filius
1307 4781 1391 4861 tuus,
1419 4771 1596 4868 discipulos
1623 4792 1704 4844 suos
1731 4783 1885 4845 sanctos:
1914 4788 2043 4864 respon-

697 4890 900 4985 deamusque
926 4901 960 4962 et
986 4890 1143 4962 dicamus.
1196 4891 1297 4962 Pater
1322 4900 1439 4961 noster
1464 4891 1517 4984 qui
1544 4911 1582 4962 es
1608 4893 1642 4960 in
1669 4887 1782 4961 cucbs.

799 5006 959 5100 Papulas.
1012 5005 1252 5079 Sanctificetur.

2181 3678 2190 3755 l
