4525 6034
567 609 620 685 Ab
640 607 847 688 mundun
869 607 1061 687 COPllChhl
1081 607 1113 686 S.
1130 607 1276 685 bastin
1528 609 1604 685 253

238 792 376 855 oratione
408 793 577 860 absurdius.
627 795 723 858 Nemo
749 795 844 873 enim,
873 812 935 858 non
964 793 1052 857 modo
1082 794 1163 856 inter
1190 792 1436 878 religiosissimae
1466 797 1604 877 actionis,

236 892 333 973 qualis
357 894 525 955 communic
549 901 606 973 est,
629 895 783 973 solennia,
813 894 866 958 sed
895 912 953 956 nec
979 892 1142 956 Rhetorice
1168 894 1269 973 potius
1298 912 1386 975 quam
1418 895 1605 978 Theologice

233 990 400 1073 loquendo,
424 1011 553 1074 unquam
576 991 665 1055 dixit:
696 991 805 1068 Credo,
827 1001 858 1055 et
878 993 921 1054 cd
941 993 1074 1054 attium
1094 1011 1189 1073 ammte
1210 992 1292 1054 citae
1320 993 1445 1056 halitum
1472 995 1604 1069 medum,
1673 1018 1680 1030 ·

230 1091 338 1169 fideles
359 1110 428 1153 esse
449 1111 561 1172 corpora
583 1090 706 1170 Christi,
729 1093 803 1154 illud
823 1094 921 1173 ipsam
946 1092 1027 1173 qnod
1047 1091 1192 1153 narammt
1225 1110 1266 1152 cc
1291 1090 1395 1154 llario
1429 1093 1547 1174 Virgine
1576 1099 1606 1154 et

231 1194 264 1253 in
286 1211 347 1272 quo
366 1211 480 1273 passam
501 1200 555 1258 est.

321 1289 355 1352 ld
374 1298 477 1353 tamen
500 1292 674 1374 significare
696 1297 818 1374 oportet
840 1289 1047 1354 Confessionis
1076 1288 1188 1367 verba,
1219 1288 1244 1351 si
1267 1288 1326 1352 alio
1348 1308 1437 1371 quam
1458 1291 1549 1354 realis
1573 1300 1604 1354 et
1651 1297 1798 1353 nitentum
1826 1302 1926 1357 retettt-

232 1390 439 1453 substantialis
462 1392 715 1454 transmutationis
738 1408 830 1454 sensu
853 1390 1047 1472 accipiantur.
1088 1387 1127 1451 Et
1148 1405 1222 1450 sane
1245 1388 1274 1451 id
1297 1389 1395 1452 lassus
1418 1399 1466 1453 est
1487 1390 1664 1454 hiber-lut·

232 1490 326 1567 tinus,
349 1489 494 1553 indirecte
517 1490 648 1571 quidem,
670 1490 725 1553 sed
747 1507 806 1552 non
829 1490 925 1552 minus
948 1496 1048 1566 certo,
1079 1505 1147 1549 cum
1168 1486 1209 1548 ita
1232 1488 1390 1553 scriberet.
1435 1490 1530 1568 Sicut,
1552 1492 1602 1553 in-

232 1591 308 1672 quit,
329 1589 425 1668 facile
447 1592 639 1652 macedium
659 1591 736 1652 haec
757 1588 853 1652 verbu
872 1586 1008 1670 (Corpus
1021 1586 1142 1652 Christi.
1170 1584 1299 1664 Amem)
1322 1590 1364 1650 ud
1378 1587 1603 1653 Eucharisticm

228 1692 396 1771 pertiraere,
419 1698 527 1752 contra
545 1692 666 1770 pariter
685 1707 829 1769 cepenam
850 1687 1019 1750 Diaconum
1030 1685 1257 1748 Eucharisticm
1274 1689 1480 1768 porrtqentem
1501 1689 1604 1750 dicme

232 1791 353 1851 solihan
376 1807 535 1851 scaenam
557 1807 669 1869 corpas
691 1788 806 1850 Christi
821 1787 981 1868 praebere.
1005 1785 1148 1849 Attamen
1170 1785 1200 1846 iu
1221 1785 1282 1847 ritu
1305 1784 1491 1868 Coptitarum
1513 1806 1602 1868 quem
1650 1799 1677 1850 t.
1695 1801 1721 1851 2.
1738 1818 1764 1869 ρ.
1782 1803 1844 1855 345.

234 1888 444 1968 expendimus,
466 1906 527 1950 non
549 1889 639 1951 modo
662 1887 844 1951 Sacerdotes
874 1894 905 1950 ct
934 1886 1060 1949 Diaconi
1083 1882 1321 1947 communionem
1352 1887 1532 1967 praebentes
1561 1888 1601 1949 ita

234 1988 407 2069 loquuntur,
430 1986 485 2049 scd
508 1993 578 2049 ante
600 1989 695 2068 ipsam
717 1986 783 2067 ejus
806 1984 1061 2062 distributionem,
1091 1991 1121 2045 et
1144 1983 1184 2045 ita
1207 1990 1321 2045 utnon
1343 1986 1432 2049 modo
1456 1986 1493 2048 ad
1516 2005 1603 2049 com-

234 2089 449 2163 municaturos,
471 2105 578 2149 verum
601 2095 632 2150 et
653 2084 691 2148 ad
714 2102 819 2148 omnes
842 2087 873 2147 in
901 2084 1039 2147 Ecclesia
1069 2089 1250 2164 praesentes
1278 2084 1372 2146 verba
1394 2083 1513 2151 iaciant.
1558 2084 1602 2148 lta

235 2205 357 2269 quoque
382 2186 540 2268 designant
562 2186 634 2249 illud
655 2187 753 2267 ipsum
775 2184 856 2265 quod
879 2202 949 2247 esse
964 2183 1066 2245 dicum
1083 2199 1196 2263 corpus
1213 2200 1318 2245 verum
1341 2183 1463 2264 Christi,
1486 2193 1518 2248 ιιι
1540 2203 1602 2248 non

233 2286 325 2347 modo
348 2285 450 2349 discus
472 2305 527 2348 seu
549 2293 657 2369 patena
682 2302 759 2365 quae
780 2283 997 2347 Eucharistiam
1026 2284 1160 2345 continet
1182 2299 1270 2343 manu
1301 2290 1425 2345 extenta
1454 2286 1602 2348 ostenda·

234 2393 297 2461 tur3
321 2385 487 2448 sedetiam
509 2385 683 2467 particulam
706 2385 859 2465 majorem,
883 2390 915 2445 ut
937 2400 1008 2445 mox
1030 2378 1180 2446 Gabrielis
1203 2382 1372 2444 testimonio
1395 2383 1599 2465 probavimus,

234 2484 387 2548 Sacerdos
416 2503 504 2547 manu
539 2491 657 2549 teneat:
686 2502 752 2548 earn
779 2501 877 2546 novus
907 2481 1062 2545 ordinatus
1095 2481 1125 2542 in
1153 2499 1270 2543 mantuo
1299 2482 1445 2564 accipiat,
1475 2490 1507 2546 et
1534 2503 1600 2546 eam

234 2602 357 2666 quoque
380 2583 583 2663 demonstret,
614 2583 683 2645 dum
714 2581 943 2646 Confessionem
969 2581 1164 2663 pronunciat:
1192 2596 1357 2663 omnesque
1387 2585 1477 2646 etiam
1505 2581 1600 2663 boici,

233 2688 301 2746 bum
324 2684 442 2747 dicunt:
466 2682 565 2746 Credo
587 2691 617 2744 et
638 2680 803 2763 Confiteor,
831 2680 869 2743 ad
892 2699 956 2743 eam
979 2681 1088 2762 ipsam,
1113 2681 1287 2761 quaeipsis
1311 2683 1481 2746 ostenditur
1503 2683 1602 2764 parti-

234 2784 342 2863 culam,
364 2784 471 2847 oculos
493 2801 723 2863 sermonemque
745 2781 884 2864 dirigant.
929 2780 1034 2863 ltaque
1052 2780 1133 2862 quod
1156 2789 1215 2842 tam
1239 2781 1424 2846 confidenter
1446 2782 1601 2845 alllrmavit

231 2882 420 2963 Albertinus,
442 2901 503 2947 non
525 2882 564 2945 de
586 2881 789 2978 Opientalibus
811 2880 939 2964 intelligi
956 2887 1067 2961 potest,
1090 2897 1217 2961 quorum
1229 2878 1395 2945 Ritualibus
1418 2883 1601 2945 sufficienter

232 2983 299 3065 ejus
320 2983 472 3045 temeritas
494 2980 654 3062 refellitur,
676 2980 732 3044 sed
755 2981 793 3044 de
814 2980 912 3045 veteri
934 2979 1090 3059 Ecclesia,
1121 2978 1269 3042 adversus
1299 3000 1387 3062 quam
1415 2999 1476 3044 non
1504 2984 1600 3044 minus

232 3090 351 3162 peccat,
375 3082 444 3144 dum
475 3081 689 3162 incompertam
716 3079 773 3143 sibi
801 3081 867 3162 ejus
897 3078 1082 3159 disciplinam
1113 3097 1153 3141 ex
1183 3079 1320 3142 inanibus
1349 3080 1532 3162 conjecturis
1563 3079 1601 3142 ad

232 3180 398 3260 arbitrium,
422 3199 483 3244 non
506 3180 543 3243 ad
565 3183 722 3244 veritatem
745 3179 866 3263 edingit.
910 3179 984 3241 Nam
1011 3186 1042 3242 et
1064 3178 1215 3260 antiquam
1238 3179 1462 3262 simplicemque
1485 3181 1601 3243 lormu-

230 3281 290 3343 lam
314 3279 434 3361 Corpus
456 3279 579 3360 Christi,
601 3280 705 3356 Αιιιεη,
729 3279 929 3343 demonstrari
957 3276 1045 3341 lacile
1067 3285 1180 3359 potest,
1202 3282 1259 3355 (et
1287 3278 1316 3341 id
1346 3279 1429 3342 multi
1452 3288 1521 3344 ante
1544 3299 1601 3344 nos

230 3381 401 3460 iecerunt)
428 3380 465 3442 ad
492 3381 550 3442 boc
580 3378 653 3441 illud
681 3381 795 3461 ipsum,
826 3379 906 3462 quod
934 3376 1070 3440 lidelibus
1103 3376 1324 3459 praebebatur,
1354 3379 1517 3459 pertinere.
1561 3380 1600 3443 Et

232 3481 369 3562 momnis
392 3499 432 3542 ex
453 3480 640 3542 rubricarum
663 3479 795 3559 delectu,
824 3486 1024 3559 accuratoque
1054 3478 1231 3540 minutarum
1261 3479 1515 3542 caeremoniarum
1542 3480 1601 3543 de-

230 3580 412 3661 scriptione,
435 3577 554 3660 quando
576 3578 656 3640 illam
679 3579 801 3642 codices
824 3578 970 3662 biturgici
993 3595 1054 3640 non
1078 3585 1323 3659 repraesentant,
1354 3586 1439 3641 recte
1461 3576 1600 3641 concludi

231 3697 293 3741 non
315 3681 423 3760 possit,
445 3678 517 3741 nibil
540 3677 618 3739 ultra
641 3678 833 3741 observatum
856 3697 942 3757 esse,
965 3679 1038 3741 satis
1061 3679 1140 3739 enim
1163 3686 1282 3741 constat
1308 3679 1384 3741 baec
1411 3680 1508 3741 omnia
1538 3697 1600 3742 non

123 3848 125 3851 ,
231 3780 358 3860 scripto,
382 3775 436 3839 sed
459 3775 619 3840 traditione
642 3778 680 3839 ad
701 3778 855 3841 Ecclesias
877 3780 1010 3854 venisse,
1032 3778 1062 3841 id
1079 3777 1117 3840 ad
1136 3776 1307 3841 orientales
1320 3778 1505 3842 Christianos
1527 3779 1599 3841 nibil

231 3879 346 3940 attinet.
391 3876 467 3938 Nam
488 3877 518 3938 in
540 3876 676 3957 ipsorum
699 3877 863 3941 codicibus
885 3878 1055 3961 singulares
1083 3877 1124 3940 illi
1147 3879 1221 3941 ritus
1244 3878 1406 3961 descripti,
1437 3880 1599 3961 perspicue

230 3977 413 4060 significant,
437 3974 678 4056 confessionem,
703 3977 740 4040 ad
763 3979 860 4060 ipsum
877 3977 957 4058 quod
976 3977 1139 4059 praebetur
1153 3979 1449 4058 communicantibus
1473 3986 1503 4042 et
1518 3979 1599 4061 quod

232 4078 456 4139 demonstratur
478 4074 584 4156 oculis,
608 4075 719 4140 Christi
743 4095 865 4158 corpus,
890 4079 1058 4140 certissime
1081 4076 1200 4140 relerri.
1240 4078 1314 4140 Nam
1337 4079 1432 4159 major
1454 4080 1483 4142 in
1507 4078 1598 4141 rebus

230 4177 368 4239 humanis
391 4173 540 4237 certitudo
563 4195 632 4240 esse
656 4176 736 4240 nulla
758 4185 876 4259 potest,
905 4195 991 4259 quam
1014 4184 1059 4239 tot
1082 4179 1305 4241 caeremoniae:
1336 4195 1424 4259 quarn
1451 4186 1598 4258 perpetua

232 4274 433 4353 consuetudo,
455 4285 488 4337 ut
509 4274 590 4357 quod
612 4278 698 4357 panis
721 4285 751 4340 et
775 4278 875 4340 vinum
898 4277 1033 4356 videtur,
1057 4275 1227 4358 appelletur
1256 4295 1369 4358 corpus
1398 4286 1429 4340 et
1456 4279 1597 4359 sanguis3

232 4395 320 4457 quarn
343 4374 473 4456 denique
495 4382 558 4438 tota
580 4375 630 4438 illa
653 4379 731 4440 actio
760 4395 827 4439 cum
857 4378 993 4440 oratione
1016 4377 1195 4458 conjuncta,
1225 4395 1283 4458 per
1312 4394 1399 4458 quam
1429 4375 1597 4439 certissime

232 4475 271 4537 de
294 4493 330 4537 ea
352 4476 510 4556 particula,
533 4492 622 4560 quam
645 4477 777 4540 ostendit
799 4476 958 4557 Sacerdos,
982 4475 1064 4539 etde
1081 4476 1147 4540 aliis
1172 4495 1248 4557 quae
1271 4477 1302 4539 in
1324 4477 1408 4539 disco
1431 4474 1597 4539 collocatae

232 4583 311 4652 sunt,
335 4574 495 4638 adlrmatur
516 4593 587 4638 essa
610 4575 677 4639 illas
701 4574 811 4638 Christi
835 4593 947 4658 corpus
975 4584 1006 4638 et
1034 4577 1222 4657 sanguinem.
1266 4575 1334 4639 illas
1365 4577 1456 4657 igitur
1478 4592 1545 4636 cum
1568 4577 1597 4637 in

231 4692 335 4737 mensa
358 4692 457 4754 sacra,
481 4682 512 4737 et
532 4675 563 4737 in
585 4675 669 4738 disco
692 4675 812 4753 vident,
840 4674 970 4738 latentur
999 4693 1068 4739 esse
1090 4678 1188 4757 ipsum
1209 4677 1373 4756 pretiosum
1403 4683 1434 4737 et
1463 4683 1598 4737 sanctum

230 4792 344 4855 corpus
367 4783 398 4837 et
421 4775 598 4859 sanguinem
620 4774 738 4837 Domini
760 4774 815 4837 Dei
845 4782 876 4837 et
899 4774 1064 4840 Salvatoris
1086 4777 1183 4839 nostri
1205 4775 1279 4838 Jcsu
1303 4776 1430 4854 Christi,
1464 4774 1597 4856 illudque

229 4892 291 4936 non
313 4875 466 4956 typicum,
480 4893 555 4940 ,non
585 4874 895 4957 repraesentativum,
926 4875 981 4938 sed
1008 4876 1105 4957 ipsum
1134 4894 1255 4955 verum,
1285 4875 1365 4955 quod
1393 4877 1532 4939 assumsit
1559 4893 1599 4938 ex
1697 4953 1701 4966 ,

228 4973 326 5036 diaria
348 4975 485 5057 Virgine,
509 4984 540 5037 ct
561 4975 634 5038 iecit
655 4993 756 5052 unum,
779 4975 845 5036 sive
867 4974 972 5054 univit,
996 4993 1063 5038 cum
1085 4975 1239 5039 divinitate
1261 4995 1331 5039 sua:
1354 4979 1393 5039 ita
1416 4985 1448 5040 ut
1470 4995 1509 5039 ne
1531 4994 1600 5038 mo·

228 5080 332 5136 mento
354 5073 473 5154 quidem
496 5074 649 5138 levissimo
679 5082 819 5155 separata
850 5092 938 5155 caro,
970 5082 1001 5138 et
1030 5076 1197 5138 humanitas
1227 5076 1292 5158 ejus
1320 5073 1412 5139 luerit
1439 5077 1476 5140 ab
1504 5077 1598 5158 ipsius

1316 5192 1393 5269 m*
