4525 6034
707 572 782 646 526
1212 569 1571 648 tttutttt

704 771 794 846 tuae,
821 756 1040 830 mediantibus
1067 757 1209 830 Throuis
1235 756 1463 844 meeuduntur,
1489 767 1524 830 to
1550 757 1730 830 celebrant.
1762 757 1887 833 Throui
1911 765 1959 856 qui
1979 766 2040 855 igue

705 875 885 948 divinitatis
912 885 989 948 tuae
1015 872 1234 947 mediantibus
1260 873 1548 948 Dominatiouibus
1574 873 1826 964 inflammantur,
1852 887 1884 948 te
1914 878 2041 951 exaltant

703 993 955 1065 Dominationes
984 1014 1071 1087 quae
1098 992 1220 1064 ardore
1246 993 1422 1087 potestatis
1444 1001 1534 1080 tuae,
1561 990 1780 1065 mediantibus
1806 990 1976 1066 Virtutibus
1997 998 2042 1066 iu·

704 1109 898 1198 renduntur,
924 1118 958 1179 te
984 1107 1128 1181 laudant.
1175 1107 1324 1179 Virtutes
1353 1129 1440 1201 quae
1466 1110 1585 1179 timore
1612 1111 1658 1179 tui
1684 1107 1831 1196 timendi,
1856 1109 2042 1183 mediantibus

705 1225 883 1298 Cherubim
915 1224 1105 1322 implentur,
1140 1235 1175 1297 te
1203 1223 1336 1320 hymnis
1370 1233 1584 1296 venerantur.
1639 1222 1820 1297 Cherubim
1853 1228 1905 1320 qui
1936 1224 2044 1321 Quare

703 1344 887 1436 majestatis
914 1351 1002 1429 tuae,
1029 1340 1248 1414 mediantibus
1275 1338 1448 1435 Seraphim
1476 1339 1636 1427 afflantur,
1661 1337 1863 1413 benedicunt
1888 1341 1948 1414 tibi.
1987 1343 2043 1414 Se-

702 1457 830 1555 raphim
864 1460 920 1552 qui
952 1456 1041 1529 nulle
1076 1456 1270 1529 intermedio
1299 1455 1340 1528 ab
1376 1460 1451 1553 ipso
1485 1461 1674 1530 sanctuario
1708 1456 1800 1529 sedis
1833 1456 1956 1550 gloriae
1984 1470 2045 1531 tuae

703 1574 934 1663 illuminantur,
970 1583 1003 1645 te
1037 1573 1261 1646 sanctificant:
1294 1594 1361 1645 una
1394 1594 1484 1647 voce
1510 1572 1714 1670 triumphah,
1746 1573 1834 1646 alter
1866 1575 1907 1645 ad
1931 1574 2044 1647 alterum

702 1689 879 1776 volantes,
912 1688 954 1761 ab
986 1712 1053 1763 nno
1088 1689 1205 1761 ordine
1240 1687 1282 1761 ad
1316 1688 1414 1762 alium
1449 1692 1655 1785 superiorem
1688 1689 1846 1787 hymnum
1880 1691 2046 1784 dirigentes,

702 1806 823 1899 linguis
850 1805 1058 1902 politioribus
1085 1830 1185 1901 quam
1211 1804 1314 1899 gladii
1340 1809 1439 1894 acuti,
1466 1803 1580 1878 oribus
1606 1810 1718 1897 ignem
1738 1806 1909 1878 ardentem
1934 1811 2047 1904 mbae·

702 1922 800 2010 tibus,
826 1922 969 1995 vocibus
995 1921 1157 2012 tremulis,
1184 1922 1244 1995 sed
1270 1921 1524 2011 resonantibus,
1557 1922 1641 1993 ultra
1677 1945 1776 2018 mam
1802 1933 1930 1995 mentes
1953 1933 2046 1994 terre-

701 2062 820 2112 norum
854 2036 1140 2134 comprehendere
1175 2038 1330 2129 valeant,
1367 2040 1573 2129 majestatem
1607 2047 1695 2111 trram
1731 2062 1818 2133 quae
1852 2038 1993 2112 omuibus
2011 2029 2048 2111 'ut

703 2165 818 2230 essent
845 2153 946 2245 dedit,
972 2154 1172 2247 glorificant,
1198 2154 1353 2244 clamant,
1379 2152 1607 2226 vociferantur
1633 2163 1668 2225 et
1693 2153 1813 2227 dicunt.

805 2270 967 2365 Populus.
1021 2270 1177 2359 Sanctus,
1204 2280 1267 2343 etc.

804 2387 980 2460 Sacerdos
1004 2387 1198 2459 inclinatos.
1252 2386 1393 2460 Sanems
1427 2395 1462 2456 et
1493 2384 1755 2457 sanctificatione
1788 2386 1995 2458 venerandus
2020 2409 2049 2458 es

700 2507 793 2578 Deus
819 2502 931 2592 Pater,
958 2526 1033 2576 cnm
1058 2503 1145 2576 Filio
1172 2513 1229 2575 tuo
1256 2500 1475 2594 misericordi,
1502 2511 1536 2572 et
1561 2500 1685 2597 Spiritu
1710 2511 1769 2574 tuo
1798 2500 1995 2590 vivificante,
2015 2501 2049 2573 ab

701 2621 848 2693 excelsis
875 2630 909 2692 et
935 2618 1161 2710 inferioribus,
1187 2622 1309 2712 igneis,
1335 2628 1368 2690 et
1395 2620 1585 2714 corporeis,
1612 2620 1653 2689 iis
1672 2620 1736 2711 ¹qui
1761 2617 1933 2692 iutelleehr
1957 2624 2051 2714 etqui

701 2733 777 2807 sole
805 2758 907 2810 seusu
940 2736 1081 2833 praediti
1114 2747 1208 2826 sunt3
1241 2737 1335 2828 cuius
1369 2733 1510 2807 bonitati
1543 2732 1759 2808 absconditae
1791 2739 1905 2809 visum
1937 2745 1999 2827 est,
2024 2746 2051 2808 ut

699 2872 768 2923 non
794 2852 887 2926 solus
913 2851 1081 2944 gauderes
1106 2849 1388 2948 contemplatione
1414 2855 1512 2943 regni
1545 2853 1594 2923 tui
1628 2853 1767 2939 aeterni,
1800 2849 1864 2924 sed
1889 2872 1951 2947 per
1973 2853 2050 2920 eari-

700 2975 802 3040 tatem
842 2977 877 3040 et
912 2965 1095 3041 bonitatem
1132 2967 1293 3041 revelasti
1326 2965 1521 3040 abscondita
1556 2977 1695 3059 naturae
1726 2978 1805 3039 tuae
1849 2975 2052 3054 emotae,et

702 3093 841 3156 exortus
869 3093 921 3157 est
952 3083 1111 3180 splendor
1135 3083 1341 3158 substantiae
1367 3094 1455 3172 tuae,
1482 3094 1516 3156 et
1530 3083 1641 3157 radius
1657 3083 1840 3156 divinitatis
1868 3092 1953 3168 trae,
1973 3079 2051 3152 Ver-

700 3198 777 3272 bum
810 3210 981 3273 aetemum
1015 3222 1084 3273 non
1116 3199 1319 3297 temporale,
1356 3199 1624 3296 resplenduitqne
1662 3202 1772 3293 igneis
1811 3199 1998 3296 spiritibus,
2024 3205 2051 3266 et

700 3319 819 3409 igneus
845 3320 940 3390 visus
967 3327 1019 3390 est
1045 3316 1088 3390 ad
1101 3338 1216 3388 eorum
1235 3315 1492 3389 similitudinem:
1519 3339 1629 3411 neque
1642 3326 1776 3389 secutus
1796 3314 1941 3412 amplius
1955 3335 2053 3388 eorum

698 3435 857 3525 vestigia,
883 3433 925 3505 ad
951 3443 1106 3506 terrenos
1132 3431 1262 3506 delatus
1289 3443 1354 3523 est,
1380 3431 1488 3505 faetus
1516 3443 1568 3505 est
1593 3443 1745 3536 terrenus
1762 3431 1806 3504 ad
1828 3429 2051 3505 similitudinem

699 3571 828 3637 eorum,
855 3548 897 3619 ad
924 3572 986 3622 eos
1014 3547 1215 3642 dirigendos,
1244 3548 1475 3622 demonstrans
1503 3552 1554 3621 eis
1580 3551 1669 3620 viam
1694 3570 1757 3645 per
1785 3571 1887 3643 qnam
1914 3545 1956 3618 ad
1979 3565 2052 3640 pro-

699 3668 802 3736 missa
828 3675 884 3736 tua
909 3669 1142 3761 pervenirent,
1168 3669 1338 3760 vitamque
1363 3663 1496 3737 beatam
1523 3674 1828 3760 consequerentur,
1862 3667 1939 3760 qnia
1962 3661 2052 3734 omniu

698 3778 855 3877 impedita
882 3790 916 3852 et
942 3803 1074 3877 aspera,
1100 3780 1213 3854 facilia
1239 3789 1315 3854 sunt
1340 3804 1454 3854 coram
1480 3792 1523 3853 te.

675 3922 680 3940 ¹
802 3896 952 3967 Eteonos
971 3919 1096 3968 uocem.
1152 3898 1316 3984 Quicum
1342 3896 1446 3970 vellet
1472 3897 1772 3990 gustarecalieem
1788 3901 1921 3987 mortis,
1945 3905 1980 3968 ut
2001 3915 2052 3965 uos

699 4011 858 4085 mortales
886 4012 1091 4086 confortaret
1122 4024 1156 4085 et
1187 4014 1397 4088 confirmaret
1428 4011 1592 4088 adversus
1624 4023 1764 4086 mortem
1797 4012 1943 4086 naturali
1970 4008 2052 4084 nobis

698 4127 778 4221 lege
804 4132 1024 4219 eonshtutem,
1051 4129 1323 4225 descendereque
1349 4130 1393 4201 ad
1418 4130 1621 4226 sepultomm
1647 4128 1827 4225 abyssum,
1862 4154 1908 4203 ue
1938 4128 1982 4200 illi
2003 4129 2052 4198 ri-

696 4244 796 4316 vifiea
823 4248 1015 4320 visitatione
1040 4249 1264 4344 privarentur,
1290 4249 1324 4318 in
1347 4269 1387 4318 ea
1409 4256 1509 4319 nocte
1526 4271 1613 4341 qnae
1634 4246 1708 4319 huis
1726 4253 1760 4316 et
1772 4250 1859 4318 initii
1878 4246 1951 4333 fuit,
1970 4242 2052 4314 ἀο-

695 4364 786 4457 cepit
824 4384 945 4458 panem
985 4361 1169 4459 perfectum
1200 4365 1235 4434 in
1266 4385 1384 4436 manus
1419 4385 1497 4437 suas
1529 4363 1646 4459 plenas
1678 4360 1986 4450 benedictionibus,
2014 4379 2051 4428 ex

699 4498 764 4571 quo
792 4481 1010 4573 compositam
1036 4477 1097 4551 fnit
1123 4501 1247 4574 cerpus
1274 4481 1348 4572 ejus
1375 4489 1542 4569 sanctum,
1568 4483 1602 4551 in
1627 4477 1767 4571 Virgine
1793 4478 1887 4552 thori
1911 4474 2051 4551 minutis

699 4603 850 4689 experte,
879 4615 994 4665 eoram
1020 4592 1236 4668 familiaribus
1263 4598 1352 4668 suis:
1378 4600 1505 4688 gratias
1533 4617 1649 4689 egeus,
1676 4602 1696 4679 τ
1721 4592 1911 4684 benedixit,
1936 4601 1957 4678 †
1980 4611 2050 4666 sau·

699 4709 867 4800 ctificavit,
893 4716 914 4793 †
940 4718 975 4782 et
998 4709 1099 4802 fregit
1125 4709 1226 4799 illum,
1253 4710 1429 4806 divisitque
1454 4711 1544 4784 illum
1578 4714 1612 4784 in
1641 4722 1770 4807 partes,
1807 4722 1844 4783 et
1881 4711 1969 4784 dedit
1989 4727 2052 4779 euru

699 4822 872 4898 duodecim
898 4829 966 4900 suis
993 4831 1114 4918 sociis,
1147 4835 1182 4899 et
1213 4827 1311 4899 dixit:
1337 4828 1512 4925 Accipite,
1544 4827 1756 4901 manducate:
1782 4827 1884 4900 Haec
1912 4837 1963 4901 est
1985 4843 2051 4898 cart

697 4962 773 5011 mea
801 4965 886 5037 quae
911 4965 974 5038 pro
1007 4944 1126 5033 vobis,
1159 4954 1193 5016 et
1219 4967 1280 5041 pro
1312 4944 1421 5016 multis
1447 4948 1554 5017 vestri
1579 4945 1737 5018 similibus
1763 4944 1950 5038 frangitur,
1978 4961 2049 5016 sau-

697 5055 869 5148 ctifieatur,
897 5066 930 5130 et
956 5057 1063 5151 datur,
1090 5060 1133 5131 ad
1160 5058 1373 5134 abolitionem
1399 5063 1583 5153 cuminum,
1609 5071 1644 5133 et
1669 5064 1771 5133 vitam
1797 5072 1978 5134 aeternam
