<?xml version="1.0" encoding="UTF-8"?>
<!DOCTYPE html PUBLIC "-//W3C//DTD XHTML 1.0 Transitional//EN"
    "http://www.w3.org/TR/xhtml1/DTD/xhtml1-transitional.dtd">
<html xmlns="http://www.w3.org/1999/xhtml" xml:lang="en" lang="en">
 <head>
  <title>
</title>
<meta http-equiv="Content-Type" content="text/html;charset=utf-8" />
  <meta name='ocr-system' content='tesseract 3.04.00' />
  <meta name='ocr-capabilities' content='ocr_page ocr_carea ocr_par ocr_line ocrx_word'/>
</head>
<body>
  <div class='ocr_page' id='page_1' title='image "./liturgiarumorie00unkngoog/liturgiarumorie00unkngoog_0733.png"; bbox 0 0 4525 6034; ppageno 0'>
   <div class='ocr_carea' id='block_1_1' title="bbox 782 576 1648 661">
    <p class='ocr_par' dir='ltr' id='par_1_1' title="bbox 782 576 1648 661">
     <span class='ocr_line' id='line_1_1' title="bbox 782 576 1648 661; baseline 0.005 -6"><span class='ocrx_word' id='word_1_1' title='bbox 782 576 1202 657; x_wconf 78' lang='lat' dir='ltr'><strong>ittonallu</strong></span> <span class='ocrx_word' id='word_1_2' title='bbox 1599 584 1648 661; x_wconf 74' lang='lat'><strong>17</strong></span> 
     </span>
    </p>
   </div>
   <div class='ocr_carea' id='block_1_2' title="bbox 260 763 1647 980">
    <p class='ocr_par' dir='ltr' id='par_1_2' title="bbox 260 763 1647 980">
     <span class='ocr_line' id='line_1_2' title="bbox 260 763 1644 865; baseline 0.004 -29"><span class='ocrx_word' id='word_1_3' title='bbox 260 765 320 860; x_wconf 82' lang='lat' dir='ltr'><strong>qui</strong></span> <span class='ocrx_word' id='word_1_4' title='bbox 344 763 519 839; x_wconf 87' lang='lat' dir='ltr'><strong>nobiscnm</strong></span> <span class='ocrx_word' id='word_1_5' title='bbox 544 764 679 839; x_wconf 77' lang='lat' dir='ltr'><strong>adetum</strong></span> <span class='ocrx_word' id='word_1_6' title='bbox 704 774 738 839; x_wconf 92' lang='lat' dir='ltr'><strong>et</strong></span> <span class='ocrx_word' id='word_1_7' title='bbox 765 774 875 854; x_wconf 89' lang='lat' dir='ltr'><strong>orant,</strong></span> <span class='ocrx_word' id='word_1_8' title='bbox 902 785 978 837; x_wconf 87' lang='lat' dir='ltr'><strong>cum</strong></span> <span class='ocrx_word' id='word_1_9' title='bbox 1003 764 1158 839; x_wconf 87' lang='lat' dir='ltr'><strong>omnibus</strong></span> <span class='ocrx_word' id='word_1_10' title='bbox 1185 766 1240 861; x_wconf 88' lang='lat' dir='ltr'><strong>qui</strong></span> <span class='ocrx_word' id='word_1_11' title='bbox 1266 789 1286 840; x_wconf 91' lang='lat' dir='ltr'><strong>a</strong></span> <span class='ocrx_word' id='word_1_12' title='bbox 1314 767 1451 841; x_wconf 88' lang='lat' dir='ltr'><strong>saeculo</strong></span> <span class='ocrx_word' id='word_1_13' title='bbox 1467 765 1536 841; x_wconf 71' lang='lat' dir='ltr'><strong>abt</strong></span> <span class='ocrx_word' id='word_1_14' title='bbox 1561 768 1644 865; x_wconf 92' lang='lat' dir='ltr'><strong>pla-</strong></span> 
     </span>
     <span class='ocr_line' id='line_1_3' title="bbox 261 878 1647 980; baseline 0.004 -27"><span class='ocrx_word' id='word_1_15' title='bbox 261 890 417 972; x_wconf 88' lang='lat' dir='ltr'><strong>cuerunt,</strong></span> <span class='ocrx_word' id='word_1_16' title='bbox 443 881 486 954; x_wconf 89' lang='lat' dir='ltr'><strong>ab</strong></span> <span class='ocrx_word' id='word_1_17' title='bbox 512 881 647 954; x_wconf 84' lang='lat' dir='ltr'><strong>Adamo</strong></span> <span class='ocrx_word' id='word_1_18' title='bbox 674 880 717 952; x_wconf 89' lang='lat' dir='ltr'><strong>ad</strong></span> <span class='ocrx_word' id='word_1_19' title='bbox 742 878 829 952; x_wconf 88' lang='lat' dir='ltr'><strong>banc</strong></span> <span class='ocrx_word' id='word_1_20' title='bbox 855 900 962 976; x_wconf 88' lang='lat' dir='ltr'><strong>usque</strong></span> <span class='ocrx_word' id='word_1_21' title='bbox 989 879 1086 952; x_wconf 89' lang='lat' dir='ltr'><strong>diem.</strong></span> <span class='ocrx_word' id='word_1_22' title='bbox 1129 879 1329 954; x_wconf 84' lang='lat' dir='ltr'><strong>Memoriam</strong></span> <span class='ocrx_word' id='word_1_23' title='bbox 1356 906 1489 980; x_wconf 86' lang='lat' dir='ltr'><strong>quoque</strong></span> <span class='ocrx_word' id='word_1_24' title='bbox 1515 889 1647 977; x_wconf 77' lang='lat' dir='ltr'>agimus</span> 
     </span>
    </p>
   </div>
   <div class='ocr_carea' id='block_1_3' title="bbox 260 995 1646 1092">
    <p class='ocr_par' dir='ltr' id='par_1_3' title="bbox 260 995 1646 1092">
     <span class='ocr_line' id='line_1_4' title="bbox 260 995 1646 1092; baseline 0.005 -25"><span class='ocrx_word' id='word_1_25' title='bbox 260 1007 409 1092; x_wconf 90' lang='lat' dir='ltr'><strong>patmm,</strong></span> <span class='ocrx_word' id='word_1_26' title='bbox 435 995 587 1088; x_wconf 77' lang='lat' dir='ltr'>fratrum,</span> <span class='ocrx_word' id='word_1_27' title='bbox 613 999 918 1091; x_wconf 84' lang='lat' dir='ltr'><strong>magistrorumque</strong></span> <span class='ocrx_word' id='word_1_28' title='bbox 943 1003 1148 1088; x_wconf 90' lang='lat' dir='ltr'><strong>nostrornm,</strong></span> <span class='ocrx_word' id='word_1_29' title='bbox 1174 999 1230 1092; x_wconf 87' lang='lat' dir='ltr'><strong>qui</strong></span> <span class='ocrx_word' id='word_1_30' title='bbox 1257 996 1443 1072; x_wconf 89' lang='lat' dir='ltr'><strong>docuerunt</strong></span> <span class='ocrx_word' id='word_1_31' title='bbox 1467 1019 1532 1072; x_wconf 90' lang='lat' dir='ltr'><strong>nos</strong></span> <span class='ocrx_word' id='word_1_32' title='bbox 1557 1022 1646 1074; x_wconf 89' lang='lat' dir='ltr'><strong>ver·</strong></span> 
     </span>
    </p>
   </div>
   <div class='ocr_carea' id='block_1_4' title="bbox 257 1104 1788 1207">
    <p class='ocr_par' dir='ltr' id='par_1_4' title="bbox 257 1104 1788 1207">
     <span class='ocr_line' id='line_1_5' title="bbox 257 1104 1788 1207; baseline 0.005 -23"><span class='ocrx_word' id='word_1_33' title='bbox 257 1110 343 1184; x_wconf 90' lang='lat' dir='ltr'><strong>bum</strong></span> <span class='ocrx_word' id='word_1_34' title='bbox 368 1114 540 1186; x_wconf 86' lang='lat' dir='ltr'><strong>veritatis:</strong></span> <span class='ocrx_word' id='word_1_35' title='bbox 567 1113 800 1187; x_wconf 87' lang='lat' dir='ltr'><strong>defunctorum</strong></span> <span class='ocrx_word' id='word_1_36' title='bbox 827 1134 961 1207; x_wconf 86' lang='lat' dir='ltr'><strong>quoqne</strong></span> <span class='ocrx_word' id='word_1_37' title='bbox 974 1121 1178 1203; x_wconf 89' lang='lat' dir='ltr'><strong>nostrorum,</strong></span> <span class='ocrx_word' id='word_1_38' title='bbox 1204 1116 1397 1187; x_wconf 90' lang='lat' dir='ltr'><strong>etomnium</strong></span> <span class='ocrx_word' id='word_1_39' title='bbox 1414 1114 1647 1190; x_wconf 85' lang='lat' dir='ltr'><strong>defunctorum</strong></span> <span class='ocrx_word' id='word_1_40' title='bbox 1784 1104 1788 1111; x_wconf 70' lang='grc'><strong>’</strong></span> 
     </span>
    </p>
   </div>
   <div class='ocr_carea' id='block_1_5' title="bbox 258 1226 1648 2131">
    <p class='ocr_par' dir='ltr' id='par_1_5' title="bbox 258 1226 1647 1779">
     <span class='ocr_line' id='line_1_6' title="bbox 258 1226 1646 1325; baseline 0.004 -27"><span class='ocrx_word' id='word_1_41' title='bbox 258 1226 426 1318; x_wconf 88' lang='lat' dir='ltr'><strong>iidelium;</strong></span> <span class='ocrx_word' id='word_1_42' title='bbox 461 1230 640 1325; x_wconf 88' lang='lat' dir='ltr'><strong>praecipue</strong></span> <span class='ocrx_word' id='word_1_43' title='bbox 674 1250 761 1303; x_wconf 88' lang='lat' dir='ltr'><strong>vero</strong></span> <span class='ocrx_word' id='word_1_44' title='bbox 794 1238 829 1298; x_wconf 88' lang='lat' dir='ltr'><strong>ct</strong></span> <span class='ocrx_word' id='word_1_45' title='bbox 860 1230 1054 1301; x_wconf 89' lang='lat' dir='ltr'><strong>nominatim</strong></span> <span class='ocrx_word' id='word_1_46' title='bbox 1080 1230 1408 1321; x_wconf 75' lang='lat' dir='ltr'><strong>consmgrmeorum</strong></span> <span class='ocrx_word' id='word_1_47' title='bbox 1441 1240 1646 1324; x_wconf 87' lang='lat' dir='ltr'><strong>nostrerum,</strong></span> 
     </span>
     <span class='ocr_line' id='line_1_7' title="bbox 259 1341 1645 1441; baseline 0.004 -25"><span class='ocrx_word' id='word_1_48' title='bbox 259 1352 334 1416; x_wconf 85' lang='lat' dir='ltr'><strong>tum</strong></span> <span class='ocrx_word' id='word_1_49' title='bbox 360 1367 476 1417; x_wconf 91' lang='lat' dir='ltr'><strong>eorum</strong></span> <span class='ocrx_word' id='word_1_50' title='bbox 503 1348 559 1439; x_wconf 91' lang='lat' dir='ltr'><strong>qui</strong></span> <span class='ocrx_word' id='word_1_51' title='bbox 584 1354 714 1441; x_wconf 87' lang='lat' dir='ltr'><strong>partem</strong></span> <span class='ocrx_word' id='word_1_52' title='bbox 739 1342 875 1433; x_wconf 89' lang='lat' dir='ltr'><strong>babent,</strong></span> <span class='ocrx_word' id='word_1_53' title='bbox 901 1354 959 1417; x_wconf 89' lang='lat' dir='ltr'><strong>aut</strong></span> <span class='ocrx_word' id='word_1_54' title='bbox 984 1341 1169 1417; x_wconf 88' lang='lat' dir='ltr'><strong>babuerunt</strong></span> <span class='ocrx_word' id='word_1_55' title='bbox 1194 1347 1228 1417; x_wconf 89' lang='lat' dir='ltr'><strong>in</strong></span> <span class='ocrx_word' id='word_1_56' title='bbox 1246 1346 1418 1419; x_wconf 80' lang='lat' dir='ltr'><strong>erectione</strong></span> <span class='ocrx_word' id='word_1_57' title='bbox 1444 1346 1512 1420; x_wconf 91' lang='lat' dir='ltr'><strong>loci</strong></span> <span class='ocrx_word' id='word_1_58' title='bbox 1537 1349 1645 1439; x_wconf 82' lang='lat' dir='ltr'><strong>istim,</strong></span> 
     </span>
     <span class='ocr_line' id='line_1_8' title="bbox 260 1458 1647 1558; baseline 0.003 -26"><span class='ocrx_word' id='word_1_59' title='bbox 260 1469 302 1532; x_wconf 88' lang='lat' dir='ltr'><strong>et</strong></span> <span class='ocrx_word' id='word_1_60' title='bbox 332 1462 429 1534; x_wconf 91' lang='lat' dir='ltr'><strong>unius</strong></span> <span class='ocrx_word' id='word_1_61' title='bbox 455 1462 634 1555; x_wconf 87' lang='lat' dir='ltr'><strong>cujusque,</strong></span> <span class='ocrx_word' id='word_1_62' title='bbox 673 1461 727 1533; x_wconf 90' lang='lat' dir='ltr'><strong>cui</strong></span> <span class='ocrx_word' id='word_1_63' title='bbox 760 1458 934 1541; x_wconf 88' lang='lat' dir='ltr'><strong>nobiscum</strong></span> <span class='ocrx_word' id='word_1_64' title='bbox 970 1458 1145 1532; x_wconf 71' lang='lat' dir='ltr'><strong>intercedit</strong></span> <span class='ocrx_word' id='word_1_65' title='bbox 1177 1462 1388 1552; x_wconf 90' lang='lat' dir='ltr'><strong>communio,</strong></span> <span class='ocrx_word' id='word_1_66' title='bbox 1421 1463 1498 1534; x_wconf 90' lang='lat' dir='ltr'><strong>sive</strong></span> <span class='ocrx_word' id='word_1_67' title='bbox 1523 1463 1647 1558; x_wconf 81' lang='lat' dir='ltr'><strong>verbo,</strong></span> 
     </span>
     <span class='ocr_line' id='line_1_9' title="bbox 260 1573 1646 1673; baseline -0.001 -23"><span class='ocrx_word' id='word_1_68' title='bbox 260 1579 342 1650; x_wconf 86' lang='lat' dir='ltr'><strong>sive</strong></span> <span class='ocrx_word' id='word_1_69' title='bbox 368 1598 486 1672; x_wconf 90' lang='lat' dir='ltr'><strong>opere,</strong></span> <span class='ocrx_word' id='word_1_70' title='bbox 512 1578 546 1648; x_wconf 91' lang='lat' dir='ltr'><strong>in</strong></span> <span class='ocrx_word' id='word_1_71' title='bbox 572 1597 684 1672; x_wconf 83' lang='lat' dir='ltr'><strong>pauco</strong></span> <span class='ocrx_word' id='word_1_72' title='bbox 711 1573 769 1647; x_wconf 88' lang='lat' dir='ltr'><strong>vel</strong></span> <span class='ocrx_word' id='word_1_73' title='bbox 793 1578 827 1648; x_wconf 90' lang='lat' dir='ltr'><strong>in</strong></span> <span class='ocrx_word' id='word_1_74' title='bbox 854 1573 975 1648; x_wconf 90' lang='lat' dir='ltr'><strong>multo:</strong></span> <span class='ocrx_word' id='word_1_75' title='bbox 1010 1573 1098 1648; x_wconf 80' lang='lat' dir='ltr'><strong>illim</strong></span> <span class='ocrx_word' id='word_1_76' title='bbox 1132 1578 1350 1672; x_wconf 89' lang='lat' dir='ltr'><strong>praesertim,</strong></span> <span class='ocrx_word' id='word_1_77' title='bbox 1381 1587 1522 1673; x_wconf 89' lang='lat' dir='ltr'><strong>propter</strong></span> <span class='ocrx_word' id='word_1_78' title='bbox 1547 1599 1646 1673; x_wconf 90' lang='lat' dir='ltr'><strong>quem</strong></span> 
     </span>
     <span class='ocr_line' id='line_1_10' title="bbox 262 1689 797 1779; baseline -0.006 -14"><span class='ocrx_word' id='word_1_79' title='bbox 262 1691 402 1765; x_wconf 86' lang='lat' dir='ltr'><strong>oliertm</strong></span> <span class='ocrx_word' id='word_1_80' title='bbox 427 1690 493 1763; x_wconf 90' lang='lat' dir='ltr'><strong>boc</strong></span> <span class='ocrx_word' id='word_1_81' title='bbox 519 1691 728 1779; x_wconf 81' lang='lat' dir='ltr'><strong>sacrificium,</strong></span> <span class='ocrx_word' id='word_1_82' title='bbox 755 1689 797 1763; x_wconf 88' lang='lat' dir='ltr'><strong>N.</strong></span> 
     </span>
    </p>

    <p class='ocr_par' dir='ltr' id='par_1_6' title="bbox 262 1806 1648 2131">
     <span class='ocr_line' id='line_1_11' title="bbox 368 1806 1648 1903; baseline 0 -23"><span class='ocrx_word' id='word_1_83' title='bbox 368 1808 446 1880; x_wconf 85' lang='lat' dir='ltr'><strong>Hoc</strong></span> <span class='ocrx_word' id='word_1_84' title='bbox 476 1806 554 1879; x_wconf 82' lang='lat' dir='ltr'><strong>loco</strong></span> <span class='ocrx_word' id='word_1_85' title='bbox 595 1811 833 1879; x_wconf 71' lang='lat' dir='ltr'><strong>emanarat</strong></span> <span class='ocrx_word' id='word_1_86' title='bbox 865 1827 940 1878; x_wconf 77' lang='lat' dir='ltr'><strong>cers</strong></span> <span class='ocrx_word' id='word_1_87' title='bbox 969 1828 1037 1899; x_wconf 88' lang='lat' dir='ltr'><strong>pro</strong></span> <span class='ocrx_word' id='word_1_88' title='bbox 1063 1828 1130 1901; x_wconf 82' lang='lat' dir='ltr'><strong>qao</strong></span> <span class='ocrx_word' id='word_1_89' title='bbox 1166 1806 1328 1903; x_wconf 80' lang='lat' dir='ltr'><strong>Litarqio</strong></span> <span class='ocrx_word' id='word_1_90' title='bbox 1360 1806 1578 1899; x_wconf 66' lang='lat' dir='ltr'><strong>eiceretur,</strong></span> <span class='ocrx_word' id='word_1_91' title='bbox 1612 1815 1648 1880; x_wconf 88' lang='lat' dir='ltr'><strong>et</strong></span> 
     </span>
     <span class='ocr_line' id='line_1_12' title="bbox 262 1920 1645 2019; baseline -0.001 -24"><span class='ocrx_word' id='word_1_92' title='bbox 262 1944 501 2019; x_wconf 71' lang='lat' dir='ltr'><strong>quencumque</strong></span> <span class='ocrx_word' id='word_1_93' title='bbox 528 1921 631 1993; x_wconf 70' lang='lat' dir='ltr'><strong>edom</strong></span> <span class='ocrx_word' id='word_1_94' title='bbox 658 1925 916 1994; x_wconf 74' lang='lat' dir='ltr'><strong>comemorori</strong></span> <span class='ocrx_word' id='word_1_95' title='bbox 943 1927 1089 2016; x_wconf 84' lang='lat' dir='ltr'><strong>oportet.</strong></span> <span class='ocrx_word' id='word_1_96' title='bbox 1116 1920 1159 1993; x_wconf 68' lang='lat' dir='ltr'><strong>Sa·</strong></span> <span class='ocrx_word' id='word_1_97' title='bbox 1186 1923 1458 1999; x_wconf 77' lang='lat' dir='ltr'><strong>GenitricieDei</strong></span> <span class='ocrx_word' id='word_1_98' title='bbox 1484 1929 1546 1995; x_wconf 83' lang='lat' dir='ltr'><strong>aot</strong></span> <span class='ocrx_word' id='word_1_99' title='bbox 1571 1922 1645 1995; x_wconf 81' lang='lat' dir='ltr'><strong>oli-</strong></span> 
     </span>
     <span class='ocr_line' id='line_1_13' title="bbox 263 2037 1001 2131; baseline -0.004 -20"><span class='ocrx_word' id='word_1_100' title='bbox 263 2044 361 2131; x_wconf 75' lang='lat' dir='ltr'><strong>crq‘as</strong></span> <span class='ocrx_word' id='word_1_101' title='bbox 385 2043 499 2111; x_wconf 77' lang='lat' dir='ltr'><strong>soracti</strong></span> <span class='ocrx_word' id='word_1_102' title='bbox 523 2037 633 2111; x_wconf 78' lang='lat' dir='ltr'><strong>Misso</strong></span> <span class='ocrx_word' id='word_1_103' title='bbox 658 2037 865 2126; x_wconf 74' lang='lat' dir='ltr'><strong>celebratur,</strong></span> <span class='ocrx_word' id='word_1_104' title='bbox 892 2038 1001 2110; x_wconf 83' lang='lat' dir='ltr'><strong>dicet:</strong></span> 
     </span>
    </p>
   </div>
   <div class='ocr_carea' id='block_1_6' title="bbox 369 2151 1777 2250">
    <p class='ocr_par' dir='ltr' id='par_1_7' title="bbox 369 2151 1777 2250">
     <span class='ocr_line' id='line_1_14' title="bbox 369 2151 1777 2250; baseline 0.001 -23"><span class='ocrx_word' id='word_1_105' title='bbox 369 2154 484 2227; x_wconf 88' lang='lat' dir='ltr'><strong>Sancti</strong></span> <span class='ocrx_word' id='word_1_106' title='bbox 496 2152 537 2226; x_wconf 89' lang='lat' dir='ltr'><strong>N.</strong></span> <span class='ocrx_word' id='word_1_107' title='bbox 552 2157 647 2246; x_wconf 85' lang='lat' dir='ltr'><strong>cujus</strong></span> <span class='ocrx_word' id='word_1_108' title='bbox 663 2151 763 2225; x_wconf 89' lang='lat' dir='ltr'><strong>bodie</strong></span> <span class='ocrx_word' id='word_1_109' title='bbox 779 2155 973 2226; x_wconf 83' lang='lat' dir='ltr'><strong>memoriam</strong></span> <span class='ocrx_word' id='word_1_110' title='bbox 993 2153 1223 2228; x_wconf 83' lang='lat' dir='ltr'><strong>celebremus:</strong></span> <span class='ocrx_word' id='word_1_111' title='bbox 1250 2163 1285 2226; x_wconf 91' lang='lat' dir='ltr'><strong>et</strong></span> <span class='ocrx_word' id='word_1_112' title='bbox 1305 2155 1489 2250; x_wconf 88' lang='lat' dir='ltr'><strong>praecipue</strong></span> <span class='ocrx_word' id='word_1_113' title='bbox 1506 2164 1646 2228; x_wconf 87' lang='lat' dir='ltr'><strong>sanctae</strong></span> <span class='ocrx_word' id='word_1_114' title='bbox 1774 2162 1777 2167; x_wconf 80' lang='grc'>’</span> 
     </span>
    </p>
   </div>
   <div class='ocr_carea' id='block_1_7' title="bbox 263 2268 1647 3061">
    <p class='ocr_par' dir='ltr' id='par_1_8' title="bbox 263 2268 1647 3061">
     <span class='ocr_line' id='line_1_15' title="bbox 263 2268 1646 2366; baseline 0.001 -24"><span class='ocrx_word' id='word_1_115' title='bbox 263 2273 437 2364; x_wconf 80' lang='lat' dir='ltr'><strong>genitricis</strong></span> <span class='ocrx_word' id='word_1_116' title='bbox 462 2271 528 2342; x_wconf 90' lang='lat' dir='ltr'><strong>Dei</strong></span> <span class='ocrx_word' id='word_1_117' title='bbox 554 2269 705 2360; x_wconf 87' lang='lat' dir='ltr'><strong>Mariae,</strong></span> <span class='ocrx_word' id='word_1_118' title='bbox 737 2268 781 2341; x_wconf 90' lang='lat' dir='ltr'><strong>ad</strong></span> <span class='ocrx_word' id='word_1_119' title='bbox 813 2271 909 2361; x_wconf 75' lang='lat' dir='ltr'><strong>cnjus</strong></span> <span class='ocrx_word' id='word_1_120' title='bbox 938 2268 1101 2343; x_wconf 83' lang='lat' dir='ltr'><strong>honorem</strong></span> <span class='ocrx_word' id='word_1_121' title='bbox 1134 2279 1169 2342; x_wconf 91' lang='lat' dir='ltr'><strong>et</strong></span> <span class='ocrx_word' id='word_1_122' title='bbox 1200 2279 1339 2366; x_wconf 88' lang='lat' dir='ltr'><strong>propter</strong></span> <span class='ocrx_word' id='word_1_123' title='bbox 1371 2293 1471 2366; x_wconf 64' lang='lat' dir='ltr'><strong>mam</strong></span> <span class='ocrx_word' id='word_1_124' title='bbox 1505 2268 1646 2343; x_wconf 79' lang='lat' dir='ltr'><strong>offertur</strong></span> 
     </span>
     <span class='ocr_line' id='line_1_16' title="bbox 263 2383 1646 2483; baseline -0.001 -23"><span class='ocrx_word' id='word_1_125' title='bbox 263 2387 332 2460; x_wconf 92' lang='lat' dir='ltr'><strong>boc</strong></span> <span class='ocrx_word' id='word_1_126' title='bbox 357 2386 567 2478; x_wconf 85' lang='lat' dir='ltr'><strong>sacrificium,</strong></span> <span class='ocrx_word' id='word_1_127' title='bbox 593 2384 785 2481; x_wconf 75' lang='lat' dir='ltr'><strong>specialiter</strong></span> <span class='ocrx_word' id='word_1_128' title='bbox 811 2394 846 2457; x_wconf 90' lang='lat' dir='ltr'><strong>et</strong></span> <span class='ocrx_word' id='word_1_129' title='bbox 872 2384 1105 2479; x_wconf 77' lang='lat' dir='ltr'><strong>singulariter,</strong></span> <span class='ocrx_word' id='word_1_130' title='bbox 1137 2394 1175 2458; x_wconf 91' lang='lat' dir='ltr'><strong>ut</strong></span> <span class='ocrx_word' id='word_1_131' title='bbox 1207 2387 1281 2483; x_wconf 90' lang='lat' dir='ltr'><strong>ipsa</strong></span> <span class='ocrx_word' id='word_1_132' title='bbox 1316 2387 1360 2459; x_wconf 90' lang='lat' dir='ltr'><strong>sit</strong></span> <span class='ocrx_word' id='word_1_133' title='bbox 1385 2383 1474 2481; x_wconf 89' lang='lat' dir='ltr'><strong>apud</strong></span> <span class='ocrx_word' id='word_1_134' title='bbox 1507 2394 1540 2457; x_wconf 89' lang='lat' dir='ltr'><strong>te</strong></span> <span class='ocrx_word' id='word_1_135' title='bbox 1565 2387 1646 2459; x_wconf 90' lang='lat' dir='ltr'><strong>Do·</strong></span> 
     </span>
     <span class='ocr_line' id='line_1_17' title="bbox 263 2497 1645 2599; baseline 0 -24"><span class='ocrx_word' id='word_1_136' title='bbox 263 2506 355 2576; x_wconf 90' lang='lat' dir='ltr'><strong>mine</strong></span> <span class='ocrx_word' id='word_1_137' title='bbox 382 2501 596 2599; x_wconf 85' lang='lat' dir='ltr'><strong>deprecatrix</strong></span> <span class='ocrx_word' id='word_1_138' title='bbox 620 2521 684 2598; x_wconf 92' lang='lat' dir='ltr'><strong>pro</strong></span> <span class='ocrx_word' id='word_1_139' title='bbox 711 2521 920 2596; x_wconf 88' lang='lat' dir='ltr'><strong>quocumque</strong></span> <span class='ocrx_word' id='word_1_140' title='bbox 948 2503 1004 2596; x_wconf 87' lang='lat' dir='ltr'><strong>qni</strong></span> <span class='ocrx_word' id='word_1_141' title='bbox 1030 2500 1073 2574; x_wconf 92' lang='lat' dir='ltr'><strong>ad</strong></span> <span class='ocrx_word' id='word_1_142' title='bbox 1099 2502 1173 2594; x_wconf 88' lang='lat' dir='ltr'><strong>ejus</strong></span> <span class='ocrx_word' id='word_1_143' title='bbox 1195 2501 1355 2575; x_wconf 88' lang='lat' dir='ltr'><strong>orationis</strong></span> <span class='ocrx_word' id='word_1_144' title='bbox 1371 2497 1529 2571; x_wconf 80' lang='lat' dir='ltr'><strong>auxilium</strong></span> <span class='ocrx_word' id='word_1_145' title='bbox 1555 2524 1645 2575; x_wconf 91' lang='lat' dir='ltr'><strong>con-</strong></span> 
     </span>
     <span class='ocr_line' id='line_1_18' title="bbox 264 2613 1647 2714; baseline -0.001 -22"><span class='ocrx_word' id='word_1_146' title='bbox 264 2619 362 2712; x_wconf 82' lang='lat' dir='ltr'><strong>fugit</strong></span> <span class='ocrx_word' id='word_1_147' title='bbox 414 2619 510 2691; x_wconf 89' lang='lat' dir='ltr'><strong>Deus</strong></span> <span class='ocrx_word' id='word_1_148' title='bbox 536 2616 627 2691; x_wconf 89' lang='lat' dir='ltr'><strong>bone</strong></span> <span class='ocrx_word' id='word_1_149' title='bbox 654 2626 688 2690; x_wconf 91' lang='lat' dir='ltr'><strong>et</strong></span> <span class='ocrx_word' id='word_1_150' title='bbox 714 2618 908 2691; x_wconf 87' lang='lat' dir='ltr'><strong>misericors</strong></span> <span class='ocrx_word' id='word_1_151' title='bbox 933 2638 997 2712; x_wconf 91' lang='lat' dir='ltr'><strong>per</strong></span> <span class='ocrx_word' id='word_1_152' title='bbox 1022 2619 1096 2710; x_wconf 85' lang='lat' dir='ltr'><strong>ejus</strong></span> <span class='ocrx_word' id='word_1_153' title='bbox 1109 2619 1282 2691; x_wconf 88' lang='lat' dir='ltr'><strong>orationes</strong></span> <span class='ocrx_word' id='word_1_154' title='bbox 1308 2613 1544 2713; x_wconf 85' lang='lat' dir='ltr'><strong>acceptabiles,</strong></span> <span class='ocrx_word' id='word_1_155' title='bbox 1559 2618 1647 2714; x_wconf 94' lang='lat' dir='ltr'><strong>apud</strong></span> 
     </span>
     <span class='ocr_line' id='line_1_19' title="bbox 264 2731 1646 2829; baseline 0 -21"><span class='ocrx_word' id='word_1_156' title='bbox 264 2746 301 2808; x_wconf 90' lang='lat' dir='ltr'><strong>te</strong></span> <span class='ocrx_word' id='word_1_157' title='bbox 328 2745 361 2806; x_wconf 91' lang='lat' dir='ltr'><strong>et</strong></span> <span class='ocrx_word' id='word_1_158' title='bbox 387 2732 631 2824; x_wconf 86' lang='lat' dir='ltr'><strong>exaudiendas,</strong></span> <span class='ocrx_word' id='word_1_159' title='bbox 658 2732 808 2805; x_wconf 88' lang='lat' dir='ltr'><strong>concede</strong></span> <span class='ocrx_word' id='word_1_160' title='bbox 839 2755 881 2805; x_wconf 88' lang='lat' dir='ltr'><strong>ea</strong></span> <span class='ocrx_word' id='word_1_161' title='bbox 908 2754 994 2829; x_wconf 90' lang='lat' dir='ltr'><strong>quae</strong></span> <span class='ocrx_word' id='word_1_162' title='bbox 1026 2736 1109 2829; x_wconf 83' lang='lat' dir='ltr'><strong>petit</strong></span> <span class='ocrx_word' id='word_1_163' title='bbox 1139 2732 1213 2821; x_wconf 92' lang='lat' dir='ltr'><strong>ille,</strong></span> <span class='ocrx_word' id='word_1_164' title='bbox 1249 2737 1304 2829; x_wconf 87' lang='lat' dir='ltr'><strong>qui</strong></span> <span class='ocrx_word' id='word_1_165' title='bbox 1331 2731 1491 2826; x_wconf 77' lang='lat' dir='ltr'><strong>singulari</strong></span> <span class='ocrx_word' id='word_1_166' title='bbox 1517 2731 1646 2808; x_wconf 92' lang='lat' dir='ltr'><strong>bonore</strong></span> 
     </span>
     <span class='ocr_line' id='line_1_20' title="bbox 265 2846 1647 2940; baseline 0 -18"><span class='ocrx_word' id='word_1_167' title='bbox 265 2849 417 2923; x_wconf 89' lang='lat' dir='ltr'><strong>celebrat</strong></span> <span class='ocrx_word' id='word_1_168' title='bbox 443 2852 637 2922; x_wconf 89' lang='lat' dir='ltr'><strong>memoriam</strong></span> <span class='ocrx_word' id='word_1_169' title='bbox 664 2851 748 2940; x_wconf 86' lang='lat' dir='ltr'><strong>ejus.</strong></span> <span class='ocrx_word' id='word_1_170' title='bbox 773 2851 906 2922; x_wconf 86' lang='lat' dir='ltr'><strong>Averte</strong></span> <span class='ocrx_word' id='word_1_171' title='bbox 939 2846 982 2921; x_wconf 91' lang='lat' dir='ltr'><strong>ab</strong></span> <span class='ocrx_word' id='word_1_172' title='bbox 1016 2871 1058 2921; x_wconf 90' lang='lat' dir='ltr'><strong>co</strong></span> <span class='ocrx_word' id='word_1_173' title='bbox 1085 2852 1304 2937; x_wconf 84' lang='lat' dir='ltr'><strong>tentationes,</strong></span> <span class='ocrx_word' id='word_1_174' title='bbox 1337 2848 1579 2940; x_wconf 87' lang='lat' dir='ltr'><strong>castigationes</strong></span> <span class='ocrx_word' id='word_1_175' title='bbox 1612 2859 1647 2922; x_wconf 90' lang='lat' dir='ltr'><strong>et</strong></span> 
     </span>
     <span class='ocr_line' id='line_1_21' title="bbox 266 2963 1647 3061; baseline -0.001 -22"><span class='ocrx_word' id='word_1_176' title='bbox 266 2971 387 3059; x_wconf 85' lang='lat' dir='ltr'><strong>virgas</strong></span> <span class='ocrx_word' id='word_1_177' title='bbox 421 2964 566 3054; x_wconf 82' lang='lat' dir='ltr'><strong>luroris,</strong></span> <span class='ocrx_word' id='word_1_178' title='bbox 600 2974 635 3037; x_wconf 92' lang='lat' dir='ltr'><strong>et</strong></span> <span class='ocrx_word' id='word_1_179' title='bbox 666 2985 771 3061; x_wconf 89' lang='lat' dir='ltr'><strong>parce</strong></span> <span class='ocrx_word' id='word_1_180' title='bbox 806 2964 935 3038; x_wconf 89' lang='lat' dir='ltr'><strong>delictis</strong></span> <span class='ocrx_word' id='word_1_181' title='bbox 969 2974 1004 3037; x_wconf 93' lang='lat' dir='ltr'><strong>et</strong></span> <span class='ocrx_word' id='word_1_182' title='bbox 1034 2967 1184 3059; x_wconf 88' lang='lat' dir='ltr'><strong>peccatis</strong></span> <span class='ocrx_word' id='word_1_183' title='bbox 1217 2966 1312 3058; x_wconf 84' lang='lat' dir='ltr'><strong>ejus,</strong></span> <span class='ocrx_word' id='word_1_184' title='bbox 1348 2987 1413 3061; x_wconf 89' lang='lat' dir='ltr'><strong>per</strong></span> <span class='ocrx_word' id='word_1_185' title='bbox 1438 2963 1647 3037; x_wconf 91' lang='lat' dir='ltr'><strong>clementiam</strong></span> 
     </span>
    </p>
   </div>
   <div class='ocr_carea' id='block_1_8' title="bbox 159 3078 1750 3864">
    <p class='ocr_par' dir='ltr' id='par_1_9' title="bbox 264 3078 1646 3179">
     <span class='ocr_line' id='line_1_22' title="bbox 264 3078 1646 3179; baseline -0.004 -23"><span class='ocrx_word' id='word_1_186' title='bbox 264 3092 373 3170; x_wconf 78' lang='lat' dir='ltr'><strong>mem,</strong></span> <span class='ocrx_word' id='word_1_187' title='bbox 389 3104 453 3179; x_wconf 93' lang='lat' dir='ltr'><strong>per</strong></span> <span class='ocrx_word' id='word_1_188' title='bbox 470 3083 641 3154; x_wconf 88' lang='lat' dir='ltr'><strong>orationes</strong></span> <span class='ocrx_word' id='word_1_189' title='bbox 658 3081 830 3171; x_wconf 87' lang='lat' dir='ltr'><strong>genitricis</strong></span> <span class='ocrx_word' id='word_1_190' title='bbox 846 3089 923 3152; x_wconf 89' lang='lat' dir='ltr'><strong>tuae</strong></span> <span class='ocrx_word' id='word_1_191' title='bbox 939 3090 974 3151; x_wconf 90' lang='lat' dir='ltr'><strong>et</strong></span> <span class='ocrx_word' id='word_1_192' title='bbox 987 3082 1131 3153; x_wconf 90' lang='lat' dir='ltr'><strong>omnium</strong></span> <span class='ocrx_word' id='word_1_193' title='bbox 1144 3091 1335 3155; x_wconf 88' lang='lat' dir='ltr'><strong>sanctorum</strong></span> <span class='ocrx_word' id='word_1_194' title='bbox 1355 3091 1495 3153; x_wconf 90' lang='lat' dir='ltr'><strong>tuorum.</strong></span> <span class='ocrx_word' id='word_1_195' title='bbox 1526 3078 1646 3152; x_wconf 85' lang='lat' dir='ltr'><strong>Amen.</strong></span> 
     </span>
    </p>

    <p class='ocr_par' dir='ltr' id='par_1_10' title="bbox 159 3192 1750 3864">
     <span class='ocr_line' id='line_1_23' title="bbox 372 3192 1646 3284; baseline -0.005 -15"><span class='ocrx_word' id='word_1_196' title='bbox 372 3198 510 3270; x_wconf 71' lang='lat' dir='ltr'><strong>Item.</strong></span> <span class='ocrx_word' id='word_1_197' title='bbox 536 3197 631 3269; x_wconf 88' lang='lat' dir='ltr'><strong>Deus</strong></span> <span class='ocrx_word' id='word_1_198' title='bbox 658 3205 693 3267; x_wconf 90' lang='lat' dir='ltr'><strong>tu</strong></span> <span class='ocrx_word' id='word_1_199' title='bbox 719 3195 827 3268; x_wconf 87' lang='lat' dir='ltr'><strong>lactus</strong></span> <span class='ocrx_word' id='word_1_200' title='bbox 855 3218 894 3268; x_wconf 89' lang='lat' dir='ltr'><strong>es</strong></span> <span class='ocrx_word' id='word_1_201' title='bbox 922 3196 1138 3284; x_wconf 86' lang='lat' dir='ltr'><strong>sacrificium,</strong></span> <span class='ocrx_word' id='word_1_202' title='bbox 1172 3206 1207 3268; x_wconf 89' lang='lat' dir='ltr'><strong>et</strong></span> <span class='ocrx_word' id='word_1_203' title='bbox 1232 3196 1290 3270; x_wconf 89' lang='lat' dir='ltr'><strong>tibi</strong></span> <span class='ocrx_word' id='word_1_204' title='bbox 1316 3197 1511 3270; x_wconf 86' lang='lat' dir='ltr'><strong>sacrificium</strong></span> <span class='ocrx_word' id='word_1_205' title='bbox 1538 3192 1646 3266; x_wconf 80' lang='lat' dir='ltr'><strong>oder-</strong></span> 
     </span>
     <span class='ocr_line' id='line_1_24' title="bbox 159 3308 1645 3410; baseline -0.003 -23"><span class='ocrx_word' id='word_1_206' title='bbox 159 3366 167 3373; x_wconf 79' lang='lat'><strong>·</strong></span> <span class='ocrx_word' id='word_1_207' title='bbox 266 3323 334 3387; x_wconf 82' lang='lat' dir='ltr'><strong>on:</strong></span> <span class='ocrx_word' id='word_1_208' title='bbox 375 3316 510 3410; x_wconf 87' lang='lat' dir='ltr'><strong>suscipe</strong></span> <span class='ocrx_word' id='word_1_209' title='bbox 550 3311 616 3384; x_wconf 87' lang='lat' dir='ltr'><strong>boc</strong></span> <span class='ocrx_word' id='word_1_210' title='bbox 657 3310 855 3384; x_wconf 83' lang='lat' dir='ltr'><strong>sucrificium</strong></span> <span class='ocrx_word' id='word_1_211' title='bbox 889 3333 936 3381; x_wconf 87' lang='lat' dir='ltr'><strong>ex</strong></span> <span class='ocrx_word' id='word_1_212' title='bbox 968 3308 1120 3383; x_wconf 88' lang='lat' dir='ltr'><strong>manibus</strong></span> <span class='ocrx_word' id='word_1_213' title='bbox 1155 3313 1240 3384; x_wconf 89' lang='lat' dir='ltr'><strong>meis</strong></span> <span class='ocrx_word' id='word_1_214' title='bbox 1279 3309 1541 3407; x_wconf 76' lang='lat' dir='ltr'><strong>peccatricibus,</strong></span> <span class='ocrx_word' id='word_1_215' title='bbox 1582 3330 1645 3404; x_wconf 87' lang='lat' dir='ltr'><strong>pro</strong></span> 
     </span>
     <span class='ocr_line' id='line_1_25' title="bbox 266 3425 1750 3527; baseline -0.003 -24"><span class='ocrx_word' id='word_1_216' title='bbox 266 3433 377 3502; x_wconf 87' lang='lat' dir='ltr'><strong>anima</strong></span> <span class='ocrx_word' id='word_1_217' title='bbox 404 3428 445 3502; x_wconf 89' lang='lat' dir='ltr'><strong>N.</strong></span> <span class='ocrx_word' id='word_1_218' title='bbox 473 3433 508 3500; x_wconf 85' lang='lat' dir='ltr'><strong>et</strong></span> <span class='ocrx_word' id='word_1_219' title='bbox 532 3449 653 3499; x_wconf 72' lang='lat' dir='ltr'><strong>men</strong></span> <span class='ocrx_word' id='word_1_220' title='bbox 680 3432 752 3519; x_wconf 78' lang='lat' dir='ltr'><strong>ejus</strong></span> <span class='ocrx_word' id='word_1_221' title='bbox 783 3433 837 3497; x_wconf 84' lang='lat' dir='ltr'><strong>ter</strong></span> <span class='ocrx_word' id='word_1_222' title='bbox 868 3429 1087 3519; x_wconf 63' lang='lat' dir='ltr'><strong>monoaciot.</strong></span> <span class='ocrx_word' id='word_1_223' title='bbox 1124 3425 1260 3498; x_wconf 71' lang='lat' dir='ltr'><strong>iteam.</strong></span> <span class='ocrx_word' id='word_1_224' title='bbox 1303 3428 1397 3500; x_wconf 90' lang='lat' dir='ltr'><strong>Deus</strong></span> <span class='ocrx_word' id='word_1_225' title='bbox 1422 3436 1559 3521; x_wconf 88' lang='lat' dir='ltr'><strong>praesta</strong></span> <span class='ocrx_word' id='word_1_226' title='bbox 1584 3446 1647 3521; x_wconf 90' lang='lat' dir='ltr'><strong>per</strong></span> <span class='ocrx_word' id='word_1_227' title='bbox 1742 3507 1750 3527; x_wconf 18' lang='grc' dir='ltr'><strong><em>κ</em></strong></span> 
     </span>
     <span class='ocr_line' id='line_1_26' title="bbox 265 3539 1647 3639; baseline -0.003 -22"><span class='ocrx_word' id='word_1_228' title='bbox 265 3544 477 3619; x_wconf 88' lang='lat' dir='ltr'><strong>clementiam</strong></span> <span class='ocrx_word' id='word_1_229' title='bbox 502 3553 605 3631; x_wconf 76' lang='lat' dir='ltr'><strong>mam,</strong></span> <span class='ocrx_word' id='word_1_230' title='bbox 630 3544 782 3638; x_wconf 85' lang='lat' dir='ltr'><strong>requiem</strong></span> <span class='ocrx_word' id='word_1_231' title='bbox 808 3553 842 3614; x_wconf 89' lang='lat' dir='ltr'><strong>et</strong></span> <span class='ocrx_word' id='word_1_232' title='bbox 867 3543 1061 3614; x_wconf 90' lang='lat' dir='ltr'><strong>memoriam</strong></span> <span class='ocrx_word' id='word_1_233' title='bbox 1094 3539 1219 3615; x_wconf 92' lang='lat' dir='ltr'><strong>bonam</strong></span> <span class='ocrx_word' id='word_1_234' title='bbox 1250 3545 1337 3639; x_wconf 87' lang='lat' dir='ltr'><strong>patri</strong></span> <span class='ocrx_word' id='word_1_235' title='bbox 1372 3563 1449 3615; x_wconf 90' lang='lat' dir='ltr'><strong>meo</strong></span> <span class='ocrx_word' id='word_1_236' title='bbox 1483 3550 1518 3614; x_wconf 86' lang='lat' dir='ltr'><strong>et</strong></span> <span class='ocrx_word' id='word_1_237' title='bbox 1551 3543 1647 3613; x_wconf 87' lang='lat' dir='ltr'><strong>matri</strong></span> 
     </span>
     <span class='ocr_line' id='line_1_27' title="bbox 264 3657 1646 3752; baseline -0.001 -22"><span class='ocrx_word' id='word_1_238' title='bbox 264 3681 373 3730; x_wconf 88' lang='lat' dir='ltr'><strong>meac.</strong></span> <span class='ocrx_word' id='word_1_239' title='bbox 400 3660 550 3731; x_wconf 81' lang='lat' dir='ltr'><strong>Nornioo</strong></span> <span class='ocrx_word' id='word_1_240' title='bbox 575 3657 710 3729; x_wconf 80' lang='lat' dir='ltr'><strong>illoram</strong></span> <span class='ocrx_word' id='word_1_241' title='bbox 735 3663 789 3728; x_wconf 83' lang='lat' dir='ltr'><strong>ter</strong></span> <span class='ocrx_word' id='word_1_242' title='bbox 811 3660 1033 3752; x_wconf 71' lang='lat' dir='ltr'><strong>procamiet.</strong></span> <span class='ocrx_word' id='word_1_243' title='bbox 1059 3657 1102 3728; x_wconf 75' lang='lat' dir='ltr'><strong>St</strong></span> <span class='ocrx_word' id='word_1_244' title='bbox 1130 3680 1200 3752; x_wconf 87' lang='lat' dir='ltr'><strong>pro</strong></span> <span class='ocrx_word' id='word_1_245' title='bbox 1227 3660 1361 3751; x_wconf 66' lang='lat' dir='ltr'><strong>infimae</strong></span> <span class='ocrx_word' id='word_1_246' title='bbox 1394 3658 1555 3750; x_wconf 81' lang='lat' dir='ltr'><strong>Litarqio</strong></span> <span class='ocrx_word' id='word_1_247' title='bbox 1581 3679 1646 3728; x_wconf 90' lang='lat' dir='ltr'><strong>ce-</strong></span> 
     </span>
     <span class='ocr_line' id='line_1_28' title="bbox 268 3772 1646 3864; baseline -0.001 -18"><span class='ocrx_word' id='word_1_248' title='bbox 268 3774 434 3846; x_wconf 71' lang='grc' dir='ltr'><strong>Ιεὸταειιν.</strong></span> <span class='ocrx_word' id='word_1_249' title='bbox 461 3774 555 3847; x_wconf 88' lang='lat' dir='ltr'><strong>Deus</strong></span> <span class='ocrx_word' id='word_1_250' title='bbox 581 3774 792 3859; x_wconf 89' lang='lat' dir='ltr'><strong>misericors,</strong></span> <span class='ocrx_word' id='word_1_251' title='bbox 819 3775 982 3846; x_wconf 87' lang='lat' dir='ltr'><strong>miserere</strong></span> <span class='ocrx_word' id='word_1_252' title='bbox 1009 3772 1112 3864; x_wconf 90' lang='lat' dir='ltr'><strong>illius,</strong></span> <span class='ocrx_word' id='word_1_253' title='bbox 1148 3784 1183 3845; x_wconf 89' lang='lat' dir='ltr'><strong>et</strong></span> <span class='ocrx_word' id='word_1_254' title='bbox 1208 3774 1361 3847; x_wconf 88' lang='lat' dir='ltr'><strong>concede</strong></span> <span class='ocrx_word' id='word_1_255' title='bbox 1392 3774 1439 3846; x_wconf 91' lang='lat' dir='ltr'><strong>illi</strong></span> <span class='ocrx_word' id='word_1_256' title='bbox 1473 3775 1646 3847; x_wconf 85' lang='lat' dir='ltr'><strong>sanitatem</strong></span> 
     </span>
    </p>
   </div>
   <div class='ocr_carea' id='block_1_9' title="bbox 262 3887 1647 5142">
    <p class='ocr_par' dir='ltr' id='par_1_11' title="bbox 262 3887 1647 4679">
     <span class='ocr_line' id='line_1_29' title="bbox 265 3887 1647 3986; baseline -0.001 -23"><span class='ocrx_word' id='word_1_257' title='bbox 265 3894 398 3963; x_wconf 70' lang='lat' dir='ltr'><strong>murae</strong></span> <span class='ocrx_word' id='word_1_258' title='bbox 424 3899 459 3963; x_wconf 86' lang='lat' dir='ltr'><strong>et</strong></span> <span class='ocrx_word' id='word_1_259' title='bbox 484 3893 649 3985; x_wconf 89' lang='lat' dir='ltr'><strong>corporis.</strong></span> <span class='ocrx_word' id='word_1_260' title='bbox 676 3888 718 3961; x_wconf 84' lang='lat' dir='ltr'><strong>Si</strong></span> <span class='ocrx_word' id='word_1_261' title='bbox 739 3909 809 3982; x_wconf 86' lang='lat' dir='ltr'><strong>pro</strong></span> <span class='ocrx_word' id='word_1_262' title='bbox 840 3889 1010 3981; x_wconf 77' lang='lat' dir='ltr'><strong>defuncto.</strong></span> <span class='ocrx_word' id='word_1_263' title='bbox 1037 3888 1132 3961; x_wconf 91' lang='lat' dir='ltr'><strong>Deus</strong></span> <span class='ocrx_word' id='word_1_264' title='bbox 1158 3899 1296 3985; x_wconf 86' lang='lat' dir='ltr'><strong>praesta</strong></span> <span class='ocrx_word' id='word_1_265' title='bbox 1327 3887 1373 3962; x_wconf 92' lang='lat' dir='ltr'><strong>illi</strong></span> <span class='ocrx_word' id='word_1_266' title='bbox 1407 3894 1578 3986; x_wconf 89' lang='lat' dir='ltr'><strong>requiem,</strong></span> <span class='ocrx_word' id='word_1_267' title='bbox 1613 3901 1647 3962; x_wconf 90' lang='lat' dir='ltr'><strong>et</strong></span> 
     </span>
     <span class='ocr_line' id='line_1_30' title="bbox 262 4001 1645 4104; baseline -0.001 -26"><span class='ocrx_word' id='word_1_268' title='bbox 262 4006 398 4104; x_wconf 88' lang='lat' dir='ltr'><strong>plenam</strong></span> <span class='ocrx_word' id='word_1_269' title='bbox 432 4004 599 4079; x_wconf 79' lang='lat' dir='ltr'><strong>felicitatis</strong></span> <span class='ocrx_word' id='word_1_270' title='bbox 630 4003 820 4077; x_wconf 78' lang='lat' dir='ltr'><strong>fruitionem</strong></span> <span class='ocrx_word' id='word_1_271' title='bbox 854 4007 890 4076; x_wconf 91' lang='lat' dir='ltr'><strong>in</strong></span> <span class='ocrx_word' id='word_1_272' title='bbox 924 4003 1120 4077; x_wconf 85' lang='lat' dir='ltr'><strong>habitaculis</strong></span> <span class='ocrx_word' id='word_1_273' title='bbox 1148 4004 1232 4079; x_wconf 90' lang='lat' dir='ltr'><strong>lucis</strong></span> <span class='ocrx_word' id='word_1_274' title='bbox 1264 4008 1349 4095; x_wconf 90' lang='lat' dir='ltr'><strong>tuis,</strong></span> <span class='ocrx_word' id='word_1_275' title='bbox 1381 4027 1457 4076; x_wconf 90' lang='lat' dir='ltr'><strong>cum</strong></span> <span class='ocrx_word' id='word_1_276' title='bbox 1493 4001 1645 4077; x_wconf 89' lang='lat' dir='ltr'><strong>omnibus</strong></span> 
     </span>
     <span class='ocr_line' id='line_1_31' title="bbox 266 4118 1645 4219; baseline -0.002 -25"><span class='ocrx_word' id='word_1_277' title='bbox 266 4124 324 4218; x_wconf 88' lang='lat' dir='ltr'><strong>qui</strong></span> <span class='ocrx_word' id='word_1_278' title='bbox 349 4121 563 4219; x_wconf 88' lang='lat' dir='ltr'><strong>perfecerunt</strong></span> <span class='ocrx_word' id='word_1_279' title='bbox 588 4119 795 4192; x_wconf 87' lang='lat' dir='ltr'><strong>voluntatem</strong></span> <span class='ocrx_word' id='word_1_280' title='bbox 827 4130 925 4192; x_wconf 86' lang='lat' dir='ltr'><strong>tuam</strong></span> <span class='ocrx_word' id='word_1_281' title='bbox 979 4118 1119 4193; x_wconf 85' lang='lat' dir='ltr'><strong>Praesta</strong></span> <span class='ocrx_word' id='word_1_282' title='bbox 1147 4123 1246 4193; x_wconf 90' lang='lat' dir='ltr'><strong>etiam</strong></span> <span class='ocrx_word' id='word_1_283' title='bbox 1271 4123 1422 4217; x_wconf 90' lang='lat' dir='ltr'><strong>requiem</strong></span> <span class='ocrx_word' id='word_1_284' title='bbox 1449 4130 1483 4193; x_wconf 88' lang='lat' dir='ltr'><strong>et</strong></span> <span class='ocrx_word' id='word_1_285' title='bbox 1509 4142 1645 4192; x_wconf 91' lang='lat' dir='ltr'><strong>memo-</strong></span> 
     </span>
     <span class='ocr_line' id='line_1_32' title="bbox 262 4234 1645 4334; baseline -0.004 -22"><span class='ocrx_word' id='word_1_286' title='bbox 262 4242 349 4312; x_wconf 89' lang='lat' dir='ltr'><strong>riam</strong></span> <span class='ocrx_word' id='word_1_287' title='bbox 376 4238 500 4312; x_wconf 91' lang='lat' dir='ltr'><strong>bonam</strong></span> <span class='ocrx_word' id='word_1_288' title='bbox 526 4238 614 4334; x_wconf 89' lang='lat' dir='ltr'><strong>patri</strong></span> <span class='ocrx_word' id='word_1_289' title='bbox 640 4258 730 4325; x_wconf 89' lang='lat' dir='ltr'><strong>meo,</strong></span> <span class='ocrx_word' id='word_1_290' title='bbox 757 4245 792 4309; x_wconf 88' lang='lat' dir='ltr'><strong>et</strong></span> <span class='ocrx_word' id='word_1_291' title='bbox 818 4239 915 4310; x_wconf 89' lang='lat' dir='ltr'><strong>matri</strong></span> <span class='ocrx_word' id='word_1_292' title='bbox 940 4258 1050 4325; x_wconf 89' lang='lat' dir='ltr'><strong>meae,</strong></span> <span class='ocrx_word' id='word_1_293' title='bbox 1077 4247 1112 4309; x_wconf 89' lang='lat' dir='ltr'><strong>et</strong></span> <span class='ocrx_word' id='word_1_294' title='bbox 1125 4240 1431 4334; x_wconf 87' lang='lat' dir='ltr'><strong>unicuiqueeorum</strong></span> <span class='ocrx_word' id='word_1_295' title='bbox 1450 4234 1645 4331; x_wconf 89' lang='lat' dir='ltr'><strong>quibuscum</strong></span> 
     </span>
     <span class='ocr_line' id='line_1_33' title="bbox 263 4339 1647 4448; baseline -0.004 -22"><span class='ocrx_word' id='word_1_296' title='bbox 263 4353 343 4426; x_wconf 91' lang='lat' dir='ltr'><strong>mihi</strong></span> <span class='ocrx_word' id='word_1_297' title='bbox 371 4356 516 4427; x_wconf 87' lang='lat' dir='ltr'><strong>societas</strong></span> <span class='ocrx_word' id='word_1_298' title='bbox 542 4352 731 4425; x_wconf 88' lang='lat' dir='ltr'><strong>intercedit:</strong></span> <span class='ocrx_word' id='word_1_299' title='bbox 759 4356 1018 4448; x_wconf 85' lang='lat' dir='ltr'><strong>etquicunque</strong></span> <span class='ocrx_word' id='word_1_300' title='bbox 1045 4352 1087 4425; x_wconf 92' lang='lat' dir='ltr'><strong>ab</strong></span> <span class='ocrx_word' id='word_1_301' title='bbox 1116 4352 1303 4426; x_wconf 85' lang='lat' dir='ltr'><strong>infirmitate</strong></span> <span class='ocrx_word' id='word_1_302' title='bbox 1329 4362 1446 4426; x_wconf 89' lang='lat' dir='ltr'><strong>nostra</strong></span> <span class='ocrx_word' id='word_1_303' title='bbox 1472 4339 1584 4447; x_wconf 86' lang='lat' dir='ltr'><strong>petiit,</strong></span> <span class='ocrx_word' id='word_1_304' title='bbox 1611 4359 1647 4421; x_wconf 88' lang='lat' dir='ltr'><strong>ut</strong></span> 
     </span>
     <span class='ocr_line' id='line_1_34' title="bbox 263 4466 1646 4565; baseline -0.001 -24"><span class='ocrx_word' id='word_1_305' title='bbox 263 4467 352 4541; x_wconf 90' lang='lat' dir='ltr'><strong>illins</strong></span> <span class='ocrx_word' id='word_1_306' title='bbox 378 4471 574 4540; x_wconf 88' lang='lat' dir='ltr'><strong>memoriam</strong></span> <span class='ocrx_word' id='word_1_307' title='bbox 601 4488 781 4561; x_wconf 88' lang='lat' dir='ltr'><strong>ageremus</strong></span> <span class='ocrx_word' id='word_1_308' title='bbox 807 4470 841 4539; x_wconf 86' lang='lat' dir='ltr'><strong>in</strong></span> <span class='ocrx_word' id='word_1_309' title='bbox 867 4468 1034 4541; x_wconf 84' lang='lat' dir='ltr'><strong>sacrificio</strong></span> <span class='ocrx_word' id='word_1_310' title='bbox 1061 4466 1143 4559; x_wconf 89' lang='lat' dir='ltr'><strong>boc,</strong></span> <span class='ocrx_word' id='word_1_311' title='bbox 1171 4468 1260 4565; x_wconf 85' lang='lat' dir='ltr'><strong>qnod</strong></span> <span class='ocrx_word' id='word_1_312' title='bbox 1292 4492 1311 4541; x_wconf 91' lang='lat' dir='ltr'><strong>a</strong></span> <span class='ocrx_word' id='word_1_313' title='bbox 1346 4468 1444 4543; x_wconf 89' lang='lat' dir='ltr'><strong>nobis</strong></span> <span class='ocrx_word' id='word_1_314' title='bbox 1479 4475 1646 4563; x_wconf 89' lang='lat' dir='ltr'><strong>peccato·</strong></span> 
     </span>
     <span class='ocr_line' id='line_1_35' title="bbox 264 4582 1251 4679; baseline 0 -22"><span class='ocrx_word' id='word_1_315' title='bbox 264 4582 359 4657; x_wconf 91' lang='lat' dir='ltr'><strong>ribus</strong></span> <span class='ocrx_word' id='word_1_316' title='bbox 387 4584 445 4657; x_wconf 88' lang='lat' dir='ltr'><strong>tibi</strong></span> <span class='ocrx_word' id='word_1_317' title='bbox 472 4583 621 4673; x_wconf 81' lang='lat' dir='ltr'><strong>oleron,</strong></span> <span class='ocrx_word' id='word_1_318' title='bbox 648 4604 788 4679; x_wconf 90' lang='lat' dir='ltr'><strong>quorum</strong></span> <span class='ocrx_word' id='word_1_319' title='bbox 813 4585 948 4657; x_wconf 90' lang='lat' dir='ltr'><strong>nomina</strong></span> <span class='ocrx_word' id='word_1_320' title='bbox 974 4583 1032 4657; x_wconf 86' lang='lat' dir='ltr'><strong>tibi</strong></span> <span class='ocrx_word' id='word_1_321' title='bbox 1059 4595 1140 4657; x_wconf 88' lang='lat' dir='ltr'><strong>nota</strong></span> <span class='ocrx_word' id='word_1_322' title='bbox 1167 4595 1251 4658; x_wconf 86' lang='lat' dir='ltr'><strong>sunt</strong></span> 
     </span>
    </p>

    <p class='ocr_par' dir='ltr' id='par_1_12' title="bbox 369 4698 1335 4797">
     <span class='ocr_line' id='line_1_36' title="bbox 369 4698 1335 4797; baseline -0.004 -23"><span class='ocrx_word' id='word_1_323' title='bbox 369 4704 529 4794; x_wconf 62' lang='lat' dir='ltr'><strong>§unipes</strong></span> <span class='ocrx_word' id='word_1_324' title='bbox 553 4703 678 4783; x_wconf 77' lang='grc' dir='ltr'><strong><em>καλῶς.</em></strong></span> <span class='ocrx_word' id='word_1_325' title='bbox 706 4698 841 4772; x_wconf 89' lang='lat' dir='ltr'><strong>Stemus</strong></span> <span class='ocrx_word' id='word_1_326' title='bbox 868 4699 1035 4772; x_wconf 90' lang='lat' dir='ltr'><strong>decenter.</strong></span> <span class='ocrx_word' id='word_1_327' title='bbox 1062 4700 1169 4797; x_wconf 68' lang='lat' dir='ltr'><strong>llyrie</strong></span> <span class='ocrx_word' id='word_1_328' title='bbox 1196 4699 1335 4775; x_wconf 89' lang='lat' dir='ltr'><strong>eleison.</strong></span> 
     </span>
    </p>

    <p class='ocr_par' dir='ltr' id='par_1_13' title="bbox 262 4815 1647 5142">
     <span class='ocr_line' id='line_1_37' title="bbox 374 4815 1647 4909; baseline -0.001 -21"><span class='ocrx_word' id='word_1_329' title='bbox 374 4817 468 4888; x_wconf 81' lang='lat' dir='ltr'><strong>Tunc</strong></span> <span class='ocrx_word' id='word_1_330' title='bbox 494 4817 635 4909; x_wconf 74' lang='lat' dir='ltr'><strong>deponit</strong></span> <span class='ocrx_word' id='word_1_331' title='bbox 659 4817 832 4908; x_wconf 76' lang='lat' dir='ltr'><strong>mysteria,</strong></span> <span class='ocrx_word' id='word_1_332' title='bbox 859 4821 895 4885; x_wconf 87' lang='lat' dir='ltr'><strong>et</strong></span> <span class='ocrx_word' id='word_1_333' title='bbox 920 4815 1070 4887; x_wconf 78' lang='lat' dir='ltr'><strong>codocot</strong></span> <span class='ocrx_word' id='word_1_334' title='bbox 1103 4817 1246 4889; x_wconf 83' lang='lat' dir='ltr'><strong>calicem</strong></span> <span class='ocrx_word' id='word_1_335' title='bbox 1280 4817 1329 4887; x_wconf 87' lang='lat' dir='ltr'><strong>od</strong></span> <span class='ocrx_word' id='word_1_336' title='bbox 1363 4815 1553 4904; x_wconf 59' lang='lat' dir='ltr'><strong>Orientem</strong></span> <span class='ocrx_word' id='word_1_337' title='bbox 1586 4815 1647 4887; x_wconf 87' lang='lat' dir='ltr'><strong>di-</strong></span> 
     </span>
     <span class='ocr_line' id='line_1_38' title="bbox 265 4930 1647 5026; baseline -0.001 -21"><span class='ocrx_word' id='word_1_338' title='bbox 265 4955 362 5005; x_wconf 78' lang='lat' dir='ltr'><strong>ecum</strong></span> <span class='ocrx_word' id='word_1_339' title='bbox 387 4934 436 5004; x_wconf 88' lang='lat' dir='ltr'><strong>od</strong></span> <span class='ocrx_word' id='word_1_340' title='bbox 463 4931 701 5003; x_wconf 79' lang='lat' dir='ltr'><strong>Occidentem:</strong></span> <span class='ocrx_word' id='word_1_341' title='bbox 733 4930 890 5002; x_wconf 70' lang='lat' dir='ltr'><strong>extendit</strong></span> <span class='ocrx_word' id='word_1_342' title='bbox 914 4931 1141 5025; x_wconf 81' lang='lat' dir='ltr'><strong>Aeopberom</strong></span> <span class='ocrx_word' id='word_1_343' title='bbox 1167 4935 1241 5003; x_wconf 82' lang='lat' dir='ltr'><strong>eice</strong></span> <span class='ocrx_word' id='word_1_344' title='bbox 1265 4932 1375 5004; x_wconf 74' lang='lat' dir='ltr'><strong>cettan</strong></span> <span class='ocrx_word' id='word_1_345' title='bbox 1398 4936 1525 5023; x_wconf 63' lang='lat' dir='ltr'><strong>nemas,</strong></span> <span class='ocrx_word' id='word_1_346' title='bbox 1557 4952 1647 5026; x_wconf 86' lang='lat' dir='ltr'><strong>cpe-</strong></span> 
     </span>
     <span class='ocr_line' id='line_1_39' title="bbox 262 5046 759 5142; baseline -0.008 -23"><span class='ocrx_word' id='word_1_347' title='bbox 262 5050 380 5142; x_wconf 80' lang='lat' dir='ltr'><strong>ritqae</strong></span> <span class='ocrx_word' id='word_1_348' title='bbox 405 5050 578 5141; x_wconf 63' lang='lat' dir='ltr'><strong>mpsteiu,</strong></span> <span class='ocrx_word' id='word_1_349' title='bbox 606 5053 641 5118; x_wconf 85' lang='lat' dir='ltr'><strong>et</strong></span> <span class='ocrx_word' id='word_1_350' title='bbox 666 5046 759 5117; x_wconf 85' lang='lat' dir='ltr'><strong>dicit.</strong></span> 
     </span>
    </p>
   </div>
   <div class='ocr_carea' id='block_1_10' title="bbox 0 0 2277 6034">
    <p class='ocr_par' dir='ltr' id='par_1_14' title="bbox 0 0 2277 6034">
     <span class='ocr_line' id='line_1_40' title="bbox 0 0 2277 6034; baseline 0 0"><span class='ocrx_word' id='word_1_351' title='bbox 0 0 2277 6034; x_wconf 95' lang='lat' dir='ltr'><strong> </strong></span> 
     </span>
    </p>
   </div>
  </div>
 </body>
</html>
