4525 6034
456 623 710 699 hlEllhhlllilhl
741 621 1008 701 onocentauri
1033 624 1309 703 PATRIAECHAE.
1491 626 1569 700 449

213 811 391 881 miversam
416 807 605 882 Ecclesiam
631 819 737 901 tuam,
764 820 921 906 essetque
946 813 1102 909 princeps
1129 823 1163 885 et
1188 812 1258 884 dux
1284 835 1386 910 super
1412 813 1570 912 populum

211 938 300 999 tuum.
359 926 509 999 lllumina
545 951 621 1001 enm
656 929 817 1018 Domine,
849 927 1028 1024 splendore
1062 927 1174 1002 vultus
1207 931 1275 1019 tui,
1305 939 1342 1002 ut
1372 929 1571 1004 illuminetur

210 1066 263 1116 cor
287 1045 359 1136 ejus
384 1042 485 1115 radiis
513 1045 644 1137 gloriae
669 1057 767 1137 tuae,
800 1054 834 1117 et
865 1044 1028 1138 intelligat
1054 1045 1236 1118 secundnm
1261 1050 1453 1136 veritatem,
1486 1072 1569 1144 my-

210 1163 335 1232 sterium
362 1159 592 1233 ahsconditum
619 1171 718 1233 tuum.
770 1160 910 1233 Ellimde
937 1183 1039 1257 super
1064 1184 1142 1234 eum
1173 1165 1323 1258 spiritum
1354 1161 1570 1260 principalem

209 1278 400 1368 cognitionis
426 1280 489 1365 tui,
516 1299 614 1371 mem
641 1281 770 1373 accepit
805 1276 847 1350 ah
873 1276 1029 1350 Ecclesia
1062 1288 1118 1351 tua
1153 1289 1286 1367 sancta,
1321 1288 1357 1351 ut
1388 1290 1571 1352 renovetur

208 1390 379 1464 secundum
405 1391 646 1487 heneplacitum
673 1403 762 1466 tuum
790 1397 823 1465 in
851 1398 940 1467 omni
966 1397 1203 1488 generatione:
1232 1395 1390 1491 Spiritum
1408 1406 1570 1485 sanctum,

208 1508 356 1603 Spiritum
382 1512 554 1598 veritatis,
581 1509 738 1605 Spiritum
764 1509 947 1606 perlectum
973 1510 1188 1606 paraclitum,
1215 1533 1313 1606 quem
1339 1511 1458 1584 dedisti
1484 1534 1570 1587 san-

206 1627 262 1696 ctis
286 1627 353 1696 tuis
377 1623 554 1721 Apostolis
581 1635 616 1698 et
639 1625 825 1723 Prophetis.
856 1627 909 1699 Da
935 1625 982 1697 illi
1007 1628 1151 1700 Domine
1177 1631 1308 1720 virgam
1335 1632 1465 1702 virtutis
1493 1639 1570 1701 tuae

205 1741 392 1838 productam
419 1764 467 1812 ex
491 1741 605 1813 radice
631 1742 753 1831 desse,
778 1742 908 1815 scilicet
934 1755 1062 1840 septem
1089 1743 1232 1838 Spiritus
1260 1749 1323 1834 tui,
1355 1745 1468 1835 Deus,
1501 1745 1568 1817 de-

206 1856 362 1928 scendant
387 1879 490 1951 super
516 1880 604 1946 eum,
630 1867 665 1930 et
689 1859 874 1955 producant
898 1858 1038 1932 fructum
1064 1863 1229 1932 veritatis:
1257 1861 1400 1957 Spiritus
1427 1865 1568 1958 sapien-

205 1974 265 2043 tiae
291 1983 326 2044 et
350 1973 564 2070 prudentiae:
592 1973 734 2070 Spiritus
760 1974 891 2047 consilii
917 1988 951 2049 et
984 1973 1198 2050 lentitudinis:
1230 1976 1373 2074 Spiritus
1409 1980 1569 2051 scientiae

199 2096 236 2162 ,et
258 2091 399 2183 pietatis.
452 2088 557 2186 lmple
583 2089 671 2161 illum
698 2094 816 2164 timore
844 2102 901 2163 tuo
926 2090 1035 2181 Deus,
1069 2104 1104 2166 ut
1131 2094 1257 2186 judicet
1288 2092 1445 2190 populum
1478 2105 1568 2166 tuum

205 2208 444 2300 inaequitate,
476 2216 510 2277 et
534 2208 676 2278 retineat
702 2206 801 2278 iidem
826 2217 952 2279 rectam
985 2208 1112 2306 ahsqne
1146 2210 1288 2283 delectu.
1346 2210 1449 2283 lndue
1479 2208 1570 2284 illum
1677 2295 1681 2302 ,

204 2319 339 2415 podere,
367 2323 442 2395 sive
470 2320 556 2393 stola
584 2321 714 2413 gloriae
741 2332 817 2394 tuae
844 2332 991 2397 sanctae.
1034 2326 1174 2423 impone
1200 2331 1300 2424 capiti
1328 2329 1400 2421 ejus
1427 2331 1570 2420 mitram,
1680 2349 1683 2354 ·

152 2415 159 2432 “
204 2445 235 2506 et
257 2459 347 2529 unge
373 2436 464 2508 illum
490 2438 567 2509 oleo
593 2438 740 2538 laetitiae
765 2436 922 2513 honitatis
948 2451 1026 2514 tuae
1054 2465 1138 2538 prae
1171 2444 1323 2518 omnihus
1355 2444 1569 2543 participibus

204 2556 278 2624 suis.
332 2553 384 2625 Sit
417 2551 477 2625 tihi
503 2554 611 2641 Deus,
646 2553 802 2628 Pontifex
836 2556 941 2630 fidelis
975 2579 1076 2654 super
1110 2559 1244 2633 domum
1276 2571 1365 2633 tuam
1397 2585 1483 2657 quae
1517 2572 1571 2636 est

201 2667 369 2758 Ecclesia,
404 2679 441 2741 ut
474 2674 600 2743 serviat
633 2669 691 2742 tihi
726 2670 893 2769 incrdpate
928 2674 1080 2749 omnihus
1114 2676 1230 2750 diehus
1266 2679 1359 2750 vitae
1393 2699 1494 2766 suae,
1535 2682 1570 2750 in

201 2785 382 2858 Pontilicali
410 2785 594 2878 dignitate,
628 2797 728 2859 nocte
755 2811 795 2860 ac
823 2788 877 2860 die
909 2791 1117 2863 incessanter
1148 2815 1211 2888 per
1244 2792 1408 2866 sacrificia
1441 2803 1569 2884 sancta,

202 2913 233 2974 et
257 2904 426 2976 orationes
453 2905 487 2973 in
513 2902 618 2974 corde
643 2926 740 2999 puro,
768 2914 803 2976 et
829 2907 936 2977 anima
964 2905 1155 3001 splendida:
1181 2931 1243 3006 per
1258 2913 1385 3004 Jejunia
1404 2921 1438 2983 et
1457 2912 1568 2984 actio-

200 3042 258 3091 nes
283 3021 370 3114 pias,
396 3040 459 3112 per
485 3022 656 3091 caritatem
682 3030 717 3092 et
741 3019 969 3113 humilitatem,
1000 3046 1062 3118 per
1092 3024 1192 3097 fidem
1226 3026 1353 3123 absque
1384 3026 1567 3125 hypocrisi,

200 3159 257 3231 per
281 3132 475 3231 prophetias
501 3146 536 3206 et
561 3134 769 3210 elevationes
796 3140 945 3233 spiritus:
979 3150 1012 3211 et
1047 3139 1165 3213 ollerat
1190 3143 1250 3217 tihi
1276 3145 1472 3216 sacrificium
1498 3167 1568 3241 pu-

200 3275 268 3325 rum
295 3262 330 3322 et
356 3261 504 3323 sanctum
532 3251 648 3324 diebus
674 3253 845 3341 omnihus,
872 3276 945 3326 cum
973 3255 1078 3328 suffitu
1105 3260 1250 3348 incensi,
1281 3282 1343 3357 pro
1370 3261 1568 3354 ignorantiis

200 3368 310 3464 populi
336 3370 394 3454 tui,
420 3366 504 3440 licus
530 3372 771 3464 perversitates
798 3379 832 3441 et
858 3373 1064 3466 insipientias
1091 3373 1289 3470 populorum
1317 3381 1372 3471 qui
1390 3388 1466 3450 sunt
1479 3399 1568 3470 grex

200 3494 280 3556 tuns.
335 3482 430 3554 Educ
457 3506 518 3556 eos
545 3507 591 3555 ex
617 3483 739 3579 laqueo
765 3489 911 3582 peccati,
943 3487 985 3559 ad
1011 3488 1186 3562 colendam
1218 3492 1385 3587 pietatem.
1444 3492 1568 3575 Pacem

200 3624 297 3696 super
328 3622 447 3696 pacem
473 3600 624 3673 concede
651 3606 740 3674 omni
766 3602 889 3699 populo
916 3612 991 3693 tuo,
1024 3604 1242 3700 omnibusque
1269 3608 1389 3682 ovihus
1416 3612 1480 3681 tuis
1506 3630 1568 3705 per

199 3716 339 3809 gloriam
374 3730 474 3791 tuam.
533 3721 585 3793 Da
621 3720 667 3792 illi
699 3721 842 3795 Domine
880 3733 1079 3819 potestatem
1113 3723 1256 3819 Spiritus
1291 3727 1337 3796 tui
1372 3728 1498 3814 sancti,
1532 3733 1569 3798 ut

199 3833 309 3906 solvat
334 3835 467 3906 vincula
495 3840 606 3909 omnia
633 3837 750 3933 quihus
777 3841 927 3911 inimicus
955 3839 1105 3931 alligavit
1132 3862 1207 3911 eum
1222 3851 1379 3936 peccato:
1407 3850 1441 3913 et
1455 3864 1566 3913 mem-

198 3946 257 4022 hra
283 3951 461 4025 Ecclesiae
494 3963 570 4025 tuae
602 3954 729 4044 divisa,
764 3954 806 4026 da
838 3955 883 4027 illi
919 3965 954 4026 ut
986 3958 1020 4027 in
1053 3977 1152 4027 unum
1182 3956 1329 4030 reducat.
1367 3957 1567 4030 'Conserva

197 4066 428 4142 Sacerdotium
461 4073 534 4164 ejus
567 4070 785 4167 inculpatum,
818 4093 924 4166 nsque
957 4075 990 4143 in
1021 4071 1119 4143 linem
1152 4084 1188 4145 ut
1219 4076 1382 4145 ministret
1413 4073 1471 4145 tihi
1505 4097 1568 4170 per

198 4185 394 4257 sacrificium
421 4184 591 4280 spirituale
617 4192 744 4260 cunctis
771 4186 888 4261 diehrm
915 4187 1094 4262 secundum
1122 4188 1280 4261 Ordinem
1307 4193 1424 4263 summi
1444 4191 1566 4262 Ponti-

196 4299 286 4391 licis,
316 4305 370 4397 qui
397 4306 432 4374 in
457 4301 563 4375 coelis
590 4313 642 4375 est
667 4303 801 4377 Domini
828 4307 933 4377 nostn
959 4305 1042 4376 Jesu
1069 4303 1211 4397 Christi,
1238 4309 1309 4401 qui,
1336 4317 1398 4380 etc.

422 4579 612 4651 Conversum
636 4579 684 4649 ud
711 4580 883 4653 Orientem
907 4581 993 4652 dicit
1017 4581 1106 4653 hooc
1135 4582 1341 4654 Oreticum.

300 4767 447 4840 Exorire
473 4769 614 4842 Domine
641 4792 849 4867 supernos,
885 4782 919 4842 et
953 4793 1054 4866 super
1086 4773 1300 4845 sinisterium
1333 4785 1501 4865 nostrum,
1533 4788 1567 4850 et

197 4884 404 4957 mundanos
432 4882 474 4956 ah
502 4889 590 4957 omni
617 4885 763 4960 macula:
796 4891 887 4959 mitte
921 4910 1054 4984 quicque
1086 4887 1231 4983 desuper
1271 4894 1413 4981 gratiam
1446 4896 1564 4987 ponti-

196 4996 325 5071 ficalem
352 5023 453 5097 snper
480 5024 614 5075 servum
642 5014 729 5074 tuum
755 5003 840 5075 hunc
866 5003 907 5076 N.
934 5015 969 5076 ut
995 5004 1115 5098 dignus
1142 5004 1299 5077 efficiatur
1317 5030 1379 5103 per
1396 5007 1564 5105 henepla-

195 5115 296 5186 citum
322 5128 409 5189 tuum
436 5118 596 5214 pascendi
621 5117 755 5216 plehem
787 5131 875 5192 tuam
901 5120 1094 5220 inculpate,
1125 5132 1160 5193 et
1193 5122 1344 5216 erigendi
1375 5122 1564 5202 Ecclesiam
