4525 6034
650 585 729 659 aaa
976 681 982 692 ⁵
1119 585 1561 663 consonuimus

652 771 772 832 nionem
788 769 935 834 absolvet.
958 770 1032 832 cuim
1053 770 1212 833 Diaconos
1223 772 1332 849 junior
1348 770 1414 845 erit,
1436 789 1475 830 ne
1486 779 1667 849 praesumot
1684 772 1728 832 ad
1744 771 1906 851 qmdpmm
1927 790 2031 833 eorum

652 887 729 947 quae
751 869 885 930 dicimus
904 869 1080 948 faciendum
1102 869 1262 930 accerime:
1286 867 1315 929 id
1336 874 1384 929 est
1403 867 1527 929 calicem
1547 868 1836 932 communicantibus
1856 871 2030 952 porrigere,

653 974 704 1028 aut
727 967 942 1029 ex·cocirleari
964 969 1158 1048 sanguinem,
1182 966 1231 1028 vei
1254 965 1420 1045 particulas
1440 967 1580 1028 intinctas
1605 967 1770 1046 praebere,
1795 988 1834 1028 ne
1855 969 1972 1031 scilicet
1993 970 2031 1032 cb

651 1068 859 1145 experientiae
880 1068 912 1128 in
933 1065 1043 1127 ritibus
1065 1051 1167 1127 sacris
1188 1065 1352 1144 defectum,
1375 1065 1491 1144 aliquid
1512 1084 1553 1126 ea
1575 1067 1671 1127 calice
1693 1065 1807 1147 effimdi
1826 1075 1880 1128 aul
1887 1069 2031 1146 particu-
2095 1058 2101 1066 ’

652 1165 700 1226 lus
721 1166 754 1225 in
776 1172 891 1226 terram
914 1165 1027 1225 cadere
1048 1165 1146 1240 sinat,
1170 1181 1258 1243 quam
1281 1162 1510 1245 negligentiam,
1531 1170 1565 1224 ut
1586 1181 1657 1225 mon
1679 1163 1839 1244 videbitur,
1867 1173 1898 1228 et
1920 1175 2031 1229 cavent

651 1279 856 1344 magnopere,
880 1269 911 1324 et
933 1263 1040 1343 poenis
1063 1262 1217 1323 canonicis
1239 1260 1403 1325 vindicant.
1448 1260 1562 1323 Postea
1590 1265 1827 1325 comnnmionem
1856 1263 1942 1325 dabit
1962 1267 2031 1326 sin-

650 1363 731 1443 puiis
762 1362 814 1441 qui
842 1362 885 1422 ad
912 1361 1011 1421 altare
1038 1362 1303 1435 ministraverunt,
1331 1378 1455 1439 nonque
1484 1358 1667 1437 arcuerit,
1697 1380 1733 1423 os
1761 1382 1848 1424 mum
1881 1361 2034 1442 absterret

652 1461 797 1539 mappula
819 1477 910 1539 man
933 1461 965 1519 in
985 1477 1077 1519 manu
1095 1457 1187 1519 babet
1201 1457 1370 1534 Diaconos,
1388 1459 1485 1519 lumen
1504 1477 1609 1521 coram
1620 1460 1707 1522 diaco
1722 1460 1914 1540 praeferens.
1937 1459 2032 1524 Ouar-

652 1578 709 1638 que
742 1557 896 1618 Sacerdos
925 1556 1096 1631 absolmrit,
1126 1558 1363 1618 communionem
1395 1558 1621 1633 mutroanm,
1654 1558 1771 1638 deferet
1799 1559 1916 1622 discum
1942 1579 2034 1639 super

652 1675 775 1718 manum
795 1674 882 1717 nram
910 1657 1068 1717 smiatram
1096 1674 1164 1716 cum
1192 1655 1351 1734 mappula,
1385 1673 1440 1716 sen
1468 1656 1534 1716 celo
1562 1658 1699 1737 seriem,
1734 1661 1819 1737 crpus
1849 1677 1924 1720 orae
1950 1660 2033 1720 intra

653 1756 769 1817 dacum
791 1756 836 1815 ita
858 1754 1019 1834 callipatae
1040 1761 1142 1829 armi,
1170 1761 1204 1814 ut
1224 1761 1314 1815 ectra
1342 1771 1404 1815 nors
1428 1754 1645 1833 propendeant.
1699 1756 1783 1817 Deris
1805 1757 1969 1836 probibem
1992 1776 2032 1818 ne

652 1855 726 1934 quid
747 1873 787 1913 ec
807 1853 980 1932 marparita
1001 1870 1056 1912 seu
1078 1871 1119 1913 ec
1145 1852 1308 1930 particulis
1334 1853 1539 1929 menecratis,
1573 1855 1744 1917 adbaerent
1771 1863 1827 1917 aut
1857 1857 1891 1917 irr
1919 1862 2034 1916 amam

652 1952 784 2014 demutat.
825 1949 944 2013 Caveat
965 1952 1057 2012 etiarn
1079 1951 1239 2030 drlipenter
1259 1949 1434 2028 Dmconus,
1457 1970 1495 2012 ne
1523 1952 1666 2014 coclitem·
1691 1975 1733 2016 ea
1759 1955 1855 2034 psius
1881 1973 1973 2017 manu
1999 1956 2033 2015 iri

652 2052 778 2113 calicem
801 2050 946 2112 labatur.-
973 2051 1008 2111 id
1038 2051 1068 2110 ri
1088 2049 1254 2127 acaderit,
1280 2049 1366 2110 aliud
1391 2066 1483 2110 manc
1509 2067 1567 2112 suc
1594 2053 1745 2114 innuerrdo
1767 2060 1865 2132 petat:
1893 2052 2033 2133 dirusque

651 2149 1277 2226 aoertatncilludmarricaeanttopae
1307 2164 1382 2207 suae
1409 2144 1546 2226 affricet,
1577 2158 1631 2212 aut
1659 2151 1771 2229 cipum
1797 2149 1893 2224 abac,
1927 2151 2035 2212 itaut

650 2249 813 2329 quidquam
831 2248 867 2316 ‚in
889 2254 1002 2308 terram
1024 2248 1165 2323 madal,
1189 2252 1244 2306 aut
1270 2246 1345 2307 illud
1365 2247 1473 2323 psum
1504 2265 1545 2307 cc
1567 2266 1600 2310 se
1622 2249 1764 2326 eacidat,
1795 2256 1826 2310 ct
1852 2252 1885 2310 r'rr
1918 2256 2035 2310 amum

651 2347 789 2409 labatur:
821 2364 859 2407 ea
880 2347 959 2406 enim
981 2347 1020 2407 de
1041 2363 1139 2407 causa
1159 2344 1231 2422 Dei,
1261 2344 1469 2424 humanamque
1489 2345 1725 2425 indipnationem
1747 2349 1957 2427 experiretur,
1991 2345 2034 2408 ob

652 2462 740 2506 nram
762 2446 909 2505 circaea
931 2444 1143 2524 nepliperrtiam
1165 2450 1194 2504 et
1216 2461 1310 2504 mirae
1332 2442 1489 2521 defectm.

343 2534 638 2596 barcarumeommunio.
738 2541 784 2604 De
807 2542 967 2604 Laicorum
990 2543 1200 2604 communione
1223 2540 1303 2603 idem
1325 2539 1447 2603 Gabriel
1469 2543 1510 2604 ita
1538 2546 1704 2626 praecepit.
1748 2546 1919 2608 Derceudet
1944 2546 2031 2608 Dia-

651 2659 747 2703 conns
775 2660 844 2703 cum
875 2641 972 2703 calice
998 2644 1156 2721 imprimis
1182 2639 1311 2715 Obristi,
1340 2647 1370 2700 et
1397 2659 1503 2703 coram
1528 2661 1565 2704 ca
1592 2643 1752 2707 iliaconur
1784 2647 1888 2707 senior
1906 2646 2031 2723 judicio

647 2741 780 2820 pollens,
804 2759 872 2802 cum
894 2760 1000 2802 cereo.-
1023 2741 1240 2821 descmdetqrae
1261 2747 1332 2801 ante
1354 2739 1567 2816 Sacerdotem,
1590 2750 1619 2803 et
1636 2752 1709 2822 post
1727 2764 1794 2806 eum
1807 2746 1951 2823 respiciet
1963 2743 2032 2805 Sa-

652 2841 762 2902 cerdos
783 2841 836 2920 qui
856 2840 974 2901 discum
993 2846 1094 2920 portat
1114 2857 1332 2917 concorpora
1355 2837 1482 2918 Ormi,
1506 2840 1549 2901 ad
1570 2839 1780 2904 Occidentem:
1811 2843 2032 2923 mscmdetque

652 2947 743 3001 entra
764 2940 875 3000 altaris
895 2938 1054 3014 ammam,
1077 2938 1288 3018 boadicetpre
1304 2938 1427 3017 popritc,
1447 2937 1588 3016 [amsans
1605 2942 1722 3020 dmum
1735 2944 1837 3004 amicis
1850 2959 1918 3003 cum
1932 2941 2030 3016 daca,

651 3056 810 3120 amnesque
829 3045 1022 3117 proclament
1041 3056 1091 3112 se,
1114 3038 1280 3098 adorantem
1299 3054 1394 3116 usque
1415 3037 1459 3097 ad
1479 3044 1611 3113 terram,
1632 3042 1727 3119 parci
1746 3048 1777 3102 et
1801 3041 1918 3120 napi,
1946 3039 2031 3100 inri-

647 3138 788 3219 pientque
809 3136 993 3198 distribuere
1015 3137 1250 3198 communionem
1272 3135 1455 3213 ordinatim,
1485 3139 1539 3199 uni
1555 3146 1628 3217 post
1648 3140 1749 3203 alium
1796 3139 1824 3201 Ε
1850 3138 1958 3200 Laicis
1978 3139 2032 3217 arci

651 3238 887 3298 communionem
920 3236 1065 3314 accipiet,
1095 3241 1285 3296 metanoeam
1311 3236 1377 3296 sice
1406 3237 1642 3314 prostrationem
1669 3237 1767 3316 faciet
1792 3256 1902 3302 cerm
1929 3237 2030 3298 altare

650 3332 727 3409 Dei,
754 3336 923 3414 nudumque
956 3341 1048 3413 capnt
1072 3333 1201 3396 babebit.
1247 3332 1290 3395 ita
1321 3333 1409 3396 etiam
1438 3342 1579 3398 statutum
1607 3336 1736 3419 legimus
1764 3339 1795 3399 in
1826 3334 2028 3418 synodalibus

653 3430 925 3495 Constitutionibus
957 3431 1064 3513 Cyriili
1096 3431 1115 3493 f.
1145 3430 1287 3512 Lakinki,
1319 3432 1511 3496 Patricrchae
1540 3435 1756 3514 Alexandrini,
1791 3436 1842 3497 ubi
1872 3435 2027 3499 scribitur:

650 3530 756 3592 Nullus
778 3532 980 3593 saecubrium
1007 3534 1186 3594 admittatur
1215 3532 1258 3592 ad
1286 3535 1536 3607 commansionem,
1564 3536 1627 3595 nisi
1653 3534 1770 3598 detecto
1800 3537 1918 3614 cupite:
1948 3550 2028 3615 quaa

651 3630 703 3691 lex
736 3630 824 3691 etiam
856 3631 1008 3710 reperitur
1037 3632 1068 3692 in
1097 3630 1217 3692 statutis
1248 3629 1397 3693 Gabrielis
1428 3631 1447 3693 f.
1478 3632 1587 3695 Tarich
1614 3632 1806 3696 Patriarchae
1828 3640 1859 3708 s.
1884 3637 1913 3697 i.
1936 3640 1967 3694 et
1995 3633 2027 3693 in

653 3726 777 3791 Canone
789 3730 840 3808 qui
852 3727 963 3792 Basilio
987 3728 1184 3804 adscribitur,
1208 3748 1357 3811 quemque
1371 3730 1692 3794 reicrtEcbmimensis
1713 3734 1742 3795 in
1756 3751 1811 3795 sua
1828 3731 2025 3811 Collectioue,

652 3827 738 3907 cujus
760 3827 855 3889 verba
877 3844 948 3889 mox
975 3827 1156 3892 referentur.
1202 3829 1305 3912 Pergit
1327 3827 1457 3893 Gabriel.
1502 3829 1577 3892 Cum
1598 3832 1666 3910 queis
1679 3834 1916 3894 communionem
1933 3850 2026 3893 acce-

648 3929 742 4006 perit,
771 3945 833 3988 non
861 3927 986 3989 dorsum
1015 3927 1166 4006 obcertet,
1190 3928 1246 3989 sed
1263 3929 1413 4008 punctatim
1433 3930 1667 4004 retrocedendo,
1697 3948 1730 3991 se
1759 3931 1802 3992 ad
1823 3930 1919 3992 lucrm
1941 3947 2028 3990 anas

650 4028 785 4106 recipiet.
829 4026 866 4088 Si
886 4027 1005 4106 quidem
1026 4026 1143 4104 iudas,
1168 4046 1234 4088 curn
1257 4046 1278 4089 a
1299 4027 1429 4090 Domino
1446 4046 1559 4108 punem
1580 4030 1760 4106 cccmmset,
1784 4024 1899 4108 terpurn
1913 4027 2027 4090 obcer-

651 4127 700 4201 tit,
724 4127 830 4187 eniens
852 4126 923 4187 odio
945 4126 1097 4187 diabolico
1115 4127 1232 4205 plenus.
1276 4126 1360 4188 Deus
1381 4145 1455 4189 cero
1476 4146 1538 4188 nan
1559 4128 1650 4199 sinat,
1671 4133 1705 4186 ut
1726 4128 1823 4189 morib
1846 4127 1918 4207 arsid
1939 4143 2027 4187 cau·

649 4227 810 4290 natamus.
855 4223 1002 4286 Absoluta
1024 4226 1161 4286 uirorum
1183 4227 1403 4302 communione,
1421 4226 1565 4305 populun
1585 4241 1695 4285 rursus
1716 4243 1784 4286 cum
1811 4225 1915 4299 disco,
1940 4223 2027 4302 [acto

650 4326 752 4386 muas
773 4325 860 4403 ripno
882 4322 1038 4385 benedicet
1058 4332 1088 4385 et
1108 4325 1152 4385 ad
1177 4325 1274 4386 mcum
1296 4325 1453 4386 mrrlierum
1478 4324 1637 4404 procedet,
1667 4322 1822 4384 Sacerdos
1850 4322 2026 4384 cebamus.-

653 4432 684 4485 et
703 4440 807 4484 coram
829 4442 866 4484 eo
888 4422 1045 4488 Diaconos
1066 4441 1185 4484 cereum
1203 4423 1384 4502 praeferam
1405 4441 1579 4499 accensum,
1602 4422 1645 4483 ad
1666 4423 1902 4484 commissionem
1914 4421 2027 4483 rnabe-

648 4521 734 4583 ribus
766 4521 1016 4585 distribuendam.
1066 4520 1210 4600 Oportet.
1225 4529 1325 4583 autern
1353 4540 1456 4584 ornnes
1488 4542 1505 4582 e
1530 4522 1659 4601 populo,
1693 4521 1814 4601 pando
1842 4519 2029 4581 Sacerdotes

649 4627 808 4682 transeunt
828 4639 896 4681 cum
916 4638 1045 4698 corpore
1069 4618 1195 4697 Christi,
1213 4621 1414 4699 procedentes
1436 4621 1479 4682 ad
1499 4621 1597 4682 bourn
1618 4621 1778 4682 maiemrm
1792 4618 1937 4698 daubus
1958 4635 2029 4678 arm

649 4720 731 4781 redit
751 4719 919 4793 Sacerdos,
943 4721 1046 4798 capita
1067 4720 1238 4798 deterpere,
1268 4719 1389 4799 Deoque
1410 4739 1444 4781 se
1464 4721 1628 4790 inclinare,
1657 4720 1718 4797 ipsi
1745 4718 1866 4798 pretias
1892 4722 2028 4795 caerites,

649 4837 773 4898 eunrpoe
794 4818 969 4892 laudantes,
996 4820 1049 4897 qui
1069 4818 1178 4897 dianus
1198 4819 1267 4879 idos
1284 4820 1439 4898 praestitit
1468 4819 1548 4881 dono
1574 4818 1626 4879 illo
1655 4835 1783 4897 mopso,
1812 4814 1892 4895 quad
1919 4812 2030 4892 drrpcli

649 4916 788 4994 aspicere
815 4936 875 4978 non
899 4925 1035 4996 posunt.
1087 4915 1262 4978 Communia
1295 4925 1395 4980 aram
1423 4919 1581 4980 mulierrarr
1609 4934 1757 4978 mmmm
1783 4914 1967 4993 dalmatiam
1996 4920 2030 4972 et

650 5031 757 5076 curam
778 5017 890 5095 acipit:
911 5034 984 5078 narn
1005 5034 1073 5078 cum
1094 5016 1202 5078 mnia
1221 5016 1323 5078 aelata
1344 5018 1402 5093 sr't,
1430 5034 1518 5079 nemo
1547 5033 1694 5097 praciam
1723 5014 1778 5076 ida
1798 5014 1840 5074 sit
1859 5026 2028 5091 umescere
