<?xml version="1.0" encoding="UTF-8"?>
<!DOCTYPE html PUBLIC "-//W3C//DTD XHTML 1.0 Transitional//EN"
    "http://www.w3.org/TR/xhtml1/DTD/xhtml1-transitional.dtd">
<html xmlns="http://www.w3.org/1999/xhtml" xml:lang="en" lang="en">
 <head>
  <title>
</title>
<meta http-equiv="Content-Type" content="text/html;charset=utf-8" />
  <meta name='ocr-system' content='tesseract 3.04.00' />
  <meta name='ocr-capabilities' content='ocr_page ocr_carea ocr_par ocr_line ocrx_word'/>
</head>
<body>
  <div class='ocr_page' id='page_1' title='image "./liturgiarumorie00unkngoog/liturgiarumorie00unkngoog_0710.png"; bbox 0 0 4525 6034; ppageno 0'>
   <div class='ocr_carea' id='block_1_1' title="bbox 700 567 1627 651">
    <p class='ocr_par' dir='ltr' id='par_1_1' title="bbox 700 567 1627 651">
     <span class='ocr_line' id='line_1_1' title="bbox 700 567 1627 651; baseline 0.008 -8"><span class='ocrx_word' id='word_1_1' title='bbox 700 567 784 643; x_wconf 89' lang='lat' dir='ltr'>XVI</span> <span class='ocrx_word' id='word_1_2' title='bbox 1123 570 1627 651; x_wconf 76' lang='lat' dir='ltr'>nissaurnrto</span> 
     </span>
    </p>
   </div>
   <div class='ocr_carea' id='block_1_2' title="bbox 367 757 2214 5041">
    <p class='ocr_par' dir='ltr' id='par_1_2' title="bbox 367 757 2214 5041">
     <span class='ocr_line' id='line_1_2' title="bbox 704 757 2046 859; baseline 0.005 -29"><span class='ocrx_word' id='word_1_3' title='bbox 704 758 887 832; x_wconf 89' lang='lat' dir='ltr'>cohitarum</span> <span class='ocrx_word' id='word_1_4' title='bbox 913 759 986 835; x_wconf 89' lang='lat' dir='ltr'>illas</span> <span class='ocrx_word' id='word_1_5' title='bbox 1012 759 1200 852; x_wconf 88' lang='lat' dir='ltr'>Litargias,</span> <span class='ocrx_word' id='word_1_6' title='bbox 1228 757 1368 835; x_wconf 90' lang='lat' dir='ltr'>Graecis</span> <span class='ocrx_word' id='word_1_7' title='bbox 1393 759 1588 854; x_wconf 77' lang='lat' dir='ltr'><strong>vulgaribus</strong></span> <span class='ocrx_word' id='word_1_8' title='bbox 1620 757 1786 833; x_wconf 76' lang='lat' dir='ltr'>verbatim</span> <span class='ocrx_word' id='word_1_9' title='bbox 1820 781 1888 831; x_wconf 93' lang='lat' dir='ltr'>non</span> <span class='ocrx_word' id='word_1_10' title='bbox 1916 783 2046 859; x_wconf 90' lang='lat' dir='ltr'>respon-</span> 
     </span>
     <span class='ocr_line' id='line_1_3' title="bbox 703 874 2046 973; baseline 0.003 -27"><span class='ocrx_word' id='word_1_11' title='bbox 703 874 807 967; x_wconf 91' lang='lat' dir='ltr'>disse,</span> <span class='ocrx_word' id='word_1_12' title='bbox 835 876 923 973; x_wconf 93' lang='lat' dir='ltr'>quod</span> <span class='ocrx_word' id='word_1_13' title='bbox 948 875 1089 951; x_wconf 90' lang='lat' dir='ltr'>libenter</span> <span class='ocrx_word' id='word_1_14' title='bbox 1115 881 1345 969; x_wconf 81' lang='lat' dir='ltr'>agnoscimus:</span> <span class='ocrx_word' id='word_1_15' title='bbox 1378 876 1477 971; x_wconf 92' lang='lat' dir='ltr'>idque</span> <span class='ocrx_word' id='word_1_16' title='bbox 1504 875 1546 948; x_wconf 93' lang='lat' dir='ltr'>de</span> <span class='ocrx_word' id='word_1_17' title='bbox 1571 876 1692 950; x_wconf 86' lang='lat' dir='ltr'>lacohl</span> <span class='ocrx_word' id='word_1_18' title='bbox 1718 884 1752 947; x_wconf 91' lang='lat' dir='ltr'>et</span> <span class='ocrx_word' id='word_1_19' title='bbox 1776 874 1882 947; x_wconf 86' lang='lat' dir='ltr'>Marci</span> <span class='ocrx_word' id='word_1_20' title='bbox 1906 875 2046 973; x_wconf 80' lang='lat' dir='ltr'>Litargih</span> 
     </span>
     <span class='ocr_line' id='line_1_4' title="bbox 703 991 2047 1088; baseline 0.002 -25"><span class='ocrx_word' id='word_1_21' title='bbox 703 992 843 1065; x_wconf 87' lang='lat' dir='ltr'>Graecis</span> <span class='ocrx_word' id='word_1_22' title='bbox 868 992 1059 1065; x_wconf 88' lang='lat' dir='ltr'>Balsamoni</span> <span class='ocrx_word' id='word_1_23' title='bbox 1087 996 1195 1065; x_wconf 89' lang='lat' dir='ltr'>visum</span> <span class='ocrx_word' id='word_1_24' title='bbox 1223 1004 1275 1065; x_wconf 90' lang='lat' dir='ltr'>est</span> <span class='ocrx_word' id='word_1_25' title='bbox 1301 991 1474 1083; x_wconf 87' lang='lat' dir='ltr'>sufficere,</span> <span class='ocrx_word' id='word_1_26' title='bbox 1510 991 1553 1064; x_wconf 93' lang='lat' dir='ltr'>ad</span> <span class='ocrx_word' id='word_1_27' title='bbox 1588 1012 1648 1065; x_wconf 83' lang='lat' dir='ltr'>eas</span> <span class='ocrx_word' id='word_1_28' title='bbox 1674 991 1912 1088; x_wconf 89' lang='lat' dir='ltr'>explodendas.</span> <span class='ocrx_word' id='word_1_29' title='bbox 1960 996 2047 1073; x_wconf 81' lang='lat' dir='ltr'>htsi</span> 
     </span>
     <span class='ocr_line' id='line_1_5' title="bbox 702 1106 2046 1203; baseline 0.003 -23"><span class='ocrx_word' id='word_1_30' title='bbox 702 1111 775 1203; x_wconf 89' lang='lat' dir='ltr'>quis</span> <span class='ocrx_word' id='word_1_31' title='bbox 806 1108 883 1181; x_wconf 91' lang='lat' dir='ltr'>inde</span> <span class='ocrx_word' id='word_1_32' title='bbox 916 1108 1034 1181; x_wconf 87' lang='lat' dir='ltr'>confici</span> <span class='ocrx_word' id='word_1_33' title='bbox 1066 1111 1235 1181; x_wconf 91' lang='lat' dir='ltr'>existimat</span> <span class='ocrx_word' id='word_1_34' title='bbox 1266 1108 1493 1182; x_wconf 87' lang='lat' dir='ltr'>Jacohitarum</span> <span class='ocrx_word' id='word_1_35' title='bbox 1525 1106 1694 1200; x_wconf 84' lang='lat' dir='ltr'>Litargias</span> <span class='ocrx_word' id='word_1_36' title='bbox 1728 1108 1891 1181; x_wconf 80' lang='lat' dir='ltr'>recedere</span> <span class='ocrx_word' id='word_1_37' title='bbox 1917 1135 1936 1182; x_wconf 91' lang='lat' dir='ltr'>a</span> <span class='ocrx_word' id='word_1_38' title='bbox 1960 1134 2046 1184; x_wconf 94' lang='lat' dir='ltr'>com-</span> 
     </span>
     <span class='ocr_line' id='line_1_6' title="bbox 700 1224 2048 1317; baseline 0.004 -22"><span class='ocrx_word' id='word_1_39' title='bbox 700 1227 789 1295; x_wconf 94' lang='lat' dir='ltr'>muni</span> <span class='ocrx_word' id='word_1_40' title='bbox 815 1224 968 1297; x_wconf 78' lang='lat' dir='ltr'>Ecclesia</span> <span class='ocrx_word' id='word_1_41' title='bbox 995 1229 1084 1297; x_wconf 83' lang='lat' dir='ltr'>clrca</span> <span class='ocrx_word' id='word_1_42' title='bbox 1110 1224 1338 1298; x_wconf 76' lang='lat' dir='ltr'>Eucharistiae</span> <span class='ocrx_word' id='word_1_43' title='bbox 1363 1224 1483 1315; x_wconf 87' lang='lat' dir='ltr'>iidem,</span> <span class='ocrx_word' id='word_1_44' title='bbox 1514 1233 1549 1297; x_wconf 91' lang='lat' dir='ltr'>et</span> <span class='ocrx_word' id='word_1_45' title='bbox 1578 1227 1651 1317; x_wconf 90' lang='lat' dir='ltr'>ejus</span> <span class='ocrx_word' id='word_1_46' title='bbox 1677 1225 1924 1297; x_wconf 85' lang='lat' dir='ltr'>consecrandae</span> <span class='ocrx_word' id='word_1_47' title='bbox 1955 1227 2048 1300; x_wconf 90' lang='lat' dir='ltr'>disci-</span> 
     </span>
     <span class='ocr_line' id='line_1_7' title="bbox 700 1338 2214 1449; baseline 0.003 -38"><span class='ocrx_word' id='word_1_48' title='bbox 700 1340 843 1435; x_wconf 91' lang='lat' dir='ltr'>plinam,</span> <span class='ocrx_word' id='word_1_49' title='bbox 878 1340 1133 1431; x_wconf 91' lang='lat' dir='ltr'>consuetudine,</span> <span class='ocrx_word' id='word_1_50' title='bbox 1172 1362 1382 1436; x_wconf 84' lang='lat' dir='ltr'>magnopere</span> <span class='ocrx_word' id='word_1_51' title='bbox 1406 1339 1547 1412; x_wconf 84' lang='lat' dir='ltr'>fallitur:</span> <span class='ocrx_word' id='word_1_52' title='bbox 1581 1350 1615 1412; x_wconf 85' lang='lat' dir='ltr'>et</span> <span class='ocrx_word' id='word_1_53' title='bbox 1640 1338 1724 1412; x_wconf 90' lang='lat' dir='ltr'>haec</span> <span class='ocrx_word' id='word_1_54' title='bbox 1749 1340 1949 1414; x_wconf 87' lang='lat' dir='ltr'>calumniosa</span> <span class='ocrx_word' id='word_1_55' title='bbox 1971 1365 2048 1415; x_wconf 90' lang='lat' dir='ltr'>con·</span> <span class='ocrx_word' id='word_1_56' title='bbox 2213 1434 2214 1449; x_wconf 10' lang='grc' dir='ltr'>χ</span> 
     </span>
     <span class='ocr_line' id='line_1_8' title="bbox 587 1454 2099 1557; baseline 0.007 -35"><span class='ocrx_word' id='word_1_57' title='bbox 587 1518 589 1522; x_wconf 88' lang='grc'><strong>,</strong></span> <span class='ocrx_word' id='word_1_58' title='bbox 697 1458 827 1546; x_wconf 80' lang='lat' dir='ltr'>jectuua</span> <span class='ocrx_word' id='word_1_59' title='bbox 853 1456 926 1527; x_wconf 90' lang='lat' dir='ltr'>aliis</span> <span class='ocrx_word' id='word_1_60' title='bbox 953 1480 1050 1552; x_wconf 89' lang='lat' dir='ltr'>qnam</span> <span class='ocrx_word' id='word_1_61' title='bbox 1076 1458 1247 1554; x_wconf 71' lang='lat' dir='ltr'>Anonymi</span> <span class='ocrx_word' id='word_1_62' title='bbox 1278 1458 1475 1531; x_wconf 83' lang='lat' dir='ltr'>testimoniis</span> <span class='ocrx_word' id='word_1_63' title='bbox 1505 1454 1701 1531; x_wconf 87' lang='lat' dir='ltr'>stabilienda</span> <span class='ocrx_word' id='word_1_64' title='bbox 1731 1456 1828 1529; x_wconf 86' lang='lat' dir='ltr'>foret</span> <span class='ocrx_word' id='word_1_65' title='bbox 1878 1457 1960 1529; x_wconf 92' lang='lat' dir='ltr'>Nam</span> <span class='ocrx_word' id='word_1_66' title='bbox 1984 1460 2048 1557; x_wconf 70' lang='lat' dir='ltr'>sp·</span> <span class='ocrx_word' id='word_1_67' title='bbox 2095 1488 2099 1495; x_wconf 93' lang='lat'>·</span> 
     </span>
     <span class='ocr_line' id='line_1_9' title="bbox 700 1572 2046 1664; baseline 0.004 -22"><span class='ocrx_word' id='word_1_68' title='bbox 700 1576 810 1645; x_wconf 89' lang='lat' dir='ltr'>riacas</span> <span class='ocrx_word' id='word_1_69' title='bbox 835 1595 909 1644; x_wconf 92' lang='lat' dir='ltr'>eum</span> <span class='ocrx_word' id='word_1_70' title='bbox 926 1572 1074 1664; x_wconf 81' lang='lat' dir='ltr'>vidisse,</span> <span class='ocrx_word' id='word_1_71' title='bbox 1095 1583 1231 1646; x_wconf 89' lang='lat' dir='ltr'>nonest</span> <span class='ocrx_word' id='word_1_72' title='bbox 1251 1572 1455 1664; x_wconf 84' lang='lat' dir='ltr'>verisImile,</span> <span class='ocrx_word' id='word_1_73' title='bbox 1476 1595 1552 1644; x_wconf 88' lang='lat' dir='ltr'>oum</span> <span class='ocrx_word' id='word_1_74' title='bbox 1575 1594 1622 1644; x_wconf 90' lang='lat' dir='ltr'>ex</span> <span class='ocrx_word' id='word_1_75' title='bbox 1639 1572 1771 1664; x_wconf 86' lang='lat' dir='ltr'>vulgari</span> <span class='ocrx_word' id='word_1_76' title='bbox 1793 1573 1956 1646; x_wconf 90' lang='lat' dir='ltr'>auditione</span> <span class='ocrx_word' id='word_1_77' title='bbox 1970 1575 2046 1648; x_wconf 81' lang='lat' dir='ltr'>Illum</span> 
     </span>
     <span class='ocr_line' id='line_1_10' title="bbox 699 1686 2046 1785; baseline 0.004 -27"><span class='ocrx_word' id='word_1_78' title='bbox 699 1686 788 1782; x_wconf 92' lang='lat' dir='ltr'>loqui</span> <span class='ocrx_word' id='word_1_79' title='bbox 808 1691 888 1760; x_wconf 91' lang='lat' dir='ltr'>satis</span> <span class='ocrx_word' id='word_1_80' title='bbox 911 1689 1120 1781; x_wconf 84' lang='lat' dir='ltr'>intelligatur.</span> <span class='ocrx_word' id='word_1_81' title='bbox 1154 1689 1235 1762; x_wconf 92' lang='lat' dir='ltr'>Inde</span> <span class='ocrx_word' id='word_1_82' title='bbox 1254 1710 1339 1761; x_wconf 88' lang='lat' dir='ltr'>vero</span> <span class='ocrx_word' id='word_1_83' title='bbox 1369 1691 1561 1762; x_wconf 88' lang='lat' dir='ltr'>existimare</span> <span class='ocrx_word' id='word_1_84' title='bbox 1585 1692 1747 1784; x_wconf 85' lang='lat' dir='ltr'>quispiam</span> <span class='ocrx_word' id='word_1_85' title='bbox 1772 1695 1896 1785; x_wconf 92' lang='lat' dir='ltr'>poterit</span> <span class='ocrx_word' id='word_1_86' title='bbox 1914 1690 2046 1764; x_wconf 88' lang='lat' dir='ltr'>Graecas</span> 
     </span>
     <span class='ocr_line' id='line_1_11' title="bbox 700 1802 2047 1899; baseline 0.004 -25"><span class='ocrx_word' id='word_1_87' title='bbox 700 1802 787 1897; x_wconf 91' lang='lat' dir='ltr'>apud</span> <span class='ocrx_word' id='word_1_88' title='bbox 802 1803 974 1877; x_wconf 87' lang='lat' dir='ltr'>lacohitas</span> <span class='ocrx_word' id='word_1_89' title='bbox 992 1805 1070 1877; x_wconf 94' lang='lat' dir='ltr'>olim</span> <span class='ocrx_word' id='word_1_90' title='bbox 1086 1808 1239 1879; x_wconf 86' lang='lat' dir='ltr'>extitisse</span> <span class='ocrx_word' id='word_1_91' title='bbox 1254 1803 1436 1897; x_wconf 85' lang='lat' dir='ltr'>Litargias,</span> <span class='ocrx_word' id='word_1_92' title='bbox 1450 1815 1483 1876; x_wconf 92' lang='lat' dir='ltr'>et</span> <span class='ocrx_word' id='word_1_93' title='bbox 1497 1804 1529 1876; x_wconf 91' lang='lat' dir='ltr'>id</span> <span class='ocrx_word' id='word_1_94' title='bbox 1543 1804 1660 1899; x_wconf 91' lang='lat' dir='ltr'>procul</span> <span class='ocrx_word' id='word_1_95' title='bbox 1672 1803 1772 1878; x_wconf 90' lang='lat' dir='ltr'>duhio</span> <span class='ocrx_word' id='word_1_96' title='bbox 1783 1804 1855 1877; x_wconf 88' lang='lat' dir='ltr'>fuit.</span> <span class='ocrx_word' id='word_1_97' title='bbox 1880 1805 1962 1878; x_wconf 90' lang='lat' dir='ltr'>Nam</span> <span class='ocrx_word' id='word_1_98' title='bbox 1982 1819 2047 1880; x_wconf 88' lang='lat' dir='ltr'>ante</span> 
     </span>
     <span class='ocr_line' id='line_1_12' title="bbox 697 1917 2047 2019; baseline 0.004 -28"><span class='ocrx_word' id='word_1_99' title='bbox 697 1917 937 1993; x_wconf 86' lang='lat' dir='ltr'>Muhamedana</span> <span class='ocrx_word' id='word_1_100' title='bbox 952 1931 1104 2017; x_wconf 90' lang='lat' dir='ltr'>tempora</span> <span class='ocrx_word' id='word_1_101' title='bbox 1124 1925 1289 1993; x_wconf 87' lang='lat' dir='ltr'>maximas</span> <span class='ocrx_word' id='word_1_102' title='bbox 1309 1923 1342 1991; x_wconf 92' lang='lat' dir='ltr'>in</span> <span class='ocrx_word' id='word_1_103' title='bbox 1360 1917 1491 1992; x_wconf 89' lang='lat' dir='ltr'>Graeca</span> <span class='ocrx_word' id='word_1_104' title='bbox 1505 1919 1658 1994; x_wconf 83' lang='lat' dir='ltr'>Ecclesia</span> <span class='ocrx_word' id='word_1_105' title='bbox 1677 1920 1790 1993; x_wconf 90' lang='lat' dir='ltr'>turhas</span> <span class='ocrx_word' id='word_1_106' title='bbox 1809 1922 2047 2019; x_wconf 76' lang='lat' dir='ltr'>lionophpsitao</span> 
     </span>
     <span class='ocr_line' id='line_1_13' title="bbox 698 2034 2046 2135; baseline 0.004 -29"><span class='ocrx_word' id='word_1_107' title='bbox 698 2038 942 2126; x_wconf 88' lang='lat' dir='ltr'>excitaverunt,</span> <span class='ocrx_word' id='word_1_108' title='bbox 956 2047 990 2109; x_wconf 94' lang='lat' dir='ltr'>et</span> <span class='ocrx_word' id='word_1_109' title='bbox 1002 2035 1246 2109; x_wconf 86' lang='lat' dir='ltr'>Antiochenam</span> <span class='ocrx_word' id='word_1_110' title='bbox 1266 2034 1454 2109; x_wconf 87' lang='lat' dir='ltr'>Ecclesiam</span> <span class='ocrx_word' id='word_1_111' title='bbox 1470 2058 1538 2109; x_wconf 92' lang='lat' dir='ltr'>non</span> <span class='ocrx_word' id='word_1_112' title='bbox 1558 2036 1662 2110; x_wconf 89' lang='lat' dir='ltr'>semel</span> <span class='ocrx_word' id='word_1_113' title='bbox 1683 2050 1941 2133; x_wconf 82' lang='lat' dir='ltr'>occupaverunt,</span> <span class='ocrx_word' id='word_1_114' title='bbox 1962 2049 2046 2135; x_wconf 89' lang='lat' dir='ltr'>atque</span> 
     </span>
     <span class='ocr_line' id='line_1_14' title="bbox 697 2151 2047 2249; baseline 0.004 -28"><span class='ocrx_word' id='word_1_115' title='bbox 697 2154 783 2224; x_wconf 90' lang='lat' dir='ltr'>inter</span> <span class='ocrx_word' id='word_1_116' title='bbox 806 2151 935 2224; x_wconf 94' lang='lat' dir='ltr'>illorum</span> <span class='ocrx_word' id='word_1_117' title='bbox 953 2153 1082 2226; x_wconf 88' lang='lat' dir='ltr'>Heroas</span> <span class='ocrx_word' id='word_1_118' title='bbox 1097 2156 1297 2249; x_wconf 88' lang='lat' dir='ltr'>praecipuus</span> <span class='ocrx_word' id='word_1_119' title='bbox 1311 2153 1472 2224; x_wconf 85' lang='lat' dir='ltr'>Severus.</span> <span class='ocrx_word' id='word_1_120' title='bbox 1495 2153 1529 2224; x_wconf 92' lang='lat' dir='ltr'>Is</span> <span class='ocrx_word' id='word_1_121' title='bbox 1543 2151 1705 2249; x_wconf 90' lang='lat' dir='ltr'>permulta</span> <span class='ocrx_word' id='word_1_122' title='bbox 1723 2157 1870 2248; x_wconf 82' lang='lat' dir='ltr'>scripsit,</span> <span class='ocrx_word' id='word_1_123' title='bbox 1885 2164 1919 2225; x_wconf 92' lang='lat' dir='ltr'>et</span> <span class='ocrx_word' id='word_1_124' title='bbox 1934 2154 2047 2226; x_wconf 85' lang='lat' dir='ltr'>Graece</span> 
     </span>
     <span class='ocr_line' id='line_1_15' title="bbox 697 2267 2046 2364; baseline 0.001 -24"><span class='ocrx_word' id='word_1_125' title='bbox 697 2267 839 2363; x_wconf 77' lang='lat' dir='ltr'>quitlem,</span> <span class='ocrx_word' id='word_1_126' title='bbox 853 2279 1012 2364; x_wconf 86' lang='lat' dir='ltr'>erantque</span> <span class='ocrx_word' id='word_1_127' title='bbox 1027 2268 1229 2343; x_wconf 86' lang='lat' dir='ltr'>inEocIesiis</span> <span class='ocrx_word' id='word_1_128' title='bbox 1245 2275 1279 2340; x_wconf 93' lang='lat' dir='ltr'>et</span> <span class='ocrx_word' id='word_1_129' title='bbox 1289 2271 1323 2339; x_wconf 93' lang='lat' dir='ltr'>in</span> <span class='ocrx_word' id='word_1_130' title='bbox 1333 2267 1516 2342; x_wconf 81' lang='lat' dir='ltr'>GoenohIIs</span> <span class='ocrx_word' id='word_1_131' title='bbox 1531 2279 1716 2341; x_wconf 88' lang='lat' dir='ltr'>sectatores</span> <span class='ocrx_word' id='word_1_132' title='bbox 1732 2267 1820 2341; x_wconf 91' lang='lat' dir='ltr'>illius</span> <span class='ocrx_word' id='word_1_133' title='bbox 1834 2275 1977 2342; x_wconf 91' lang='lat' dir='ltr'>maximo</span> <span class='ocrx_word' id='word_1_134' title='bbox 1989 2294 2046 2341; x_wconf 89' lang='lat' dir='ltr'>nu-</span> 
     </span>
     <span class='ocr_line' id='line_1_16' title="bbox 619 2368 2048 2483; baseline 0.003 -30"><span class='ocrx_word' id='word_1_135' title='bbox 619 2412 627 2437; x_wconf 74' lang='lat' dir='ltr'>s</span> <span class='ocrx_word' id='word_1_136' title='bbox 695 2406 809 2476; x_wconf 90' lang='lat' dir='ltr'>mero,</span> <span class='ocrx_word' id='word_1_137' title='bbox 836 2368 910 2456; x_wconf 32' lang='lat' dir='ltr'>tum*</span> <span class='ocrx_word' id='word_1_138' title='bbox 929 2384 986 2457; x_wconf 83' lang='lat' dir='ltr'>isso</span> <span class='ocrx_word' id='word_1_139' title='bbox 1013 2390 1210 2482; x_wconf 78' lang='lat' dir='ltr'>superstite,</span> <span class='ocrx_word' id='word_1_140' title='bbox 1236 2394 1305 2457; x_wconf 89' lang='lat' dir='ltr'>tum</span> <span class='ocrx_word' id='word_1_141' title='bbox 1330 2385 1544 2478; x_wconf 88' lang='lat' dir='ltr'>sequentihus</span> <span class='ocrx_word' id='word_1_142' title='bbox 1570 2387 1724 2483; x_wconf 85' lang='lat' dir='ltr'>proxime</span> <span class='ocrx_word' id='word_1_143' title='bbox 1751 2386 1905 2460; x_wconf 88' lang='lat' dir='ltr'>saeouhs.</span> <span class='ocrx_word' id='word_1_144' title='bbox 1946 2388 1989 2459; x_wconf 82' lang='lat' dir='ltr'>At</span> <span class='ocrx_word' id='word_1_145' title='bbox 2010 2387 2048 2459; x_wconf 91' lang='lat' dir='ltr'>illi</span> 
     </span>
     <span class='ocr_line' id='line_1_17' title="bbox 697 2497 2067 2597; baseline 0.004 -26"><span class='ocrx_word' id='word_1_146' title='bbox 697 2497 829 2572; x_wconf 87' lang='lat' dir='ltr'>Graece</span> <span class='ocrx_word' id='word_1_147' title='bbox 856 2524 953 2574; x_wconf 91' lang='lat' dir='ltr'>sacra</span> <span class='ocrx_word' id='word_1_148' title='bbox 977 2501 1164 2593; x_wconf 87' lang='lat' dir='ltr'>faciehant,</span> <span class='ocrx_word' id='word_1_149' title='bbox 1191 2500 1252 2574; x_wconf 89' lang='lat' dir='ltr'>sed</span> <span class='ocrx_word' id='word_1_150' title='bbox 1277 2500 1446 2593; x_wconf 82' lang='lat' dir='ltr'>Litargias</span> <span class='ocrx_word' id='word_1_151' title='bbox 1461 2522 1570 2575; x_wconf 88' lang='lat' dir='ltr'>novas</span> <span class='ocrx_word' id='word_1_152' title='bbox 1589 2504 1839 2597; x_wconf 77' lang='lat' dir='ltr'>composuisse,</span> <span class='ocrx_word' id='word_1_153' title='bbox 1867 2525 1962 2575; x_wconf 93' lang='lat' dir='ltr'>nemo</span> <span class='ocrx_word' id='word_1_154' title='bbox 1975 2507 2067 2577; x_wconf 81' lang='lat' dir='ltr'>inter·</span> 
     </span>
     <span class='ocr_line' id='line_1_18' title="bbox 694 2615 2047 2712; baseline 0.004 -27"><span class='ocrx_word' id='word_1_155' title='bbox 694 2615 770 2690; x_wconf 92' lang='lat' dir='ltr'>illos</span> <span class='ocrx_word' id='word_1_156' title='bbox 806 2621 861 2712; x_wconf 89' lang='lat' dir='ltr'>qui</span> <span class='ocrx_word' id='word_1_157' title='bbox 896 2618 1138 2692; x_wconf 87' lang='lat' dir='ltr'>uehementiori</span> <span class='ocrx_word' id='word_1_158' title='bbox 1179 2616 1255 2693; x_wconf 86' lang='lat' dir='ltr'>stilo</span> <span class='ocrx_word' id='word_1_159' title='bbox 1289 2616 1453 2691; x_wconf 84' lang='lat' dir='ltr'>adversus</span> <span class='ocrx_word' id='word_1_160' title='bbox 1491 2638 1551 2691; x_wconf 86' lang='lat' dir='ltr'>eos</span> <span class='ocrx_word' id='word_1_161' title='bbox 1590 2629 1843 2712; x_wconf 86' lang='lat' dir='ltr'>pugnaverunt,</span> <span class='ocrx_word' id='word_1_162' title='bbox 1883 2624 2047 2691; x_wconf 88' lang='lat' dir='ltr'>memoriae</span> 
     </span>
     <span class='ocr_line' id='line_1_19' title="bbox 693 2731 2044 2832; baseline 0.004 -30"><span class='ocrx_word' id='word_1_163' title='bbox 693 2731 845 2827; x_wconf 83' lang='lat' dir='ltr'>prodidit.</span> <span class='ocrx_word' id='word_1_164' title='bbox 897 2734 1082 2807; x_wconf 88' lang='lat' dir='ltr'>Utehantur</span> <span class='ocrx_word' id='word_1_165' title='bbox 1108 2733 1236 2807; x_wconf 89' lang='lat' dir='ltr'>scilicet</span> <span class='ocrx_word' id='word_1_166' title='bbox 1261 2732 1324 2805; x_wconf 87' lang='lat' dir='ltr'>illis</span> <span class='ocrx_word' id='word_1_167' title='bbox 1351 2756 1437 2828; x_wconf 89' lang='lat' dir='ltr'>quae</span> <span class='ocrx_word' id='word_1_168' title='bbox 1472 2737 1636 2806; x_wconf 88' lang='lat' dir='ltr'>communi</span> <span class='ocrx_word' id='word_1_169' title='bbox 1667 2757 1731 2808; x_wconf 90' lang='lat' dir='ltr'>usu</span> <span class='ocrx_word' id='word_1_170' title='bbox 1762 2746 1922 2832; x_wconf 89' lang='lat' dir='ltr'>receptae</span> <span class='ocrx_word' id='word_1_171' title='bbox 1954 2747 2044 2825; x_wconf 81' lang='lat' dir='ltr'>erant,</span> 
     </span>
     <span class='ocr_line' id='line_1_20' title="bbox 694 2850 2045 2947; baseline 0.004 -29"><span class='ocrx_word' id='word_1_172' title='bbox 694 2870 804 2943; x_wconf 90' lang='lat' dir='ltr'>neque</span> <span class='ocrx_word' id='word_1_173' title='bbox 830 2850 872 2920; x_wconf 91' lang='lat' dir='ltr'>de</span> <span class='ocrx_word' id='word_1_174' title='bbox 898 2851 962 2922; x_wconf 93' lang='lat' dir='ltr'>illis</span> <span class='ocrx_word' id='word_1_175' title='bbox 988 2852 1054 2924; x_wconf 90' lang='lat' dir='ltr'>ulla</span> <span class='ocrx_word' id='word_1_176' title='bbox 1082 2861 1155 2923; x_wconf 90' lang='lat' dir='ltr'>erat</span> <span class='ocrx_word' id='word_1_177' title='bbox 1180 2852 1428 2941; x_wconf 89' lang='lat' dir='ltr'>controversia,</span> <span class='ocrx_word' id='word_1_178' title='bbox 1457 2850 1547 2946; x_wconf 92' lang='lat' dir='ltr'>quod</span> <span class='ocrx_word' id='word_1_179' title='bbox 1573 2873 1618 2923; x_wconf 93' lang='lat' dir='ltr'>ex</span> <span class='ocrx_word' id='word_1_180' title='bbox 1636 2850 1800 2945; x_wconf 77' lang='lat' dir='ltr'>Syrorum</span> <span class='ocrx_word' id='word_1_181' title='bbox 1819 2852 1974 2947; x_wconf 89' lang='lat' dir='ltr'>exemplo</span> <span class='ocrx_word' id='word_1_182' title='bbox 1989 2851 2045 2923; x_wconf 89' lang='lat' dir='ltr'>de-</span> 
     </span>
     <span class='ocr_line' id='line_1_21' title="bbox 693 2966 2046 3063; baseline 0.003 -28"><span class='ocrx_word' id='word_1_183' title='bbox 693 2977 903 3038; x_wconf 90' lang='lat' dir='ltr'>monstratur.</span> <span class='ocrx_word' id='word_1_184' title='bbox 955 2968 1005 3040; x_wconf 93' lang='lat' dir='ltr'>Illi</span> <span class='ocrx_word' id='word_1_185' title='bbox 1032 2970 1118 3040; x_wconf 92' lang='lat' dir='ltr'>enim</span> <span class='ocrx_word' id='word_1_186' title='bbox 1144 2977 1181 3038; x_wconf 91' lang='lat' dir='ltr'>ut</span> <span class='ocrx_word' id='word_1_187' title='bbox 1202 2969 1273 3059; x_wconf 89' lang='lat' dir='ltr'>jam</span> <span class='ocrx_word' id='word_1_188' title='bbox 1308 2966 1428 3040; x_wconf 90' lang='lat' dir='ltr'>dictum</span> <span class='ocrx_word' id='word_1_189' title='bbox 1462 2967 1523 3039; x_wconf 84' lang='lat' dir='ltr'>fuit</span> <span class='ocrx_word' id='word_1_190' title='bbox 1554 2990 1629 3040; x_wconf 86' lang='lat' dir='ltr'>curn</span> <span class='ocrx_word' id='word_1_191' title='bbox 1660 2968 1745 3038; x_wconf 88' lang='lat' dir='ltr'>inter</span> <span class='ocrx_word' id='word_1_192' title='bbox 1777 2988 1861 3039; x_wconf 91' lang='lat' dir='ltr'>suos</span> <span class='ocrx_word' id='word_1_193' title='bbox 1896 2979 2046 3063; x_wconf 84' lang='lat' dir='ltr'>receptam</span> 
     </span>
     <span class='ocr_line' id='line_1_22' title="bbox 691 3079 2047 3181; baseline 0.003 -30"><span class='ocrx_word' id='word_1_194' title='bbox 691 3079 811 3154; x_wconf 87' lang='lat' dir='ltr'>Jacobi</span> <span class='ocrx_word' id='word_1_195' title='bbox 837 3083 1019 3176; x_wconf 83' lang='lat' dir='ltr'>liturgiam</span> <span class='ocrx_word' id='word_1_196' title='bbox 1045 3082 1225 3174; x_wconf 89' lang='lat' dir='ltr'>haherent,</span> <span class='ocrx_word' id='word_1_197' title='bbox 1252 3105 1294 3156; x_wconf 89' lang='lat' dir='ltr'>ea</span> <span class='ocrx_word' id='word_1_198' title='bbox 1326 3104 1460 3181; x_wconf 89' lang='lat' dir='ltr'>semper</span> <span class='ocrx_word' id='word_1_199' title='bbox 1495 3083 1538 3155; x_wconf 91' lang='lat' dir='ltr'>ad</span> <span class='ocrx_word' id='word_1_200' title='bbox 1569 3082 1653 3156; x_wconf 88' lang='lat' dir='ltr'>haec</span> <span class='ocrx_word' id='word_1_201' title='bbox 1684 3105 1792 3179; x_wconf 91' lang='lat' dir='ltr'>usque</span> <span class='ocrx_word' id='word_1_202' title='bbox 1824 3094 1976 3180; x_wconf 87' lang='lat' dir='ltr'>tempora</span> <span class='ocrx_word' id='word_1_203' title='bbox 2003 3085 2047 3155; x_wconf 89' lang='lat' dir='ltr'>usi</span> 
     </span>
     <span class='ocr_line' id='line_1_23' title="bbox 692 3190 2046 3296; baseline 0 -26"><span class='ocrx_word' id='word_1_204' title='bbox 692 3209 783 3288; x_wconf 86' lang='lat' dir='ltr'>sunt,</span> <span class='ocrx_word' id='word_1_205' title='bbox 811 3222 950 3296; x_wconf 90' lang='lat' dir='ltr'>eamque</span> <span class='ocrx_word' id='word_1_206' title='bbox 976 3211 1011 3273; x_wconf 90' lang='lat' dir='ltr'>ut</span> <span class='ocrx_word' id='word_1_207' title='bbox 1038 3200 1175 3272; x_wconf 86' lang='lat' dir='ltr'>aharum</span> <span class='ocrx_word' id='word_1_208' title='bbox 1200 3202 1390 3295; x_wconf 86' lang='lat' dir='ltr'>prImarium</span> <span class='ocrx_word' id='word_1_209' title='bbox 1417 3190 1591 3296; x_wconf 89' lang='lat' dir='ltr'>exemplar</span> <span class='ocrx_word' id='word_1_210' title='bbox 1617 3210 1853 3273; x_wconf 79' lang='lat' dir='ltr'>servaverunt</span> <span class='ocrx_word' id='word_1_211' title='bbox 1897 3199 1946 3272; x_wconf 92' lang='lat' dir='ltr'>Ita</span> <span class='ocrx_word' id='word_1_212' title='bbox 1971 3221 2046 3293; x_wconf 92' lang='lat' dir='ltr'>quo·</span> 
     </span>
     <span class='ocr_line' id='line_1_24' title="bbox 695 3315 2046 3413; baseline 0.001 -29"><span class='ocrx_word' id='word_1_213' title='bbox 695 3337 759 3409; x_wconf 93' lang='lat' dir='ltr'>que</span> <span class='ocrx_word' id='word_1_214' title='bbox 792 3317 954 3413; x_wconf 79' lang='lat' dir='ltr'>Aegyptii</span> <span class='ocrx_word' id='word_1_215' title='bbox 989 3316 1197 3408; x_wconf 74' lang='lat' dir='ltr'>orthodoxi,</span> <span class='ocrx_word' id='word_1_216' title='bbox 1237 3339 1312 3388; x_wconf 90' lang='lat' dir='ltr'>cum</span> <span class='ocrx_word' id='word_1_217' title='bbox 1355 3316 1536 3389; x_wconf 85' lang='lat' dir='ltr'>seeundum</span> <span class='ocrx_word' id='word_1_218' title='bbox 1567 3315 1752 3408; x_wconf 89' lang='lat' dir='ltr'>Litargiam</span> <span class='ocrx_word' id='word_1_219' title='bbox 1784 3315 2046 3402; x_wconf 83' lang='lat' dir='ltr'>Alexandrinam,</span> 
     </span>
     <span class='ocr_line' id='line_1_25' title="bbox 694 3431 2046 3529; baseline -0.001 -29"><span class='ocrx_word' id='word_1_220' title='bbox 694 3454 781 3525; x_wconf 90' lang='lat' dir='ltr'>quae</span> <span class='ocrx_word' id='word_1_221' title='bbox 812 3433 937 3506; x_wconf 83' lang='lat' dir='ltr'>ichrco</span> <span class='ocrx_word' id='word_1_222' title='bbox 970 3434 1077 3507; x_wconf 86' lang='lat' dir='ltr'>Marci</span> <span class='ocrx_word' id='word_1_223' title='bbox 1103 3432 1269 3529; x_wconf 90' lang='lat' dir='ltr'>appellata</span> <span class='ocrx_word' id='word_1_224' title='bbox 1304 3442 1374 3525; x_wconf 89' lang='lat' dir='ltr'>est,</span> <span class='ocrx_word' id='word_1_225' title='bbox 1408 3454 1506 3505; x_wconf 85' lang='lat' dir='ltr'>sacra</span> <span class='ocrx_word' id='word_1_226' title='bbox 1540 3431 1716 3523; x_wconf 88' lang='lat' dir='ltr'>facerent,</span> <span class='ocrx_word' id='word_1_227' title='bbox 1750 3453 1825 3504; x_wconf 91' lang='lat' dir='ltr'>eam</span> <span class='ocrx_word' id='word_1_228' title='bbox 1863 3435 2046 3504; x_wconf 90' lang='lat' dir='ltr'>retinuerunt</span> 
     </span>
     <span class='ocr_line' id='line_1_26' title="bbox 692 3547 2044 3646; baseline 0 -28"><span class='ocrx_word' id='word_1_229' title='bbox 692 3570 754 3642; x_wconf 89' lang='lat' dir='ltr'>per</span> <span class='ocrx_word' id='word_1_230' title='bbox 781 3571 885 3620; x_wconf 89' lang='lat' dir='ltr'>annos</span> <span class='ocrx_word' id='word_1_231' title='bbox 910 3550 1085 3646; x_wconf 91' lang='lat' dir='ltr'>plusquam</span> <span class='ocrx_word' id='word_1_232' title='bbox 1110 3558 1301 3640; x_wconf 87' lang='lat' dir='ltr'>trecentos,</span> <span class='ocrx_word' id='word_1_233' title='bbox 1334 3549 1442 3622; x_wconf 87' lang='lat' dir='ltr'>donec</span> <span class='ocrx_word' id='word_1_234' title='bbox 1469 3571 1543 3621; x_wconf 92' lang='lat' dir='ltr'>eam</span> <span class='ocrx_word' id='word_1_235' title='bbox 1569 3547 1782 3621; x_wconf 88' lang='lat' dir='ltr'>Patriarchae</span> <span class='ocrx_word' id='word_1_236' title='bbox 1817 3548 2044 3621; x_wconf 84' lang='lat' dir='ltr'>Constantino-</span> 
     </span>
     <span class='ocr_line' id='line_1_27' title="bbox 691 3663 2044 3759; baseline -0.003 -25"><span class='ocrx_word' id='word_1_237' title='bbox 691 3664 827 3759; x_wconf 89' lang='lat' dir='ltr'>politani</span> <span class='ocrx_word' id='word_1_238' title='bbox 854 3664 1082 3739; x_wconf 83' lang='lat' dir='ltr'>aboleverunt</span> <span class='ocrx_word' id='word_1_239' title='bbox 1108 3664 1182 3738; x_wconf 91' lang='lat' dir='ltr'>Nec</span> <span class='ocrx_word' id='word_1_240' title='bbox 1207 3665 1283 3738; x_wconf 90' lang='lat' dir='ltr'>illos</span> <span class='ocrx_word' id='word_1_241' title='bbox 1310 3665 1469 3739; x_wconf 83' lang='lat' dir='ltr'>movebat</span> <span class='ocrx_word' id='word_1_242' title='bbox 1494 3664 1720 3738; x_wconf 88' lang='lat' dir='ltr'>Jacohitarum</span> <span class='ocrx_word' id='word_1_243' title='bbox 1747 3668 1803 3759; x_wconf 92' lang='lat' dir='ltr'>qui</span> <span class='ocrx_word' id='word_1_244' title='bbox 1825 3687 1870 3737; x_wconf 92' lang='lat' dir='ltr'>ea</span> <span class='ocrx_word' id='word_1_245' title='bbox 1888 3663 2044 3736; x_wconf 84' lang='lat' dir='ltr'>utebantur</span> 
     </span>
     <span class='ocr_line' id='line_1_28' title="bbox 692 3777 2044 3878; baseline -0.004 -28"><span class='ocrx_word' id='word_1_246' title='bbox 692 3782 899 3876; x_wconf 87' lang='lat' dir='ltr'>exemplum,</span> <span class='ocrx_word' id='word_1_247' title='bbox 925 3805 1034 3878; x_wconf 86' lang='lat' dir='ltr'>neque</span> <span class='ocrx_word' id='word_1_248' title='bbox 1060 3785 1146 3854; x_wconf 88' lang='lat' dir='ltr'>enim</span> <span class='ocrx_word' id='word_1_249' title='bbox 1179 3781 1221 3854; x_wconf 93' lang='lat' dir='ltr'>de</span> <span class='ocrx_word' id='word_1_250' title='bbox 1253 3780 1481 3854; x_wconf 87' lang='lat' dir='ltr'>Eucharistiae</span> <span class='ocrx_word' id='word_1_251' title='bbox 1512 3780 1577 3853; x_wconf 87' lang='lat' dir='ltr'>lide</span> <span class='ocrx_word' id='word_1_252' title='bbox 1617 3789 1672 3853; x_wconf 90' lang='lat' dir='ltr'>aut</span> <span class='ocrx_word' id='word_1_253' title='bbox 1704 3782 1776 3873; x_wconf 89' lang='lat' dir='ltr'>ejus</span> <span class='ocrx_word' id='word_1_254' title='bbox 1811 3777 2044 3854; x_wconf 83' lang='lat' dir='ltr'>consecrandae</span> 
     </span>
     <span class='ocr_line' id='line_1_29' title="bbox 692 3894 2043 3992; baseline -0.004 -26"><span class='ocrx_word' id='word_1_255' title='bbox 692 3896 862 3992; x_wconf 88' lang='lat' dir='ltr'>disciplina</span> <span class='ocrx_word' id='word_1_256' title='bbox 888 3902 1120 3973; x_wconf 82' lang='lat' dir='ltr'>controversIa</span> <span class='ocrx_word' id='word_1_257' title='bbox 1145 3901 1231 3971; x_wconf 91' lang='lat' dir='ltr'>inter</span> <span class='ocrx_word' id='word_1_258' title='bbox 1252 3897 1468 3972; x_wconf 90' lang='lat' dir='ltr'>Orthodoxos</span> <span class='ocrx_word' id='word_1_259' title='bbox 1494 3906 1529 3969; x_wconf 89' lang='lat' dir='ltr'>et</span> <span class='ocrx_word' id='word_1_260' title='bbox 1554 3896 1752 3970; x_wconf 89' lang='lat' dir='ltr'>Haereticos</span> <span class='ocrx_word' id='word_1_261' title='bbox 1778 3907 1865 3973; x_wconf 79' lang='lat' dir='ltr'>erat.</span> <span class='ocrx_word' id='word_1_262' title='bbox 1917 3894 2043 3968; x_wconf 87' lang='lat' dir='ltr'>lacohi-</span> 
     </span>
     <span class='ocr_line' id='line_1_30' title="bbox 691 4011 2041 4110; baseline -0.004 -27"><span class='ocrx_word' id='word_1_263' title='bbox 691 4023 746 4084; x_wconf 89' lang='lat' dir='ltr'>tae</span> <span class='ocrx_word' id='word_1_264' title='bbox 781 4037 913 4110; x_wconf 91' lang='lat' dir='ltr'>quoque</span> <span class='ocrx_word' id='word_1_265' title='bbox 945 4014 1092 4089; x_wconf 92' lang='lat' dir='ltr'>nonnulli</span> <span class='ocrx_word' id='word_1_266' title='bbox 1126 4013 1260 4087; x_wconf 88' lang='lat' dir='ltr'>Graece</span> <span class='ocrx_word' id='word_1_267' title='bbox 1293 4037 1391 4090; x_wconf 89' lang='lat' dir='ltr'>sacra</span> <span class='ocrx_word' id='word_1_268' title='bbox 1428 4013 1597 4104; x_wconf 89' lang='lat' dir='ltr'>lecerunt,</span> <span class='ocrx_word' id='word_1_269' title='bbox 1632 4013 1689 4085; x_wconf 94' lang='lat' dir='ltr'>uhi</span> <span class='ocrx_word' id='word_1_270' title='bbox 1725 4012 1891 4110; x_wconf 82' lang='lat' dir='ltr'>Copticae</span> <span class='ocrx_word' id='word_1_271' title='bbox 1927 4011 2041 4102; x_wconf 87' lang='lat' dir='ltr'>linguae</span> 
     </span>
     <span class='ocr_line' id='line_1_31' title="bbox 689 4127 2042 4224; baseline -0.004 -25"><span class='ocrx_word' id='word_1_272' title='bbox 689 4152 769 4202; x_wconf 93' lang='lat' dir='ltr'>usus</span> <span class='ocrx_word' id='word_1_273' title='bbox 795 4153 862 4203; x_wconf 93' lang='lat' dir='ltr'>non</span> <span class='ocrx_word' id='word_1_274' title='bbox 889 4143 980 4224; x_wconf 90' lang='lat' dir='ltr'>erat,</span> <span class='ocrx_word' id='word_1_275' title='bbox 1007 4152 1122 4204; x_wconf 91' lang='lat' dir='ltr'>omnes</span> <span class='ocrx_word' id='word_1_276' title='bbox 1150 4131 1268 4204; x_wconf 89' lang='lat' dir='ltr'>eadem</span> <span class='ocrx_word' id='word_1_277' title='bbox 1292 4131 1411 4203; x_wconf 90' lang='lat' dir='ltr'>lorma.</span> <span class='ocrx_word' id='word_1_278' title='bbox 1464 4129 1580 4202; x_wconf 88' lang='lat' dir='ltr'>Serius</span> <span class='ocrx_word' id='word_1_279' title='bbox 1606 4131 1708 4221; x_wconf 89' lang='lat' dir='ltr'>igitur</span> <span class='ocrx_word' id='word_1_280' title='bbox 1733 4132 1869 4201; x_wconf 91' lang='lat' dir='ltr'>omuino</span> <span class='ocrx_word' id='word_1_281' title='bbox 1885 4127 2042 4200; x_wconf 86' lang='lat' dir='ltr'>Jaoohitae</span> 
     </span>
     <span class='ocr_line' id='line_1_32' title="bbox 689 4244 2041 4342; baseline -0.007 -23"><span class='ocrx_word' id='word_1_282' title='bbox 689 4246 769 4342; x_wconf 73' lang='lat' dir='ltr'>Syri</span> <span class='ocrx_word' id='word_1_283' title='bbox 806 4248 959 4320; x_wconf 89' lang='lat' dir='ltr'>videntur</span> <span class='ocrx_word' id='word_1_284' title='bbox 990 4257 1039 4320; x_wconf 92' lang='lat' dir='ltr'>tot</span> <span class='ocrx_word' id='word_1_285' title='bbox 1063 4251 1270 4320; x_wconf 89' lang='lat' dir='ltr'>recentiores</span> <span class='ocrx_word' id='word_1_286' title='bbox 1301 4246 1470 4338; x_wconf 89' lang='lat' dir='ltr'>Litargias</span> <span class='ocrx_word' id='word_1_287' title='bbox 1510 4244 1673 4337; x_wconf 87' lang='lat' dir='ltr'>edidisse,</span> <span class='ocrx_word' id='word_1_288' title='bbox 1705 4267 1816 4340; x_wconf 91' lang='lat' dir='ltr'>neque</span> <span class='ocrx_word' id='word_1_289' title='bbox 1854 4254 1930 4316; x_wconf 89' lang='lat' dir='ltr'>ante</span> <span class='ocrx_word' id='word_1_290' title='bbox 1960 4260 2041 4335; x_wconf 91' lang='lat' dir='ltr'>qoam</span> 
     </span>
     <span class='ocr_line' id='line_1_33' title="bbox 692 4338 2040 4463; baseline -0.004 -31"><span class='ocrx_word' id='word_1_291' title='bbox 692 4361 824 4435; x_wconf 90' lang='lat' dir='ltr'>Graeca</span> <span class='ocrx_word' id='word_1_292' title='bbox 841 4338 953 4456; x_wconf 78' lang='lat' dir='ltr'>lingua</span> <span class='ocrx_word' id='word_1_293' title='bbox 968 4367 1097 4459; x_wconf 88' lang='lat' dir='ltr'>penitus</span> <span class='ocrx_word' id='word_1_294' title='bbox 1119 4367 1154 4435; x_wconf 93' lang='lat' dir='ltr'>in</span> <span class='ocrx_word' id='word_1_295' title='bbox 1177 4363 1286 4438; x_wconf 88' lang='lat' dir='ltr'>multis</span> <span class='ocrx_word' id='word_1_296' title='bbox 1307 4366 1490 4463; x_wconf 82' lang='lat' dir='ltr'>provinciis</span> <span class='ocrx_word' id='word_1_297' title='bbox 1510 4361 1748 4434; x_wconf 88' lang='lat' dir='ltr'>intercidisset:</span> <span class='ocrx_word' id='word_1_298' title='bbox 1774 4383 1888 4456; x_wconf 91' lang='lat' dir='ltr'>neque</span> <span class='ocrx_word' id='word_1_299' title='bbox 1905 4358 1938 4430; x_wconf 92' lang='lat' dir='ltr'>id</span> <span class='ocrx_word' id='word_1_300' title='bbox 1958 4357 2040 4428; x_wconf 88' lang='lat' dir='ltr'>leoe-</span> 
     </span>
     <span class='ocr_line' id='line_1_34' title="bbox 690 4474 2041 4573; baseline -0.005 -24"><span class='ocrx_word' id='word_1_301' title='bbox 690 4489 766 4551; x_wconf 90' lang='lat' dir='ltr'>runt</span> <span class='ocrx_word' id='word_1_302' title='bbox 801 4479 980 4551; x_wconf 90' lang='lat' dir='ltr'>innovandi</span> <span class='ocrx_word' id='word_1_303' title='bbox 1014 4479 1144 4569; x_wconf 85' lang='lat' dir='ltr'>studio,</span> <span class='ocrx_word' id='word_1_304' title='bbox 1183 4503 1259 4552; x_wconf 89' lang='lat' dir='ltr'>oum</span> <span class='ocrx_word' id='word_1_305' title='bbox 1293 4501 1500 4553; x_wconf 88' lang='lat' dir='ltr'>communem</span> <span class='ocrx_word' id='word_1_306' title='bbox 1542 4477 1630 4573; x_wconf 89' lang='lat' dir='ltr'>apud</span> <span class='ocrx_word' id='word_1_307' title='bbox 1664 4475 1884 4549; x_wconf 89' lang='lat' dir='ltr'>Orthodoxos</span> <span class='ocrx_word' id='word_1_308' title='bbox 1918 4474 2041 4547; x_wconf 88' lang='lat' dir='ltr'>lorman</span> 
     </span>
     <span class='ocr_line' id='line_1_35' title="bbox 690 4599 1069 4690; baseline 0.005 -26"><span class='ocrx_word' id='word_1_309' title='bbox 690 4615 806 4667; x_wconf 89' lang='lat' dir='ltr'>omnes</span> <span class='ocrx_word' id='word_1_310' title='bbox 834 4599 1069 4690; x_wconf 88' lang='lat' dir='ltr'>exprimerent.</span> 
     </span>
     <span class='ocr_line' id='line_1_36' title="bbox 419 4706 2038 4808; baseline -0.003 -29"><span class='ocrx_word' id='word_1_311' title='bbox 419 4726 512 4779; x_wconf 74' lang='lat' dir='ltr'>norma</span> <span class='ocrx_word' id='word_1_312' title='bbox 538 4730 678 4781; x_wconf 76' lang='lat' dir='ltr'>eommunis</span> <span class='ocrx_word' id='word_1_313' title='bbox 793 4711 945 4784; x_wconf 89' lang='lat' dir='ltr'><strong>XXVIII.</strong></span> <span class='ocrx_word' id='word_1_314' title='bbox 997 4709 1043 4783; x_wconf 92' lang='lat' dir='ltr'>Ut</span> <span class='ocrx_word' id='word_1_315' title='bbox 1067 4710 1157 4784; x_wconf 92' lang='lat' dir='ltr'>illam</span> <span class='ocrx_word' id='word_1_316' title='bbox 1181 4714 1296 4808; x_wconf 90' lang='lat' dir='ltr'>paucis</span> <span class='ocrx_word' id='word_1_317' title='bbox 1322 4720 1633 4808; x_wconf 86' lang='lat' dir='ltr'>repraesentemus,</span> <span class='ocrx_word' id='word_1_318' title='bbox 1668 4708 1918 4783; x_wconf 82' lang='lat' dir='ltr'>observandum</span> <span class='ocrx_word' id='word_1_319' title='bbox 1948 4706 2038 4801; x_wconf 86' lang='lat' dir='ltr'>primo</span> 
     </span>
     <span class='ocr_line' id='line_1_37' title="bbox 367 4811 2038 4924; baseline -0.007 -27"><span class='ocrx_word' id='word_1_320' title='bbox 367 4811 547 4882; x_wconf 57' lang='lat' dir='ltr'>ffi&#39;l&#39;ssi‘ffl&#39;l·</span> <span class='ocrx_word' id='word_1_321' title='bbox 690 4838 743 4899; x_wconf 89' lang='lat' dir='ltr'>est</span> <span class='ocrx_word' id='word_1_322' title='bbox 768 4827 951 4919; x_wconf 89' lang='lat' dir='ltr'>Litargiam</span> <span class='ocrx_word' id='word_1_323' title='bbox 978 4828 1173 4923; x_wconf 73' lang='lat' dir='ltr'>Syriacam,</span> <span class='ocrx_word' id='word_1_324' title='bbox 1205 4838 1241 4900; x_wconf 94' lang='lat' dir='ltr'>ut</span> <span class='ocrx_word' id='word_1_325' title='bbox 1266 4828 1411 4924; x_wconf 90' lang='lat' dir='ltr'>reliquas</span> <span class='ocrx_word' id='word_1_326' title='bbox 1444 4849 1560 4901; x_wconf 92' lang='lat' dir='ltr'>omnes</span> <span class='ocrx_word' id='word_1_327' title='bbox 1596 4824 1785 4898; x_wconf 86' lang='lat' dir='ltr'>Orientales</span> <span class='ocrx_word' id='word_1_328' title='bbox 1818 4834 1853 4895; x_wconf 92' lang='lat' dir='ltr'>et</span> <span class='ocrx_word' id='word_1_329' title='bbox 1886 4817 2038 4895; x_wconf 87' lang='lat' dir='ltr'>Occiden-</span> 
     </span>
     <span class='ocr_line' id='line_1_38' title="bbox 689 4937 2037 5041; baseline -0.004 -29"><span class='ocrx_word' id='word_1_330' title='bbox 689 4941 773 5015; x_wconf 88' lang='lat' dir='ltr'>tales</span> <span class='ocrx_word' id='word_1_331' title='bbox 809 4942 935 5016; x_wconf 89' lang='lat' dir='ltr'>duahus</span> <span class='ocrx_word' id='word_1_332' title='bbox 975 4941 1124 5040; x_wconf 88' lang='lat' dir='ltr'>partibus</span> <span class='ocrx_word' id='word_1_333' title='bbox 1160 4954 1334 5035; x_wconf 88' lang='lat' dir='ltr'>constare;</span> <span class='ocrx_word' id='word_1_334' title='bbox 1370 4965 1508 5040; x_wconf 90' lang='lat' dir='ltr'>quarum</span> <span class='ocrx_word' id='word_1_335' title='bbox 1551 4945 1657 5038; x_wconf 85' lang='lat' dir='ltr'>prIma</span> <span class='ocrx_word' id='word_1_336' title='bbox 1698 4941 1949 5041; x_wconf 88' lang='lat' dir='ltr'>praeparatoria</span> <span class='ocrx_word' id='word_1_337' title='bbox 1985 4937 2037 5017; x_wconf 75' lang='lat' dir='ltr'>est,</span> 
     </span>
    </p>
   </div>
   <div class='ocr_carea' id='block_1_3' title="bbox 690 5049 2037 5157">
    <p class='ocr_par' dir='ltr' id='par_1_3' title="bbox 690 5049 2037 5157">
     <span class='ocr_line' id='line_1_39' title="bbox 690 5049 2037 5157; baseline -0.008 -29"><span class='ocrx_word' id='word_1_338' title='bbox 690 5056 794 5131; x_wconf 92' lang='lat' dir='ltr'>altera</span> <span class='ocrx_word' id='word_1_339' title='bbox 821 5080 907 5153; x_wconf 89' lang='lat' dir='ltr'>quae</span> <span class='ocrx_word' id='word_1_340' title='bbox 935 5057 1066 5132; x_wconf 87' lang='lat' dir='ltr'>Canoni</span> <span class='ocrx_word' id='word_1_341' title='bbox 1091 5067 1208 5136; x_wconf 84' lang='lat' dir='ltr'>nostro</span> <span class='ocrx_word' id='word_1_342' title='bbox 1233 5059 1433 5157; x_wconf 86' lang='lat' dir='ltr'>respondet,</span> <span class='ocrx_word' id='word_1_343' title='bbox 1457 5061 1594 5157; x_wconf 89' lang='lat' dir='ltr'>proprie</span> <span class='ocrx_word' id='word_1_344' title='bbox 1627 5056 1821 5151; x_wconf 84' lang='lat' dir='ltr'>Aaophoro</span> <span class='ocrx_word' id='word_1_345' title='bbox 1857 5049 2037 5151; x_wconf 76' lang='lat' dir='ltr'>appellatur,</span> 
     </span>
    </p>
   </div>
   <div class='ocr_carea' id='block_1_4' title="bbox 0 0 2268 6034">
    <p class='ocr_par' dir='ltr' id='par_1_4' title="bbox 0 0 2268 6034">
     <span class='ocr_line' id='line_1_40' title="bbox 0 0 2268 6034; baseline 0 7"><span class='ocrx_word' id='word_1_346' title='bbox 0 0 2268 6034; x_wconf 95' lang='lat' dir='ltr'> </span> 
     </span>
    </p>
   </div>
  </div>
 </body>
</html>
