4525 6034
720 593 797 669 560
902 594 1208 674 obmavlmomts
1224 596 1266 672 tit
1278 595 1486 673 thUllelhl
1502 598 1530 672 l
1548 595 1666 674 lthlll
1681 596 1912 676 maumam

721 799 801 862 qnae
829 782 868 844 sit
897 780 1059 844 verborum
1086 780 1276 864 significatio.
1321 780 1503 843 decoratam
1531 781 1687 846 uastam
1715 784 1865 846 versionis
1889 803 1947 846 cun
1963 785 2046 851 Codice

689 957 693 964 ¹
722 879 899 944 Colhertioo
928 879 1119 943 collationem
1147 882 1305 942 instituere
1331 880 1506 961 prolixioris
1533 898 1648 963 operae
1676 881 1800 962 luisset,
1828 900 1893 946 oum
1916 889 2051 968 munit

722 980 881 1061 utriusque
904 982 936 1044 io
958 979 1086 1043 vocibus
1109 980 1281 1044 diversitas.

808 1077 874 1142 Jam
904 1079 1022 1142 notulas
1053 1097 1131 1160 quae
1159 1078 1229 1141 huic
1259 1078 1413 1160 liturgiae
1442 1078 1604 1161 adjunctae
1631 1088 1702 1142 suot
1723 1082 1753 1142 in
1775 1081 1948 1146 Bibliotheca
1965 1083 2052 1145 Patron

723 1178 940 1259 expendemus.
985 1176 1034 1240 nd
1065 1178 1289 1240 luvocatioocm
1317 1178 1444 1257 Spiritus
1473 1181 1569 1241 sancti
1598 1177 1675 1242 haec
1705 1189 1808 1243 notata
1838 1191 1911 1245 suut
1948 1182 2015 1244 ilcec
2033 1191 2054 1243 et

722 1297 850 1359 septena
871 1281 982 1353 oratio,
1006 1279 1147 1339 emmor
1168 1277 1219 1338 oei
1237 1277 1432 1339 scribentium
1454 1298 1571 1354 onore,
1593 1280 1644 1340 oei
1664 1279 1882 1343 Graeculorum
1900 1282 2055 1362 pmnmdon

722 1378 985 1440 schismaticormn
1005 1363 1217 1456 perversitate,
1238 1384 1439 1456 praepostero
1461 1377 1529 1439 ioco
1550 1381 1583 1440 in
1604 1378 1666 1440 hcc
1685 1377 1864 1459 Artaphoro,
1883 1383 1987 1460 posito:
2007 1398 2055 1440 nn

723 1476 809 1538 iocos
829 1477 967 1556 ipsoram
987 1477 1136 1557 porcinus
1158 1476 1198 1536 ab
1221 1483 1329 1537 autore
1341 1477 1434 1538 dctus
1442 1475 1539 1554 fuerit
1553 1485 1625 1538 onte
1636 1496 1732 1539 secra
1744 1479 1839 1540 aerbo
1853 1479 2056 1554 commotionis.
2179 1501 2181 1528 ι

725 1574 801 1637 l'um
823 1577 946 1638 remittit
968 1576 1100 1638 lectores
1124 1575 1161 1637 ad
1184 1594 1222 1638 ea
1245 1592 1323 1656 quae
1345 1576 1460 1638 domuit
1482 1575 1520 1638 ad
1542 1575 1708 1657 liturgiam
1719 1576 1750 1639 S.
1764 1577 1882 1642 iacobi
1908 1574 2056 1640 limorsni·

726 1673 860 1736 beatium
883 1683 1050 1756 perpetuus
1073 1693 1145 1737 esse
1168 1693 1228 1737 non
1250 1676 1362 1756 potuit:
1386 1672 1441 1737 luit
1462 1682 1577 1751 tamem
1604 1677 1631 1738 si
1653 1685 1784 1739 erratum
1807 1678 1846 1739 ab
1867 1677 1921 1740 illis
1941 1685 1992 1749 est3
2009 1693 2058 1737 nau

726 1773 864 1837 Graecae
887 1793 1009 1854 omnes,
1032 1773 1259 1856 Aegyptiacae,
1290 1775 1452 1855 Syriacae,
1481 1773 1696 1854 Aethiopicae,
1726 1784 1757 1838 et
1778 1776 1911 1857 reliquae
1929 1774 2058 1858 hiturgiae,

723 1870 945 1936 invocationem
962 1874 1020 1936 hoc
1035 1875 1102 1954 ipso
1126 1873 1196 1935 loco
1219 1881 1461 1954 repraesentant,
1483 1892 1545 1936 non
1568 1882 1648 1949 ante,
1670 1874 1726 1937 sed
1749 1883 1820 1955 post
1831 1875 1920 1938 verba
1936 1875 2058 1936 dominica.

723 1971 790 2035 Nec
812 1972 975 2036 accusandi
998 1980 1069 2034 sunt
1091 1971 1233 2035 Graeculi
1256 1972 1457 2050 Schismatici‚
1488 1991 1555 2034 cum
1584 1973 1769 2053 exemplaria
1793 1973 1966 2035 Graecarum
1982 1971 2060 2032 bitur-

590 2103 593 2110 ·
723 2071 852 2153 giorum,
876 2071 975 2134 multis
997 2073 1083 2134 annis
1105 2070 1285 2148 vetustiora,
1308 2090 1395 2153 quum
1409 2071 1575 2150 catnellas,
1599 2074 1651 2153 qui
1672 2075 1787 2154 primus
1811 2091 1877 2135 eam
1891 2072 2060 2153 mantione

724 2171 841 2253 tetigit,
872 2179 903 2234 et
933 2190 1021 2252 mam
1043 2171 1217 2234 Florentino
1238 2171 1398 2253 synodus,
1427 2172 1458 2233 in
1481 2189 1540 2252 qua
1561 2173 1771 2235 vehementius
1793 2173 1905 2256 agitata
1925 2177 1982 2247 est,
2002 2168 2062 2231 illan

725 2268 900 2333 Orationem
923 2270 1031 2335 eodem
1053 2270 1123 2334 loco
1146 2278 1393 2350 repraesentent:
1421 2270 1535 2334 nullum
1556 2271 1614 2334 uim
1636 2273 1895 2350 recentissimum,
1923 2290 1981 2333 eam
1998 2269 2063 2330 aliter

725 2368 875 2432 exhibeat.
928 2369 1006 2443 omo
1039 2387 1135 2452 porro
1165 2370 1322 2433 Graeculis
1351 2371 1411 2433 illis
1440 2370 1638 2434 schismaticis
1668 2390 1828 2436 commane
1859 2391 1923 2434 cum
1950 2369 2064 2451 Syriset

723 2469 887 2553 Aegyptiis
909 2469 1054 2533 docebitis
1077 2477 1162 2548 erat,
1191 2487 1259 2533 cum
1281 2469 1426 2534 haeretici
1449 2470 1537 2533 alteri
1560 2470 1597 2532 ab
1620 2471 1722 2534 alteris
1741 2472 1964 2553 Judicareotur‚
1984 2478 2009 2530 et
2026 2466 2064 2528 ιιι

723 2567 802 2631 ullus
833 2586 851 2629 a
880 2571 1034 2631 sexcentis
1062 2570 1243 2651 etamplius
1268 2571 1353 2631 annis
1377 2568 1512 2632 Graecus
1536 2569 1726 2652 Theologus,
1756 2571 1927 2634 Orientales
1947 2567 2065 2650 liturgias

724 2667 776 2731 nel
798 2687 838 2730 ex
860 2669 927 2732 solo
950 2669 1034 2731 titulo
1058 2671 1196 2753 cognitas
1219 2669 1361 2732 habuisse
1374 2653 1548 2732 'videatur‘l
1579 2669 1730 2748 Facilene,
1753 2671 1814 2733 irno
1837 2669 1983 2752 possibile,
2001 2667 2066 2748 quis·

725 2786 813 2849 quam
836 2769 1017 2832 existimabit
1040 2767 1228 2832 Christianos
1258 2771 1366 2832 mutuis
1396 2767 1473 2831 odiis
1495 2787 1513 2830 a
1536 2768 1793 2833 Calchedonensis
1817 2769 1942 2832 Consilii
1962 2776 2067 2848 tenpore

724 2874 888 2942 certantes,
910 2867 969 2931 illis
992 2886 1070 2950 quos
1093 2876 1125 2930 ut
1147 2868 1320 2932 haereticos
1342 2869 1539 2948 insectantur,
1563 2869 1594 2930 in
1616 2868 1747 2932 Codices
1770 2870 1995 2932 sacramentales
2013 2881 2066 2929 sum

724 2966 885 3031 inducendi
909 2987 1004 3032 novas
1027 2968 1179 3054 formulas¹
1193 2969 1367 3032 facultatem
1390 2967 1538 3032 dedisse?
1568 2976 1620 3031 aut
1640 2969 1667 3032 si
1689 2967 1720 3030 id
1741 2988 1799 3050 per
1823 2951 1955 3032 baudem
1974 2967 2068 3037 iacun,
2181 3011 2182 3040 2

724 3065 806 3148 quod
836 3085 875 3130 ne
904 3070 1033 3150 cogitari
1063 3067 1183 3149 quidem
1214 3075 1333 3151 potest,
1362 3067 1513 3150 quomodo
1541 3068 1662 3131 tandem
1686 3086 1792 3131 omues
1816 3071 1945 3132 ommum
1963 3066 2068 3148 gentium

726 3167 856 3232 Codices
879 3166 954 3230 haec
977 3168 1150 3248 corruptela
1172 3169 1325 3251 pervasit,
1354 3169 1431 3232 adeo
1459 3175 1491 3230 ut
1512 3167 1613 3232 nullus
1636 3168 1673 3231 ab
1697 3186 1733 3230 ea
1755 3169 1895 3231 immunis
1917 3168 2069 3249 reperiam:

727 3286 816 3331 nemo
847 3266 877 3329 id
909 3269 1154 3331 animadverterit
1183 3287 1240 3350 per
1269 3285 1365 3330 annos
1393 3267 1475 3330 mille
1504 3267 1669 3344 ducentos,
1697 3269 1754 3330 nisi
1780 3287 1861 3331 unus
1884 3276 1932 3331 aut
1952 3267 2017 3328 alter
2034 3260 2070 3341 qui

727 3367 845 3431 Graece
860 3368 1059 3431 nesciebant?
1089 3367 1168 3431 Nihil
1183 3369 1278 3452 igitur
1290 3367 1342 3431 illa
1359 3369 1533 3449 conjectura
1556 3367 1683 3444 inanius,
1705 3386 1782 3449 quae
1806 3376 1909 3431 mmeu
1929 3385 1985 3428 nou
2003 3362 2069 3426 modo

727 3466 877 3530 editiones
899 3485 1004 3530 omnes
1026 3467 1232 3530 Bibliothecae
1255 3468 1384 3544 Petrum,
1407 3466 1462 3530 sed
1486 3465 1711 3549 'theologorum
1734 3466 1963 3531 commanos
1982 3477 2070 3545 perm-

726 3569 775 3631 sit.
820 3567 909 3642 Quod
939 3568 1115 3650 subjicitur,
1146 3551 1255 3632 locum'
1275 3568 1440 3651 genuinum
1468 3565 1657 3629 lrtvocetioui
1685 3565 1722 3628 ab
1744 3575 1856 3630 satore
1878 3565 1973 3628 dnum
1990 3562 2071 3633 mac

726 3677 796 3731 ante
819 3668 914 3731 verbu
938 3669 1190 3747 consecrationis,
1213 3687 1310 3750 aeque
1332 3685 1438 3732 nerum
1461 3674 1518 3730 est.
1565 3667 1597 3730 Si
1611 3664 1739 3730 basilius
1761 3665 1974 3748 intelligendus
1986 3660 2071 3736 estin

726 3783 763 3829 ea
786 3766 853 3846 ipsa
876 3767 1010 3845 Graeca,
1045 3785 1134 3849 quam
1157 3769 1265 3831 Graeci
1288 3786 1348 3832 uno
1379 3784 1531 3829 consensu
1560 3765 1597 3828 ab
1625 3784 1664 3830 eo
1695 3766 1789 3829 literis
1810 3765 1977 3828 mandatam
2000 3763 2070 3823 iubae

728 3864 864 3942 credunt,
887 3865 1043 3929 luvocatio
1066 3867 1173 3930 eodem
1196 3866 1264 3930 loeo
1287 3865 1413 3948 legitur,
1442 3872 1532 3946 atquc
1554 3865 1585 3926 in
1608 3866 1741 3946 Syriaca.
1787 3865 1821 3928 Si
1844 3865 1883 3928 de
1906 3866 1975 3940 ista,
1997 3862 2071 3923 bonu

728 3963 860 4027 Criticus
879 3965 1022 4048 loquitur,
1046 3967 1112 4048 quis
1128 3966 1210 4028 illam
1226 3975 1258 4029 ut
1272 3986 1306 4030 se
1321 3965 1411 4028 babet
1425 3985 1442 4028 a
1454 3964 1565 4027 Basilio
1588 3965 1731 4046 scriptam
1753 3984 1824 4028 esse
1843 3965 1973 4046 probare
1991 3964 2071 4041 qamt

727 4071 778 4126 aut
800 4065 937 4144 primitus
961 4066 1020 4128 allo
1044 4065 1151 4128 ordine
1174 4067 1322 4149 digestam
1344 4065 1450 4142 luisse,
1474 4083 1540 4127 cum
1562 4063 1674 4126 nullum
1698 4064 1858 4147 exemplar
1878 4061 2071 4127 invocationem

727 4163 797 4226 alibi
820 4166 948 4244 positam
972 4165 1139 4229 exhibeat?
1167 4167 1246 4240 Ouio
1272 4166 1367 4249 igitur
1388 4165 1474 4228 blasii
1497 4162 1604 4227 Codex
1626 4183 1691 4227 eam
1714 4165 1783 4228 loco
1806 4183 1866 4227 suo
1888 4165 2073 4245 repraeseatt-

725 4264 819 4340 verit,
850 4281 912 4326 non
934 4272 1037 4345 potest
1059 4264 1204 4328 dubitari:
1234 4283 1313 4345 quae
1336 4265 1416 4327 illius
1438 4265 1716 4346 interpretationem
1738 4273 1899 4347 spectant,
1928 4261 1996 4326 satis
2020 4254 2073 4318 dili

726 4369 787 4426 tum
809 4362 848 4425 ad
869 4362 1035 4448 liturgiam
1059 4363 1226 4448 Copticam,
1249 4372 1312 4428 tum
1333 4365 1372 4428 od
1395 4365 1469 4427 alios
1492 4366 1662 4447 expositam
1684 4373 1740 4429 est

1163 4708 1665 4755 wem—-
