4525 6034
1154 973 1656 1157 ittuntur

870 1308 1370 1430 Apostolorum
1436 1337 1449 1400 1
1513 1311 1959 1459 struuntur,

1067 1550 1151 1627 SEU
1185 1550 1302 1628 ORDO
1330 1548 1776 1629 SACMMEMORDD-

619 1917 633 1932 ss
720 1820 849 1893 Primo.
907 1819 1063 1896 ²Gloria
1089 1826 1123 1894 in
1152 1824 1299 1897 excelsis
1322 1823 1414 1897 Deo:
1441 1829 1477 1894 et
1500 1822 1604 1895 Pater
1627 1833 1746 1898 noster
1772 1827 1827 1920 qui
1855 1847 1893 1899 es
1917 1829 1948 1898 in
1972 1826 2061 1900 coen

1343 2030 1475 2104 mato.
1532 1989 1539 2000 ’

789 2226 959 2331 Ronom
985 2254 1130 2328 Domine
1157 2266 1192 2328 et
1216 2258 1309 2329 Deus
1335 2265 1452 2330 noster
1478 2255 1698 2330 infirmitatem
1720 2267 1870 2329 nostram
1896 2279 1957 2354 per
1979 2261 2065 2330 mise-

718 2371 894 2446 ricordiam
922 2383 1023 2460 mam,
1048 2382 1085 2445 ut
1109 2372 1375 2445 administremus
1390 2375 1584 2468 mysterium
1609 2383 1759 2445 sanctum
1786 2374 1877 2469 quod
1904 2373 2006 2446 damn
2027 2382 2067 2446 est

719 2488 762 2560 ad
788 2481 1055 2577 rerlovatiouem,
1081 2499 1116 2561 et
1142 2490 1282 2563 salutem
1308 2500 1448 2561 naturus
1474 2499 1611 2563 nostrae
1637 2488 1781 2562 humilis:
1808 2513 1872 2585 pcr
1897 2494 2066 2563 miseratio·

719 2627 781 2681 nes
806 2604 884 2676 Filii
909 2608 956 2676 tui
983 2604 1105 2696 dilecti,
1132 2609 1276 2678 omnium
1303 2606 1447 2678 Domini.

808 2721 955 2793 'Diebus
981 2723 1217 2827 conununibnr.
1256 2721 1437 2812 Adoretur,
1463 2721 1677 2816 glorificetur,
1703 2721 1868 2813 laudetur,
1895 2722 2068 2808 celebretur,

718 2838 885 2911 exaltetur
912 2847 945 2909 et
970 2835 1185 2912 benedicatur
1210 2842 1243 2911 in
1270 2837 1367 2911 coelo
1404 2849 1439 2912 et
1463 2842 1497 2910 in
1525 2848 1627 2926 terra,
1652 2861 1774 2911 nomeu
1802 2839 2069 2926 adoraudumst

718 2954 904 3048 gloriosum
931 2954 1100 3027 Trinitatis
1126 2966 1214 3043 tune,
1241 2976 1375 3052 semper
1401 2954 1580 3047 gloriosae,
1606 2956 1750 3027 Domine
1779 2960 1937 3028 omnium.

821 3070 954 3142 Diebus
980 3071 1206 3144 communibus
1232 3071 1350 3142 dicunt
1379 3070 1560 3160 Poetneum,
1586 3070 1729 3144 Domine
1766 3075 1839 3167 quis
1873 3071 2070 3145 habitabitis

720 3187 934 3262 tabernaculo
962 3197 1031 3279 tuo,
1058 3192 1225 3285 integrum
1250 3210 1325 3258 omn
1350 3209 1411 3258 mm
1440 3209 1583 3275 canone,
1610 3191 1763 3280 mysterii
1780 3188 2068 3261 Sacramentum

822 3305 982 3377 Eteoatio
1009 3308 1113 3377 cocio.
1167 3305 1250 3392 Quis
1276 3301 1453 3400 praebebit
1474 3303 1624 3396 jubilum,
1651 3314 1714 3375 eto.

1335 3581 1467 3652 Oratio,

824 3769 947 3844 Coram
974 3770 1104 3860 throno,
1131 3774 1285 3862 Domine,
1312 3770 1488 3868 praeclaro
1521 3773 1704 3864 majestatis
1731 3780 1820 3859 tuae,
1846 3781 1882 3842 et
1908 3768 1992 3844 solio
2014 3790 2068 3838 er-

720 3888 823 3980 celso,
851 3897 949 3984 etpre
976 3887 1106 3960 sublimi
1132 3888 1264 3982 glories
1290 3898 1379 3977 tuna,
1406 3897 1440 3958 at
1464 3890 1499 3958 in
1525 3886 1607 3958 sede
1633 3885 1771 3959 terribili
1796 3886 1995 3959 fortitudinis
2018 3907 2069 3955 oa-

721 4009 827 4079 ritntis
852 4016 943 4094 tuae,
970 4003 1131 4100 altarique
1157 4007 1408 4102 propitiatorio,
1445 4002 1533 4097 quod
1568 4000 1725 4075 voluntas
1757 4013 1814 4076 tue
1849 4002 2019 4090 stabilivit,
2042 4001 2068 4068 iu

720 4125 861 4215 regione
887 4144 1035 4218 pascuae
1062 4131 1149 4209 tuae,
1177 4145 1250 4194 cum
1277 4119 1419 4193 millibus
1447 4117 1626 4191 Cherubim
1651 4118 1861 4192 laudantibus
1890 4131 1935 4206 te,
1962 4128 1994 4190 et
2016 4116 2069 4187 de-

719 4243 790 4315 cies
816 4239 958 4313 millibus
972 4238 1148 4335 Seraphim
1175 4236 1455 4310 sanctificantibus
1480 4246 1526 4325 te,
1553 4235 1756 4326 accedimus,
1782 4234 1973 4323 adoremus,
1997 4253 2068 4306 cou-

718 4355 848 4430 fitemur
873 4369 907 4431 et
933 4356 1155 4450 glorificamus
1183 4365 1228 4444 te,
1255 4376 1398 4451 semper,
1426 4356 1569 4427 omniurn
1595 4353 1748 4425 Domine.

757 4457 767 4468 ’
822 4473 863 4545 ln
887 4476 1068 4560 memoriis,
1095 4479 1130 4543 et
1154 4474 1264 4543 sectis
1290 4474 1401 4565 serite.
1459 4468 1592 4541 Nomen
1623 4479 1712 4540 tuum
1744 4489 1903 4560 magnum
1936 4477 1969 4540 ct
1999 4487 2068 4538 sau-

718 4601 818 4682 ctum‚
843 4590 1051 4688 praeclarum
1079 4598 1113 4661 et
1137 4586 1363 4661 benedictumz
1389 4586 1522 4659 beatum
1550 4594 1584 4657 et
1608 4583 1945 4681 incomprehensibile
1969 4582 2067 4654 Triul-

718 4710 794 4791 tatis
820 4717 897 4779 tuae
923 4707 1106 4801 gloriosae,
1133 4715 1167 4775 et
1193 4707 1335 4796 gratiam
1361 4712 1450 4776 mum
1476 4722 1560 4794 erga
1586 4723 1692 4794 genus
1720 4711 1891 4792 nostrum,
1927 4699 2070 4794 debenus

719 4844 926 4919 quocumque
952 4833 1103 4918 tempore
1129 4819 1292 4908 confiteri,
1320 4818 1463 4892 odorare
1489 4826 1523 4890 et
1548 4816 1748 4910 glorificare,
1775 4821 1921 4890 omnium
1933 4817 2066 4890 Domine

822 4942 1091 5035 Responsorinm
1116 4938 1165 5009 od
1190 4936 1373 5028 cancellos,
1398 4943 1572 5030 utsupra.
1606 4934 1689 5022 Quis
1707 4936 1890 5031 praecepit
1924 4929 2065 5005 Pontifici

720 5056 827 5144 Quem
854 5058 959 5154 spirat
982 5057 1015 5127 in
1041 5053 1140 5129 nobis
1165 5055 1309 5130 Domine
1334 5064 1369 5128 ct
1386 5052 1480 5128 Deus
1506 5062 1622 5127 noster
1648 5050 1733 5125 odor
1759 5056 1875 5127 suanis
1903 5048 2064 5124 dulcedinis
