4525 6034
697 564 769 638 172
1197 561 1555 639 LITURGlb

795 750 957 845 Populos.
1008 749 1128 823 Amen.

794 867 969 947 Sacerdos
996 866 1132 937 eleoonr
1157 888 1283 937 coccos.
1318 865 1448 938 Idcirco
1475 887 1538 956 uos
1559 866 1677 940 infirmi
1699 877 1733 937 ct
1753 874 1947 962 peccatores
1963 870 2045 938 servi

692 986 755 1076 tui,
782 984 1037 1079 dispensationis
1064 993 1141 1054 tuae
1167 985 1362 1054 memoriam
1390 992 1552 1075 agentes,
1584 1005 1744 1074 rogamus
1775 991 1810 1054 ct
1842 979 2045 1076 deprecamur

621 1141 626 1154 ι
691 1109 744 1187 te,
772 1108 901 1171 amator
927 1097 1111 1187 bominum,
1139 1121 1212 1170 cum
1240 1101 1406 1172 exorieris
1433 1102 1467 1170 in
1493 1099 1558 1170 fine
1584 1106 1788 1195 temporum,
1821 1107 1854 1168 ct
1880 1101 1970 1189 juste
1991 1119 2046 1167 re-

692 1214 818 1288 tribues
854 1218 1030 1310 unicuique
1064 1214 1245 1287 secundum
1280 1238 1384 1311 opera
1420 1218 1512 1307 ejus,
1554 1237 1656 1310 parce
1691 1226 1725 1286 ct
1758 1216 1949 1286 misericors
1982 1220 2046 1285 esto

692 1330 926 1404 adoratoribus
953 1334 1034 1419 tuis,
1061 1341 1095 1403 et
1122 1330 1217 1402 salva
1244 1330 1481 1403 haereditatem
1507 1340 1606 1402 tuom
1665 1330 1709 1403 Et
1743 1340 1943 1427 propterca,
1972 1352 2048 1401 nuuc

693 1451 792 1519 etiam
817 1447 972 1522 Ecclesia
1000 1459 1055 1520 tua
1083 1446 1281 1543 deprecatur
1308 1456 1358 1536 tc,
1385 1457 1420 1520 et
1446 1470 1508 1543 per
1535 1457 1580 1538 te,
1606 1456 1641 1519 et
1666 1458 1774 1520 tecum
1800 1449 1935 1521 Patrem
1959 1456 2049 1537 tuum,

692 1563 817 1637 dicens.

795 1668 956 1760 Populea.
986 1665 1182 1739 'Miserere

794 1783 979 1856 Sacerdos.
1031 1781 1104 1854 Nos
1133 1805 1274 1878 quoque.

794 1899 956 1993 Populos.
1010 1899 1080 1989 Te,
1116 1909 1180 1970 eto.

795 2014 979 2086 Sacerdos.
1031 2014 1227 2110 Praecipue.

795 2130 982 2202 Diaconos.
1016 2128 1196 2204 Memento.
1224 2137 1259 2201 et
1284 2153 1364 2202 moe
1390 2131 1484 2201 dicit.
1513 2130 1619 2216 Quam
1644 2129 1787 2201 timenda
1807 2129 2051 2204 estbaecbora.

795 2246 969 2319 Sacerdos
995 2246 1178 2320 inclinolos
1203 2247 1288 2317 dicit
1312 2247 1567 2317 lnoocotiooem
1591 2245 1744 2338 Spiritus
1769 2251 1892 2317 sancti.

796 2364 960 2435 Miserere
991 2365 1098 2436 nostri
1132 2364 1292 2435 Domine:
1334 2365 1495 2435 miserere
1528 2362 1651 2449 nostri,
1694 2372 1728 2432 ct
1763 2364 1854 2433 mitte
1887 2362 1985 2435 nobis
2015 2361 2051 2434 de

692 2478 789 2551 coelo
817 2489 933 2552 sancto
962 2490 1039 2566 tuo,
1075 2477 1234 2573 Spiritum
1271 2489 1358 2550 tuum
1394 2478 1639 2566 vivificantem,
1675 2488 1708 2549 et
1742 2481 1935 2572 requiescat
1961 2501 2050 2574 super

692 2594 895 2667 oblationem
925 2594 1031 2685 banc,
1073 2594 1240 2691 iaciatque
1276 2618 1350 2667 eam
1383 2618 1505 2691 corpus
1540 2594 1724 2682 vivificum,
1767 2617 1900 2690 nosque
1937 2597 2050 2691 expiet,

691 2710 825 2783 mundet
851 2721 885 2783 et
911 2712 1104 2783 sanctificet.

798 2827 981 2898 Benedieit
1006 2834 1041 2898 et
1067 2828 1162 2900 dicit.
1214 2827 1347 2900 Exaudi
1372 2850 1427 2900 me
1452 2829 1603 2901 Domine.
1649 2811 1651 2814 ’

795 2943 957 3036 Populos.
1008 2943 1113 3039 Eyrie
1140 2944 1277 3016 eleison.

796 3058 980 3132 Sacerdos.
1032 3060 1077 3132 Ut
1101 3083 1164 3155 per
1189 3059 1340 3156 illapsum
1367 3069 1480 3150 suum,
1513 3058 1614 3132 saciat
1647 3082 1766 3156 panem
1793 3064 1914 3151 istum,
1945 3083 2053 3157 corpus

694 3175 816 3250 Christi
842 3177 907 3248 Dei
932 3179 1049 3258 nostri.
1217 3267 1223 3279 ι
1257 3175 1418 3269 Populos.
1470 3177 1590 3248 Amen.

799 3293 984 3365 Sacerdos.
1031 3292 1076 3365 Et
1101 3295 1244 3380 mistum,
1271 3292 1358 3387 quod
1380 3294 1413 3363 in
1433 3291 1497 3363 boc
1518 3290 1623 3363 cabce
1643 3302 1706 3382 est,
1729 3296 1931 3387 sanguinem
1946 3292 2054 3366 Christi

693 3409 758 3481 Dei
784 3413 909 3497 nostri,
945 3420 980 3483 ut
1005 3414 1071 3482 sint
1100 3408 1199 3484 nobis
1231 3409 1449 3480 Sacramenta
1481 3407 1566 3479 baec
1599 3419 1732 3495 sancta,
1764 3419 1798 3481 et
1831 3411 1987 3497 vivifica,
2018 3408 2053 3478 ad

695 3527 920 3621 expiationem
946 3525 1157 3616 delictorum,
1185 3525 1227 3598 ad
1253 3528 1483 3598 remissionem
1509 3536 1733 3621 peccatorum,
1761 3535 1794 3597 et
1820 3526 1863 3598 ad
1891 3530 2052 3599 sanitatem

696 3645 825 3714 animae
852 3650 885 3713 et
911 3647 1061 3739 corporis
1074 3696 1085 3731 ,
1113 3653 1147 3714 et
1173 3641 1216 3715 ud
1241 3640 1491 3714 roborationem
1517 3646 1635 3713 mentis
1661 3652 1805 3715 nostrae.
1859 3642 1933 3714 Sed
1957 3662 2052 3736 neque

694 3780 779 3830 uuus
805 3767 921 3853 pereat
947 3759 989 3831 de
1014 3759 1138 3855 populo
1165 3768 1221 3831 tuo
1248 3757 1356 3830 fideli:
1383 3780 1500 3829 verum
1530 3768 1665 3854 praesta
1698 3758 1794 3831 nobis
1825 3758 1998 3846 omnibus,
2025 3766 2054 3826 ut

693 3897 777 3973 pure
797 3877 920 3971 'spiritu
945 3883 1002 3946 tuo
1029 3874 1215 3967 gubernati,
1241 3877 1353 3947 vitam.
1372 3873 1544 3966 degamus,
1572 3885 1605 3946 et
1630 3873 1815 3947 referemus
1841 3875 1904 3947 tibi
1926 3875 2053 3968 gloriam

695 4003 730 4064 et
755 3993 933 4084 gratiarum
961 3994 1142 4081 actionem,
1169 4002 1232 4063 etc.
1388 3990 1552 4084 Populos.
1604 3992 1723 4063 Amen.

798 4107 976 4178 Diaconos
1003 4108 1088 4179 dicit
1115 4108 1313 4179 Orationem
1339 4111 1607 4195 convenientos,
1640 4115 1675 4178 et
1707 4131 1782 4179 eom
1808 4130 1900 4201 poue
1928 4113 1979 4179 ert
1998 4124 2052 4198 pro

693 4227 844 4295 mortuis.

799 4339 974 4411 Socerdor
999 4339 1191 4409 inclinatos.
1246 4338 1421 4412 Oderimus
1450 4339 1508 4412 tibi
1534 4340 1677 4412 Domine
1703 4342 1930 4436 omnipotenS,
1957 4340 2055 4410 sacri·

695 4455 805 4528 licium
830 4454 895 4528 boc
922 4454 1079 4543 divinum,
1106 4476 1168 4549 pro
1196 4458 1286 4527 omni
1312 4477 1420 4548 grege
1447 4466 1521 4528 tuo:
1552 4458 1730 4553 praecipue
1755 4477 1841 4527 vero
1868 4454 2054 4551 prebeatis

694 4569 848 4642 Patribus
881 4573 1027 4659 nostris,
1059 4570 1253 4644 Patriarcba
1285 4581 1402 4644 nostro
1438 4571 1480 4643 D.
1513 4571 1554 4644 N.
1591 4583 1624 4643 et
1656 4593 1717 4667 pro
1743 4568 1919 4667 Episcopo
1949 4581 2053 4643 nostro

695 4687 839 4759 Domino
865 4686 906 4758 N.
934 4707 1036 4761 servo
1063 4695 1135 4778 tuo,
1162 4697 1196 4760 et
1221 4687 1356 4782 reliquis
1382 4687 1561 4785 Episcopis
1589 4687 1806 4778 Ortbodoxis,
1832 4700 1868 4760 ut
1895 4711 1971 4760 cum
1994 4688 2052 4756 rita

694 4801 878 4899 inculpata,
913 4800 1101 4896 gubernent
1128 4825 1213 4875 oves
1240 4814 1314 4878 tuas
1340 4807 1374 4875 in
1400 4807 1542 4900 puritate
1569 4816 1604 4878 et
1633 4808 1823 4879 sanctitate:
1857 4805 2053 4897 offerantque

695 4916 756 4990 tibi
781 4918 939 5015 poprdum
964 4916 1107 5008 fidelem,
1134 4942 1274 5013 gregem
1302 4921 1517 5017 spiritualem,
1544 4922 1698 5018 placitum
1715 4922 1836 4995 honori
1849 4918 2051 5002 noministui,

696 5043 731 5106 et
756 5035 853 5108 sbnul
879 5034 1064 5109 referemus
1091 5034 1150 5109 tibi
1175 5037 1334 5130 gloriam,
1367 5047 1432 5110 etc.
1467 5039 1636 5113 Memento
1662 5040 1805 5111 Domine
1830 5037 2051 5160 Sacerdotem,
