4525 6034
388 2631 608 2688 Patriarchatuam
631 2635 667 2687 li·

353 2719 435 2774 mites.

681 568 758 644 354
1060 566 1661 647 Dttlttttlttdttl

680 768 845 829 auxerunt
869 755 1110 846 Alexandrini,
1148 756 1188 828 ah
1217 759 1312 830 annis
1339 757 1472 828 circiter
1497 755 1603 843 mille,
1640 777 1686 827 ex
1721 776 1787 849 quo
1821 753 1863 826 ah
1896 754 2057 829 Ecclesia

681 870 853 945 Catholica
880 876 1036 966 sejuncti,
1065 877 1271 945 autoritatem
1300 896 1399 968 quam
1425 872 1610 943 Dioscorus
1636 882 1671 943 et
1697 872 1843 967 proximi
1870 875 1943 964 ejus
1971 895 2057 945 suc-

680 1011 856 1077 cessores,
884 992 1047 1062 sententia
1075 986 1215 1061 concilii
1244 987 1529 1062 calchedonensis
1556 991 1753 1075 amiserant,
1780 987 1901 1059 favore
1926 985 2057 1059 hluha-

678 1105 895 1177 medanorum
920 1116 1216 1200 recuperaverunt.
1271 1107 1355 1179 Cum
1382 1108 1469 1177 enim
1504 1114 1601 1177 antea
1628 1103 1772 1183 Romani
1797 1103 1969 1177 Pontihcis
1998 1104 2056 1175 di-

679 1226 838 1314 gnitatern
866 1225 1073 1318 superiorem
1102 1234 1340 1316 agnoscerent,
1368 1222 1410 1293 de
1433 1243 1497 1316 qua
1518 1224 1617 1293 etiam
1635 1230 1770 1292 veteres
1791 1219 2057 1294 Constitutiones

681 1336 905 1410 Concihorum
931 1341 1137 1435 perscriptas
1164 1342 1198 1410 iu
1226 1338 1484 1412 collectionibus
1521 1340 1591 1411 suis
1622 1347 1843 1426 conservant,
1879 1334 2057 1410 Constan-

678 1452 896 1549 tinopohtano
931 1476 1064 1549 quoque
1100 1476 1146 1526 ex
1179 1477 1271 1528 novo
1304 1457 1398 1547 jure,
1434 1453 1478 1527 ob
1517 1451 1610 1526 urhis
1643 1452 1827 1548 Imperialis
1860 1453 2057 1545 dignitatem

679 1571 803 1663 primas
831 1570 1019 1661 deferrent,
1044 1582 1080 1643 ut
1106 1573 1283 1644 etiamnum
1308 1572 1433 1644 iaciunt
1459 1569 1583 1642 Graeci
1608 1569 1842 1642 Patriarchae:
1878 1573 1942 1666 ipsi
1969 1591 2058 1641 nunc

680 1706 700 1753 a
727 1683 1044 1759 Muhamcdanorum
1071 1691 1168 1780 regni
1194 1691 1304 1779 initio,
1330 1691 1427 1784 primi
1454 1676 1529 1759 suut
1554 1685 1919 1759 omniumlacobiticae
1939 1697 2058 1758 sectae

680 1801 889 1892 Antistitum,
923 1814 957 1874 et
984 1808 1190 1899 superiorem
1227 1826 1294 1905 non
1330 1814 1525 1897 agnoscunt.
1586 1801 1638 1874 Ea
1671 1805 1759 1874 enim
1793 1824 1812 1872 a
1845 1802 1956 1873 multis
1987 1806 2057 1895 jam

680 1918 824 1989 saeculis
852 1927 903 1991 est
929 1918 1056 1992 sedium
1084 1921 1356 1994 Patriarohalium
1383 1920 1572 2016 dispositio,
1600 1929 1720 1990 utnon
1739 1921 1845 1990 minus
1864 1916 2057 2008 Jacohitae,

681 2054 778 2126 quam
805 2033 1014 2123 Nestoriaui,
1043 2046 1077 2107 et
1102 2037 1239 2135 Syriaui
1266 2036 1398 2134 quidam
1422 2035 1621 2125 llelchitae,
1657 2037 1712 2130 qui
1740 2033 1941 2106 schismatici
1970 2042 2057 2123 sunt,

681 2146 890 2224 Graecorum
918 2152 1093 2247 exemplo,
1122 2177 1240 2228 omnes
1267 2154 1398 2227 tandem
1426 2155 1525 2225 etiarn
1547 2149 1796 2239 Muhamedaui,
1824 2153 1931 2221 sciant
1947 2171 2056 2245 prae-
2167 2162 2170 2165 ’

679 2270 873 2357 rogativam
905 2268 1072 2360 dignitatis
1110 2294 1188 2346 esse
1223 2293 1330 2368 penes
1365 2269 1550 2342 Romanum
1584 2266 1794 2339 Pontificem:
1832 2276 1933 2360 atque
1969 2264 2055 2338 adeo

679 2386 820 2478 primam
847 2384 979 2477 sedem,
1012 2396 1109 2459 exha
1137 2390 1282 2460 omnium
1308 2399 1374 2460 tam
1402 2385 1703 2472 schismaticarum,
1731 2406 1829 2480 quara
1856 2381 2056 2455 haeretico-

679 2519 753 2567 rum
779 2503 1043 2574 communionem
1071 2525 1150 2577 esse
1175 2502 1329 2577 latentur.

783 2613 888 2686 XVll.
917 2614 1039 2689 Graeci
1066 2630 1166 2715 atque
1194 2640 1310 2693 omnes
1337 2641 1422 2715 quos
1448 2616 1677 2691 Melchitarum
1705 2617 1869 2687 communi
1895 2614 2057 2687 denomi-

678 2731 814 2801 natione
842 2730 1028 2806 Orientales
1055 2735 1333 2830 complectuntur,
1360 2735 1423 2808 hos
1449 2733 1572 2807 hahent
1585 2731 1850 2823 Patriarchatus,
1878 2731 2056 2805 Constan-

677 2847 946 2942 tinopolitanum,
972 2851 1258 2943 Alexandrinum,
1284 2853 1529 2925 Antiochenam
1545 2849 1951 2944 etllierosolymitauum,
1972 2869 2055 2943 quos

678 2961 828 3037 obtinent
854 2965 1013 3063 Episcopi
1040 2967 1163 3043 Graeci
1189 2973 1290 3059 ritus,
1326 2973 1382 3065 qui
1414 2968 1520 3041 adhuc
1553 2965 1686 3038 Graeca
1715 2964 1847 3056 Lingua
1880 2961 2056 3034 celebrant

677 3080 783 3152 officia
792 3082 1083 3157 sacramentorum
1111 3090 1265 3158 omnium.
1292 3087 1329 3158 ln
1356 3108 1473 3159 eorum
1500 3084 1732 3156 communione
1760 3091 1835 3153 sunt
1850 3079 1931 3175 Syri
1949 3077 2055 3169 multi,

677 3199 733 3290 qui
759 3198 903 3294 Syriace
930 3222 1028 3274 sacra
1056 3202 1237 3275 celebrant.
1277 3202 1467 3276 Nestoriaui
1493 3203 1549 3296 qui
1574 3198 1791 3292 antiquissimi
1807 3194 2056 3267 haereticorum

576 3362 580 3367 -
677 3323 771 3404 sunt,
798 3337 936 3410 quorum
963 3322 1125 3389 memoria
1152 3329 1324 3416 superest,
1351 3318 1474 3391 nullum
1495 3319 1629 3390 omnino
1650 3311 1911 3384 Patriarchatum
1928 3309 2056 3383 habeut

677 3452 724 3501 ex
751 3443 892 3526 quatuor
917 3432 1108 3523 ueteribus,
1137 3435 1198 3509 sed
1229 3438 1387 3532 primaria
1419 3433 1519 3508 sedes
1555 3453 1696 3518 eorum,
1730 3433 1902 3524 ipsiusque
1936 3439 2055 3501 sectae

567 3592 568 3595 π
676 3544 875 3643 Metropolis
915 3548 1068 3642 Bagdadi
1100 3562 1172 3643 est,
1207 3560 1265 3624 aut
1296 3553 1416 3625 vicinis
1449 3555 1482 3622 in
1516 3550 1625 3639 locis,
1659 3547 1787 3639 absque
1821 3545 1915 3616 titulo
1949 3542 2055 3631 urbis,

677 3662 737 3736 sed
764 3665 838 3736 solo
866 3665 1052 3758 dignitatis,
1079 3691 1145 3764 qua
1173 3690 1212 3741 se
1242 3667 1439 3739 Catholicae
1464 3675 1598 3739 vocant.
1651 3662 1783 3758 Nempe
1810 3664 1887 3755 quia
1906 3682 2054 3733 succes-

579 3876 585 3885 ·
675 3788 790 3849 serunt
819 3777 1000 3854 Catholicis
1026 3783 1222 3875 hlodainae,
1249 3786 1325 3856 sive
1352 3783 1529 3856 Seleuciae
1556 3789 1590 3851 et
1617 3776 1860 3874 Ctesiphontis,
1885 3775 1945 3848 uhi
1976 3775 2053 3848 olim

675 3894 882 3983 residebant,
927 3909 1103 3996 antequam
1135 3900 1192 3973 illa
1226 3901 1403 3975 Persarum
1440 3901 1536 3991 regia
1580 3921 1600 3969 a
1635 3892 1885 3967 hluhamedanis
1926 3913 2053 3965 eversa

674 4010 779 4101 foret3
806 4034 883 4083 nam
909 4024 1028 4109 postea
1055 4016 1250 4109 Bagdadum
1276 4039 1316 4091 se
1342 4015 1596 4103 transtideruat,
1624 4033 1710 4106 quae
1736 4007 1816 4083 urbs
1844 4009 1885 4083 ab
1904 4008 2054 4080 Alman-

676 4150 756 4201 sore
780 4126 1045 4204 Abbassidarum
1073 4131 1257 4205 Califarum
1282 4135 1323 4206 ll.
1355 4132 1487 4204 condita
1521 4141 1573 4202 est
1607 4150 1696 4201 anuo
1722 4124 1879 4222 ,Hegirae
1914 4124 2053 4198 CXLV.

675 4244 705 4315 J.
740 4242 778 4317 G.
813 4244 1009 4320 DOCLXII.
1062 4248 1180 4321 Nullus
1210 4272 1354 4344 unquam
1380 4270 1495 4320 eorum
1525 4240 1943 4337 constantinopolitanum,
1972 4243 2053 4313 Au-

675 4359 910 4434 tiochenumve
944 4362 1187 4454 Patriarcham,
1223 4365 1280 4438 vel
1307 4365 1399 4436 titulo
1427 4373 1522 4436 tenus
1553 4360 1742 4458 appellavit.
1802 4357 2053 4453 Hierosolymis

677 4475 810 4571 quidem
836 4478 925 4548 circa
953 4500 995 4549 ea
1021 4490 1174 4577 tempora
1201 4481 1320 4577 quibus
1346 4480 1469 4552 Franci
1494 4501 1634 4571 regnum
1667 4472 1877 4561 obtinebant,
1914 4477 2052 4545 anhsti-

675 4603 742 4665 tem
770 4614 851 4665 suae
878 4602 993 4666 sectae
1018 4595 1187 4670 habehant
1211 4596 1405 4685 Jacobitae3
1432 4617 1549 4666 verum
1565 4593 1691 4689 absque
1709 4587 1927 4663 Patriarchali
1943 4588 2051 4676 tiano,

674 4714 721 4784 ita
746 4721 783 4784 ut
808 4707 881 4784 solo
907 4711 1157 4810 Metropolitani
1182 4713 1309 4787 honore
1335 4713 1509 4806 gauderet.
1571 4712 1675 4784 Suum
1707 4730 1840 4805 quoque
1866 4705 2050 4801 Metropo-

618 4884 621 4891 ·
674 4830 766 4904 litam
791 4834 826 4902 in
850 4832 935 4905 urhe
961 4839 1077 4903 sancta
1102 4830 1295 4903 Nestoriaui
1320 4832 1545 4916 instituerunt,
1573 4827 1727 4923 quodque
1754 4845 1901 4900 summae
1921 4820 2049 4895 absur-

676 4950 786 5023 ditatis
819 4961 890 5041 est,
926 4958 1046 5022 contra
1082 4944 1255 5019 Caranum
1287 4946 1511 5019 Nicaeuorum
1544 4945 1814 5041 dispositionem,
1844 4943 2048 5033 vigesimum

676 5067 858 5142 secundum
882 5070 975 5139 inter'
994 5064 1228 5159 Metropohtas
1254 5063 1366 5136 locum
1393 5062 1628 5150 attribuerunt,
1660 5063 1715 5156 qui
1740 5063 1864 5157 primus
1891 5059 2048 5142 omnium,
