4525 6034
681 553 758 628 458
1194 552 1553 632 LITURGIA

785 739 961 814 Sacerdos
993 743 1186 814 iucliuutuc.
1239 739 1404 829 Sanctus,
1444 738 1604 830 Sanctus,
1646 740 1790 816 Sanetus
1835 768 1873 817 es
1913 746 2047 818 Domine

680 866 819 953 potens,
849 862 905 953 qui
932 863 1043 931 omnia
1071 858 1261 932 sanctificas
1279 879 1342 952 per
1359 859 1578 930 sanctitatem.
1631 849 1773 932 Sunius
1795 861 2047 952 Putersanctus,

682 974 737 1067 qui
777 995 815 1045 es
851 978 949 1067 origo
985 979 1181 1048 sanctitatis.
1240 972 1385 1045 Sanctus
1421 973 1523 1045 Filius
1565 983 1719 1063 sanctus,
1760 978 1817 1069 qui
1851 998 1889 1048 es
1921 975 2048 1048 effector

680 1091 874 1161 sanctitatis.
928 1090 1073 1163 Sanctus
1099 1090 1242 1186 Spiritus
1269 1098 1418 1175 sanctus,
1446 1092 1502 1184 qui
1528 1112 1567 1163 es
1593 1087 1670 1162 lons
1687 1094 1899 1181 sanctitatis,
1924 1095 2047 1164 sancti-

679 1202 742 1274 fic'a
770 1225 832 1276 nos
858 1228 921 1301 per
947 1217 1065 1280 sancta
1090 1217 1169 1296 tua,
1198 1228 1219 1278 o
1246 1204 1470 1279 sanctificator
1496 1204 1715 1293 Sanctorum3
1750 1206 1873 1278 munda
1904 1230 1966 1280 nos
1993 1229 2048 1302 per

679 1320 872 1414 puritatem,
900 1322 1078 1395 mundator
1103 1345 1221 1394 eorum
1247 1324 1303 1415 qui
1330 1323 1436 1394 minus
1462 1325 1538 1416 puri
1564 1330 1657 1411 sunt,
1685 1332 1720 1393 et
1744 1334 1881 1417 praesta
1896 1322 1994 1398 nobis
2018 1332 2048 1393 ut

680 1456 754 1505 cum
782 1440 944 1530 puritate,
971 1461 1159 1511 mereamur
1185 1439 1306 1511 initiari
1332 1438 1502 1533 mysteriis
1528 1436 1635 1525 illius,
1662 1440 1717 1531 qui
1743 1460 1790 1508 ex
1804 1441 1963 1511 immenso
1985 1460 2047 1533 pe-

679 1548 759 1642 lago
786 1548 942 1626 bonitatis
970 1576 1053 1626 suae
1078 1556 1337 1627 communicavit
1363 1550 1461 1625 nobis
1488 1555 1650 1648 mysteria
1676 1574 1754 1642 sua,
1780 1564 1815 1625 et
1841 1552 2046 1626 deduxitnos

680 1663 722 1736 ad
749 1669 927 1759 imaginem
953 1673 1098 1763 regiam,
1125 1668 1301 1742 immolans
1327 1667 1427 1742 uobis
1459 1675 1589 1764 taurum
1622 1670 1824 1759 saginatum:
1859 1678 1892 1741 at
1924 1673 2048 1765 potavit

679 1802 742 1852 nos
768 1792 848 1879 potu
876 1804 958 1871 suo,
984 1796 1066 1881 potu
1093 1789 1200 1870 vitae,
1236 1808 1335 1880 quem
1367 1787 1499 1880 paravit
1531 1783 1630 1856 nobis
1657 1805 1759 1879 super
1789 1795 1885 1878 prata
1916 1789 2047 1881 pinguia

678 1893 877 1970 fortitudinis
905 1901 1138 1996 spiritualiter:
1165 1905 1240 1998 ipse
1267 1900 1370 1972 Filius
1398 1898 1550 1972 Christus
1576 1899 1670 1971 Deus
1696 1921 1810 1971 verus.

783 2011 960 2086 Sacerdos
981 2017 1120 2090 cleonae
1140 2040 1267 2089 uocem.
1321 2017 1386 2103 Qui
1411 2037 1485 2087 cum
1504 2014 1693 2087 voluntarie
1708 2013 1808 2087 homo
1822 2013 1930 2088 laetus
1948 2030 2046 2104 esset,

678 2139 778 2226 atque
810 2128 951 2204 humana
991 2137 1121 2218 omnia,
1158 2142 1305 2229 excepto
1336 2139 1492 2227 peccato,
1526 2129 1739 2227 perfecisset,
1773 2152 1841 2204 non
1875 2143 1988 2204 tarnem
2018 2137 2046 2205 in

677 2247 788 2340 gloria
815 2266 876 2318 sua
903 2251 1162 2323 immutationem
1189 2269 1310 2346 passus
1337 2256 1406 2336 est,
1432 2268 1543 2341 neque
1569 2246 1724 2318 divinitas
1750 2248 1824 2338 ejus
1850 2250 1966 2343 periit,
1994 2249 2046 2321 sed

678 2361 797 2434 ditavit
822 2362 1057 2437 humanitatem
1084 2375 1235 2437 nostram
1262 2363 1433 2434 divinitate
1459 2383 1536 2434 sua:
1563 2371 1597 2434 et
1622 2360 1731 2434 lactus
1758 2370 1812 2434 est
1837 2360 1938 2435 bomo
1966 2388 2044 2460 per-

677 2474 907 2565 lectus,‘cum
934 2487 1026 2552 esset
1051 2481 1146 2553 Deus
1180 2478 1367 2575 perlectus,
1400 2479 1446 2548 ita
1476 2488 1511 2549 ut
1537 2487 1629 2549 esset
1660 2487 1848 2573 utrumque,
1884 2501 1954 2552 nou
1987 2479 2044 2551 duo

678 2601 735 2663 aut
761 2592 875 2688 plura,
903 2593 964 2666 sed
989 2606 1185 2691 utmmque,
1211 2618 1273 2691 per
1300 2596 1546 2689 susceptionem
1572 2592 1735 2666 humanae
1769 2604 1925 2682 naturae,
1957 2596 2044 2666 Ver-

677 2703 757 2778 bum
790 2707 919 2781 scilicet
951 2732 1032 2782 caro
1058 2709 1183 2783 factum
1211 2713 1372 2784 existens.
1427 2710 1492 2796 Qui
1525 2731 1600 2780 cum
1633 2717 1735 2780 totam
1771 2709 2044 2804 dispensationem

676 2843 771 2895 suam
797 2823 987 2897 voluntarie
1013 2825 1284 2923 adimplevisset,
1311 2836 1346 2897 et
1372 2824 1414 2897 ad
1440 2828 1630 2921 passionem
1656 2824 1898 2913 voluntariam,
1934 2836 1969 2899 et
1992 2830 2044 2898 vi·

676 2935 826 3028 videam,
862 2938 923 3011 sed
955 2962 1023 3013 nou
1050 2944 1201 3015 meritam
1235 2944 1385 3030 veniret,
1418 2951 1535 3037 typum
1569 2961 1725 3032 magnum
1762 2950 1795 3013 et
1829 2963 1924 3038 spem
1961 2947 2043 3015 vitae

676 3050 809 3124 tradidit
835 3053 951 3143 uobis,
977 3079 1099 3152 panem
1129 3051 1145 3092 ³
1171 3057 1300 3131 scilieet
1326 3058 1381 3152 qui
1407 3054 1516 3128 lactus
1543 3065 1616 3128 erat
1635 3079 1758 3152 corpus
1774 3080 1870 3130 suum
1888 3071 2042 3144 sanctum

675 3166 828 3240 manibus
856 3174 980 3244 sanctis
1008 3183 1085 3246 ante
1112 3174 1229 3248 oculos
1251 3173 1367 3247 turbae
1388 3171 1623 3268 discipulorum
1639 3194 1775 3245 suorum
1793 3178 1925 3269 piorum
1945 3197 2041 3246 aoce-

675 3287 740 3378 pit,
767 3293 802 3355 et
828 3286 934 3358 oculis
960 3291 994 3358 in
1021 3287 1151 3362 coelum
1178 3290 1320 3363 elevatis
1348 3292 1533 3385 aspicieus,
1561 3297 1595 3360 et
1621 3299 1654 3360 te
1680 3290 1772 3361 Deus
1789 3291 2038 3368 Paterninum

676 3397 735 3468 tibi
770 3403 897 3492 gratias
930 3406 1017 3496 egit,
1056 3408 1070 3442 ⁴
1097 3405 1339 3494 lbenedixit,
1371 3413 1392 3488 †
1427 3404 1665 3492 sanctificavit,
1698 3412 1718 3487 †
1752 3404 1871 3496 fregit,
1908 3416 1942 3477 et
1974 3428 2041 3478 cum

676 3512 818 3602 edisset,
846 3515 936 3589 dedit
962 3518 1133 3616 discipulis
1161 3525 1229 3594 suis
1257 3524 1404 3611 sanctis,
1430 3531 1465 3592 et
1491 3520 1591 3606 dixit,
1619 3521 1780 3616 accipite,
1806 3518 1898 3591 edite
1924 3543 1971 3592 ex
1995 3543 2041 3592 eo.

675 3627 751 3700 lloc
779 3640 830 3703 est
856 3654 980 3729 corpus
1007 3658 1135 3725 meunt,
1163 3640 1270 3733 ipsum
1298 3636 1385 3731 quod
1411 3658 1474 3732 pro
1500 3634 1599 3708 vobis
1626 3645 1660 3707 et
1686 3657 1748 3731 pro
1784 3634 1893 3708 multis
1926 3641 1961 3707 in
1994 3658 2041 3707 me

676 3743 889 3819 credentibus
922 3748 1086 3843 frangitur
1113 3763 1147 3824 et
1173 3750 1329 3825 dividitur
1356 3751 1396 3825 ad
1425 3753 1650 3848 expiationem
1677 3750 1889 3839 delictomm,
1927 3763 1962 3825 et
1985 3775 2041 3823 re-

675 3862 868 3932 missionem
893 3876 1128 3959 peccatorum,
1155 3870 1325 3962 vitamqm
1350 3889 1472 3941 novam
1500 3869 1533 3938 in
1561 3879 1740 3940 aeternum.

777 3975 940 4070 Populus.
992 3982 1112 4055 Amen.
1711 3971 1717 3979 ’

778 4090 963 4166 Sacerdos.
1016 4094 1060 4167 Et
1085 4100 1217 4186 vinum,
1245 4097 1334 4193 quod
1360 4097 1544 4194 perlectum
1571 4109 1644 4170 erat
1669 4102 1807 4191 sanguis
1834 4102 1909 4192 ejus
1927 4103 2041 4196 pmpi-

674 4210 844 4297 tiatorius,
871 4217 950 4306 post
976 4232 1116 4284 coenam
1144 4212 1234 4285 illam
1261 4217 1455 4310 mysticam,
1483 4237 1557 4287 cum
1585 4238 1671 4309 aqua
1705 4223 1890 4310 temperate
1917 4219 2039 4288 miscu-

671 4325 774 4408 isset,
808 4328 935 4416 gratias
969 4329 1103 4418 egit,†
1136 4326 1328 4420 benedixit,
1359 4331 1387 4418 †
1414 4330 1651 4418 sanctificavit,
1685 4331 1713 4418 †
1740 4329 1897 4426 deditque
1931 4330 2039 4404 mrbae

671 4437 914 4534 Apostolomm
940 4453 1150 4532 sanctornm,
1177 4455 1211 4516 et
1237 4444 1335 4516 dixit:
1361 4447 1533 4542 Accipite,
1559 4444 1661 4518 bibite
1688 4468 1733 4517 ex
1760 4470 1803 4520 eo
1829 4470 1897 4520 vos
1914 4470 2039 4522 omnes:

671 4549 734 4622 llic
761 4562 814 4625 est
840 4558 978 4648 sangnis
1005 4579 1099 4631 meus
1127 4561 1183 4653 qui
1208 4582 1270 4655 pro
1297 4559 1396 4633 vobis
1422 4572 1456 4633 et
1481 4584 1543 4657 pro
1570 4560 1679 4634 multis
1704 4564 1737 4632 in
1764 4586 1818 4634 me
1834 4562 2038 4636 credenn'bus

672 4663 865 4757 ellimditur,
893 4679 928 4741 et
954 4669 1065 4760 datur,
1093 4672 1137 4745 ad
1163 4677 1391 4770 expiationem
1418 4676 1629 4765 delictorum,
1656 4681 1889 4751 remissionem
1915 4701 2038 4776 peeca-

672 4788 802 4873 tomm,
831 4795 865 4856 at
890 4789 994 4858 vitam
1020 4810 1144 4860 novam
1171 4792 1206 4860 in
1233 4789 1366 4864 saecula
1393 4792 1614 4866 saeculorum.

773 4897 936 4991 Populus.
989 4905 1128 4992 Amen„

773 5012 957 5088 Sacerdos.
1010 5015 1055 5090 Et
1081 5041 1156 5091 cum
1182 5024 1377 5118 mysterium
1402 5019 1467 5095 boc
1498 5022 1688 5098 tradidisset
1720 5029 1831 5098 coetui
1857 5026 2034 5124 discipulo-
