4525 6034
690 558 771 654 vm
1125 588 1641 668 nrssnnunuuo

687 767 788 842 MSS.
825 770 914 865 quod
950 771 993 843 de
1027 771 1118 844 nuilla
1151 773 1217 845 diei
1251 781 1379 870 potest,
1414 797 1525 871 neque
1558 775 1602 848 de
1638 784 1709 849 toto
1745 776 1875 850 illarum
1909 798 2050 874 corpore.

687 882 776 956 Nam
797 889 1014 980 praemittitur
1026 884 1191 983 [omnibus
1211 912 1252 960 ea
1270 913 1357 985 quae
1374 890 1476 986 Xysti
1499 890 1642 963 Romani
1661 890 1830 966 Pontificis
1857 890 1980 981 dicitu,
2001 874 2052 967 'cui

686 1000 781 1072 velut
806 1006 1008 1098 praecipuae
1034 1002 1180 1097 reliquas
1210 1005 1469 1078 accommodare
1495 1017 1660 1101 oporteat.
1702 1007 1829 1080 Verum
1847 1013 1994 1103 quamuis
2011 1012 2053 1083 ita

623 1212 627 1219 Ι
688 1137 728 1188 se
754 1106 878 1189 habeat
903 1122 937 1189 in
964 1118 1089 1212 aliquot
1113 1116 1351 1215 Manuseriptis
1379 1119 1579 1210 Codicibus,
1606 1125 1680 1214 ejus
1696 1145 1778 1197 usus
1799 1125 1985 1196 rarissimus
1996 1133 2052 1212 est,

688 1232 837 1306 stillam
864 1232 1033 1324 refingere
1059 1255 1203 1307 neeesse
1228 1234 1301 1323 luit,
1327 1247 1364 1309 ut
1390 1258 1474 1309 sana
1498 1236 1680 1309 videretur.
1731 1238 1780 1310 At
1804 1259 1919 1311 omnes
1944 1236 2053 1309 hitm-

565 1382 568 1387 ·
688 1351 779 1440 giam
805 1349 925 1422 Jacobi
952 1357 988 1420 ut
1012 1351 1227 1444 praeeipuam
1253 1361 1526 1446 repraesentant,
1560 1350 1649 1447 quod
1679 1373 1748 1425 non
1772 1352 1873 1425 modo
1901 1352 2052 1426 Jacobitis

688 1452 906 1537 observatum
934 1475 1011 1554 est,
1039 1464 1099 1537 sed
1125 1463 1310 1555 Melchitis,
1338 1487 1400 1539 seu
1416 1465 1639 1555 Orthodoxis,
1665 1469 1751 1539 inter
1777 1489 1863 1562 quos
1876 1467 2053 1540 Maronitas

686 1581 810 1672 primas
843 1587 957 1673 partes
988 1582 1023 1650 iu
1056 1578 1158 1673 Syria
1193 1600 1328 1674 semper
1361 1580 1519 1655 habuisse
1551 1602 1591 1653 se
1622 1582 1769 1672 jactant,
1803 1591 1838 1654 et
1870 1604 1891 1653 a
1924 1603 2052 1677 quorum

686 1692 844 1789 exemplo
871 1715 939 1765 non
965 1704 1038 1766 erat
1063 1693 1296 1766 recedendum.
1347 1694 1437 1767 Nam
1463 1698 1518 1790 qui
1544 1717 1654 1792 neque
1681 1694 1912 1769 Orthodoxam
1933 1696 2051 1769 Eccle-

685 1810 768 1880 siam
797 1818 997 1905 sequuutur,
1023 1813 1058 1881 in
1080 1808 1189 1880 forma
1209 1831 1383 1883 sacrorum
1401 1810 1608 1901 Officiorum,
1634 1832 1699 1883 nec
1714 1811 1946 1902 Jacobiticam,
1965 1823 2052 1891 erunt

683 1924 717 1993 in
743 1924 843 1995 nulla.
878 1923 1076 1998 Provocare
1101 1945 1205 2019 porro
1233 1924 1275 1997 ad
1301 1935 1438 1998 veteres
1455 1925 1601 1999 Codices
1628 1925 1949 2017 suosbiaroniticos,
1975 1948 2051 2024 quos

682 2058 782 2109 nemo
816 2037 920 2129 vidit,
950 2049 987 2111 ιιι
1020 2038 1105 2110 ordo
1138 2040 1193 2110 ille
1226 2050 1467 2135 praeposterus
1502 2039 1706 2132 stabiliatur,
1739 2045 1861 2135 nugari
1887 2054 1958 2131 est,
1984 2065 2050 2114 eum

591 2207 593 2213 .
681 2150 772 2223 nulla
799 2151 943 2248 Syriaca
968 2153 1117 2226 hlissnlis
1145 2153 1224 2226 editi
1249 2154 1402 2247 Liturgia
1429 2158 1473 2229 sit
1499 2178 1598 2251 quam
1618 2155 1795 2229 Jacobitae
1809 2180 1877 2229 non
1902 2157 2050 2249 habeant,

681 2288 750 2339 non
782 2267 883 2340 modo
920 2293 940 2341 a
975 2267 1158 2360 majoribus
1194 2279 1386 2365 acceptam,
1421 2270 1483 2343 sed
1516 2270 1688 2367 quasdam⁴
1711 2269 1753 2344 ab
1788 2271 1852 2345 illis
1888 2271 2049 2346 autoribus

682 2387 905 2479 compositas,
938 2386 994 2477 qui
1024 2386 1059 2455 in
1091 2383 1241 2476 ejusdem
1268 2394 1383 2458 sectae
1412 2384 1626 2482 professione
1658 2389 1826 2459 vixerunt
1887 2386 1927 2459 ld
1961 2390 2051 2461 etiam

677 2482 824 2591 hgnosci
850 2497 948 2569 iacile
974 2508 1085 2594 potest
1123 2522 1170 2572 ex
1202 2503 1446 2575 commentariis
1480 2501 1606 2597 aliquot
1636 2505 1671 2573 in
1696 2501 1868 2594 Litargias
1895 2501 2049 2597 Syriacis,

681 2618 737 2709 qui
762 2618 797 2686 in
822 2613 1036 2687 Bibliothecis
1063 2623 1263 2707 servantur,
1289 2615 1336 2688 illi
1363 2621 1468 2709 enim,
1494 2620 1581 2688 inter
1599 2638 1684 2712 quos
1697 2640 1780 2714 prae
1795 2620 1942 2692 caeteris
1959 2638 2048 2689 com-

678 2729 853 2802 mendatur
879 2734 908 2803 is
935 2733 990 2825 qui
1016 2731 1217 2827 Dionysium
1242 2731 1407 2807 Barsalibi
1443 2742 1593 2806 autorem
1629 2732 1747 2825 hebet,
1779 2755 1848 2806 non
1884 2732 1928 2804 ad
1957 2733 2049 2829 Xysti

679 2853 736 2914 aut
763 2848 916 2939 quamvis
944 2844 1060 2937 aliam,
1088 2846 1151 2919 sed
1177 2846 1220 2918 ad
1246 2847 1366 2920 Jacobi
1390 2847 1601 2941 Liturgiam,
1633 2859 1669 2921 ut
1701 2846 1744 2921 ad
1769 2855 1900 2919 textuum
1925 2851 2048 2942 prima-

678 2960 770 3029 rium.
790 2970 866 3031 sunt
892 2960 1152 3034 accommodati:
1179 2964 1245 3034 imo
1273 2973 1307 3034 et
1333 2985 1431 3058 quem
1456 2962 1666 3037 Echellensis
1693 2984 1798 3057 saepe
1824 2960 1974 3036 laudavit
1992 2960 2047 3034 sub

678 3079 813 3146 nomine
839 3075 978 3148 loannis
1005 3076 1175 3169 Maronis,
1202 3078 1353 3150 eamdem
1381 3077 1545 3175 explicat,
1573 3082 1725 3174 quamtis
1752 3076 1795 3148 de
1822 3098 1865 3148 eo
1894 3099 1997 3173 opere
2011 3081 2049 3150 sit

677 3211 886 3286 magnopere
913 3191 1136 3264 dubitandum.

364 3292 664 3403 ,⁰⁰⁸⁸‚¹¹¹³¹,t¹¹0⁸u¹¹¹¹¹l⁸j
781 3307 839 3378 XI.
868 3307 994 3380 Omnes
1028 3311 1125 3380 eham
1149 3308 1321 3402 hiturgias
1347 3308 1491 3382 Romani
1524 3307 1670 3382 editores
1702 3307 1831 3381 duobus
1857 3310 2046 3404 praesertim

351 3384 761 3530 ἓξῗὶᾞζᾚῖΐῗὲιοείε
787 3421 1072 3496 reformaverumt:
1099 3427 1134 3494 in
1159 3423 1269 3497 forma
1295 3422 1479 3496 verborum
1506 3422 1629 3496 Christi
1654 3425 1807 3497 Domini:
1835 3433 1870 3494 ει
1896 3428 1932 3495 in
1945 3424 2045 3496 luve-

677 3541 810 3609 catione
836 3538 979 3633 Spiritus
1006 3542 1123 3611 sancti.
1151 3538 1245 3610 Illam
1272 3538 1404 3632 quidem
1429 3537 1571 3611 formam
1599 3561 1684 3634 quae
1710 3536 1851 3610 Graecis
1878 3537 1994 3610 similis
2016 3541 2046 3608 in

675 3651 843 3747 plerisque
878 3662 951 3744 est,
984 3656 1119 3725 omnino
1157 3652 1378 3744 sustulerumt,
1412 3663 1449 3724 ut
1482 3676 1569 3748 quae
1601 3658 1636 3724 in
1662 3653 1782 3726 Latino
1812 3652 1956 3727 Canone
1989 3660 2044 3742 est

673 3768 810 3839 totidem
827 3767 944 3842 verbis
966 3790 1132 3863 expressa
1149 3767 1422 3858 substitueretur,
1449 3772 1560 3865 spisso
1578 3778 1689 3841 tamen
1710 3790 1844 3841 errore:
1872 3792 1949 3840 cum
1967 3790 2043 3864 par-

673 3884 807 3954 ticulam
833 3887 922 3954 euim
949 3906 1047 3979 quam
1074 3885 1155 3979 Syri
1181 3907 1202 3955 a
1230 3883 1370 3957 Graecis
1396 3884 1538 3976 habent,
1563 3907 1633 3957 non
1657 3888 1868 3980 receperint,
1896 3883 1959 3955 sed
1978 3886 2043 3976 ejus

672 3999 751 4070 loco
777 4003 834 4115 pi't
862 4021 947 4093 quac
973 4021 1042 4070 non
1069 4002 1175 4087 caim,
1204 4000 1266 4072 sed
1293 4007 1406 4071 uatem
1432 4000 1611 4092 significat,
1639 4011 1757 4073 contra
1780 3998 1880 4072 MSS.
1909 4002 2043 4071 omnium

672 4112 772 4184 iidem
799 4113 1033 4187 substituerint.
1086 4115 1124 4187 ln
1151 4114 1261 4187 forma
1288 4115 1331 4187 ad
1364 4116 1503 4189 calicem
1538 4115 1823 4203 consecrandum,
1859 4119 2043 4206 amatarius

557 4229 559 4232 ’
670 4229 755 4321 fidei
780 4230 852 4323 pari
879 4233 1009 4302 ratione
1036 4228 1242 4301 addiderunt.

382 4354 513 4410 revocatio
549 4362 661 4429 Spiritus
777 4343 850 4416 Xll.
903 4345 1155 4417 invocationem
1182 4345 1326 4440 Spiritus
1353 4348 1460 4419 sancti
1486 4348 1611 4441 pariter
1636 4348 1911 4437 immutaverunt,
1945 4347 1988 4415 ita
2010 4348 2042 4410 ut

347 4444 436 4496 '⁸⁰⁰⁶‘
674 4464 871 4533 sententiam
897 4459 985 4531 illius
1012 4462 1194 4550 orationis,
1220 4482 1289 4533 uon
1322 4460 1364 4533 ad
1398 4459 1622 4549 efficiendam,
1658 4471 1714 4532 aut
1740 4463 1851 4555 potius
1886 4479 2040 4533 consum-

672 4576 825 4647 mandam
854 4575 1092 4648 elementorum
1118 4578 1153 4646 in
1179 4598 1303 4671 corpus
1330 4586 1364 4647 ει
1378 4578 1576 4666 sanguinem
1592 4574 1714 4648 Christi
1728 4579 2039 4658 transmutationem,

672 4690 732 4763 sed
760 4690 802 4761 ad
828 4690 970 4763 fructum
997 4714 1044 4762 ex
1070 4712 1187 4762 eorum
1214 4692 1314 4784 digna
1329 4695 1543 4786 susceptione
1565 4689 1833 4786 percipiendum,
1859 4689 2039 4762 retulerint:

672 4828 747 4876 cum
775 4804 840 4877 alia
866 4806 986 4897 lectio,
1014 4804 1120 4900 qualis
1148 4808 1259 4877 estin
1286 4804 1426 4878 Graecis
1459 4803 1600 4896 iacobi,
1632 4804 1766 4896 Basilii,
1801 4803 2039 4902 Chrysostomi,

672 4919 978 5016 Alexandrinisque
1004 4920 1185 5013 Liturgiis,
1212 4924 1513 4995 vetustissimorum
1546 4920 1699 4993 codicum
1733 4922 1923 4992 testimonio
1957 4939 2037 4989 con-

671 5032 838 5127 firmetur,
873 5038 926 5107 cui
967 5035 1097 5108 accedit
1132 5036 1350 5110 Orientalium
1388 5041 1531 5110 omnium
1571 5056 1767 5110 consensus.
1829 5034 1936 5107 Veriti
1970 5039 2037 5107 sunt
