4525 6034
683 538 809 612 omm
941 502 944 509 ’
1030 544 1514 623 1111111111111111
1541 545 1714 624 cornua.

360 743 668 813 11111111111111-
784 731 954 805 Debemus
980 742 1092 804 tamen
1120 736 1293 826 cogitare,
1318 755 1386 804 non
1412 736 1445 806 11
1472 734 1553 808 solis
1579 758 1760 831 paucorum
1786 736 1918 829 Regum
1940 740 2059 809 nomi-

357 832 554 931 l³¹¹¹¹¹⁰¹¹¹³f¹¹¹¹¹¹
574 833 667 884 ‘ill‘
680 835 776 910 nibus
804 859 850 908 ex
877 834 1010 909 Graeca
1036 840 1199 934 scriptura
1227 836 1269 908 ad
1295 846 1452 933 posteros
1479 836 1646 930 deductis,
1673 843 1768 931 cujus
1788 863 1914 913 sumna
1928 864 2058 913 secuu-

359 935 410 987 Ψ
426 917 540 987 ⁶⁰P¹¹⁰³¹·
681 941 757 1013 dum
793 941 949 1014 diversos
986 950 1121 1012 autores
1155 943 1303 1013 varietas
1331 950 1402 1029 est,
1430 941 1628 1016 delitescere
1659 946 1787 1016 veteris
1820 945 2057 1039 Aegyptiacae

680 1047 814 1137 linguae
841 1043 1017 1140 reliquias,
1044 1044 1165 1116 sedin
1191 1043 1301 1116 multis
1334 1044 1424 1135 aliis,
1458 1069 1598 1140 quorum
1633 1049 1765 1139 insigne
1794 1070 1877 1142 prae
1911 1053 2055 1121 caeteris

681 1161 733 1223 est
759 1148 891 1244 Moysis
916 1170 1046 1219 nomen.
1098 1148 1148 1220 lta
1176 1149 1265 1220 111111
1291 1147 1476 1221 Pharaonis
1503 1151 1569 1222 lilia
1602 1151 1782 1247 appellavit
1816 1161 1852 1222 11
1884 1152 2057 1247 Scriptura

682 1263 841 1343 testatur,
869 1256 951 1346 quio
977 1252 1020 1322 de
1052 1274 1143 1345 aquo
1176 1252 1237 1323 tali
1266 1273 1348 1323 eum.
1407 1251 1576 1325 Hebraica
1608 1253 1715 1326 verba
1748 1257 1856 1346 magis
1892 1255 2056 1328 accedunt

682 1357 723 1427 ad
749 1379 871 1429 nomen
897 1355 1098 1449 Hebraioum
1124 1355 1223 1428 Mose
1249 1357 1363 1434 num:
1389 1357 1437 1429 At
1461 1357 1641 1454 Aegyptiis
1669 1358 1851 1446 veteribus,
1879 1369 1913 1430 11
1931 1357 2055 1454 Copti-

587 1547 589 1551 ,
681 1464 742 1551 tis,
768 1487 895 1556 μωοου
921 1482 1030 1553 aqam
1059 1482 1096 1533 σι
1124 1463 1305 1553 accipere,
1334 1483 1470 1554 capere.
1523 1460 1706 1534 Pharaonis
1732 1484 1853 1533 nomen
1879 1484 2056 1534 commune

681 1564 833 1638 onmibus
859 1562 1009 1655 Regibus
1035 1563 1107 1653 fuit,
1135 1566 1212 1658 quia
1238 1592 1355 1661 πουρο
1381 1566 1510 1659 Regem
1537 1565 1710 1657 significat.
1762 1562 1925 1659 Reliquae
1947 1588 2055 1638 voces

683 1672 716 1739 in
742 1668 914 1763 Scriptura
941 1689 1037 1739 sacra
1064 1676 1181 1741 extant
1206 1671 1447 1762 paucissimae,
1473 1691 1537 1740 nec
1563 1690 1623 1739 eas
1650 1667 1800 1763 perfecte
1827 1668 1868 1741 ab
1887 1668 2054 1740 Hebraeis

680 1794 741 1844 suo
769 1771 962 1859 charactere
989 1780 1260 1867 repraesentatas
1273 1769 1378 1844 fuisse
1391 1770 1573 1845 verisimile
1601 1774 1733 1844 omnino
1758 1782 1827 1862 est,
1854 1794 1921 1844 non
1943 1776 2051 1864 magis

678 1898 777 1970 quam
814 1877 980 1947 Persicas.
1038 1875 1087 1947 At
1119 1879 1154 1945 11
1189 1874 1262 1947 aliis
1295 1875 1521 1971 scriptoribus
1554 1873 1676 1946 multae
1707 1886 1885 1947 occurrunt
1916 1886 2054 1949 veteres

676 1982 925 2075 Aegyptiacae,
954 2001 1040 2074 quae
1068 2001 1142 2050 cum
1169 1981 1203 2049 11
1214 1977 1355 2074 Coptica
1380 1978 1492 2071 lingua
1518 1979 1682 2069 eamdem,
1710 2002 1808 2075 quam
1834 1978 1959 2051 Graeci
1985 2002 2053 2052 uo-

676 2092 764 2173 tant,
792 2082 1068 2175 significationem
1094 2081 1255 2171 habeant,
1279 2093 1451 2178 utramque
1482 2082 1628 2174 linguam
1662 2082 1813 2154 eamdem
1848 2104 1947 2173 esse,
1978 2082 2052 2155 hinc

679 2197 772 2258 certo
816 2195 1012 2279 argumento
1056 2186 1308 2257 demonstratur.
1375 2185 1476 2282 Apud
1513 2185 1720 2259 Herodotum
1761 2185 1901 2283 πίρωμι
1942 2187 2049 2257 tono.

679 2289 786 2362 Osiris
814 2301 866 2361 est
892 2287 1010 2390 οὐσίρι
1034 2290 1133 2383 filius.
1187 2291 1281 2385 Σβώ
1306 2293 1460 2361 scientia.
1500 2293 1580 2364 Χὲν
1602 2289 1742 2382 planta:
1770 2291 1846 2360 inde
1872 2286 2053 2388 χενόσιρις

675 2394 798 2488 planta
825 2394 979 2465 Osiridis.
1031 2390 1200 2490 >Ambage
1225 2395 1393 2486 Infernas.
1440 2389 1681 2492 Χώμαιφθα,
1709 2390 1843 2487 κόσμος
1869 2391 2051 2493 φιλήφαι-

679 2522 778 2587 στος,
806 2509 840 2569 11
867 2496 932 2570 1111
958 2518 1025 2570 111
1051 2521 1171 2594 pauca,
1201 2521 1286 2594 quae
1312 2501 1442 2571 notavit
1467 2502 1521 2570 vir
1548 2497 1758 2570 doctissimus
1785 2496 1944 2570 Claudius
1971 2497 2051 2570 Sal-

681 2605 823 2690 masius,
851 2604 906 2696 qui
931 2604 1055 2672 rectius
1083 2600 1124 2672 de
1151 2601 1264 2695 lingua
1293 2601 1451 2697 Coptica,
1479 2624 1577 2696 quam
1604 2600 1659 2672 alii
1682 2600 1923 2691 judicaverunt.

781 2717 837 2789 Ex
863 2718 926 2789 illis
952 2721 1052 2810 igitur
1079 2742 1166 2813 quae
1192 2718 1256 2790 huc
1286 2742 1392 2814 usque
1428 2718 1514 2790 dicta
1547 2728 1622 2791 sunt
1652 2727 1809 2788 constare
1844 2718 2049 2805 arbitramur,

680 2823 854 2918 Copticam
880 2821 1038 2914 linguam,
1058 2826 1111 2893 ex'
1131 2846 1195 2916 qua
1211 2822 1395 2916 Liturgiae,
1423 2844 1558 2916 quarum
1575 2824 1767 2894 versionem
1782 2843 1905 2893 novam
1924 2821 2049 2907 damus,

678 2930 913 3022 interpretatae
940 2936 1035 3015 sunt,
1061 2947 1171 3020 neque
1197 2938 1348 2999 veterem
1374 2925 1614 2999 Pharaonicam
1641 2925 1787 3017 linguam
1814 2946 1911 3013 esse,
1944 2947 2049 3019 neque

678 3054 724 3102 11
750 3032 1016 3127 Aegqqrtiorum,
1043 3029 1260 3124 Arabumque
1285 3030 1491 3127 Libycorum
1518 3032 1681 3102 sermonis
1709 3026 1901 3100 colluvione
1928 3038 2049 3118 natam,

678 3132 913 3206 multominus
947 3133 1093 3205 fictitiam
1129 3155 1228 3220 esse,
1262 3134 1323 3207 sed
1356 3135 1602 3230 Aegyptiacam
1630 3134 1778 3224 origine,
1812 3155 1898 3226 quae
1934 3132 2048 3207 muas

677 3243 874 3333 praesertim
898 3259 979 3309 usus
1005 3235 1235 3309 Ecclesiastici
1262 3260 1369 3311 voces
1396 3240 1540 3333 recepit,
1573 3235 1720 3308 colorem
1757 3247 1868 3306 tamen
1903 3238 2048 3306 nativum

679 3364 774 3413 suum
800 3346 846 3413 ita
872 3343 1040 3430 servavit,
1067 3350 1103 3411 ut
1131 3351 1285 3436 quantum
1312 3341 1354 3413 ad
1380 3344 1545 3414 nominum
1567 3337 1814 3434 verbommque
1841 3337 2048 3425 inflexiones,

678 3468 753 3515 cum
779 3445 901 3537 linguis
928 3441 1002 3515 aliis
1030 3444 1184 3516 omnibus
1209 3468 1382 3518 commune
1408 3443 1486 3515 nihil
1511 3441 1641 3516 babeat.
1690 3441 1794 3517 Usum
1827 3446 1926 3514 etiam
1955 3445 2047 3534 ejus-

680 3547 754 3617 dem
780 3547 913 3639 linguae
940 3546 1028 3641 apud
1054 3545 1260 3621 Christianos
1286 3552 1478 3645 Aegyptios
1510 3551 1662 3641 viguisse
1697 3550 1843 3641 passim,
1878 3544 1996 3618 saltem
2028 3568 2047 3616 a

678 3649 993 3722 lllubamedanorum
1020 3650 1232 3746 expeditione
1258 3654 1489 3749 Aegyptiace,
1520 3653 1717 3748 praesertim
1747 3654 1833 3721 inter
1865 3649 2045 3735 lacobitas,

681 3757 735 3848 qui
763 3753 881 3825 eadem
906 3754 1019 3847 lingua
1033 3753 1203 3846 Liturgias
1230 3780 1309 3829 suas
1335 3767 1425 3843 treS,
1451 3755 1567 3841 Officia
1583 3755 1874 3827 sacramentorum
1895 3755 2045 3839 omnium,

678 3856 901 3929 Psalmodiam
936 3856 976 3929 ab
1012 3861 1105 3929 annis
1137 3858 1226 3930 mille
1266 3871 1299 3932 et
1338 3859 1476 3955 amplius
1510 3857 1697 3947 celebrant,
1733 3858 1888 3953 illamque
1923 3868 2044 3928 1111-

679 3983 789 4051 cram,
825 3966 886 4033 etsi
923 3961 1041 4032 dudum
1068 3961 1192 4057 populo
1220 3967 1390 4056 ignotam,
1417 3968 1451 4035 in
1477 3968 1585 4035 sacris
1600 3971 1815 4049 conservant,
1842 3962 1937 4031 1111
1964 3962 2042 4030 actis

680 4074 712 4135 11
735 4067 957 4137 instrumentis
980 4064 1227 4139 Ecclesiasticis
1255 4069 1455 4141 solennibus.
1509 4068 1624 4162 ltaqrre
1646 4066 1766 4137 eadem
1794 4067 1924 4136 ratione
1961 4060 2043 4157 apud

679 4164 831 4264 Coptitas
850 4187 901 4241 'se
934 4167 1054 4258 habet,
1091 4179 1189 4264 atque
1215 4168 1323 4268 Syra,
1349 4172 1529 4245 Armenica
1556 4182 1591 4242 et
1618 4170 1831 4265 Aethiopica,
1858 4172 1945 4239 inter
1972 4167 2042 4261 Sq-

678 4293 755 4361 ros,
789 4274 959 4345 Armenos
986 4283 1019 4344 11
1044 4272 1248 4370 Aethiopes,
1277 4278 1331 4370 qui
1357 4276 1490 4366 vulgari
1522 4276 1634 4368 lingua
1661 4283 1794 4345 utuntur
1828 4275 1861 4343 in
1895 4291 2044 4345 sermone

677 4373 847 4465 familiari,
883 4375 924 4447 ah
954 4398 995 4447 ea
1018 4377 1119 4470 longe
1143 4378 1293 4469 diversa,
1327 4403 1413 4475 quae
1447 4382 1481 4451 in
1508 4383 1613 4451 sacris
1641 4377 1762 4450 Officiis
1788 4374 1874 4449 solet
1887 4376 2043 4470 usurpari.

677 4478 769 4551 Illam
805 4483 905 4573 igitur
938 4489 974 4552 ut
1002 4478 1148 4572 linguam
1187 4506 1317 4555 sacram
1349 4486 1594 4581 Aegyptiorum
1627 4479 1887 4553 Christianorum
1919 4478 2043 4550 censeri

679 4594 828 4677 oportet,
855 4606 965 4680 neque
991 4587 1201 4676 conjecturas
1227 4590 1376 4661 viromm
1404 4586 1604 4659 emditorum
1631 4589 1817 4659 contrarias
1836 4592 1958 4681 tantum
1977 4604 2042 4654 va·
2097 4606 2099 4609 ·

677 4686 791 4760 lituras
819 4691 1066 4781 existimamus,
1092 4700 1128 4761 ut
1154 4712 1244 4763 nova
1271 4691 1327 4765 vel
1353 4691 1463 4764 11111111
1490 4691 1647 4787 deinceps
1674 4691 1888 4761 existimetur.

1092 5018 1621 5063 ψ-
