4525 6034
667 543 758 650 '134
1075 537 1078 548 ’
1188 574 1549 652 urrunnun

682 758 720 823 de
743 761 828 842 panis
851 760 955 843 specie
977 780 1034 844 per
1051 754 1151 828 botta
1168 745 1327 845 τελειώσῃ
1345 760 1503 841 perficiat,
1526 761 1565 824 de
1587 762 1691 827 calice.
1738 758 1780 824 lta
1814 761 1893 825 enim
1923 760 2036 847 Grego-

680 861 760 940 riuS,
793 861 950 924 cavillandi
980 880 1021 923 ex
1049 862 1250 944 grammaticis
1272 860 1543 924 observatiunculis
1566 864 1755 926 occasionem
1776 863 1942 943 praecidit,
1973 862 2036 927 dum

680 960 808 1024 uocibus
830 977 903 1024 usus
926 968 988 1039 est,
1019 979 1096 1042 quae
1118 961 1309 1024 obscuritatis
1331 959 1406 1022 nibil
1428 961 1592 1025 baberent:
1619 971 1649 1025 et
1671 963 1697 1025 si
1721 980 1779 1043 qua
1801 961 1901 1025 iuerat
1921 963 1952 1025 in
1971 982 2039 1026 ma-

676 1059 740 1143 jori
761 1061 915 1144 Liturgia,
937 1060 1017 1123 illam
1039 1059 1167 1125 sustulit.
1210 1059 1289 1123 Nibil
1311 1068 1472 1142 praeterea
1494 1062 1524 1124 in
1546 1062 1680 1125 breviori
1700 1061 1757 1125 ista
1781 1064 1915 1126 occurrit
1936 1062 2039 1127 obser-

679 1157 822 1226 vandum.

1065 1851 1668 2054 LllUltGll
1783 1881 1785 1886 Ι

733 2206 1025 2326 sluour
1077 2207 1317 2328 arsur
1369 2209 1626 2327 rlrlu
1677 2207 2000 2382 nonnul.

1079 2478 1231 2549 Primam
1259 2478 1379 2549 Oratio
1407 2483 1487 2548 ante
1513 2476 1649 2549 Pacem.

750 2690 1093 2805 Tannomnmrnrmr
1120 2729 1155 2791 et
1180 2742 1310 2815 pacem,
1337 2729 1371 2791 et
1383 2722 1554 2792 caritatem
1569 2720 1723 2814 usquein
1750 2718 1934 2811 saeculum,
1959 2742 2045 2816 per-

677 2847 779 2933 petuo
806 2836 955 2909 concede
980 2834 1157 2908 Ecclesiae
1181 2846 1259 2908 tuae
1285 2846 1320 2908 et
1345 2836 1466 2909 ovibus
1493 2837 1607 2929 gregis
1640 2839 1703 2927 tui,
1729 2836 1889 2908 Domine:
1924 2846 1958 2908 et
1984 2859 2044 2909 re-

677 2952 824 3027 leremus
851 2950 911 3025 tibi
943 2952 1101 3045 gloriam,
1142 2961 1177 3023 et
1210 2950 1361 3041 laudem,
1405 2951 1566 3048 simulque
1598 2954 1769 3045 unigenito
1803 2950 1889 3026 Filio
1922 2963 1980 3024 tuo
2013 2963 2044 3024 et

679 3070 815 3167 Spiritui
841 3080 898 3143 tuo
925 3072 1148 3159 sanctissimo,
1174 3069 1276 3158 bono,
1304 3069 1473 3143 adorando
1510 3078 1544 3141 et
1576 3068 1776 3156 vivificanti,
1803 3067 1929 3165 tibique
1954 3092 2042 3142 cou-

677 3185 897 3261 substantiali:
932 3209 1020 3258 nunc
1046 3196 1081 3258 et
1106 3206 1240 3282 semper
1265 3191 1299 3258 in
1326 3187 1469 3260 saecula.

781 3304 941 3397 Populus.
992 3304 1111 3375 Amen.
1400 3293 1403 3300 ¹

780 3420 960 3492 Diaconos
985 3419 1071 3490 dicit
1095 3418 1253 3492 Mediam.
1301 3418 1435 3492 Stemus
1458 3419 1630 3510 decenter,
1657 3441 1801 3510 oremus,
1828 3419 2040 3493 confiteamur

677 3547 711 3608 et
738 3536 928 3626 adoremus,
954 3546 1018 3608 etc.
1352 3525 1355 3534 ’
1556 3617 1558 3620 ,

780 3652 966 3724 Sacerdos.
1017 3653 1054 3725 ln
1086 3663 1131 3740 te,
1167 3652 1327 3741 Domina,
1360 3651 1596 3725 benedicamur
1629 3676 1764 3744 omnes,
1791 3664 1826 3725 et
1851 3653 1945 3747 digni
1968 3654 2038 3726 elli-

678 3770 802 3840 ciamur
829 3768 942 3840 ultimo
969 3767 1026 3842 illo
1052 3766 1156 3858 bono,
1183 3767 1271 3864 quod
1296 3780 1447 3863 paratum
1474 3779 1526 3842 est
1552 3767 1736 3844 bominibus
1757 3769 1921 3867 pacificis.

779 3885 941 3978 Papulae.
993 3885 1113 3958 Amen.

779 4002 964 4075 Sacerdos.
1016 4000 1306 4074 Abalienationem
1334 4027 1355 4074 a
1381 4004 1569 4098 praestigiis
1595 4007 1745 4100 peccati,
1780 4016 1814 4076 et
1847 4005 2036 4078 familiarem

675 4119 897 4193 habitudinem
925 4119 977 4192 ad·
993 4141 1097 4215 opera
1118 4121 1277 4211 justitiae,
1304 4130 1474 4215 praestent
1498 4119 1595 4193 nobis
1621 4119 1705 4194 haee
1729 4125 1891 4218 mysteria
1917 4134 2036 4209 sanda,

676 4237 978 4334 pensitationem,
1004 4256 1102 4330 quam
1128 4233 1188 4307 tibi
1214 4233 1399 4328 oderimus,
1424 4237 1578 4328 Domine,
1609 4247 1643 4309 et
1668 4237 1853 4312 referemus
1880 4239 1940 4312 tibi
1965 4238 2037 4334 glo-

675 4356 771 4442 riam,
793 4360 855 4423 etc.

779 4468 941 4563 Papulas.
994 4469 1114 4542 Amen.

778 4586 967 4657 Diaconos.
1018 4581 1106 4657 Date
1131 4585 1264 4659 Pacem.
1624 4605 1630 4629 ·

780 4701 956 4774 Sacerdos
981 4701 1042 4771 dat
1067 4701 1196 4775 Pacem
1221 4703 1328 4774 altari
1353 4726 1397 4774 ao
1423 4701 1506 4773 illud
1538 4702 1729 4775 osculatur:
1765 4704 1893 4800 dalpue
1922 4729 2032 4802 pace·

676 4818 848 4908 Βίαοοηο,
861 4825 902 4899 ,ct
921 4818 1014 4892 dicit.

781 4936 856 5008 Pax
881 4934 949 5031 tibi,
977 4937 1080 5010 altare
1106 4936 1180 5027 Dei,
1207 4947 1241 5010 et
1265 4937 1340 5010 Pax
1364 4941 1532 5033 mysteriis
1559 4950 1720 5034 superte
1745 4943 1873 5037 positis

781 5053 830 5125 Et
855 5054 1016 5126 Diacorm
1043 5055 1137 5126 dicit.
1188 5055 1264 5127 Pax
1296 5050 1366 5142 tibi,
1398 5052 1550 5128 Diacone
1576 5053 1717 5151 Spiritus
1744 5062 1860 5131 sancti.
