4525 6034
552 578 605 655 ΑΙ)
627 575 835 654 blTUllGlhll
857 576 1051 659 COPTIGAM
1071 579 1102 657 S.
1121 580 1267 658 BhSllll.
1525 585 1597 658 191

228 780 329 826 coram
350 762 452 824 altari:
475 763 503 823 si
525 761 654 825 adiuerit
675 762 863 844 Episcopus,
886 761 970 825 solus
993 762 1074 825 illum
1106 764 1307 829 osculabitur:
1332 767 1357 828 si
1381 768 1481 831 nullus
1510 769 1599 851 adsit,

111 878 122 891 ·
227 862 414 926 Sacerdotes.
460 861 535 924 'lum
558 863 665 924 iterum
689 861 826 924 adoletur
848 863 1022 941 incensum,
1046 870 1077 925 et
1102 864 1235 927 Diacono
1258 865 1392 944 dicente,
1422 868 1508 931 State
1531 890 1599 932 cum

224 963 345 1037 amore,
367 960 521 1044 subjungit
551 960 717 1041 Sacerdos,
747 961 783 1023 ln
805 964 924 1024 nemine
945 961 1012 1026 Dei.
1057 963 1168 1025 lterum
1196 964 1333 1028 incensat
1366 967 1517 1031 Sacerdos
1549 968 1598 1030 di-

224 1068 310 1123 cente
332 1062 480 1137 Diacono,
515 1047 720 1144 Ediciyqaov,
742 1059 893 1123 Benedic:
922 1069 952 1123 et
983 1062 1072 1137 dicit,
1100 1063 1222 1124 Initium
1249 1063 1411 1145 Evangelii
1435 1069 1598 1129 secundnm

221 1156 418 1235 hetthaeum,
440 1160 595 1235 Marcum,
618 1168 675 1222 eto.
718 1159 824 1223 Lectio
846 1163 948 1222 saneti
967 1161 1142 1241 Evangelii,
1177 1180 1255 1241 quac
1283 1165 1377 1225 verba
1401 1163 1518 1228 Graece
1548 1166 1598 1228 di-

222 1267 349 1338 cnntur,
371 1267 402 1321 ut
425 1268 585 1322 annotatur
606 1261 637 1321 in
660 1260 797 1322 omnibns
827 1260 990 1323 codicibus.
1032 1247 1132 1345 Ἀρχὴ
1160 1249 1353 1344 εὐαγγελίου
1382 1251 1465 1326 nurci
1494 1265 1597 1326 Mac-

219 1358 332 1435 Saiov,
352 1356 408 1420 καὶ
421 1347 571 1444 Μαρκόν,
592 1347 676 1422 nacci
697 1355 840 1435 Λουκᾶν,
861 1349 946 1421 narei
964 1346 1123 1442 Ἰωάννην.
1167 1348 1274 1443 Ἁγίου
1296 1349 1486 1446 εὐαγγελίου
1510 1349 1597 1426 ἄνᾶ-

218 1474 359 1540 γνωσμα
404 1458 465 1523 Sed
486 1459 581 1521 verba
603 1461 678 1522 mire
701 1465 846 1539 corrupta
872 1467 956 1538 sunt,
979 1467 1012 1520 ut
1035 1457 1152 1521 Graeca
1176 1460 1284 1524 omrria.

311 1558 384 1619 Tum
408 1559 505 1621 adhuc
527 1561 681 1637 incensat,
705 1566 736 1620 et
759 1558 869 1620 dicitur
891 1558 1028 1640 Coptica,
1057 1559 1184 1620 Verbum
1205 1557 1366 1639 Evangelii
1386 1560 1424 1624 D.
1447 1559 1484 1624 N.
1508 1560 1538 1623 J.
1563 1561 1595 1626 C.

216 1658 273 1736 ‚atti
293 1656 353 1719 Dei
379 1660 457 1734 aivi,
480 1661 532 1738 qni
552 1666 599 1719 est
625 1677 718 1738 usqne
744 1659 776 1719 in
805 1664 959 1718 aetenrum
985 1657 1135 1718 Donamus
1163 1666 1275 1719 noster.
1318 1657 1458 1721 lucensat
1487 1660 1597 1723 deinde

219 1757 401 1820 Sacerdotes
431 1767 461 1821 et
490 1758 579 1833 dicit,
608 1757 699 1820 Beati
726 1758 807 1819 amali
834 1759 929 1819 vestri
953 1759 1026 1838 quio
1053 1759 1170 1834 uident,
1200 1764 1229 1819 et
1258 1776 1351 1819 aures
1378 1766 1498 1821 ecanae
1525 1762 1597 1840 quia

219 1858 354 1918 erudiunt.
398 1857 493 1938 Digni
514 1857 683 1938 efficiamur
704 1857 831 1931 audire,
854 1864 884 1917 et
905 1856 1029 1919 obedire
1048 1856 1193 1935 faciendo
1207 1857 1404 1937 Evangelium
1422 1865 1504 1919 tunm
1522 1878 1597 1920 son-

219 1963 297 2017 etum
322 1976 383 2035 per
406 1977 517 2036 preces
546 1959 677 2018 amnium
706 1963 880 2017 sanctorum
911 1952 1038 2019 tuorum.
1092 1956 1167 2017 'lum
1201 1956 1239 2017 ad
1267 1956 1367 2018 locum
1393 1955 1596 2021 Diaconorum

219 2072 388 2117 conversus
425 2064 456 2117 et
489 2056 577 2117 thure
614 2054 684 2117 dato
719 2054 808 2131 dicit,
844 2053 982 2116 Adorate
1017 2054 1216 2134 Evangelinm
1244 2054 1368 2116 Domini
1397 2059 1497 2117 nostri
1524 2062 1597 2119 dean

220 2153 341 2217 Christi.
378 2155 488 2217 Postea
510 2162 569 2217 stat
592 2155 630 2216 ad
653 2154 731 2216 latus
754 2154 875 2231 altaris,
899 2172 996 2234 usque
1019 2154 1088 2216 dum
1111 2154 1193 2216 linita
1215 2153 1306 2216 luerit
1328 2154 1418 2217 lectio
1436 2153 1596 2237 Evangelii

219 2253 362 2334 Coptica:
392 2262 525 2335 tuncque
554 2254 721 2316 incensabit
752 2255 830 2315 sicut
858 2254 956 2333 prius:
986 2254 1154 2335 iterumque
1185 2253 1280 2317 altare
1309 2254 1494 2333 incensabit,
1529 2272 1598 2315 cum

218 2354 368 2434 interpres
402 2352 499 2416 dicet:
533 2353 657 2415 Domini
689 2360 719 2414 et
750 2352 809 2414 Dei
840 2354 953 2414 nocui:
988 2351 1107 2414 tandem
1140 2351 1371 2415 circumferetur
1397 2353 1596 2435 Evangelium

219 2454 294 2514 sicut
316 2455 415 2532 priuS,
439 2460 470 2514 et
491 2451 628 2514 dicentur
650 2454 814 2515 orationes.
859 2452 974 2514 Eadem
1002 2451 1096 2515 ierrne
1126 2452 1270 2535 leguntur
1297 2452 1376 2533 npud
1407 2452 1596 2533 Abulbircat,

219 2571 294 2633 quae
318 2553 428 2613 iterum
453 2553 518 2633 ejus
540 2551 643 2614 verbis
667 2569 819 2632 reponere
843 2568 972 2613 necesse
995 2569 1056 2613 non
1079 2560 1143 2614 est:
1166 2552 1310 2615 observat
1333 2559 1456 2630 tantum,
1479 2551 1596 2616 Diaco-

221 2669 288 2712 num
308 2651 430 2731 quando
453 2650 545 2734 legit,
579 2657 701 2712 vertere
724 2670 759 2712 se
782 2649 819 2712 ad
842 2648 1013 2713 Orientem:
1037 2652 1232 2715 Sacerdotem
1255 2653 1306 2733 qui
1328 2652 1366 2714 ad
1396 2650 1490 2714 altare
1520 2660 1596 2731 stat,

218 2752 294 2814 verti
317 2750 356 2812 ad
379 2749 584 2812 Occidentem.
630 2749 662 2811 ln
692 2750 811 2829 antiqua
842 2748 997 2811 Canonum
1027 2750 1217 2814 diversorum
1246 2749 1435 2814 Collectionc
1463 2758 1595 2829 notatur,

218 2850 332 2930 pulsari
356 2867 536 2930 campanas,
567 2848 684 2931 ligneas
714 2867 823 2930 nempe
846 2848 912 2910 illas
935 2867 1060 2929 quarum
1083 2851 1112 2912 in
1142 2849 1266 2913 Oriente
1298 2850 1377 2930 apud
1408 2849 1595 2912 Christianos

132 2956 135 2967 '
218 2966 290 3011 usus
314 2957 373 3013 est.
417 2948 463 3011 De
488 2947 617 3011 lectione
646 2966 703 3028 per
730 2948 895 3010 Diaconum
926 2949 967 3009 ita
989 2948 1094 3011 scribit
1118 2947 1238 3011 Gabriel
1261 2948 1443 3011 Patriarcba.
1485 2949 1596 3030 Legem

218 3046 304 3110 nentia
327 3048 446 3129 legebat
466 3050 527 3109 nisi
548 3049 719 3125 Sacerdos,
751 3056 805 3109 aut
831 3046 1004 3128 Propheta:
1035 3057 1123 3130 atque
1152 3057 1315 3129 eapropter
1339 3048 1452 3110 Patres
1479 3051 1597 3110 corasti-

218 3155 354 3223 tuerunt‚
384 3154 419 3208 nt
443 3146 640 3227 Euangeliam
673 3166 734 3208 non
762 3148 911 3227 legeretur
939 3150 1000 3209 nisi
1021 3167 1042 3209 a
1070 3148 1255 3224 Sacerdote,
1289 3150 1370 3228 quod
1397 3146 1488 3209 etiam
1515 3148 1598 3226 apud

217 3267 322 3308 omnes
343 3249 484 3308 nationes
502 3246 564 3325 suit
585 3246 787 3308 obseruatum.
831 3247 903 3307 dam
924 3267 998 3309 cero
1021 3267 1077 3310 usu
1103 3256 1256 3327 receptum
1283 3255 1330 3309 est
1355 3255 1388 3308 ut
1417 3247 1490 3308 illud
1518 3248 1599 3326 legat

216 3346 392 3419 Diaconns,
415 3355 503 3426 atque
525 3347 643 3407 interea
664 3353 726 3406 stat
746 3346 918 3421 Sacerdos,
937 3346 1022 3425 secie
1044 3348 1087 3408 od
1109 3346 1301 3409 Occidentem
1323 3359 1482 3409 conuersa.

305 3445 402 3507 Porro
426 3444 546 3507 exiliis
570 3463 647 3525 quae
671 3444 730 3508 huc
756 3463 852 3526 usque
885 3451 1022 3507 autorum
1053 3448 1187 3527 ipsorum
1219 3447 1319 3508 verbis
1348 3447 1487 3526 exposita
1517 3450 1596 3521 sunt,
1644 3464 1717 3516 qim,
1741 3463 1784 3516 qv,
1811 3478 1921 3531 respon-

217 3546 318 3608 statim
349 3547 524 3626 agnoscitur
546 3546 621 3606 ntus
645 3544 695 3606 ille
725 3564 814 3625 quem
837 3544 946 3607 Graeci
969 3546 1122 3627 appellant
1153 3534 1447 3630 hieremia-sicodor.
1492 3545 1520 3607 ls
1550 3552 1597 3606 est
1610 3551 1655 3602 det
1672 3549 1829 3603 Graecorum
1840 3550 1923 3619 μικρᾷ

218 3654 318 3707 autern
348 3644 534 3705 circumlatio
558 3642 678 3706 Codicis
702 3643 878 3727 Evangelici
902 3663 968 3706 curn
999 3663 1127 3726 pompa,
1152 3646 1251 3708 cereis
1275 3651 1306 3706 et
1328 3645 1427 3721 thure,
1451 3659 1595 3724 procum·
1610 3634 1708 3703 stedia.

217 3746 358 3808 bentibus
381 3746 514 3821 interca,
538 3746 589 3823 qui
612 3745 640 3804 in
663 3741 802 3805 Ecclesia
825 3752 904 3822 sunt,
930 3762 1032 3806 coram
1055 3743 1178 3821 codice,
1201 3745 1253 3825 qui
1274 3744 1368 3806 verba
1385 3742 1494 3805 Christi
1518 3759 1596 3804 con·

218 3846 302 3907 huet.
347 3842 394 3905 De
416 3862 452 3904 ea
474 3842 636 3904 videndum
660 3842 847 3904 Graecorum
868 3843 1103 3927 Enchologiunr,
1133 3854 1164 3906 et
1187 3863 1266 3927 quae
1290 3845 1327 3906 ad
1357 3863 1436 3906 num.
1461 3842 1511 3905 at.
1535 3859 1596 3902 no·
1643 3860 1748 3913 Euctot
1763 3877 1790 3928 p.
1810 3859 1870 3910 124.

218 3953 316 4007 tarum
339 3943 369 4004 in
393 3941 602 4022 chrysostomi
619 3940 787 4024 ‚liturgiam
802 3942 931 4005 Goarius
955 3942 1138 4023 observavit,
1162 3952 1195 4006 ut
1218 3953 1248 4007 et
1262 3943 1446 4006 Glossarium
1459 3943 1596 4005 Graeco-

216 4043 379 4106 barbarum
401 4041 432 4102 in
454 4057 532 4103 vince
555 4029 698 4113 bisadoc

307 4142 393 4214 Quae
429 4158 522 4221 porro
559 4140 597 4201 ad
632 4141 848 4221 posteriorem,
884 4143 1069 4222 istarumque
1098 4149 1267 4222 temporum
1297 4140 1483 4221 disciplinam
1515 4140 1595 4201 circa
1626 4148 1920 4219 Librtltvangetimum.

216 4242 378 4325 Evangelii
400 4238 559 4302 lectionem
589 4241 757 4320 pertinent,
796 4258 832 4302 ea
862 4247 922 4302 tarn
945 4248 1086 4303 accurate
1122 4241 1274 4322 explicant
1307 4242 1446 4302 rubricae
1482 4238 1596 4301 codicis

216 4342 322 4423 Regii,
358 4358 433 4421 quas
467 4341 714 4419 interpretatione
753 4348 858 4402 nostra
887 4340 1061 4418 retulimus,
1097 4348 1129 4401 ut
1159 4339 1248 4421 adjici
1276 4339 1346 4402 nihil
1377 4347 1476 4419 quent.
1511 4338 1596 4410 Oua-

217 4439 255 4501 lis
279 4447 364 4502 esset
397 4439 541 4500 librorum
574 4438 733 4520 Evangelii
764 4439 860 4501 forma
895 4441 1005 4521 major,
1037 4457 1144 4501 eorum
1174 4441 1350 4520 praesertim
1380 4439 1430 4518 qni
1454 4437 1490 4499 ad
1518 4437 1597 4499 alta-

217 4541 263 4601 ria
286 4545 488 4620 usurpantur,
506 4537 635 4619 Judicari
658 4546 759 4618 potest
782 4559 822 4601 ex
845 4540 1033 4619 inspectione
1056 4538 1123 4600 talis
1148 4537 1260 4601 codicis
1291 4540 1342 4619 qui
1371 4544 1454 4601 extat
1484 4538 1514 4599 in
1544 4537 1598 4599 Bi-

217 4637 370 4699 bliotheca
393 4636 490 4718 Regia
520 4636 684 4717 majoribus
713 4637 808 4700 literis
837 4640 968 4718 scriptus
997 4639 1028 4698 in
1056 4637 1229 4700 membrana
1260 4656 1327 4699 cum
1357 4637 1477 4719 liguris,
1509 4656 1599 4701 manu
1644 4672 1649 4682 ·

216 4733 375 4798 Michaelis
398 4736 610 4817 Metropolitae
632 4736 845 4815 Damiatensis,
869 4745 899 4800 et
923 4736 1042 4800 oblatus
1059 4738 1162 4799 Marco
1185 4736 1385 4813 lilioZaraae,
1408 4736 1599 4799 Patriarchae

217 4831 445 4913 Alexandrino,
481 4837 532 4915 qui
568 4835 722 4898 ordinatus
752 4844 799 4899 est
829 4855 876 4899 au.
922 4838 1086 4919 Martyrum
1117 4834 1343 4899 DCCCLXXX.
1378 4836 1453 4898 lesu
1489 4835 1600 4899 Christi

218 4931 379 4997 nctxtv.
425 4933 532 5015 Neque
553 4942 586 4996 ut
608 4935 747 5016 plerique
771 4936 819 4998 alii
833 4936 966 5011 codices,
991 4936 1160 5018 adjunctam
1182 4936 1273 4998 habet
1295 4955 1312 4997 e
1332 4937 1461 5019 regione
1476 4938 1599 4999 versio-

219 5050 288 5093 nem
310 5033 483 5098 Arabicam.
529 5034 758 5107 Observandum
787 5054 907 5117 quoque
931 5043 979 5098 est
1007 5034 1255 5098 consuetudinem
1281 5034 1374 5100 luisse
1404 5037 1435 5097 in
1460 5034 1599 5099 Ecclesia
