4525 6034
470 628 473 637 ν
564 579 620 658 ΙΝ
649 578 938 658 LITURGIAS
972 578 1248 658 Sl'thChS.
1301 648 1304 657 ι
1541 580 1591 656 79

224 765 346 827 molatio
367 762 490 828 Missae.
534 765 631 827 Prima
654 773 701 828 est
731 764 769 827 od
790 764 929 846 vigiliam
950 763 1065 828 Natalis
1087 764 1223 827 Domini:
1251 763 1345 828 altera
1372 764 1403 827 in
1432 766 1498 846 ipsa
1525 766 1590 831 die:
1638 782 1669 837 Ρ.
1686 785 1751 839 rra.
1767 785 1829 837 tta.

223 881 281 926 nna
304 862 343 926 de
365 871 469 927 sancto
493 862 657 946 Stephano,
679 884 758 946 quae
787 872 934 927 vocantur
960 864 1145 927 Contestotio
1171 864 1303 926 Musae:
1334 864 1410 928 aliae
1438 866 1469 927 in
1497 865 1591 929 Missa
1637 869 1669 925 P.
1690 872 1752 923 ⁴3⁴-
1770 873 1833 924 438.
1849 872 1914 925 ⁴39·

222 962 275 1025 SS.
298 961 516 1043 Apostolorum
538 964 644 1028 Jacohi
666 973 698 1028 et
718 965 854 1039 loannis,
878 963 930 1028 SS.
955 963 1116 1026 lniautum:
1141 962 1403 1039 circumcisionis,
1432 973 1464 1027 et
1486 964 1590 1046 plures

222 1062 311 1126 aliae.
355 1062 447 1125 Pares
469 1071 677 1144 repraesentat
699 1063 820 1127 hlissale
841 1064 1026 1126 Francorum
1048 1062 1136 1125 simul
1158 1063 1277 1138 editum,
1298 1071 1385 1127 utet
1407 1063 1591 1128 Gallicanum

220 1162 465 1242 vetustissimum,
487 1163 540 1226 uhi
562 1162 747 1226 Contestatio
769 1181 889 1245 quoque
912 1170 943 1226 et
964 1164 1130 1226 lnnnoletio
1153 1163 1352 1244 appellantur.
1375 1164 1409 1226 ln
1431 1164 1488 1226 illis
1511 1165 1590 1228 enim

219 1260 344 1338 Officiis,
367 1261 515 1326 Praelatio
538 1262 617 1324 aliud
639 1264 759 1325 omnino
782 1262 948 1346 significat,
977 1280 1085 1343 nempe
1108 1261 1282 1325 Orationem
1304 1280 1383 1343 quae
1407 1263 1473 1327 aliis
1494 1283 1591 1347 prae-

219 1361 296 1425 mitti
317 1361 413 1423 solet:
435 1380 493 1443 qua
516 1362 733 1444 significatione
756 1363 796 1425 ita
820 1362 899 1443 apud
921 1379 978 1424 nos
1002 1361 1171 1442 appellatur
1200 1379 1248 1439 ea,
1272 1378 1350 1443 quae
1380 1363 1483 1445 incipit
1517 1365 1591 1427 Vere

218 1462 344 1542 dignum
365 1468 396 1522 et
407 1463 526 1540 jactam
547 1469 601 1525 est.
646 1459 689 1524 lta
721 1481 852 1544 qnoque,
876 1470 909 1525 ut
931 1461 1000 1524 olibi
1023 1463 1208 1541 monuimus,
1235 1462 1304 1526 illae
1335 1480 1413 1542 quae
1440 1472 1591 1528 vocantur

217 1559 301 1640 apud
323 1561 418 1643 Syros
440 1560 611 1638 Prooema'o,
634 1579 701 1624 cum
723 1561 913 1625 Praelatione
942 1580 1098 1625 commune
1119 1561 1192 1623 nihil
1215 1561 1334 1624 hahent.
1378 1563 1426 1625 Ex
1447 1563 1504 1627 hac
1526 1564 1590 1644 igi·

217 1667 271 1722 tur
306 1661 531 1741 comparatione
565 1663 639 1724 satis
668 1661 796 1746 intelligi
831 1670 933 1745 potest
964 1663 1084 1725 innoxio
1118 1663 1287 1725 orationum
1316 1661 1475 1726 diversitas
1509 1664 1589 1726 inter

217 1759 394 1822 Orientales
415 1767 446 1822 et
468 1760 692 1824 occidentales:
723 1770 756 1824 nt
785 1764 872 1826 etiarn
895 1764 975 1826 inter
997 1760 1130 1824 Graecas
1159 1769 1189 1824 et
1218 1763 1297 1825 inter
1322 1763 1422 1825 varias
1452 1763 1587 1844 ejusdem

216 1863 296 1922 ritus
319 1865 350 1921 et
371 1858 537 1937 Ecclesiae,
560 1879 659 1943 neque
681 1862 833 1940 novitatis,
857 1880 957 1943 neque
987 1861 1205 1944 suppositionis
1234 1861 1308 1925 dare
1336 1861 1490 1926 indicium:
1520 1881 1588 1926 cum

217 1962 339 2041 inipso
363 1957 468 2021 Latina
496 1960 621 2041 insignis
651 1960 767 2024 illarum
802 1962 980 2041 diversitas,
1011 1961 1121 2024 nullam
1151 1960 1309 2042 aliquando
1341 1961 1390 2024 vel
1418 1961 1588 2026 levissimae

217 2060 422 2121 contentionis
445 2076 564 2122 causam
588 2061 770 2141 praebuerit.

307 2158 346 2220 Ut
373 2164 471 2220 autem
499 2159 699 2244 conjungatur
733 2162 829 2226 oratio
859 2180 925 2224 cnm
955 2161 1066 2242 hyrnno
1095 2158 1279 2241 triumphali,
1315 2178 1402 2242 quern
1431 2157 1587 2239 Seraphim
1616 2182 1646 2235 1„
1658 2183 1820 2238 anelinum
1834 2187 1913 2239 must,

216 2258 369 2321 canebant
391 2257 468 2321 oller
489 2259 527 2322 ad
550 2259 686 2341 aarum,
710 2261 748 2325 de
771 2262 899 2344 Angelis
922 2280 1015 2342 saepe
1033 2260 1124 2323 multa
1146 2259 1373 2341 paraphrastice
1396 2259 1584 2342 adjiciuntur,
1600 2270 1747 2323 fimaturam
1769 2270 1802 2324 de
1819 2273 1912 2342 Ange-

117 2422 121 2429 ,
214 2360 261 2421 ita
284 2366 381 2421 tamen
410 2365 442 2419 ut
469 2375 488 2418 a
517 2359 635 2442 vulgari
663 2379 773 2424 novem
802 2362 945 2431 Ordinum
973 2360 1116 2422 coelestis
1140 2361 1311 2436 exercitus,
1336 2358 1504 2442 'theologia
1526 2356 1640 2420 nuntia

215 2458 390 2522 recedatur.
413 2457 496 2519 Illam
518 2460 597 2521 enim
618 2459 775 2524 Jacobitae
799 2462 969 2524 didicerunt
990 2479 1030 2523 ex
1050 2459 1197 2540 Dionysio
1211 2458 1369 2540 adscriptis
1392 2459 1486 2536 libris,
1511 2474 1588 2538 quos

213 2577 281 2622 non
310 2555 400 2619 modo
431 2556 581 2640 legitimos
609 2558 808 2638 arbitrantur,
839 2578 917 2642 quae
947 2561 1075 2623 omnium
1098 2558 1325 2641 'theologorum
1355 2567 1424 2622 ante
1451 2559 1590 2640 proxime

214 2659 357 2740 elapsum
378 2655 531 2719 saeculnm
554 2660 716 2721 communis
739 2660 841 2741 opinio
863 2658 935 2722 luit:
964 2660 1019 2722 sed
1049 2660 1136 2741 primi
1159 2658 1188 2720 in
1211 2657 1419 2740 Disputatione
1442 2660 1589 2721 adversus

215 2756 416 2821 Orthodoxos
438 2773 517 2819 anno
532 2757 694 2822 DXXXlV.
719 2758 978 2840 Constantinopoli
993 2758 1104 2837 hahita,
1126 2758 1165 2822 ad
1179 2758 1589 2839 testimoniumprotolerunt.

215 2858 285 2920 Jarn
309 2854 419 2918 dudum
440 2874 533 2937 porro
556 2857 594 2920 de
615 2857 674 2920 illis
697 2859 889 2922 consentiunt
910 2859 1028 2937 Graeci,
1053 2860 1193 2940 Syrique,
1217 2857 1395 2938 Orthodoxi,
1418 2858 1589 2921 Nestoriani

214 2964 251 3020 et
264 2956 430 3020 lacebitae.
454 2956 562 3020 lnaliis
585 2965 684 3021 tamen
707 2958 782 3021 locis
804 2960 963 3041 aliquando
980 2959 1144 3041 loquuntur
1162 2959 1261 3036 aliter,
1284 2966 1315 3021 et
1334 2959 1444 3040 passim
1466 2958 1590 3039 V‘tpilram

215 3054 421 3138 Angelorum,
443 3056 481 3119 de
512 3075 637 3137 quorum
668 3076 728 3122 uno
757 3058 863 3123 Daniel
886 3060 1004 3122 locutus
1027 3067 1091 3137 est,
1119 3057 1253 3121 ordinem
1277 3065 1419 3120 statuunt.
1463 3058 1508 3120 De
1531 3057 1589 3120 illis

216 3156 339 3219 erudite
361 3156 502 3219 nonnulla
525 3157 699 3220 observavit
721 3159 757 3222 V.
782 3158 815 3221 C.
838 3159 971 3222 loannes
992 3158 1127 3221 Morinos
1151 3158 1230 3219 notis
1251 3160 1283 3219 in
1298 3157 1509 3221 Ordinationes
1527 3156 1589 3238 Sv-

215 3274 339 3331 rorum,
362 3263 393 3318 et
414 3275 470 3319 nos
493 3256 550 3320 alia
573 3257 717 3338 quaedam
740 3259 778 3322 de
807 3258 951 3341 Angelis,
981 3258 1201 3323 Commentario
1231 3258 1269 3320 ad
1296 3257 1460 3341 liturgiam
1487 3256 1588 3319 Basilii

213 3353 386 3436 Copticam.

636 3619 711 3691 Hoc
738 3626 788 3692 est
815 3642 939 3714 corpus
963 3642 1079 3707 menen,
1109 3625 1173 3690 etc.
1635 3636 1665 3689 r.
1683 3637 1727 3690 31.
1746 3636 1763 3688 t
1782 3635 1826 3688 aa.

216 3882 220 3892 -
319 3828 411 3922 Quen
442 3848 677 3922 praecesserunt
699 3840 898 3922 explicatione
921 3858 982 3904 non
1003 3840 1156 3923 indigent,
1185 3856 1252 3901 curn
1279 3839 1389 3920 hymno
1417 3839 1587 3921 triumphali
1627 3857 1699 3910 meu.
1714 3862 1909 3927 pronunciatio·

215 3963 309 4027 quem
332 3946 460 4026 populos
484 3946 580 4019 canit,
603 3945 700 4023 dicto,
724 3943 873 4008 Sacerdos
896 3953 1033 4019 secreto,
1057 3947 1180 4027 primam
1204 3944 1370 4007 orationem
1392 3945 1585 4025 pronunciet:
1599 3946 1639 3997 ms
1658 3944 1796 3998 verborum
1814 3943 1933 4017 Christi!

212 4053 280 4107 tum
302 4044 444 4120 alteram,
466 4045 497 4106 in
520 4062 578 4125 qua
601 4052 812 4107 commemorat
834 4044 945 4107 Christi
969 4045 1114 4107 beneficia
1138 4051 1168 4106 et
1190 4042 1350 4106 salutarem
1372 4043 1437 4125 ejus
1461 4043 1586 4126 dispen-
1599 4030 1829 4084 Sacramenntinm.

214 4145 383 4223 sationem,
411 4143 589 4233 tandemque
616 4144 668 4205 uhi
689 4145 827 4225 pervenit
849 4145 886 4206 ad
909 4145 1080 4206 memoriam
1103 4142 1267 4205 taciendam
1290 4142 1441 4205 institutae
1463 4142 1586 4206 Eucha-

214 4242 338 4321 ristiae,
369 4242 468 4306 elevat
495 4246 617 4321 vocem',
646 4244 685 4306 ita
709 4250 742 4305 ut
764 4243 894 4325 populus
921 4243 1021 4305 audiat
1042 4260 1130 4305 sacra
1152 4243 1262 4321 verba,
1292 4242 1399 4323 quihus
1422 4243 1497 4306 fides
1520 4243 1585 4324 ejus

215 4344 378 4406 excitetur.

306 4441 340 4504 ln
361 4441 429 4504 Ritu
450 4439 658 4504 Alexandrino
681 4441 899 4523 interjiciuntur
920 4439 1151 4504 acclamationes
1174 4448 1204 4502 et
1226 4438 1431 4522 professiones
1455 4439 1524 4502 hdei
1546 4440 1585 4503 de

214 4541 276 4605 hoc
298 4543 455 4622 mysterio,
478 4541 545 4604 sive
566 4539 739 4621 perdoceri,
762 4541 827 4603 sive
848 4558 905 4622 per
920 4540 1146 4621 explicatiorem
1160 4538 1393 4616 consessionem,
1416 4538 1454 4601 de
1477 4539 1584 4620 quihus

215 4642 329 4705 dictum
352 4647 399 4703 est
426 4643 457 4702 in
478 4642 558 4703 notis
582 4640 618 4702 ad
642 4638 724 4702 illum
747 4640 854 4703 locum.
892 4638 925 4700 ln
947 4639 1077 4718 Graeco,
1099 4640 1277 4721 praesertim
1293 4639 1466 4715 recentiori,
1489 4640 1585 4720 qualis

215 4742 304 4825 viget
327 4741 365 4803 ab
388 4741 473 4804 annis
496 4741 653 4823 plusquam
676 4741 843 4802 sexcentis:
867 4740 1074 4803 caeremoniae
1096 4739 1209 4820 aliquot
1230 4738 1419 4821 adjiciuntur,
1444 4740 1585 4821 pietatem

216 4859 293 4904 sane
316 4848 348 4902 et
371 4840 459 4903 tidem
482 4840 520 4903 de
542 4841 672 4903 veritate
693 4840 831 4919 corporis
855 4846 887 4902 et
908 4840 1062 4924 sanguinis
1085 4836 1195 4901 Christi
1217 4838 1248 4900 in
1271 4838 1463 4901 Sacramenta
1485 4840 1586 4921 signi-

216 4941 354 5016 ficantes,
377 4941 432 5004 sed
451 4959 529 5020 quae
545 4940 705 5022 antiquitus
721 4938 900 5013 observatae
915 4938 1008 5002 inisse
1021 4956 1081 5000 non
1093 4936 1249 5001 videntur:
1272 4938 1310 5001 de
1323 4937 1430 5019 quihus
1443 4947 1584 5003 accurate

216 5042 359 5105 Goarius.
382 5040 527 5118 Asterem,
548 5057 657 5125 nempe
674 5041 739 5103 sive
755 5039 941 5103 Asteriscnm
965 5040 1015 5121 qui
1038 5039 1122 5102 disco
1139 5039 1298 5120 imponitur
1310 5037 1409 5101 elevat
1422 5034 1582 5119 Sacerdos,
1629 5033 1734 5088 &⁶⁵⁰1-
1748 5051 1774 5104 a·
1793 5033 1855 5088 136.
