4525 6034
674 556 752 630 eso
912 520 917 526 ’
1182 552 1542 631 etruscin

782 739 934 814 Becare
967 761 1092 810 oocem.
1154 738 1290 812 Illorum
1324 741 1378 834 qui
1411 750 1529 813 sancte
1562 740 1714 812 coronati
1743 747 1838 828 sunt,
1873 748 1908 811 et
1943 738 2039 811 adte

674 864 924 953 pervenerunt,
944 861 980 924 ut
1004 851 1199 926 fiducialiter
1226 854 1313 949 apud
1339 863 1374 926 te
1400 875 1463 950 pro
1489 852 1589 927 nobis
1614 857 1860 927 intercessores
1887 855 2039 940 existam

675 993 814 1067 quorum
842 968 1048 1042 orationibus
1075 968 1339 1064 acceptabilibus
1366 973 1546 1062 exstingue
1572 993 1593 1042 a
1620 968 1717 1042 nobis
1741 966 1895 1041 flammas
1911 970 2038 1062 peccat,

675 1100 710 1161 et
737 1107 854 1160 omnes
881 1084 1018 1157 insidias
1045 1085 1182 1177 maligni
1208 1085 1398 1181 deceptoris
1425 1088 1531 1158 nostri
1549 1106 1747 1181 compesce:
1774 1093 1810 1155 ut
1826 1082 1944 1157 scdulo
1959 1082 2039 1154 ollo-

674 1224 788 1276 ramus
815 1199 874 1272 tibi
900 1200 1155 1295 deprecationes
1182 1210 1317 1274 sanctas
1344 1211 1379 1272 et
1414 1202 1586 1293 unigenito
1617 1198 1704 1272 Filio
1740 1210 1816 1292 tuo,
1849 1209 1885 1270 et
1916 1197 2039 1293 Spiritui

676 1326 792 1392 sancto
819 1327 893 1401 tuo,
920 1337 1016 1386 nanc.

779 1430 940 1524 Papulas.
994 1430 1114 1502 Amen.

778 1547 954 1618 Sacerdos
987 1544 1180 1615 inclinatas.
1240 1545 1409 1618 Memento
1440 1548 1584 1620 Domine
1620 1549 1765 1619 omnium
1794 1544 2039 1641 Episcoporom,

673 1673 707 1733 et
732 1662 920 1734 Doctorum
946 1660 1124 1733 Ecclesiae
1153 1669 1230 1733 tuae
1257 1672 1407 1753 sanctae,
1435 1667 1491 1758 qui
1518 1663 1674 1752 aPetro,
1700 1661 1818 1751 Paulo,
1844 1662 1985 1750 toanne,
2008 1671 2039 1733 et
2091 1735 2097 1746 ,

674 1777 808 1849 Severo
836 1781 1028 1867 extiterunt,
1054 1776 1097 1846 ad
1123 1776 1209 1848 bauo
1233 1798 1341 1872 nsque
1364 1779 1461 1851 diem

779 1892 930 1963 fflecaraa
955 1914 1080 1963 oocera.
1115 1891 1249 1965 lllomm
1277 1897 1433 1988 quicum
1460 1893 1584 1986 gaudio
1610 1897 1837 1965 sustinuerunt
1859 1893 2039 1966 afflictiones

675 2016 813 2103 propter
838 2029 961 2079 nomen
987 2017 1076 2078 tuum
1104 2016 1272 2080 sanctum:
1309 2013 1365 2103 qui
1398 2009 1549 2106 perfecte
1583 2009 1781 2105 depulerunt
1806 2030 1955 2080 errorem
1980 2012 2039 2079 im-

675 2125 778 2218 pium,
805 2145 851 2194 ex
877 2121 1034 2195 cordurus
1061 2122 1259 2217 populorum
1286 2128 1318 2196 in
1345 2127 1533 2216 ignorantia
1559 2127 1781 2198 versantium:
1808 2123 1952 2218 illosque
1969 2124 2039 2196 illu·

675 2249 867 2311 stravemnt
892 2241 1117 2334 promissione
1144 2261 1265 2331 magna
1292 2243 1444 2314 veritatis
1468 2252 1559 2313 tuuc:
1587 2250 1622 2312 et
1643 2243 1897 2336 perorationes
1920 2240 2038 2311 illorum

675 2365 831 2444 sanctas,
865 2352 961 2425 aulen
993 2352 1035 2425 ab
1069 2352 1225 2426 Ecclesia
1259 2365 1314 2426 tua
1350 2366 1465 2429 sancte
1496 2354 1602 2444 bella,
1642 2353 1842 2441 divisiones,
1876 2358 2039 2448 omniaque

626 2519 628 2522 -
674 2470 816 2542 consilio
842 2469 947 2558 mala,
973 2463 1161 2542 haereseon
1188 2474 1468 2564 perniciosarum,
1504 2483 1539 2544 et
1570 2482 1734 2568 perpetuo
1767 2470 1928 2542 conlirma
1961 2468 2037 2541 illam

672 2590 708 2658 in
734 2588 877 2658 veritae
905 2595 978 2670 tua,
1005 2595 1040 2656 ct
1064 2587 1097 2657 in
1124 2584 1180 2658 illa
1208 2584 1359 2660 habiture
1384 2588 1440 2660 lac
1466 2587 1731 2682 tranquillitatem
1757 2589 1901 2658 nominis
1928 2589 2039 2672 tui,et

583 2725 585 2730 ’
674 2703 835 2793 unigeniti
860 2701 936 2772 Filii
963 2704 1027 2789 tui,
1055 2712 1088 2773 et
1115 2700 1258 2797 Spiritus
1286 2705 1331 2773 tui
1358 2707 1485 2794 sancti,
1511 2726 1608 2775 nunc.

781 2816 942 2909 Populus.
996 2818 1115 2890 Amen.

779 2932 956 3005 Sacerdos
981 2933 1174 3005 inclinatas.
1217 2934 1385 3007 Memento
1413 2934 1557 3008 Domine
1585 2936 1728 3006 omnium
1754 2931 1899 3003 fidelium
1928 2929 2038 3002 delun·

675 3060 816 3135 ctorum,
844 3050 898 3142 qui
925 3047 1052 3143 pridem
1081 3046 1245 3137 obierunt,
1272 3059 1307 3120 et
1333 3050 1375 3121 ad
1401 3059 1435 3122 tc
1460 3059 1696 3146 pervenerunt.

779 3163 930 3234 Elecons
955 3185 1082 3234 vocem.
1135 3162 1319 3237 Remittens
1346 3165 1410 3237 illis
1438 3188 1554 3237 omnes
1581 3166 1786 3260 insipientias
1820 3187 1955 3250 eorum,
1987 3184 2040 3256 por

675 3300 823 3352 amorem
860 3289 949 3351 tuum
982 3300 1065 3371 erga
1099 3276 1269 3368 homines,
1312 3279 1475 3368 Domine,
1516 3303 1580 3351 nec
1613 3289 1771 3375 reputans
1803 3279 1868 3351 illis
1901 3278 2039 3351 deiectus

674 3393 834 3467 humanos
861 3394 1001 3467 illorum.
1055 3375 1132 3467 Fac⁸
1153 3393 1227 3469 illos
1256 3394 1376 3486 dignos
1404 3399 1518 3490 quiere
1544 3395 1600 3467 illa
1627 3393 1803 3489 spirituali,
1840 3404 1875 3465 et
1909 3396 2039 3485 regione

674 3509 888 3581 exultationis
916 3518 950 3579 et
975 3510 1137 3597 lactitiae,
1170 3514 1204 3580 in
1232 3509 1365 3583 Christo
1391 3510 1474 3584 lesu
1509 3511 1661 3584 Domino
1689 3519 1824 3598 nostr03
1859 3533 1922 3605 per
1953 3529 2040 3603 quem

674 3645 738 3695 nos
765 3628 862 3695 etiam
889 3625 1151 3697 misericordiam
1179 3628 1340 3721 consequi
1368 3648 1561 3723 speramus,
1594 3636 1628 3696 et
1660 3626 1892 3697 remissionem
1919 3645 2038 3720 pecca-

674 3747 784 3812 tomm
810 3761 872 3835 per
897 3738 1000 3828 illum,
1029 3750 1063 3811 et
1088 3739 1186 3814 nobis
1215 3753 1248 3814 et
1273 3744 1367 3837 ipsis.-
1573 3741 1736 3834 Populus.
1788 3743 1909 3814 Amen.

778 3853 968 3925 Diacorras.
1023 3854 1176 3941 Quietem
1203 3866 1349 3952 praesta.

779 3969 964 4043 Sacerdos.
1018 3969 1124 4044 Nobis
1152 3994 1286 4066 quoque
1314 3976 1369 4067 qui
1396 3976 1572 4044 etiamnum
1606 3974 1640 4043 in
1675 3975 1740 4043 isto
1768 3970 1905 4043 saeculo
1932 3966 2040 4041 subsi-

675 4086 811 4173 stimus,
846 4096 981 4179 praesta
1007 4090 1097 4158 viam
1125 4091 1217 4159 vitae
1243 4086 1339 4180 bujus
1366 4088 1577 4183 temporalis,
1610 4090 1787 4160 immunem
1820 4085 1863 4158 ab
1897 4084 2039 4159 omnibus

674 4199 934 4291 calamitatibus,
968 4213 1002 4274 et
1034 4200 1153 4274 fraude
1183 4201 1320 4295 maligni
1352 4202 1555 4277 fraudatoris
1587 4207 1715 4290 nostri,
1748 4212 1782 4273 ct
1813 4205 1899 4273 inter
1930 4218 2038 4272 omncs

672 4314 823 4409 laqueos,
851 4326 886 4387 et
910 4315 1033 4389 foveas
1059 4321 1268 4413 perniciosas
1296 4330 1330 4391 et
1355 4318 1514 4391 scandala
1532 4322 1662 4415 peccati
1684 4318 1792 4410 dirige
1807 4339 1890 4407 nos;
1916 4315 2037 4388 dedoc-

676 4452 743 4523 que
769 4453 833 4505 nos
862 4432 904 4503 od
930 4432 1029 4504 linem
1056 4432 1204 4522 beatum,
1238 4446 1272 4507 et
1298 4438 1422 4507 exitum
1449 4435 1769 4522 misericordiarum,
1800 4443 1837 4504 nt
1868 4455 1934 4506 non
1959 4430 2038 4504 sub-

671 4544 784 4617 trabas
811 4557 846 4618 te
872 4545 913 4618 ab
941 4547 1025 4638 illis,
1061 4552 1115 4644 qui
1143 4572 1266 4623 secure
1290 4560 1337 4640 te,
1350 4560 1548 4645 expectant,
1581 4561 1616 4622 et
1647 4552 1811 4645 aspiciunt
1842 4552 1876 4620 in
1909 4559 1942 4619 tc
1972 4549 2038 4619 sine

671 4660 749 4746 fine,
776 4672 811 4733 ct
838 4661 987 4735 exultant
1012 4664 1238 4738 indesinenter
1262 4668 1294 4737 in
1321 4665 1565 4740 laudationibus
1592 4670 1675 4753 tuis,
1706 4676 1743 4737 ut
1768 4664 1823 4736 bic
1849 4676 1884 4737 et
1908 4662 1974 4736 illic
1996 4683 2038 4731 ex

673 4775 826 4850 omnibus
854 4789 888 4850 et
913 4790 1051 4876 propter
1077 4784 1187 4852 omnia
1213 4785 1322 4876 magis
1349 4781 1513 4854 exaltetm
1544 4803 1666 4855 nomen
1701 4791 1788 4853 tuum
1824 4778 2034 4864 benedictum,

672 4892 836 4988 simulque
862 4894 996 4967 Domini
1023 4899 1128 4968 nostri
1155 4897 1237 4971 Jesu
1264 4898 1401 4989 Christi,
1428 4910 1463 4972 et
1489 4899 1630 4995 Spiritus
1657 4901 1704 4971 tui
1730 4902 1847 4971 senso.

779 5007 938 5102 Papulas.
993 5009 1053 5099 Ut,
1082 5021 1144 5084 etc.
