4525 6034
520 637 577 715 llll
602 636 991 716 uustettluonun
1024 632 1267 713 LITURGllS.
1502 632 1578 706 569

212 825 355 898 vidimus
382 827 416 896 in
442 826 592 900 manibus
619 826 712 914 Isae,
745 824 881 896 alterius
907 846 953 895 ex
979 821 1098 897 eadem
1123 820 1279 894 Ecclesia
1298 818 1579 910 ,Diarbelrerenst

214 965 259 1015 ex
286 964 351 1037 qua
376 940 468 1013 Elias
495 950 580 1032 erat,
607 941 804 1016 sacerdotis.
830 940 1093 1013 Recentissimus
1120 941 1176 1034 qui
1201 961 1222 1010 a
1247 935 1398 1033 Josepbo
1425 938 1580 1011 Patriar-

213 1057 274 1132 cba
306 1058 437 1130 Romae
469 1062 611 1155 scriptus
647 1068 700 1131 est
731 1058 882 1153 exceptis
916 1055 979 1128 ibis
1012 1051 1317 1152 interpolationibus
1353 1075 1440 1148 quae
1473 1051 1580 1125 verba

214 1175 336 1250 Christi
359 1177 504 1270 mystica
530 1184 682 1271 spectant
707 1184 740 1245 et
761 1176 876 1269 paucis
899 1172 984 1261 aliis,
1010 1195 1085 1244 cum
1104 1168 1234 1244 duobus
1254 1172 1370 1265 primis
1388 1172 1469 1244 satis
1490 1193 1580 1243 con-

211 1291 379 1365 veniebat.
431 1290 582 1366 'landem
608 1314 683 1363 cum
707 1290 813 1364 Missa
834 1286 1094 1362 Christianorum
1114 1285 1322 1359 blelabarum
1349 1288 1405 1381 qui
1431 1286 1581 1381 ejusdem

214 1409 453 1481 communionis
481 1413 597 1495 erant,
623 1406 738 1480 similis
763 1405 886 1501 ubique
915 1408 1117 1502 reperiatur,
1151 1414 1384 1500 praeterquam
1410 1403 1467 1477 ubi
1494 1426 1581 1475 cen-

213 1548 326 1598 suram
350 1521 502 1596 Lusitani
529 1533 762 1612 exercuerunt,
790 1521 877 1618 quod
905 1543 1094 1613 agnoscere
1120 1519 1220 1592 facile
1242 1531 1306 1608 est,
1333 1542 1379 1591 cx
1397 1522 1461 1593 ista
1480 1542 1581 1593 com-

214 1641 408 1733 paratione,
437 1663 555 1714 veram
589 1663 609 1713 a
643 1639 742 1714 nobis
773 1641 880 1711 teneri
910 1638 1094 1730 Liturgiam
1127 1636 1362 1709 Nestorianam
1395 1634 1582 1710 firmissime

212 1756 383 1850 probatur.

318 1872 406 1945 XlIl.
433 1872 544 1944 Prima
569 1896 656 1969 quae
681 1870 923 1968 Apostolorum
949 1868 1083 1956 dicitur,
1116 1870 1224 1960 magis
1251 1867 1412 1964 simplex,
1444 1869 1582 1943 aliorum
1612 1874 1749 2016 roffae
1774 1871 1904 1945 stutgras

216 1986 334 2060 Canon
361 1998 414 2061 est
440 1997 545 2062 etex
572 2012 614 2061 ea
648 2009 839 2060 communes
873 1988 1042 2059 oradones
1073 1983 1192 2057 multas
1223 1984 1386 2081 petendas
1417 2006 1514 2077 esse,
1548 1990 1582 2059 in

215 2102 344 2176 duabus
371 2106 444 2178 aliis
471 2115 657 2194 annotatur,
684 2103 772 2200 quod
800 2102 1001 2177 observatur
1025 2105 1059 2175 in
1087 2101 1238 2176 omnibus
1265 2098 1454 2190 codicibus,
1483 2114 1582 2199 atque

213 2217 299 2293 baec
325 2224 519 2317 primaevae
548 2231 703 2316 quarum
730 2218 773 2293 ad
798 2219 872 2292 illas
894 2218 1065 2292 Ecclesias
1091 2220 1290 2311 antiquitatis
1312 2230 1404 2291 certa
1421 2228 1501 2293 nota
1522 2231 1583 2294 est

213 2333 252 2408 Si
280 2342 367 2409 enim
393 2337 449 2410 illa
477 2360 561 2433 quae
595 2338 714 2409 dicitur
740 2333 908 2408 'l'beodori
933 2336 1126 2432 Interpretis
1153 2333 1320 2426 Liturgia,
1351 2337 1443 2431 prius
1478 2360 1583 2410 usur-

211 2462 293 2547 pata
318 2452 447 2541 fnisset,
475 2477 521 2525 ex
547 2453 602 2526 illa
629 2451 754 2526 similes
782 2439 950 2524 oratiobes
977 2455 1112 2547 petitae,
1139 2472 1207 2522 non
1233 2472 1279 2523 ex
1305 2450 1408 2527 altera
1430 2452 1583 2544 fuissent,

213 2566 305 2662 qued
330 2573 455 2665 pariter
481 2581 515 2643 et
540 2571 659 2663 majori
686 2567 830 2664 quiedam
853 2571 930 2661 Jure
961 2567 1033 2639 lieri
1066 2564 1236 2641 debuisset
1269 2569 1357 2641 circa
1389 2592 1464 2642 eam
1497 2594 1583 2666 quae

211 2682 373 2755 Nestorio
399 2685 560 2759 tribuitur.
596 2685 726 2759 Desunt
751 2694 862 2756 tamen
889 2687 922 2756 in
948 2686 1070 2756 nostris
1096 2681 1269 2759 codicibus
1295 2685 1474 2759 nonnullae
1500 2710 1585 2760 ora.

211 2803 336 2889 tiones,
363 2823 500 2896 quarum
526 2806 655 2898 primae
682 2811 804 2874 mutum
831 2822 938 2872 voces
964 2799 1173 2890 referuntur,
1198 2822 1320 2897 nempe
1347 2803 1423 2897 quia
1450 2804 1585 2874 recitari

214 2915 384 2989 debeata
411 2918 586 3007 Diacono,
621 2928 655 2989 et
688 2920 722 2988 in
749 2916 822 2990 aliis
848 2916 941 2989 libris
967 2919 1193 3013 reperiuntur:
1228 2915 1407 3012 plerasque
1438 2940 1584 3013 reprae-

213 3041 324 3105 sentat
360 3033 466 3105 Missa
501 3033 724 3107 Malebarica:
758 3042 792 3104 et
830 3044 985 3127 quantum
1020 3057 1066 3105 ex
1099 3032 1228 3105 illarum
1267 3034 1411 3116 lectione
1444 3032 1584 3127 intelligi

214 3157 340 3243 potest,
365 3147 439 3244 plus
466 3149 589 3222 babent
615 3152 786 3239 novitatis,
813 3171 887 3221 cum
914 3153 942 3221 si
970 3148 1101 3245 quando
1123 3149 1327 3245 prolixiores
1349 3157 1436 3239 sunt,
1456 3148 1584 3223 decor.

213 3273 292 3335 rant
318 3266 406 3362 stylo
434 3266 490 3339 illo
517 3264 635 3340 florido
663 3276 697 3338 et
722 3266 890 3356 verboso,
923 3269 978 3360 qui
1005 3263 1234 3340 Orientalibus
1256 3268 1302 3338 ita
1328 3263 1454 3361 placet,
1487 3271 1583 3340 utin

191 3402 259 3452 -eo
285 3385 497 3479 praecipuam
525 3382 736 3478 eloquentiae
761 3391 889 3479 partem
917 3384 1124 3454 constituant
1172 3381 1209 3454 ln
1237 3379 1384 3473 ejusdem
1411 3380 1583 3476 Liturgiae

213 3497 293 3586 fine,
315 3499 495 3572 secundum
520 3499 673 3573 Latinam
695 3503 900 3589 versionem,
924 3497 1174 3572 benedictiones
1195 3508 1373 3571 occurrunt
1394 3500 1475 3570 satis
1495 3522 1583 3595 pro-

213 3614 325 3702 lixae,
366 3638 449 3710 quas
485 3615 630 3690 Codices
665 3617 770 3688 nostri
804 3637 871 3688 non
907 3615 1178 3710 repraesentant:
1211 3613 1273 3687 sed
1308 3637 1422 3686 earum
1455 3616 1583 3713 aliquas

212 3752 324 3827 parvo
353 3741 409 3803 eut
435 3735 560 3825 exiguo
588 3733 789 3822 discrimine,
816 3729 988 3822 adjrmctas
1015 3733 1199 3826 reperimus
1225 3734 1259 3803 in
1284 3730 1350 3804 tine
1376 3735 1492 3806 tertiae
1519 3733 1585 3805 Li-

212 3849 347 3938 turgiae
374 3851 448 3920 sive
474 3849 635 3923 Nestorii:
667 3871 735 3921 non
767 3869 825 3919 eas
853 3856 962 3919 tamen
990 3844 1091 3919 babet
1117 3846 1239 3921 Codex
1263 3847 1403 3945 Josepbi
1428 3852 1584 3924 Patriar-

212 3961 309 4034 chae.
369 3963 639 4040 verbosissimae
666 3974 757 4054 sunt,
784 3974 817 4036 ct
851 3963 1110 4036 obscurissimae
1143 3965 1252 4039 multis
1285 3969 1319 4038 in
1353 3967 1455 4058 loeis,
1495 3968 1584 4065 quod

119 4121 124 4126 -
211 4082 371 4151 novitatis
396 4079 550 4152 indicium
577 4091 639 4155 est.
690 4082 738 4153 At
754 4103 839 4152 cum
865 4083 898 4151 in
924 4101 986 4151 usu
1012 4090 1127 4152 essent
1158 4079 1245 4177 apud
1270 4081 1441 4156 Ecclesiae
1467 4083 1582 4157 blala-

79 4229 82 4234 >
210 4193 364 4279 baricas,
400 4217 466 4270 non
493 4200 537 4268 ita
563 4191 676 4272 nobas
703 4195 894 4270 censendae
921 4206 1013 4286 sunt,
1047 4199 1123 4291 quin
1156 4201 1439 4293 septingentorum
1465 4202 1582 4274 saltem

213 4333 376 4384 annorum
404 4315 626 4409 antiquitatem
653 4323 819 4410 superent.
859 4314 999 4409 Reliqua
1029 4315 1073 4388 ad
1098 4314 1184 4389 banc
1209 4317 1393 4413 Litargiam
1418 4331 1582 4416 spectan-
1616 4412 1619 4421 Ι

102 4453 105 4468 ·
210 4430 274 4516 tia,
301 4433 335 4500 in
361 4435 448 4502 notis
476 4428 737 4526 explicabuntur.

319 4545 408 4617 XIV.
436 4546 590 4618 Secunda
617 4555 669 4619 est
694 4547 864 4622 'l'beodori
889 4550 1080 4644 Interpretis
1108 4573 1169 4624 seu
1194 4550 1437 4648 Mopsuesteni,
1471 4574 1582 4646 quam,
1647 4569 1774 4626 ttamen
1791 4572 1905 4644 Liturgia

210 4671 251 4733 ut
276 4683 322 4732 ex
348 4661 488 4757 Synode
515 4664 748 4758 Diampercnsi
774 4663 979 4758 intelligitur,
1011 4663 1195 4739 babuerunt
1227 4690 1359 4764 qnoque
1390 4667 1581 4742 Melabares
1594 4656 1709 4714 ⁰³⁰⁶⁰¹⁰
1727 4659 1836 4714 adscribi
1852 4677 1905 4715 '⁸⁰¹¹

211 4776 417 4849 Nestoriani.
463 4779 510 4851 At
534 4800 643 4874 neque
669 4779 821 4855 Diodoro
849 4782 1047 4878 adscriptam
1073 4784 1161 4855 illam
1187 4783 1303 4875 luisse,
1331 4795 1387 4858 aut
1413 4742 1679 4859 diversam‘lebet

212 4892 355 4966 alteram
381 4893 468 4967 illius
494 4898 628 4968 nomine
654 4900 806 4969 extitisse
838 4898 923 4994 apud
949 4897 1188 4991 Nestorianos,
1220 4900 1288 4973 ullo
1321 4901 1380 4973 vel
1410 4901 1581 4976 levissimo

210 5009 336 5082 indicio
363 5021 462 5105 patet
516 5010 698 5107 Utrumque
725 5013 936 5108 distinguunt,
963 5026 997 5088 et
1022 5018 1193 5112 utriusque
1218 5020 1429 5112 memoriam,
1456 5031 1491 5093 ut
1517 5041 1582 5092 su·
1676 5017 1680 5027 ⁴

210 5147 276 5221 pra
304 5125 459 5220 diximus,
484 5131 570 5200 inter
595 5129 715 5203 Patres
742 5127 893 5205 Graecos
920 5130 1109 5206 celebrant:
1136 5131 1196 5208 sed
1214 5134 1398 5209 Diodorum
1424 5139 1582 5234 scriptam
