4525 6034
583 621 585 626 *
678 595 754 668 232
1159 588 1577 667 COMMENTARIUS

676 797 799 859 munus,
823 797 883 841 non
906 778 978 842 solis
1000 776 1188 840 vesemrtilms
1210 776 1242 835 io
1272 773 1374 837 Comae
1401 775 1540 837 Domini.-
1569 772 1641 836 nihil
1668 773 1761 858 igitur
1782 790 1823 834 ex
1843 768 2041 831 lnvoeationis

676 877 886 959 qualicumque
910 877 1159 960 interpretatione
1182 872 1329 936 adversus
1359 892 1543 937 communem
1572 874 1664 935 totius
1694 871 1851 934 Ecclesiae
1880 867 2041 931 doctrinam

675 976 785 1040 deduci
811 984 928 1053 potest3
961 992 1110 1056 unumque
1140 974 1341 1036 tantummodo
1372 974 1574 1035 accusationis
1605 972 1752 1034 adversus
1779 987 1833 1033 eos
1863 973 1971 1050 caput,
2004 984 2042 1027 ex

674 1076 725 1138 illa
748 1075 960 1155 probaticam
983 1075 1080 1155 aliqua
1102 1071 1361 1136 verisimilitudine
1384 1074 1512 1153 poterit,
1541 1071 1622 1153 quod
1645 1072 1771 1135 credant
1791 1085 1853 1131 non
1875 1066 1948 1130 solis
1970 1083 2043 1127 ver-

675 1175 722 1237 bis
744 1174 926 1252 Dominicis,
949 1191 1139 1255 quocumque
1160 1170 1250 1234 modo
1272 1171 1413 1252 prolatis,
1444 1171 1663 1234 Eucharistiam
1685 1169 1873 1235 consecrari:
1904 1165 2041 1248 quodque

675 1292 788 1355 preces
812 1271 1041 1352 Sacerdotales,
1072 1273 1199 1335 maxime
1223 1270 1446 1335 lnvocutionem
1470 1270 1597 1351 Spiritus
1620 1271 1738 1350 sancti,
1772 1267 1875 1344 utiles,
1905 1268 1964 1328 imo
1985 1282 2043 1325 ne-

677 1374 827 1436 cessarius
845 1371 997 1454 judicent,
1020 1381 1053 1435 ut
1074 1379 1183 1456 agatur
1205 1374 1448 1434 commemoratio
1476 1371 1609 1454 legitima
1644 1372 1749 1433 mortis
1777 1367 1888 1433 Christi
1915 1365 2042 1441 Domini,

604 1524 610 1550 ,
679 1472 843 1536 secundum
866 1473 932 1553 ejus
954 1472 1179 1534 institutionem.

764 1570 865 1652 Atque
891 1571 967 1633 haec
994 1579 1095 1650 erant,
1120 1588 1198 1653 quae
1220 1570 1258 1632 de
1288 1568 1483 1633 Invocatione
1511 1570 1639 1651 Spiritus
1667 1568 1780 1647 sancti,
1809 1576 1842 1630 ut
1871 1585 1888 1629 a
1918 1562 2042 1644 Coptitis

678 1670 863 1733 Graecorum
899 1671 1039 1752 exemplo
1071 1677 1249 1752 usurpatur,
1288 1687 1349 1733 non
1379 1670 1474 1732 minus
1510 1688 1596 1751 quam
1632 1670 1669 1732 ab
1700 1667 1837 1731 omnihus
1867 1664 2042 1728 Christianis

677 1769 895 1850 Orientalibus,
918 1770 1083 1833 ohservare
1105 1787 1234 1832 necesse
1256 1777 1332 1833 erat.
1377 1768 1442 1832 lloc
1465 1770 1543 1832 enim
1565 1769 1741 1850 disciplinae
1770 1773 1861 1848 caput
1891 1783 1958 1828 cum
1986 1764 2043 1826 do-

678 1872 773 1932 ctrina
796 1870 836 1931 ita
860 1871 1051 1951 conjunctum
1073 1877 1139 1946 est,
1174 1877 1206 1931 nt
1235 1888 1276 1931 ex
1303 1888 1340 1931 eo
1367 1870 1524 1931 nonsatis
1547 1869 1715 1950 explicato,
1749 1872 1881 1928 monstra
1909 1881 2042 1926 errorum

676 1968 803 2031 lormata
826 1969 901 2048 sint,
925 1977 956 2031 et
978 1968 1096 2051 objectu
1119 1966 1266 2031 Orientali
1287 1966 1462 2047 Ecclesiae,
1486 1969 1571 2049 quasi
1595 1967 1770 2031 Orthodoxa
1793 1985 1863 2028 esse
1884 1982 1946 2028 non
1967 1983 2042 2045 pos-

675 2077 740 2145 set,
763 2069 820 2130 nisi
843 2068 967 2150 abjectis
981 2069 1091 2132 Officiis
1107 2066 1322 2131 Eucharisticis
1346 2069 1426 2144 suis,
1451 2085 1528 2148 quae
1550 2069 1752 2131 vetustissima
1775 2065 1934 2129 traditione
1958 2082 2042 2126 com-

674 2166 866 2244 mendantur,
896 2183 956 2229 non
986 2169 1082 2231 minus
1105 2186 1194 2249 quam
1215 2169 1334 2249 integra
1357 2184 1424 2229 cum
1453 2170 1581 2231 omnium
1604 2167 1807 2231 Ecclesiurum
1829 2164 1938 2227 Graeci
1959 2163 2041 2226 Ritus

674 2265 760 2331 lihris
795 2266 1014 2331 conlonnitute.
1070 2267 1203 2330 'landem
1236 2266 1426 2347 interpolatio
1470 2266 1615 2333 librorum
1647 2266 1929 2330 Ecclesiasticorum
1965 2261 2042 2325 nullu

675 2365 797 2448 publica
819 2367 978 2428 autoritate
1001 2364 1079 2429 luctu
1102 2373 1160 2445 est,
1184 2365 1221 2427 ad
1244 2364 1445 2448 effugiendam
1466 2366 1606 2430 haeresin
1630 2366 1667 2429 de
1690 2384 1747 2448 qua
1764 2381 1914 2445 nunquam
1931 2362 2042 2426 Orien-

677 2463 754 2526 tales
776 2465 953 2545 audierunt,
977 2474 1008 2529 et
1031 2467 1069 2529 ad
1091 2464 1299 2529 inculcandum
1328 2466 1549 2542 vetustissimae
1578 2467 1722 2530 orationis
1750 2483 1888 2541 sensum
1917 2462 1955 2526 de
1983 2478 2041 2542 quc

679 2562 831 2626 Censores
854 2565 896 2627 illi
917 2568 1080 2628 convenire
1102 2566 1162 2628 hnc
1184 2582 1280 2644 usque
1303 2581 1364 2626 non
1386 2573 1562 2645 potuerunt:
1594 2583 1653 2647 qua
1674 2565 1740 2629 sola
1761 2566 1880 2627 ratione
1901 2563 1983 2625 illum
2005 2562 2043 2623 ud

676 2662 848 2726 fidemnon
871 2666 1024 2745 pertinere
1054 2664 1286 2728 demonstratur.
1340 2663 1548 2727 Concedamus
1577 2684 1647 2728 esse
1670 2664 1832 2752 quamdam
1860 2662 2042 2725 Graecorum

674 2760 830 2842 haeresin,
854 2763 972 2846 qualem
995 2764 1224 2828 Turrecremata
1246 2764 1318 2844 ipsis
1345 2763 1464 2844 objicit3
1488 2772 1518 2827 at
1540 2764 1578 2826 de
1600 2764 1672 2842 illa,
1702 2782 1802 2845 neque
1831 2762 1869 2824 de
1892 2760 2041 2839 Cahasila,

676 2870 727 2923 aut
747 2861 850 2925 llaroo
875 2863 1008 2945 Ephesio
1032 2865 1114 2946 ejus,
1137 2872 1170 2926 ut
1191 2865 1380 2926 recentiores
1402 2863 1522 2943 volunt,
1545 2863 1732 2942 architectis,
1756 2862 1921 2952 Coptitae,
1936 2861 2041 2940 Syriae

617 3037 622 3048 Ι
675 2959 859 3043 Orthodoxi,
881 2964 1069 3040 Nestorium,
1094 2963 1267 3041 Jacobitae,
1289 2963 1474 3044 AethiopeS,
1502 2963 1629 3027 Armeni
1656 2982 1694 3026 ne
1724 2962 1822 3025 levem
1844 2962 1965 3043 quidem
1988 2977 2040 3021 au⁴

676 3060 817 3124 ditionem
843 3072 1036 3145 aeceperunt.
1093 3063 1264 3126 Efficaciam
1294 3062 1455 3126 verborum
1485 3063 1595 3127 Christi
1624 3062 1663 3125 ad
1691 3064 1948 3126 consecrationem
1983 3079 2040 3122 ne-

674 3178 750 3243 gare
779 3159 967 3241 Orientales,
1006 3164 1133 3247 insignis
1162 3170 1193 3225 et
1219 3181 1351 3225 summae
1380 3164 1569 3244 ignorantiae
1608 3164 1769 3244 conjuncta
1810 3162 1958 3225 calumnia
1986 3167 2040 3222 est.

677 3261 737 3323 Sed
761 3270 849 3324 orant
872 3280 928 3343 pro
951 3262 1039 3324 donis
1059 3263 1121 3344 jam
1143 3264 1348 3338 consecratis,
1378 3263 1419 3324 ita
1441 3280 1528 3324 sane:
1559 3270 1589 3325 at
1616 3281 1727 3326 novum
1756 3262 1829 3325 illud
1851 3263 1980 3336 crimen,
2012 3265 2043 3321 et

676 3367 747 3423 ante
769 3360 877 3423 decimi
899 3362 998 3443 quarti
1020 3361 1134 3424 saeculi
1155 3362 1243 3424 tinem
1264 3360 1444 3440 inauditum,
1466 3362 1622 3442 Romanis,
1646 3362 1801 3440 Gothicis,
1830 3359 2039 3438 llozarahicis,

675 3457 833 3522 Gallicanis
854 3459 999 3523 Ecclesiis
1022 3461 1111 3542 objici
1132 3468 1269 3541 poterat,
1292 3478 1350 3522 nec
1372 3461 1522 3543 objectum
1544 3480 1673 3544 unquam
1696 3461 1758 3525 luit.
1779 3462 1890 3525 Errent
1907 3460 2037 3537 tandem,

675 3567 708 3621 ut
731 3559 838 3621 talibus
869 3558 1053 3622 Censoribus
1080 3560 1217 3637 videtur,
1249 3560 1420 3623 Orientales
1436 3585 1443 3624 :
1457 3637 1461 3654 ὓ
1474 3569 1503 3623 at
1528 3563 1559 3624 in
1588 3561 1637 3624 illa
1667 3563 1733 3642 ipsa
1761 3563 1895 3625 oratione
1926 3566 2040 3622 certum

676 3667 760 3721 extat
782 3660 920 3721 sincerae
941 3659 1060 3722 illorum
1083 3658 1153 3722 fidei
1175 3660 1213 3722 de
1235 3677 1310 3722 vera
1333 3668 1363 3721 et
1385 3661 1460 3723 reali
1482 3662 1699 3725 elementorum
1722 3664 1753 3724 in
1776 3678 1887 3742 eorpus
1916 3669 1947 3722 et
1969 3678 2042 3722 san-

676 3759 798 3840 guinem
820 3756 932 3820 Christi
954 3761 1204 3822 transmutatione
1226 3760 1442 3839 testimonium,
1471 3761 1551 3842 quod
1573 3763 1778 3826 Protestantes
1806 3762 1926 3842 eripere
1956 3763 2042 3824 nohis

674 3874 736 3918 non
757 3864 898 3936 possunt,
921 3857 1065 3922 refellere
1087 3859 1180 3922 multo
1204 3860 1308 3923 minus.
1332 3859 1410 3932 Quid
1432 3879 1526 3942 porro
1548 3861 1666 3924 illorum
1684 3861 1788 3939 relert,
1811 3880 1850 3923 un
1870 3859 1946 3923 solis
1969 3881 2042 3923 ver-

675 3957 723 4019 his
745 3956 908 4019 Dominicis
929 3958 1116 4022 Eucharistia
1140 3967 1354 4038 consecretur,
1386 3977 1423 4021 an
1452 3979 1527 4024 vero
1557 3962 1679 4039 iisdem,
1709 3960 1855 4043 adjunctis
1885 3959 2042 4024 Ecclesiae

677 4056 837 4137 precihus,
860 4059 1037 4138 praesertim
1060 4057 1255 4121 invocatione
1279 4059 1406 4140 Spiritus
1428 4062 1541 4134 sancti;
1563 4060 1652 4124 modo
1668 4061 1889 4125 consecretur?
1912 4060 2041 4122 Atvere

675 4154 726 4216 illa
748 4158 932 4235 consecrari,
956 4165 987 4219 et
1010 4157 1089 4221 aliud
1112 4177 1198 4239 quum
1223 4157 1303 4239 quod
1326 4159 1505 4221 videbantur
1526 4161 1603 4238 lieri,
1627 4160 1765 4241 Coptitae
1788 4161 1955 4224 certissime
1969 4178 2041 4222 cre-

676 4247 759 4332 dunt,
782 4263 813 4317 et
835 4257 1004 4337 perspicuis
1026 4258 1128 4320 verbis
1152 4258 1339 4320 cantitentur.
1381 4259 1492 4322 Verum
1515 4259 1604 4342 objici
1625 4260 1716 4340 solet,
1738 4279 1799 4343 non
1822 4259 1951 4323 credere
1973 4260 2041 4322 illos

675 4353 742 4418 lieri
764 4355 794 4417 id
816 4373 872 4436 per
893 4357 987 4420 verhu
1011 4357 1121 4421 Christi
1143 4358 1277 4434 Domini;
1301 4357 1381 4438 quod
1403 4377 1564 4441 negamus:
1587 4358 1683 4422 Detur
1704 4362 1744 4422 ita
1766 4378 1853 4439 esse,
1880 4359 2042 4440 precihus-

677 4472 736 4534 que
762 4458 1020 4520 consecrationem
1041 4458 1176 4521 tribuere
1198 4458 1284 4535 illos;
1307 4458 1384 4520 illam
1413 4459 1504 4540 igitur
1532 4467 1718 4541 agnoscunt,
1747 4467 1781 4522 ιιι
1813 4459 1974 4523 Confessio
2002 4460 2041 4522 de

677 4571 737 4634 qua
759 4572 828 4616 mox
850 4556 967 4618 dicetur
988 4558 1060 4620 satis
1083 4543 1249 4641 significat,
1272 4567 1302 4621 et
1324 4557 1354 4619 id
1384 4558 1471 4620 nohis
1498 4561 1618 4641 negocii
1648 4559 1745 4622 solum
1773 4559 1839 4621 duri
1867 4579 1935 4623 cum
1963 4560 2042 4621 Pro-

677 4654 872 4733 testunlihus,
901 4664 987 4718 extra
1017 4657 1138 4719 dubium
1161 4665 1216 4720 est.
1261 4657 1367 4738 Neque
1391 4665 1505 4735 tamen,
1535 4666 1567 4721 ut
1594 4659 1633 4722 de
1656 4658 1780 4722 Graecis
1804 4659 1949 4738 diximus,
1976 4658 2041 4722 solu

676 4751 869 4816 lnvocatione
892 4754 1019 4836 Spiritus
1041 4758 1138 4819 sancti
1160 4757 1239 4819 illum
1261 4757 1382 4838 perlici,
1406 4756 1544 4838 Coptitae
1569 4775 1695 4840 quorum
1717 4758 1884 4843 Litargium
1912 4761 2042 4841 exponi-

676 4870 763 4931 mus,
798 4853 946 4935 oredunt,
976 4858 1031 4920 etsi
1056 4859 1216 4920 autoritate
1240 4856 1343 4920 Critici
1372 4858 1532 4920 nostratis:
1561 4876 1638 4939 quae
1668 4859 1726 4922 hoc
1755 4860 1786 4921 in
1814 4877 1932 4943 genere
1959 4856 2040 4919 nulla

678 4970 748 5014 esse
771 4953 875 5034 dehet,
898 4955 929 5017 id
950 4956 1049 5018 multis
1072 4957 1270 5019 existimatum
1294 4955 1393 5020 luerit.
1438 4956 1512 5018 Nam
1535 4959 1630 5022 oratio
1654 4977 1742 5040 quam
1770 4977 1862 5042 supra
1893 4957 2040 5039 exposui-

678 5069 760 5129 mus,
788 5057 1026 5135 praeparationis
1049 5058 1141 5140 vulgo
1164 5057 1258 5141 dicta,
1292 5056 1396 5119 cadem
1418 5073 1544 5136 prorsus
1565 5059 1661 5122 verbu
1682 5060 1832 5137 continet,
1862 5058 1900 5120 ad
1931 5064 2041 5139 postu-
