4525 6034
692 586 768 660 432
1062 588 1666 667 DEPATRIAROHA

692 778 802 848 tiones
828 799 915 872 quae
942 776 984 847 ad
1010 776 1211 849 Pontifiealis
1234 775 1471 869 jurisdictionis
1498 781 1695 851 exercitium
1727 788 1896 875 spectant,
1930 791 1984 853 aut
2012 783 2050 856 ad

691 890 868 965 Ecclesiae
894 893 1100 966 Jacobiticae
1127 892 1373 989 amplitudinem
1398 898 1513 989 paucis
1540 895 1766 992 expediemus,

385 992 529 1092 Pleraeque
543 995 679 1048 ΨΜ·
797 1007 950 1082 CXXIX.
976 1010 1029 1081 Ac
1054 1011 1163 1105 primo
1191 1009 1323 1105 quidem
1350 1007 1604 1084 observabimus
1625 1034 1743 1084 omues
1762 1011 1835 1085 illas
1855 1012 1956 1085 urbes
1977 1037 2051 1109 quas

367 1077 464 1131 ΜΝ
480 1080 633 1149 Ep¹⁵⁰⁰¹³⁰⁸'
691 1129 931 1214 recensuimus
959 1125 1048 1221 quod
1075 1135 1174 1220 caput
1199 1128 1348 1217 regionis
1375 1137 1497 1215 essent,
1525 1126 1683 1200 habuisse
1702 1128 1896 1224 plerumque
1910 1128 2050 1226 Episco-

691 1264 774 1338 pos:
807 1249 840 1311 et
874 1251 1027 1336 quantum
1061 1264 1107 1313 ex
1139 1241 1283 1314 lectione
1325 1253 1477 1315 autorum
1510 1242 1727 1317 Orientalium
1766 1245 1928 1338 colligere
1962 1247 2052 1319 nobis

691 1356 798 1448 licuit,
824 1356 903 1428 nulli
930 1358 984 1429 alii
1011 1367 1107 1429 erant
1132 1360 1164 1428 in
1191 1362 1365 1453 provincia
1392 1362 1554 1433 minomm
1579 1360 1731 1434 locorum
1756 1360 1927 1466 Episcopi,
1955 1385 2052 1458 prae-

691 1485 841 1568 terquam
867 1477 900 1544 in
926 1497 991 1546 una
1019 1484 1074 1546 aut
1101 1474 1216 1546 altera.
1270 1474 1358 1547 Nulli
1384 1476 1619 1572 Metropolitae
1646 1488 1742 1550 erent
1767 1479 1853 1573 apud
1878 1479 2052 1568 localitas,

690 1592 754 1661 nisi
781 1588 846 1662 duo
873 1594 1052 1685 postremis
1079 1591 1284 1685 temporibus
1311 1595 1464 1682 instituti,
1499 1614 1620 1688 nempe
1645 1595 1870 1668 Damiatensis
1904 1600 1938 1666 in
1968 1597 2052 1667 inie-

691 1706 772 1775 riori
796 1707 984 1802 Aegypto,
1011 1716 1045 1777 et
1069 1704 1224 1778 Bebnsae
1250 1711 1283 1777 in
1311 1711 1483 1802 superiori.
1536 1708 1587 1781 llli
1620 1730 1706 1781 vero
1737 1711 1968 1804 suffraganeos
1992 1712 2052 1784 ha*

691 1818 815 1893 bebaut
850 1821 974 1911 nullos,
1009 1844 1118 1916 neque
1154 1822 1253 1894 aliam
1286 1822 1438 1895 videntum
1472 1823 1609 1897 honoris
1640 1831 1913 1920 praerogativam
1949 1828 2054 1901 tulisse

692 1959 793 2033 super
820 1937 903 2009 ahos
929 1938 1131 2034 Episcopos‚
1158 1941 1223 2011 nisi
1250 1938 1349 2035 quod,
1376 1940 1584 2030 dividetur,
1617 1944 1756 2036 primum
1783 1948 1816 2017 in
1843 1929 2054 2018 conuentibus

634 2109 637 2116 ,
689 2051 938 2127 Ecclesiasticis
973 2053 1083 2126 locum
1118 2053 1294 2144 habereut,
1331 2060 1484 2151 quamvis
1518 2056 1552 2127 id
1583 2057 1685 2153 plene
1711 2062 1873 2131 incertum
1899 2058 2053 2130 uideatur.

689 2168 775 2241 Nam
802 2174 836 2240 in
863 2168 1078 2243 electionibus
1105 2169 1390 2263 Patriarchamm‚
1425 2194 1565 2267 quorum
1599 2172 1760 2246 habemus
1792 2172 1982 2264 historiam,
2014 2199 2054 2247 ex

690 2309 756 2383 quo
775 2308 886 2360 novus
900 2285 1135 2382 Metropolitae
1152 2288 1375 2361 Damiatensis
1392 2289 1502 2361 titulus
1518 2293 1631 2384 coepit
1648 2294 1816 2385 usurpari,
1831 2288 1913 2360 nihil
1928 2296 2052 2364 omnino

688 2401 786 2475 uobis
804 2405 946 2475 occurrit
965 2401 1053 2474 unde
1071 2406 1266 2495 conjectura
1287 2407 1361 2499 capi
1376 2415 1488 2498 queat,
1504 2404 1594 2477 illum
1608 2405 1744 2501 rehquis
1758 2405 1939 2501 Episcopis
1955 2430 2053 2501 prae-

689 2517 819 2591 sedisse
832 2518 890 2591 vel
903 2522 935 2589 in
948 2519 1177 2591 convocandis
1193 2517 1344 2593 Comitiis
1358 2519 1399 2592 ad
1411 2520 1620 2609 electionem,
1631 2523 1689 2594 vel
1702 2525 1735 2593 in
1747 2519 1967 2595 Ordinatione
1981 2526 2055 2598 novi

687 2634 911 2723 Patriarchae‚
929 2634 988 2707 vel
1003 2638 1037 2705 in
1053 2635 1221 2727 suffragiis
1237 2634 1443 2728 colligendis.
1459 2638 1496 2709 ln
1509 2641 1548 2710 iis
1563 2649 1673 2710 tamen
1684 2637 1885 2712 versabatur
1901 2645 2054 2714 autoritas

686 2752 972 2848 Metropolitanum
991 2754 1046 2846 qui
1064 2749 1154 2842 alibi,
1175 2761 1210 2822 ut
1228 2751 1397 2844 dignitate,
1424 2756 1470 2825 ita
1491 2763 1526 2825 et
1543 2756 1720 2827 autoritate
1739 2758 1773 2825 in
1794 2756 1959 2848 eJusmodi
1979 2757 2054 2829 iun-

687 2869 851 2941 ctionibus
879 2867 1057 2956 anteibant,
1085 2867 1174 2964 quod
1199 2873 1395 2964 praesertim
1423 2867 1637 2942 observatum
1664 2870 1816 2943 videmus
1841 2873 1875 2942 in
1904 2872 2053 2945 Ecclesia

687 2984 873 3058 Jacobitica
899 2983 1127 3073 Antiocheno,
1156 2994 1191 3056 et
1215 2987 1248 3055 in
1274 2985 1476 3059 Nestoriana
1501 2984 1711 3059 Modainensi
1737 2996 1772 3058 et
1796 2987 2018 3079 Bagdadensi.

419 3120 588 3188 Episcopatus
615 3123 676 3172 non
792 3102 930 3175 CXXX.
965 3101 1189 3197 Episcopatus
1222 3105 1267 3173 ita
1300 3102 1495 3197 quibusdam
1528 3101 1665 3175 urbibus
1698 3101 1871 3194 adjunctus
1907 3116 1996 3194 erat‚
2023 3111 2056 3174 ut

366 3206 519 3306 araceum
541 3207 750 3305 aegyptum
782 3219 872 3306 aliis,
906 3241 1003 3313 quam
1036 3240 1121 3314 quae
1155 3220 1331 3312 antiquitus
1361 3217 1550 3314 Episcopos
1585 3218 1794 3308 habuissent,
1829 3221 1886 3293 illa
1921 3221 2055 3313 dignitas

366 3293 428 3346 ’ΝΜ
447 3302 561 3346 'mmm‘
690 3335 915 3424 conferretnr3
949 3358 1038 3424 non,
1071 3343 1107 3405 ut
1139 3333 1225 3429 apud
1260 3332 1480 3407 Nestorianos
1514 3334 1587 3407 heri
1617 3334 1884 3431 frequentissime
1920 3336 2055 3426 solebat,

689 3456 772 3524 novi
805 3475 909 3548 saepe
939 3455 1195 3523 instituerentur.
1247 3449 1360 3546 Atque
1392 3448 1454 3520 hac
1487 3453 1521 3521 in
1553 3460 1648 3546 parte
1684 3449 1894 3546 disciphnae‘,
1929 3471 2057 3526 eausam

689 3567 863 3661 quamdam
888 3566 1103 3640 verisimilem
1130 3563 1297 3637 habebant
1322 3570 1387 3653 isti,
1417 3566 1507 3661 quod
1532 3565 1621 3639 nulla
1648 3565 1864 3640 Orientahum
1891 3579 2053 3641 sectarum

685 3683 799 3780 plures
825 3687 858 3754 in
885 3686 1114 3756 remotissimis
1141 3681 1344 3774 regionibus
1360 3682 1533 3755 Ecclesias
1559 3682 1760 3772 fundaverit,
1786 3682 1842 3755 ubi
1869 3683 2053 3780 Episcopus

689 3805 786 3872 etiam
814 3804 1015 3872 constituere
1043 3798 1229 3895 oportebat.
1282 3799 1329 3870 At
1361 3797 1535 3871 lacobitae
1567 3801 1729 3895 Aegyptii
1761 3803 1796 3870 in
1827 3802 1937 3890 nulla,
1970 3798 2052 3895 quod

688 3922 849 4006 sciamus,
875 3916 1128 3990 Alexandrinae
1155 3915 1362 3988 Dioecesecs
1388 3926 1483 4011 parte
1510 3914 1631 3989 Christi
1664 3915 1761 3988 hdem
1794 3918 1937 4010 primum
1969 3919 2052 3989 Bar-

686 4032 779 4106 baris
807 4037 1094 4124 annuntiaverunt,
1121 4030 1182 4105 sed
1209 4053 1270 4103 eos
1298 4042 1431 4119 tantum,
1460 4034 1544 4105 sicut
1570 4054 1653 4124 erga
1680 4031 1797 4105 Nubas
1824 4041 1858 4103 et
1871 4032 2052 4128 Aethiopes

688 4150 810 4222 iactum
838 4161 900 4240 est,
929 4150 970 4223 ab
997 4147 1152 4222 Ecclesia
1173 4146 1345 4221 Cathohca
1373 4148 1509 4221 avulsos
1536 4147 1579 4220 ad
1605 4171 1698 4221 suam
1725 4147 1881 4222 haeresin
1909 4160 2052 4223 transtu-

687 4267 803 4339 lerunt.
855 4266 988 4339 Nullum
1022 4271 1123 4358 igitur
1156 4287 1281 4338 novum
1314 4263 1552 4361 Episcopatum
1586 4288 1607 4336 a
1640 4265 1802 4338 Jacobitis
1837 4270 1871 4337 in
1898 4267 2052 4360 Aegypto

592 4399 597 4408 ·
687 4387 867 4456 institutum
894 4382 1053 4475 legimus:
1080 4391 1114 4452 et
1141 4386 1169 4454 si
1197 4384 1269 4476 quis
1297 4402 1412 4453 omnes
1438 4379 1513 4451 illas
1539 4379 1653 4468 urbes,
1680 4383 1714 4452 in
1736 4381 1853 4476 quibus
1866 4380 2051 4476 Episcopus

687 4499 790 4572 fuisse
826 4483 986 4589 diximus,
1019 4498 1200 4570 secundum
1234 4496 1468 4592 Geographiae
1502 4505 1536 4568 et
1569 4496 1736 4570 Historiae
1771 4508 1983 4568 monumenta
2014 4493 2052 4565 ad

687 4639 765 4690 suas
793 4619 940 4708 origines
967 4625 1117 4688 vetustas
1144 4614 1289 4704 referat,
1324 4611 1398 4685 illas
1424 4616 1515 4708 ipsas
1548 4635 1625 4686 esse
1658 4635 1744 4708 quae
1777 4622 1853 4684 ante
1881 4612 2051 4686 schismata

688 4733 786 4804 talem
814 4725 1002 4805 Cathedrae
1027 4731 1187 4804 honorem
1220 4730 1413 4820 habuerint,
1453 4740 1509 4802 aut
1540 4733 1668 4803 vicinas
1703 4731 1843 4823 antiquis
1877 4726 1984 4800 fuisse
2014 4723 2050 4796 ad

685 4873 771 4944 quas
796 4847 973 4921 Ecclesiae
1001 4848 1181 4920 translatae
1208 4850 1293 4936 sint,
1321 4846 1514 4943 plerumque
1543 4857 1716 4939 agnoscet.
2108 4926 2114 4936 ι

399 4968 562 5022 inteteriora
585 4968 677 5040 dest·
793 4964 944 5037 CXXXI.
971 4964 1008 5036 ln
1034 4963 1183 5037 inferiori
1197 4964 1359 5058 Aegypto
1377 4961 1548 5060 Episcopi,
1575 4968 1669 5035 utin
1695 4962 1844 5059 plurimis
1870 4959 1944 5033 aliis
1968 4978 2048 5052 pro·

364 5040 588 5178 pqscppiqumque
623 5042 826 5173 41110νίιιοίἰε,
862 5082 926 5154 duo
954 5091 1050 5153 erant
1076 5080 1116 5152 od
1151 5079 1252 5152 urbes
1285 5079 1451 5172 singulas,
1485 5079 1698 5154 Orthodoxus
1732 5089 1766 5152 et
1789 5076 1954 5151 Jacobita.
2002 5073 2047 5145 lta
