4525 6034
720 557 796 634 536
1227 559 1587 638 LITURGIA

717 768 781 820 nos
815 752 989 823 sanctitate
1024 758 1098 840 tua,
1136 758 1173 821 nt
1206 746 1467 822 sanctificaretur
1498 769 1621 822 nomen
1656 760 1752 823 tuum
1779 774 1800 823 a
1831 750 1931 825 nobis.
1974 753 2047 831 blitta

718 867 818 936 etiam
844 886 984 958 regnum
1011 874 1101 937 tuum
1127 873 1312 956 aeternum,
1338 872 1372 936 et
1385 861 1511 936 habitet
1535 867 1570 935 in
1596 866 1768 939 animabus
1794 870 1922 956 nostis,
1945 881 2049 948 etva-

717 978 843 1052 luntate
868 1003 934 1052 una
959 991 1026 1068 tna,
1052 980 1126 1053 Filii
1155 984 1220 1071 tui,
1254 991 1287 1052 et
1313 978 1456 1075 Spiritus
1483 982 1529 1052 tui
1555 983 1660 1053 sancti
1685 981 1836 1074 guberna
1860 1005 1933 1057 nos:
1960 1010 2049 1082 pane-

719 1118 785 1191 que
811 1096 959 1204 coelesti
979 1107 1078 1192 atque
1103 1096 1314 1184 vivificante,
1350 1098 1405 1190 qui
1432 1104 1485 1169 est
1511 1098 1656 1169 ominum
1688 1097 1891 1188 alimentum,
1919 1113 2052 1198 perpetro
2192 1169 2193 1174 ,

719 1214 803 1286 satia
831 1235 904 1286 nos.
931 1213 1067 1285 Dimitte
1093 1236 1156 1308 per
1182 1211 1442 1286 misericordiam
1478 1222 1566 1284 mam
1593 1234 1728 1286 errores
1756 1223 1790 1284 et
1815 1213 1978 1288 malefacta
1998 1239 2052 1290 no·

720 1339 807 1403 stre:
835 1330 878 1402 da
904 1330 1002 1403 nobis
1029 1352 1090 1402 cor
1116 1333 1293 1403 contritum
1316 1326 1582 1416 annuntiatum,
1606 1338 1643 1401 ut
1667 1328 1864 1403 dimittamus
1889 1334 1978 1402 eiam
1999 1331 2052 1403 de-

716 1445 880 1519 bitoribus
907 1449 1047 1520 nostris:
1073 1457 1107 1519 et
1133 1470 1153 1518 a
1181 1443 1414 1520 tentationibus
1447 1443 1719 1540 intolerabilibus,
1747 1467 1834 1540 quae
1859 1446 1950 1520 nobis
1977 1452 2054 1519 acab

717 1561 808 1654 dunt,
834 1585 937 1636 serva
963 1584 1035 1636 nos.
1088 1565 1141 1636 Da
1166 1564 1265 1637 nobis
1297 1565 1463 1650 virtutem,
1489 1564 1676 1651 victoriam,
1703 1571 1738 1634 et
1767 1560 1951 1635 facultatem
1979 1566 2053 1635 resi-
2192 1593 2193 1596 ¹

718 1679 826 1754 stendi
852 1678 1016 1752 adversus
1043 1683 1208 1752 inimicum
1235 1678 1437 1777 spiritualem
1463 1688 1628 1765 nostrum,
1664 1682 1740 1775 qnia
1772 1688 1828 1750 tna
1854 1690 1905 1754 est
1927 1683 2056 1769 notoria,
2192 1669 2193 1692 l

716 1793 910 1893 triumphus,
936 1817 1076 1888 regnum
1103 1807 1138 1869 et
1163 1796 1286 1889 gloria,
1318 1794 1479 1891 simulque
1504 1797 1663 1888 unigeniti
1688 1795 1765 1868 Filii
1791 1797 1853 1884 tui,
1884 1803 1918 1868 et
1940 1794 2056 1893 Spiritus

715 1914 763 1985 tui
789 1915 904 1985 sancti.

820 2028 982 2123 Populos.
1033 2029 1155 2103 Arnen.
1289 2005 1301 2028 ⁰

820 2143 1005 2218 Sacerdos.
1058 2146 1143 2218 Pax.

820 2261 982 2356 Populea.
1034 2260 1078 2334 Et
1104 2284 1180 2335 cnm
1206 2264 1322 2359 spiritu
1348 2272 1416 2335 tuo.

817 2377 1007 2450 Diaconos.
1059 2378 1178 2475 Capita
1203 2388 1319 2452 nostra
1344 2378 1551 2454 inclinemus.

818 2492 995 2566 Sacerdm
1019 2495 1213 2566 inclinatur.
1271 2493 1395 2570 Coram
1421 2506 1455 2569 te
1480 2495 1588 2586 Deus,
1614 2500 1736 2569 vivens
1762 2496 1797 2566 in
1826 2494 1980 2585 saecula,
2007 2492 2060 2566 da-

714 2613 857 2684 minator
884 2615 1040 2702 omnium,
1067 2614 1121 2684 cni
1147 2614 1363 2684 incurvantur
1389 2615 1501 2685 omnia
1526 2633 1650 2705 genna,
1676 2612 1886 2703 coelestium,
1912 2623 1945 2685 et
1967 2619 2061 2682 terre-

715 2730 840 2814 sirium,
868 2730 961 2800 servi
987 2729 1033 2801 tui
1060 2735 1149 2801 stam
1174 2749 1248 2799 cum
1274 2727 1486 2801 inclinatione
1501 2731 1670 2800 cervicum
1697 2732 1854 2824 corporis
1881 2739 1917 2801 et
1940 2730 2062 2800 ammae:

715 2865 789 2916 cum
823 2842 944 2917 dolore
977 2853 1011 2916 et
1041 2843 1201 2942 lacrymis
1235 2843 1391 2918 ardenter
1430 2853 1507 2915 ante
1545 2846 1679 2936 januam
1712 2843 1965 2917 misericordiae
1992 2854 2062 2932 tuae,

715 2971 901 3052 gementes,
928 2970 962 3033 et
988 2971 1208 3057 expectantes
1224 2971 1397 3057 paternam
1413 2971 1447 3033 et
1461 2958 1682 3034 abundantem
1694 2960 1960 3035 misericordiam
1983 2968 2062 3032 tuan
2190 2965 2191 2984 ²

714 3075 856 3149 Ebunde
883 3099 986 3175 super
1011 3100 1073 3151 eos
1098 3075 1349 3150 benedictiones
1377 3077 1419 3149 de
1445 3075 1551 3150 coelis
1577 3079 1642 3151 tuis
1668 3074 1886 3168 sublimibus,
1917 3088 1950 3149 et
1971 3076 2062 3149 bene-

715 3191 768 3263 dic
794 3193 881 3268 illos.
933 3193 1089 3266 Extende
1114 3215 1217 3291 super
1242 3193 1318 3266 illos
1345 3192 1517 3266 dexteram
1544 3203 1632 3266 mam
1659 3193 1873 3284 beneficam,
1905 3203 1939 3266 et
1963 3192 2064 3286 adjuva

713 3307 800 3383 illos.
852 3309 1036 3407 Locupleta
1062 3309 1140 3383 illos
1165 3307 1356 3382 muneribus
1389 3312 1454 3392 tuis
1481 3307 1603 3384 divinis
1630 3320 1664 3383 et
1694 3309 1823 3407 perfice
1864 3310 1952 3384 illos.
2002 3307 2064 3383 Re·

713 3426 843 3522 sponde
870 3424 1158 3499 obsecrationibus
1186 3448 1315 3515 eorum,
1341 3448 1403 3523 per
1428 3424 1638 3499 clementiam
1664 3435 1751 3499 mam
1778 3436 1815 3499 et
1842 3425 1973 3501 custodi
1994 3424 2062 3496 ilios

715 3539 892 3615 Circumda
918 3543 994 3617 illos
1020 3565 1115 3616 muro
1141 3543 1335 3636 vigilantiae
1370 3550 1458 3632 tuae,
1484 3552 1519 3615 et
1544 3541 1716 3616 absconde
1742 3541 1831 3616 illos.
1893 3542 1975 3617 Ciba
2004 3540 2064 3612 ilos

713 3659 915 3754 pinguedine
941 3660 1059 3734 domus
1086 3671 1174 3748 tuae,
1202 3670 1235 3731 et
1261 3663 1345 3733 satia
1370 3657 1456 3733 illos.
1517 3658 1603 3732 Pota
1627 3656 1702 3731 illos
1729 3669 1885 3732 torrente
1909 3657 2064 3755 voiupnis

713 3784 785 3864 tuo,
811 3787 846 3848 et
870 3776 999 3849 inebria
1026 3777 1122 3850 illos:
1157 3785 1193 3848 nt
1218 3797 1281 3849 nos
1308 3797 1425 3849 omnes
1450 3773 1553 3847 induti
1579 3772 1730 3848 vestibus
1757 3773 1868 3867 albis,
1895 3786 1930 3848 et
1952 3795 2064 3847 conve-

713 3889 879 3963 nientibus
906 3892 1022 3988 quales
1049 3893 1170 3966 ailerm
1196 3892 1294 3965 decet
1319 3892 1362 3964 ad
1388 3892 1581 3965 convivium
1605 3889 1727 3964 Christi
1753 3894 1814 3982 tui,
1840 3894 1889 3963 ita
1915 3889 2000 3984 digni
2021 3886 2065 3961 el-

713 4007 861 4080 ficiamur
886 4009 1089 4106 suscipiendi
1114 4031 1240 4106 corpus
1275 4012 1347 4103 ejus
1380 4018 1530 4083 emotum
1556 4017 1591 4080 et
1616 4009 1814 4101 sauguinem
1849 4010 1924 4101 ejus
1954 4009 2065 4104 pretio·

714 4146 798 4213 sum,
825 4134 1007 4221 sanctaque
1032 4124 1128 4217 baec,
1155 4129 1221 4199 sint
1236 4122 1335 4199 nobis
1352 4124 1618 4217 sanctificatoria,
1644 4133 1680 4196 et
1703 4126 1828 4222 pignus
1856 4129 1949 4198 vitae
1972 4127 2002 4195 in
2022 4120 2063 4192 die

620 4290 622 4296 -
709 4239 837 4333 judicii,
865 4251 899 4313 et
923 4241 1109 4316 referemus
1135 4241 1195 4316 tibi
1221 4253 1285 4316 etc
1415 4243 1419 4258 '

817 4356 979 4451 Populos.
1030 4360 1152 4432 Amen.

817 4472 1003 4547 Sacerdos.
1054 4476 1141 4548 Pax.

816 4588 978 4684 Populus.
1029 4592 1073 4664 Et
1098 4615 1173 4665 cum
1200 4593 1315 4688 spiritu
1341 4602 1409 4665 tuo.

816 4704 1002 4780 Sacerdos.
1053 4708 1307 4782 Misericordiae
1332 4708 1397 4781 Dei
1423 4711 1499 4783 sint

816 4822 978 4918 Papulae.
1028 4823 1174 4897 Etcum
1200 4827 1409 4923 spintntno.

708 4979 711 5000 ι
816 4939 1005 5013 neam
1059 4939 1143 5014 Cum
1169 4945 1299 5014 timore.

816 5057 1003 5133 Sacerdos.
1054 5058 1181 5132 Sancta
1206 5060 1340 5132 sanctis.
