4525 6034
533 583 563 660 S.
590 579 727 658 Jtuoul
753 580 938 658 arastum
963 580 1121 657 FRATRIS
1147 578 1292 657 DOMINI.
1554 577 1604 651 43

227 792 353 865 eorpus
389 771 462 861 ejus
490 771 671 864 accipimus
704 776 738 838 ει
771 771 966 859 sanguinem
1002 771 1074 861 ejus
1108 766 1270 857 bibimus,
1302 763 1345 838 ad
1381 767 1607 862 expiationem

228 886 435 959 delictorum.
489 884 632 980 Srrscipe
658 882 802 955 Domine
829 886 871 956 ab
900 884 1133 958 adoratoribus
1159 886 1224 956 tuis
1252 882 1439 955 oblationes
1479 904 1608 973 eorum,

228 1013 268 1121 et
290 1005 454 1098 propitius
482 1009 555 1073 esto
582 1021 644 1095 per
670 1001 904 1072 miserationes
931 1010 1005 1073 tuas
1032 998 1204 1072 animabus
1221 998 1450 1072 defunctorum
1466 997 1607 1070 illorum.

728 1274 850 1344 Oratio
872 1297 941 1367 pro
967 1278 1118 1345 mortuis.

335 1445 430 1519 Eece
456 1444 581 1518 oblatio
608 1445 698 1516 illata
724 1456 790 1517 est:
822 1454 856 1517 et
889 1468 971 1517 ecco
998 1446 1128 1518 animae
1154 1445 1348 1541 purificatae
1375 1455 1466 1518 sunt:
1499 1468 1607 1541 prae-

233 1572 339 1634 stetur
363 1584 426 1657 per
453 1584 528 1633 eam
554 1563 687 1654 requies
714 1564 880 1649 mortuis,
903 1583 966 1656 pro
994 1561 1111 1656 quibus
1139 1560 1253 1633 oblata
1280 1570 1341 1633 est.
1395 1558 1529 1633 Oblatio
1544 1564 1607 1633 ista

233 1699 320 1773 quae
347 1699 367 1746 a
394 1675 606 1768 viventibus,
632 1699 694 1773 pro
723 1677 886 1749 debrnctis
913 1677 1072 1766 infertur,
1099 1680 1215 1772 expiat
1240 1680 1443 1771 iniquitatem
1466 1681 1609 1765 animae,

232 1804 268 1866 et
294 1815 356 1889 per
382 1815 457 1864 eam
483 1797 690 1865 remittuntur
716 1793 780 1866 illis
807 1793 936 1865 delicta.
989 1794 1067 1889 lpse
1103 1797 1158 1888 qui
1191 1795 1330 1865 vocavit
1361 1791 1542 1879 Lazarum,
1577 1800 1612 1864 et

230 1910 334 1982 lilium
360 1908 500 1999 viduae,
534 1920 673 2004 spargat
698 1932 811 1981 rorem
837 1911 1085 1981 miserationum
1112 1931 1262 1997 suarum,
1295 1929 1397 2004 super
1429 1928 1509 1979 ossa
1543 1906 1609 1979 de-

231 2025 430 2098 functorum.
484 2023 568 2097 Cum
595 2023 785 2113 Abrabam,
811 2027 909 2117 Isaac
936 2036 970 2098 et
995 2026 1100 2098 lsrael
1128 2047 1234 2114 vero,
1267 2032 1420 2118 praesta,
1453 2023 1609 2111 Domine,

231 2145 427 2214 memoriam
453 2139 517 2229 illi,
544 2161 607 2236 pro
634 2164 700 2235 quo
729 2140 840 2214 oblata
868 2151 928 2214 est

335 2257 416 2329 -Rex
442 2256 600 2328 coelestis
628 2260 762 2352 suscipe
790 2255 990 2328 oblationem
1017 2260 1201 2329 servorum*
1221 2267 1369 2343 tuorum,
1398 2264 1433 2327 ει
1453 2254 1507 2327 fac
1531 2276 1610 2326 me-

233 2376 374 2445 moriam
402 2394 516 2445 eorum
544 2375 577 2443 in
604 2371 792 2444 Jerusalem
818 2373 874 2444 illa
902 2373 1058 2446 coelesti:
1092 2376 1125 2443 in
1152 2372 1340 2445 Jerusalem
1376 2391 1540 2465 superna,
1577 2379 1613 2441 et

234 2511 321 2584 quae
347 2510 447 2585 supra
474 2498 614 2560 terram:
642 2499 675 2560 et
701 2511 803 2584 super
829 2487 934 2561 altare
961 2490 1052 2584 quod
1078 2499 1131 2561 εει
1157 2492 1191 2560 in
1217 2490 1374 2577 excelso,
1406 2490 1449 2561 sit
1474 2509 1610 2559 memo-

233 2607 285 2676 ria
312 2624 430 2676 eorum
456 2603 555 2677 bona.
608 2606 709 2697 Agna
735 2606 817 2697 Dei,
844 2616 1021 2705 etpastor
1047 2609 1102 2703 qui
1138 2615 1286 2679 mortuus
1320 2628 1359 2678 es
1392 2626 1454 2700 pro
1489 2599 1611 2674 ovibus

233 2722 316 2808 tris,
344 2728 478 2814 praesta
504 2721 648 2793 Domine
674 2743 736 2817 per
762 2725 905 2812 gratiam
932 2732 1021 2794 tuam
1048 2727 1196 2818 requiem
1225 2721 1387 2794 defunctis
1413 2718 1576 2792 fidelibus.

342 2835 474 2931 Corpus
500 2846 590 2907 tuum
617 2839 684 2907 sitit
710 2840 819 2909 anima
838 2860 933 2928 mea,
960 2847 995 2910 ει
1012 2839 1177 2910 accedere
1193 2839 1235 2909 ad
1252 2837 1332 2909 illud
1352 2857 1496 2923 vercor3
1522 2857 1611 2930 pec-

236 2954 312 3024 cata
339 2974 414 3023 mea
441 2963 620 3024 tremorem
647 2951 724 3024 milri
751 2956 924 3026 incutiunt:
958 2957 1135 3050 expientur
1167 2956 1330 3042 Domine,
1366 2973 1428 3048 per
1459 2950 1612 3024 clemen-

233 3071 314 3139 tiam
341 3077 440 3139 tuam.
480 3065 613 3163 Corpus
639 3078 728 3140 tuum
756 3079 790 3141 et
817 3073 954 3163 sanguis
981 3080 1057 3143 tuus
1084 3093 1171 3166 quae
1198 3071 1404 3164 accepimus,
1432 3069 1497 3139 sint
1515 3063 1612 3137 nobis

234 3186 314 3272 via,
342 3193 376 3255 et
402 3187 577 3272 transitus,
610 3194 646 3255 ut
672 3183 800 3280 absque
826 3188 943 3258 timore
970 3211 990 3259 a
1016 3185 1165 3259 tenebris
1191 3196 1401 3258 transeamus
1427 3183 1468 3254 ad
1494 3180 1612 3254 lucem.

236 3298 400 3372 Gaudium
426 3302 460 3370 in
487 3300 736 3395 superioribus,
763 3312 797 3373 et
823 3325 903 3398 spes
929 3301 1018 3374 bona
1044 3306 1078 3374 in
1104 3301 1338 3391 interioribus,
1373 3322 1436 3397 per
1462 3297 1612 3371 oblatio-

235 3438 298 3489 nes
325 3437 409 3511 quas
436 3408 562 3487 ia‘ciunt
586 3419 744 3489 viventes
769 3440 831 3512 pro
858 3417 1021 3491 defunctis
1048 3421 1127 3492 suis.

340 3532 529 3603 Diaconos.
569 3532 743 3603 Monitunr.
789 3533 931 3606 Oramus
957 3545 1135 3630 postquam
1161 3533 1252 3626 digni
1278 3532 1358 3606 facti
1390 3555 1504 3605 sumus
1530 3552 1612 3604 sus-

239 3650 355 3742 cipere
389 3668 510 3741 corpus
544 3657 578 3717 ει
604 3650 801 3740 sanguinem
830 3648 1018 3723 Salvatoris
1051 3653 1174 3723 nostri:
1209 3650 1298 3745 quod
1332 3661 1385 3722 εει
1417 3650 1613 3745 mysterium

235 3764 427 3858 pignusque
453 3760 541 3855 quod
574 3761 747 3836 descendit
780 3762 822 3835 dc
854 3766 970 3856 coelo,
1004 3766 1160 3861 quodque
1192 3787 1260 3837 non
1292 3768 1470 3861 praeterit,
1504 3783 1615 3858 neque

238 3876 425 3949 destruitur.
479 3875 642 3968 Oremus,
677 3888 713 3949 ut
746 3879 834 3973 apud
858 3901 922 3953 nos
949 3892 1160 3977 permaneat,
1197 3890 1231 3952 ει
1263 3892 1299 3952 ut
1332 3902 1395 3952 nos
1429 3877 1508 3951 illud
1540 3897 1615 3949 cum

235 3996 379 4089 puritate
406 4011 592 4065 servemus.
646 3991 760 4065 Gloria
786 3994 930 4068 Domino
966 3996 1013 4069 illi
1047 3995 1160 4086 bono,
1197 3999 1252 4092 qui
1285 4017 1348 4069 nos
1384 3995 1504 4088 dignos
1536 3991 1616 4065 iecit

238 4107 327 4180 dono
355 4107 412 4179 illo
440 4107 609 4201 spirituali.
1480 4098 1485 4107 ’

342 4224 465 4295 Iterum
485 4230 585 4317 atque
606 4225 723 4296 iterum
747 4226 780 4295 in
802 4230 1087 4299 consummatione
1108 4230 1346 4324 mysteriorum
1367 4229 1506 4299 istorum
1529 4247 1615 4298 san-

238 4347 368 4410 ctorum
402 4336 598 4410 confitemur
631 4348 684 4429 te,
717 4339 861 4412 Domine
895 4341 979 4416 Jesu
1014 4342 1163 4431 Christe,
1197 4353 1336 4439 propter
1368 4364 1491 4437 corpus
1525 4350 1614 4411 tuum

238 4475 305 4548 quo
332 4450 451 4525 cibasti
477 4476 559 4543 nos,
586 4464 621 4525 et
647 4458 843 4547 sanguinem
870 4467 958 4529 tuum
987 4481 1053 4553 quo
1079 4463 1203 4556 potasti
1228 4481 1302 4532 nos.
1330 4459 1494 4531 Miserere
1510 4457 1616 4526 nostri

239 4578 274 4639 ct
301 4568 523 4641 exaudinos.

610 4760 696 4830 Atta
724 4760 845 4832 Oratio
872 4766 1063 4857 proliacum
1089 4762 1246 4835 actionis.

346 4928 413 5000 Ora
449 4939 583 5004 assueta
620 4930 776 5003 abmento
814 4955 860 5004 ex
890 4932 1061 5026 frugibus,
1102 4933 1300 5006 confitentur
1335 4935 1478 5024 gratiam
1515 4942 1617 5021 tuam,

236 5065 300 5139 per
328 5066 426 5138 quam
453 5057 643 5119 meruerunt
670 5047 792 5119 donum
818 5048 883 5120 boc
910 5050 1078 5137 coeleste,
1113 5049 1201 5144 quod
1236 5057 1289 5119 εει
1320 5070 1445 5144 corpus
1471 5059 1505 5121 ct
1528 5069 1617 5125 sun-

280 5181 367 5223 Tomur
381 5181 405 5223 u.
1388 5168 1412 5241 9
