4525 6034
706 576 786 651 408
1095 578 1171 656 DE
1223 579 1697 660 Ptttttttout

705 769 740 837 in
766 763 851 854 lide,
878 775 935 836 aut
959 766 1108 840 moribus
1135 777 1336 863 paterentur.
1387 767 1559 842 Instabant
1575 791 1688 864 saepe
1715 777 1781 841 turn
1807 768 1977 867 Episcopi,
2000 784 2058 846 orm

706 881 887 953 Latcorum
911 884 1095 976 primores,
1122 892 1159 954 ut
1184 881 1217 953 id
1244 888 1353 956 statim
1378 894 1456 980 post
1483 888 1555 976 ejus
1582 886 1869 977 inaugurationem
1890 888 2058 983 perficere-

707 1006 776 1084 tru‚
804 1019 845 1069 ea
870 1000 1018 1069 maxime
1043 1001 1192 1087 ratione,
1219 998 1307 1094 quod
1334 1000 1597 1095 quandoquidem
1629 1005 1664 1072 in
1695 1012 1863 1075 conventu
1885 1012 1958 1078 «tum
1981 1007 2060 1080 Cleri

707 1123 776 1185 turn
801 1112 980 1187 Laicorum
1007 1112 1049 1185 ad
1075 1114 1275 1187 electionem
1301 1128 1523 1209 congregato,
1549 1117 1799 1191 renovabantur
1826 1116 1976 1195 Canoues
2001 1145 2059 1193 an-

706 1232 788 1325 tiqui
815 1228 979 1302 adversm
1007 1229 1217 1304 Simoniacas
1239 1231 1491 1323 ordinationes,
1516 1256 1584 1307 non
1612 1232 1788 1307 videbatur
1812 1233 1911 1307 facile
1941 1233 2008 1308 iore
2030 1244 2061 1308 ut

705 1346 803 1439 leges
838 1345 931 1432 illae,
969 1344 1086 1440 quibus
1123 1346 1345 1421 observandis
1379 1349 1487 1441 vulgo
1513 1354 1597 1423 novi
1628 1348 1843 1423 Patriarchae
1868 1375 1928 1448 per
1954 1352 2059 1425 solen-

705 1484 783 1534 nem
810 1462 1087 1559 subscriptionem
1113 1486 1153 1536 se
1186 1465 1454 1554 obstrinxerant,
1488 1464 1531 1537 ab
1563 1469 1645 1562 ipsis
1677 1467 1963 1562 proculcarentnr3
1989 1491 2060 1563 quas

704 1589 818 1651 tamen
844 1600 949 1674 saepe
980 1583 1117 1676 insuper
1150 1576 1326 1653 habebant
1378 1581 1511 1654 Nullum
1546 1585 1633 1654 enim
1666 1588 1805 1675 gravius
1838 1587 1873 1655 in
1907 1585 2061 1680 disciplina

705 1695 827 1766 malurn
857 1693 1035 1768 Ecclesiae
1071 1695 1261 1769 Orientales
1294 1721 1315 1770 a
1346 1697 1455 1770 multis
1488 1697 1629 1772 saeculis
1665 1710 1827 1795 expertae
1854 1708 1945 1789 snut,
1978 1721 2061 1794 quan

705 1809 929 1884 Sirnoniacam
955 1809 1084 1902 labem,
1111 1835 1176 1907 qua
1202 1816 1302 1909 pauci
1328 1812 1504 1887 admodum
1529 1817 1615 1886 iuter
1640 1837 1702 1887 eos
1730 1839 1749 1888 a
1775 1816 1865 1890 mille
1892 1818 1981 1889 annis
2006 1840 2061 1887 oa-

706 1937 859 1998 ruerunt:
887 1930 1039 2022 quamvis
1066 1927 1158 2023 pleni
1184 1931 1251 2002 sint
1276 1928 1553 2003 anathematismis
1580 1929 1744 2005 adversus
1758 1932 1849 2004 illam
1865 1953 1976 2004 eorum
1997 1930 2062 2003 libri

705 2038 944 2116 Ecclesiastiei.
997 2044 1127 2135 Primus
1154 2067 1240 2118 vero
1268 2047 1323 2141 qui
1349 2068 1423 2118 eam
1449 2050 1558 2140 magis
1584 2047 1790 2142 impudenter
1817 2050 1983 2137 exercuit,
2013 2047 2061 2117 le-

705 2162 795 2250 gitur
819 2157 926 2233 fuisse
953 2158 1048 2232 Ohail
1073 2160 1160 2234 LVl.
1189 2165 1243 2256 qui
1271 2185 1290 2233 a
1317 2163 1457 2255 singulis
1478 2162 1656 2259 Episcopis
1684 2186 1768 2259 quos
1796 2163 1971 2252 ordinavit,
1995 2187 2062 2235 nra-

705 2297 791 2368 gnas
819 2279 964 2350 extorsit
987 2279 1169 2371 pecunias,
1196 2288 1295 2373 atque
1320 2282 1367 2350 ita
1396 2278 1503 2352 ferme
1536 2300 1663 2352 omnes.
1715 2278 1933 2354 Excusabant
1960 2302 1996 2353 se
2025 2279 2062 2351 ob

704 2394 885 2486 imperatas
926 2414 1031 2487 saepe
1066 2416 1087 2464 a
1119 2392 1266 2467 Sullanis
1301 2395 1438 2466 mrdetas
1476 2399 1649 2487 ingentes,
1690 2418 1772 2490 quas
1805 2420 1880 2468 cum
1914 2397 2064 2469 solvendo

704 2529 774 2579 non
800 2518 930 2600 essent,
956 2512 991 2581 in
1017 2531 1188 2582 carcerem
1221 2534 1241 2582 a
1266 2509 1516 2585 Mubamedanis
1543 2510 1819 2603 conjiciebantur:
1847 2514 1909 2587 sed
1940 2514 1980 2586 de
2008 2514 2063 2586 illis

708 2623 829 2696 dictum
857 2636 909 2700 est
934 2627 1038 2698 variis
1064 2626 1232 2699 Historiae
1257 2625 1491 2700 Patriarcbalis
1517 2628 1612 2701 locis.

420 2740 554 2812 aptatae
573 2744 695 2844 'synon-
809 2742 931 2815 XCVI.
963 2741 1082 2815 Statim
1115 2746 1215 2814 etiam
1249 2754 1327 2838 post
1362 2744 1632 2837 Ordinationem,
1673 2743 1827 2818 solebant
1859 2746 2064 2819 Alexandrini

382 2845 432 2968 ,⁰⁸⁰
446 2831 919 2970 1ζζίῄωιοώωωΡιιιιίιιοιιιιθ
952 2857 1066 2932 literas
1093 2859 1283 2955 Synodieas
1315 2859 1466 2934 seribere
1501 2859 1544 2932 ad
1573 2861 1817 2934 Antiochenam
1852 2864 2064 2937 Jacobitanrm

399 2931 472 2970 ³⁶⁰¹
513 2955 519 2968 ’
706 2973 942 3048 Patriarcbam.
994 2976 1070 3048 Jarn
1097 2975 1254 3048 aSeveri
1280 2986 1433 3073 tempore
1459 2998 1581 3070 magna
1596 2976 1658 3051 iirit
1679 2982 1851 3074 utriusque
1866 2978 2065 3053 Patriarchae

706 3095 914 3185 conjunctio:
941 3091 1107 3165 Severum
1143 3096 1229 3165 enirn
1262 3098 1296 3165 in
1328 3094 1524 3191 Aegyptum
1556 3099 1712 3187 venisse,
1746 3097 1845 3168 etiam
1882 3102 2064 3170 consecrata

705 3207 791 3279 ilbus
818 3206 982 3281 adventus
1009 3211 1172 3281 memoria
1197 3208 1237 3282 ll.
1263 3213 1387 3284 mensis
1414 3209 1542 3306 Paophi
1567 3213 1601 3282 in
1626 3211 1828 3285 Kalendario
1856 3212 2012 3310 Coptica,
2035 3219 2064 3282 et

704 3323 956 3397 Alexandrinae
986 3323 1177 3398 Ecclesiae'
1203 3325 1334 3399 traditio
1376 3335 1547 3399 testantur.
1599 3328 1670 3400 lnro
1705 3326 1877 3403 delituisse
1908 3353 1981 3401 eum
2011 3349 2064 3423 per

704 3440 817 3536 plures
853 3462 959 3513 annos
984 3443 1020 3512 in
1044 3441 1206 3514 Dioecesi
1231 3441 1339 3532 Saea,
1373 3453 1406 3515 et
1438 3445 1472 3515 in
1496 3443 1658 3540 Aegypto
1692 3444 1778 3516 diem
1811 3467 1909 3517 suum
1943 3443 2063 3532 obiisse,

706 3567 804 3652 atque
830 3555 875 3629 ibi
901 3556 1065 3653 sepultum
1092 3580 1187 3648 esse,
1215 3563 1398 3632 eommunis
1425 3562 1537 3654 opinio
1560 3569 1630 3649 est,
1658 3583 1755 3655 quam
1776 3562 1971 3634 confirmant
1993 3568 2063 3631 vota

708 3671 750 3743 ad
776 3675 849 3764 ejus
884 3675 1039 3746 tumulum
1073 3672 1183 3765 facta,
1219 3679 1490 3771 curationesque,
1529 3684 1567 3747 ut
1596 3663 1754 3766 credunt,
1789 3699 1851 3772 per
1886 3675 2062 3749 mbaeulnrn

707 3787 837 3859 mtdtae.
889 3788 923 3861 Is
951 3799 1080 3881 autem,
1106 3801 1143 3863 ut
1170 3790 1271 3864 habet
1296 3790 1433 3864 historia
1458 3794 1550 3864 vitae
1573 3791 1712 3865 Joannis
1727 3793 1945 3866 Patriarchae
1968 3787 2080 3864 XXE'

708 3906 828 3999 quique
853 3905 1020 3977 Moretoto
1045 3907 1232 4003 appellatur
1258 3910 1290 3979 in
1316 3908 1493 3981 Breviario
1519 3904 1685 3996 Liberati,
1720 3908 1838 3983 melius
1875 3934 1895 3982 a
1929 3907 2062 4005 Coptieis

707 4020 870 4110 Neaera,
897 4024 1031 4118 scripsit
1055 4027 1181 4118 primus
1207 4022 1320 4096 literas
1353 4024 1543 4121 Synodicas
1576 4022 1618 4096 de
1651 4028 1816 4097 communi
1840 4024 1909 4098 lide
1935 4025 1976 4099 ad
2005 4023 2061 4095 Jo-

708 4158 844 4209 annem:
871 4141 926 4233 qui
953 4143 1170 4232 congregatis
1195 4136 1373 4236 Episcopis
1400 4144 1487 4232 suis,
1514 4161 1573 4212 eas
1598 4140 1669 4233 legi
1695 4142 1728 4211 in
1746 4139 1900 4216 omnibus
1915 4140 2061 4213 Ecclesis

706 4256 854 4326 curavit:
881 4263 915 4326 et
941 4254 985 4326 ad
1011 4278 1087 4327 eum
1113 4255 1197 4329 ubas
1219 4254 1333 4347 literas
1360 4256 1467 4344 dedit,
1499 4255 1617 4351 quibus
1643 4254 1794 4329 eamdem
1821 4279 1860 4330 se
1887 4260 1981 4330 unius
2004 4277 2061 4326 na·

704 4380 801 4442 turae
834 4369 932 4443 fidem
966 4382 1083 4444 tenere
1122 4372 1354 4468 profitebatur,
1391 4371 1629 4468 anathemaque
1662 4372 1821 4447 Nestorio
1856 4383 1891 4446 et
1927 4372 2060 4448 Concilio

706 4485 973 4594 Calchedonensi
999 4486 1228 4562 denunciabat
1282 4489 1373 4561 Talis
1408 4488 1536 4562 illarum
1567 4490 1735 4561 literarum
1762 4494 1860 4583 origo
1887 4490 1962 4565 fuit:
1987 4508 2062 4585 qnae

705 4602 901 4696 Spnodicoe
928 4604 1035 4676 dictae
1061 4615 1152 4695 sunt,
1180 4617 1317 4679 servata
1344 4604 1430 4701 apud
1455 4603 1590 4679 Arabes
1618 4604 1749 4680 Graeca
1770 4628 1869 4696 voce,
1898 4609 1973 4702 quia
1996 4605 2061 4699 pri-

706 4742 793 4791 mum
820 4723 853 4792 in
878 4719 1122 4817 Episcoporum
1148 4720 1307 4819 Synodo,
1335 4733 1433 4818 atque
1466 4745 1513 4795 ex
1543 4726 1708 4795 communi
1739 4721 1869 4795 illarum
1899 4720 2061 4806 sententia,

615 4922 618 4928 ‚
706 4841 850 4933 scriptae
883 4835 1025 4910 fuerunt.
1085 4838 1301 4913 Postmodum
1333 4861 1434 4929 vero,
1461 4840 1525 4911 etsi
1555 4863 1576 4911 a
1602 4839 1677 4913 solo
1712 4836 1904 4912 Patriarcba
1938 4833 2059 4909 scribe·

705 4965 837 5043 rentur,
864 4957 940 5049 quia
968 4966 1174 5029 tamennon
1207 4979 1269 5029 suo
1301 4955 1427 5046 solum,
1458 4955 1520 5028 sed
1550 4959 1652 5030 totius
1685 4953 1892 5029 Jacobiticae
1923 4947 2058 5046 Aegypti

704 5067 880 5144 Ecclesiae
906 5074 1040 5145 nomine
1065 5070 1281 5168 loquebatur,
1297 5070 1557 5168 xSynodiearum
1582 5075 1664 5167 ipsis
1690 5095 1812 5146 nomen
1838 5078 2056 5145 conservatum
