4525 6034
599 604 1218 685 SANCTIBASlLll.
1572 607 1594 678 7

228 799 353 890 pienmt
385 795 505 873 videre
541 819 627 891 quae
657 817 722 868 vos
757 794 879 869 videtis
912 804 946 866 et
981 816 1046 867 non
1080 794 1254 883 viderunt,
1291 803 1324 865 et
1360 794 1474 867 audire
1508 820 1595 892 quae

228 911 359 1001 auditis,
395 922 430 983 et
461 934 531 984 non
564 911 753 984 audierunt:
787 909 878 983 beati
914 919 1022 983 sutem
1056 911 1144 983 oculi
1182 913 1287 984 vestri
1325 915 1379 1006 qui
1413 912 1527 984 vident
1561 924 1596 985 et

228 1049 322 1098 aures
348 1037 484 1101 vestrae
511 1052 597 1123 quae
624 1027 775 1100 andiunt:
804 1028 846 1099 da
871 1038 907 1098 ιιι
934 1027 1023 1118 digni
1050 1025 1230 1098 efficiamur
1256 1027 1408 1098 audiendi
1438 1038 1470 1099 et
1492 1052 1596 1126 opere

225 1144 413 1238 perficiendi
439 1143 626 1236 Evangelia
654 1155 709 1215 tua
736 1154 867 1232 sancta,
894 1147 1151 1239 perorationes
1179 1143 1376 1215 Sanctorum
1402 1154 1542 1216 tuorum.

325 1260 514 1332 Diaconos.
569 1259 672 1332 Orate
698 1283 760 1356 pro
786 1260 976 1352 Evangelio
1004 1270 1130 1332 sancto.

325 1376 509 1449 Sacerdos.
562 1377 731 1449 Memento
760 1382 858 1449 edam
885 1377 1046 1466 Domine,
1083 1378 1226 1447 ominum
1262 1379 1316 1470 qui
1351 1387 1596 1473 praeceperunt

224 1492 339 1585 nobis,
366 1504 544 1566 uteorum
571 1498 832 1567 meminissemus
859 1497 892 1565 in
918 1496 1042 1567 nostris
1069 1491 1112 1564 ad
1140 1503 1172 1564 te
1205 1491 1410 1564 orationibus
1444 1503 1477 1565 et
1507 1515 1593 1588 pre-

224 1608 327 1681 cibus.
381 1609 410 1683 O
438 1610 581 1684 Domine
615 1614 757 1705 quietem
793 1610 855 1683 illis
890 1608 997 1681 tribue
1032 1632 1172 1705 quorum
1205 1611 1391 1705 praecessit
1423 1608 1593 1681 dormitio:

224 1727 370 1800 infirmos
397 1750 498 1817 sana,
527 1730 602 1821 quia
629 1737 664 1798 tu
690 1730 759 1798 vita
786 1750 824 1800 es
852 1731 993 1800 omniun
1020 1738 1190 1815 nostrum,
1219 1726 1309 1799 salus
1326 1728 1487 1815 omnium,
1515 1748 1593 1822 spes

226 1846 387 1933 omnium,
420 1842 550 1915 medela
578 1846 739 1933 omnium,
765 1846 1034 1939 resurrectioque
1061 1846 1203 1915 omnium
1230 1851 1393 1914 nostrum:
1434 1852 1467 1912 et
1495 1851 1593 1914 tues

225 1962 301 2054 ipse
325 1963 378 2031 cni
403 1958 563 2052 gloriam,
590 1960 751 2031 honorem
780 1970 812 2031 et
840 1960 1066 2031 adorationem
1092 1956 1285 2047 referimus,
1313 1980 1386 2029 cum
1408 1957 1508 2030 Patre
1535 1967 1593 2029 tuo

71 2144 79 2159 ,
222 2073 313 2146 bono
344 2086 379 2146 et
404 2078 529 2172 Spiritu
564 2086 681 2149 sancto
711 2076 924 2166 vivificante,
956 2074 1079 2172 tibique
1113 2072 1405 2163 consubstantiali,
1439 2096 1527 2145 nunc
1560 2084 1594 2145 et

72 2214 77 2223 ·
200 2240 208 2259 -.
223 2214 371 2287 semper,
399 2204 461 2264 etc.

331 2310 411 2379 Tam
438 2310 530 2379 dicet
550 2309 726 2403 psalnmm,
755 2314 788 2377 et
809 2313 890 2400 post
916 2312 1051 2378 tertiam
1076 2329 1208 2378 amsans
1233 2306 1409 2379 Sacerdos
1425 2308 1593 2403 Eaanpe-
1645 2282 1651 2299 ⁹

222 2426 301 2497 tiron
335 2425 534 2497 incensabit.
593 2425 768 2497 Ascendet
802 2425 848 2495 ad
881 2424 1008 2511 altare,
1042 2445 1225 2516 raramque
1255 2427 1426 2495 incensam
1459 2426 1592 2517 offeret,

221 2541 325 2614 sanet
348 2544 488 2637 sipnons
512 2541 702 2612 saniculam
727 2543 824 2635 sipon
853 2543 982 2611 crucis:
1011 2540 1133 2609 deinde
1160 2539 1320 2610 circuibit
1347 2564 1419 2610 cam
1453 2542 1592 2611 incenso

221 2658 460 2754 annpeliam,
489 2665 556 2728 tam
582 2662 695 2730 altare
720 2657 839 2730 sanet:
868 2656 1050 2727 descendet
1076 2655 1119 2725 ab
1148 2655 1271 2742 altari,
1300 2659 1449 2749 accipiet
1468 2657 1592 2727 Eran-

220 2776 343 2872 pelian
369 2799 393 2845 a
417 2775 598 2862 Diacoao,
618 2777 907 2868 ‘conoertctarpae
933 2772 980 2842 ad
1006 2771 1231 2843 Occidentem.
1259 2772 1437 2843 Accedent
1455 2772 1593 2844 Sacer-

222 2895 319 2964 dotes
346 2914 479 2982 omnes,
507 2899 540 2962 et
565 2891 649 2961 iliad
674 2889 934 2962 osculabantur:
962 2891 1036 2982 ipse
1058 2895 1250 2983 postremos
1267 2887 1352 2958 iliad
1374 2888 1591 2977 oscalabitar,

222 3009 384 3102 dabitque
409 3008 494 3079 iliad
516 3008 678 3079 Diacono
703 3008 925 3093 ministranti,
954 3028 1050 3099 qoem
1076 3009 1179 3075 etiam
1204 3003 1405 3075 incensabit.
1448 3005 1594 3099 Cnmqoe

221 3108 402 3197 Diac'orm
428 3125 519 3195 dicet
552 3124 667 3212 State,
702 3144 884 3195 conversas
913 3122 1089 3194 Sacerdos
1120 3123 1168 3192 ad
1201 3121 1373 3192 Orientem
1407 3121 1516 3211 dicet,
1555 3123 1593 3194 ln

219 3243 355 3314 nomine
381 3239 455 3311 Dei.
507 3241 593 3310 Mon
627 3245 797 3311 incensam
829 3246 883 3311 ter
909 3237 1080 3327 adolebit,
1115 3238 1162 3308 ad
1186 3236 1436 3309 Sanctaariam.
1489 3237 1595 3307 Dicet

220 3358 401 3429 Diaconos
426 3355 572 3427 benedic
598 3356 759 3445 Domine,
787 3361 821 3425 et
847 3355 952 3443 dicet,
980 3354 1107 3427 lnitium
1135 3356 1239 3426 sancti
1259 3350 1437 3445 Evangelii
1465 3375 1592 3427 secun-

221 3473 299 3546 dum
312 3470 531 3558 Matthaeum,
557 3472 725 3560 Marcum,
752 3470 896 3561 Lucam,
923 3470 1095 3542 loannem.
1126 3469 1271 3564 Oomqae
1289 3473 1458 3562 interpres
1468 3470 1592 3540 Dran-

219 3591 304 3687 petii
320 3590 425 3679 dicit,
451 3588 546 3661 State
564 3612 637 3659 cum
652 3592 770 3659 timore
783 3589 867 3677 Dei,
895 3591 1104 3658 conuertitur
1117 3586 1292 3658 Sacerdos
1306 3585 1352 3655 ad
1367 3584 1591 3673 Occidentem,

219 3712 379 3779 incensat
405 3705 513 3777 tribas
537 3705 667 3777 vicibas
692 3704 923 3799 Doanpeliam.
954 3706 1034 3775 Tam
1061 3726 1244 3775 conversas
1270 3703 1317 3773 ad
1341 3702 1591 3790 Sanctaariam,
1724 3716 1730 3735 ¹

220 3824 307 3895 illud
343 3825 500 3894 incensat
530 3825 632 3892 etiam
667 3826 734 3909 ter,
770 3822 892 3892 deinde
923 3820 1133 3892 Sacerdotes
1165 3818 1285 3891 semel:
1318 3824 1414 3890 stans
1447 3822 1482 3887 in
1515 3816 1591 3887 loco

220 3960 302 4025 esso,
329 3942 483 4009 recitans
508 3938 638 4032 aliquid
662 3941 797 4008 intereo
823 3959 869 4007 en
896 3940 1055 4008 oratione
1080 3935 1272 4031 Dranpelii.
1310 3937 1390 4006 Tam
1415 3935 1594 4007 Diaconos

218 4055 325 4127 semel
349 4059 525 4127 incensat:
552 4078 616 4125 nec
643 4056 767 4126 dennit
792 4058 928 4125 interim
954 4053 1123 4125 tbaribnlo
1143 4052 1304 4137 adolere,·
1334 4074 1450 4122 corma
1468 4052 1592 4122 ann-

215 4172 326 4267 pclio,
355 4172 404 4243 ad
425 4176 526 4265 finem
551 4194 655 4266 usqae
681 4172 839 4242 lectionis
865 4177 937 4262 ejas
963 4171 1105 4263 Coptice
1140 4175 1175 4239 et
1207 4173 1244 4238 in
1278 4168 1394 4239 altimo
1430 4173 1594 4238 commate

174 4332 179 4341 ι
223 4293 381 4360 incensat
418 4295 490 4377 ter,
530 4289 591 4358 dat
622 4294 733 4358 antem
765 4287 987 4383 annpeliam
1019 4286 1194 4381 lependam
1224 4285 1385 4356 Diacono
1420 4286 1451 4355 si
1482 4282 1594 4377 probe

222 4405 308 4475 illud
332 4406 449 4501 tepere
474 4402 576 4491 sciat,
609 4407 662 4476 sin
686 4406 811 4491 minas,
847 4403 937 4500 tepet
969 4402 1053 4473 illnd
1083 4408 1158 4497 ipse
1191 4402 1375 4479 Sacerdos.
1434 4400 1532 4488 and
1563 4402 1594 4469 si

223 4520 404 4594 Diaconos
428 4522 522 4617 lepat
546 4520 768 4616 annpeliam
794 4543 840 4591 ea
865 4519 1038 4608 Ambone,
1066 4523 1256 4593 incensatio
1276 4518 1458 4613 annpelii
1480 4520 1592 4609 primo

220 4641 258 4707 et
279 4645 452 4731 postremo
476 4640 538 4731 fiet
563 4637 610 4707 ad
634 4637 734 4707 limen
762 4635 869 4707 ebori.
905 4636 1050 4732 Cnmpae
1064 4638 1157 4708 dicet
1181 4640 1366 4728 interpres,
1394 4633 1527 4706 Domini
1560 4641 1593 4703 et

220 4752 286 4826 Dei
312 4758 437 4845 nostri,
463 4753 590 4825 redibit
615 4753 662 4823 ad
686 4752 928 4824 Sanetaariam
955 4760 990 4823 et
1014 4756 1185 4846 incensam
1212 4752 1319 4822 tribas
1345 4744 1476 4820 vicibus
1498 4750 1591 4819 ado-

221 4869 318 4959 lebit,
346 4871 503 4965 dicetqae
528 4874 719 4964 sepaentern
745 4871 934 4939 orationem
960 4875 1103 4957 secreto,
1131 4868 1266 4963 parando
1288 4866 1509 4961 annpcliam
1535 4865 1592 4935 te-

220 4992 321 5082 petar
345 4987 517 5074 Arabiae,
541 4989 638 5078 facie
664 4986 711 5056 ad
737 4986 908 5056 Orientem
936 5008 1111 5059 conversa.
1150 4984 1248 5073 and
1272 4987 1303 5056 si
1328 4983 1503 5055 Sacerdos
1527 5005 1591 5054 so-

249 5126 363 5169 romrsc
1335 5100 1384 5172 17
