4525 6034
674 584 1213 665 ALEXANDRINO.
1537 584 1612 661 353

238 780 414 874 antiquitus
440 774 642 872 Aethiopum
669 778 761 868 genti
787 798 873 871 quae
906 776 1178 848 nuorerosissima
1210 783 1300 863 erat,
1335 772 1613 867 adjungebantur:

236 896 323 967 uode
350 906 416 967 tam
445 892 530 989 apud
557 892 697 965 Plinium
724 902 757 964 et
787 891 929 981 Melam,
963 914 1062 988 quam
1094 890 1180 987 apud
1217 894 1421 986 antiquiores
1450 891 1613 984 Geogra-

235 1012 320 1109 phos
349 1011 391 1083 de
417 1008 481 1081 illis
508 1019 688 1082 occurmnt
713 1008 835 1096 multa,
862 1031 949 1104 quae
981 1006 1181 1103 Aethiopiae
1213 1005 1394 1079 hodiernae
1429 1011 1613 1081 eonvemre

237 1137 426 1223 nequeunt,
462 1136 496 1197 et
528 1124 570 1199 ad
601 1125 742 1197 Nubiam
775 1123 930 1197 videntur
961 1124 1150 1197 referenda.
1208 1124 1330 1197 Fuisse
1362 1124 1441 1196 olim
1480 1148 1613 1221 quoquc

234 1249 361 1318 missos
387 1247 420 1314 in
449 1263 525 1314 eam
551 1244 726 1334 regionem
751 1240 940 1336 Episcopus
974 1239 1221 1314 aPatriarehis
1250 1238 1488 1313 Alexandrinis
1519 1241 1613 1335 legi-

232 1383 308 1433 mus
336 1363 369 1430 iu
395 1357 543 1431 Historia
569 1357 809 1429 Ecclesiastica
836 1357 975 1429 illorum.
1027 1359 1083 1432 An
1110 1380 1151 1430 ea
1180 1358 1340 1429 autoritas
1367 1355 1473 1429 adbuc
1487 1380 1613 1454 super-

232 1481 275 1548 sit
312 1475 377 1547 illis
410 1473 639 1561 Antistitibus,
674 1476 752 1545 sciri
784 1474 846 1545 viu
880 1484 1010 1568 potest,
1044 1496 1118 1545 cum
1152 1497 1172 1545 a
1205 1471 1417 1546 Salabeddini
1451 1483 1614 1570 tempore,

233 1592 431 1666 altissimum
458 1593 559 1663 sitin
584 1589 730 1661 historiis
757 1589 800 1661 de
825 1588 935 1662 Nubis
963 1590 1136 1663 silentium.
1188 1587 1273 1662 llam
1305 1599 1414 1662 autem
1440 1594 1614 1684 regionem

232 1709 432 1781 Nabodiom
458 1716 585 1779 vocant
613 1703 782 1801 Coptitae,
812 1715 868 1776 aut
894 1706 1059 1777 Nobatae.
1112 1704 1231 1800 Neque
1259 1708 1358 1777 etiam
1387 1716 1614 1801 praetereun-

231 1825 311 1897 dum
338 1833 408 1913 est,
435 1823 523 1919 quod
550 1821 771 1917 Aethiopibus
799 1824 1058 1917 antiquissimam
1085 1823 1326 1893 naamitarum
1356 1821 1614 1918 appellationem

230 1943 470 2031 seruauerint,
498 1943 592 2032 cujus
621 1940 811 2034 exemplum
839 1936 915 2011 alibi
938 1960 1009 2010 non
1035 1936 1134 2009 facile
1168 1941 1332 2035 reperitur
1367 1938 1454 2033 apud
1485 1939 1613 2012 Orien-

229 2057 330 2130 tales.
384 2055 503 2151 Neque
531 2055 563 2127 id
589 2058 800 2148 ignoratione
826 2056 952 2151 proprii
979 2054 1107 2127 illorum
1134 2057 1276 2128 nominis
1302 2053 1441 2143 lactum,
1468 2065 1505 2127 ut
1530 2061 1612 2127 exi-

229 2177 380 2248 stimavit
412 2171 585 2244 Ludollus.
646 2172 733 2244 Nam
768 2172 973 2243 Graecorum
1013 2175 1124 2268 potior
1165 2172 1248 2245 tides
1292 2176 1326 2244 in
1366 2170 1612 2267 antiquitathus

229 2289 416 2383 ejusmodi,
445 2311 544 2383 quam
570 2290 719 2384 ipsorum
744 2287 971 2383 Aethiopum,
998 2310 1138 2383 quorum
1164 2288 1301 2361 infantia
1328 2291 1397 2362 suis
1430 2293 1465 2360 in
1501 2290 1612 2380 origi-

227 2407 330 2479 nibus
360 2432 456 2504 quom
483 2419 644 2505 perpetua
672 2412 740 2497 sit,
766 2431 814 2480 ex
840 2411 923 2504 ipsis
949 2405 1081 2481 Ludolfi
1108 2405 1362 2479 Commentariis
1389 2409 1471 2479 satis
1499 2426 1611 2500 appa-

227 2535 295 2595 ret.
348 2527 395 2598 At
420 2526 601 2597 Atramitae
628 2524 835 2620 appellantur
862 2525 903 2599 ab
930 2524 1134 2610 Athanasio,
1160 2521 1363 2618 Epiphanio,
1389 2521 1551 2594 Nonnoso
1578 2530 1612 2593 et

229 2641 309 2712 aliis
341 2640 589 2714 Ecclesiasticis
625 2640 860 2737 scriptoribus,
900 2640 1000 2737 idque
1041 2662 1163 2713 nomen
1197 2638 1412 2729 Ptolemaeo,
1451 2641 1610 2725 Arriano,

228 2756 429 2853 Stephano,
454 2757 689 2854 Procopioqne
715 2767 847 2846 notum,
875 2756 917 2828 ad
945 2756 1096 2853 Coptitas
1125 2778 1200 2828 cum
1226 2755 1335 2828 multis
1361 2754 1503 2828 vocibus
1522 2777 1609 2851 per-

226 2876 335 2943 venit.
389 2873 506 2968 Neque
534 2876 647 2965 ignota
675 2882 746 2962 est,
772 2883 809 2945 ut
836 2877 1027 2946 existimant
1053 2872 1216 2960 nonnulli,
1248 2870 1419 2947 Arabibus
1446 2871 1610 2964 Geogra-

226 2988 309 3085 phis
340 2990 479 3059 Aroma
510 2988 710 3086 Aethiopiae
747 2988 963 3085 Metropolis,
1003 2993 1101 3082 juxta
1141 2988 1357 3077 Nonnosum,
1400 3011 1474 3060 cnm
1505 2991 1609 3084 ipsios

228 3107 421 3176 meminerit
446 3105 658 3196 Kaswiuius,
684 3106 790 3180 Persa
818 3105 1055 3202 Geogrnphus,
1089 3117 1123 3177 et
1154 3105 1268 3200 plures
1304 3107 1377 3194 olii,
1411 3109 1466 3201 qul
1499 3115 1610 3178 tamen

228 3220 321 3292 hanc
348 3242 468 3293 vocem
496 3222 591 3294 aliter
618 3221 782 3313 scribunt,
811 3246 907 3318 quam
935 3225 1068 3317 scripsit
1093 3222 1266 3315 Scaliger,
1298 3246 1344 3295 ex
1370 3228 1471 3316 genio
1499 3225 1610 3318 potius

229 3360 336 3431 Qum
364 3338 579 3409 Orientalium
607 3343 790 3425 autoritate.
843 3338 913 3411 Sed
939 3338 1024 3411 baec
1055 3341 1166 3411 omnia
1198 3338 1303 3411 fusius
1335 3349 1369 3411 et
1404 3339 1610 3412 commodius
1674 3356 1729 3409 nn.
1758 3358 1793 3408 aa
1825 3356 1935 3427 caepae

227 3453 481 3543 tractabuntur,
508 3453 564 3525 ubi
592 3455 760 3529 derebus
787 3455 1004 3551 Aethiopicis.
1059 3454 1122 3540 Qui
1150 3458 1215 3527 sint
1246 3456 1429 3526 Macnraei
1459 3456 1610 3528 divinare
1622 3441 1734 3512 MN·

227 3592 306 3640 nou
332 3568 430 3641 facile
457 3581 530 3657 est,
556 3593 665 3666 neque
691 3594 814 3664 magno
840 3572 990 3667 periculo
1017 3582 1129 3668 potest
1155 3574 1315 3664 ignorari.
1354 3571 1408 3643 De
1427 3571 1490 3644 illis
1506 3595 1611 3669 porro

227 3686 460 3759 Dioecesibus
487 3686 615 3758 dicetur
640 3686 795 3776 uberius,
820 3686 877 3759 ubi
904 3699 1024 3780 agetur
1058 3687 1101 3759 de
1126 3687 1367 3760 Ecclesiastioa
1393 3688 1610 3761 Potriarcba-

228 3825 312 3873 rum
338 3801 640 3876 Alexandrinomm
663 3804 914 3897 jurisdictione,
941 3828 1016 3876 cum
1043 3827 1084 3877 ea
1112 3828 1198 3899 quae
1225 3804 1466 3895 delibavimus,
1493 3805 1536 3878 ad
1562 3809 1611 3877 ti-

229 3917 328 3991 tulos
355 3941 470 3991 eorum
496 3919 715 4015 explicandos
741 3924 839 3992 unice
864 3925 1060 4015 pertineant.
1097 3918 1180 3993 Cum
1200 3920 1315 3994 scribit
1331 3924 1404 4015 ipse
1419 3921 1612 3994 Putriarcha

229 4036 373 4123 literas,
401 4058 505 4130 quae,
531 4035 783 4132 utplurimum,
811 4038 970 4133 Copticos
998 4037 1108 4109 titulos
1136 4035 1275 4127 habent,
1303 4039 1359 4110 vel
1381 4038 1480 4108 etiam
1502 4036 1612 4129 sigilla

232 4150 390 4247 Copticis
422 4153 526 4224 literis
560 4162 720 4241 exarata,
754 4173 793 4224 se
826 4151 971 4248 appellat
1001 4152 1308 4247 Arcbiepiecopnm
1341 4175 1486 4248 magnae
1518 4152 1613 4223 urbia

229 4268 497 4355 Alexandriae,
525 4268 676 4338 Cobirae
691 4274 725 4338 et
739 4272 842 4341 totins
853 4269 1018 4364 Aepppti,
1032 4270 1198 4363 Africae,
1210 4269 1453 4365 Pentapoleos,
1468 4266 1611 4363 Libyae,

228 4381 450 4475 Aethiopiae
477 4391 511 4455 et
537 4384 691 4455 Nuhiae:
717 4384 773 4457 ubi
799 4407 885 4457 vero
914 4384 957 4456 ad
989 4408 1064 4457 eum
1100 4385 1271 4475 scribitur,
1302 4395 1437 4482 praeter
1468 4385 1610 4458 uberta-

229 4508 307 4570 tem
341 4497 525 4588 titulorum,
564 4522 702 4594 quorum
737 4500 858 4573 Oriens
888 4500 1115 4573 feracissimus
1150 4512 1220 4589 est,
1261 4501 1460 4598 appellatur,
1501 4500 1612 4571 Pater

230 4615 402 4701 Patrem,
445 4617 599 4687 Antiates
639 4616 856 4706 Antiatibus,
898 4617 1112 4688 Patriorcba
1147 4618 1405 4706 Alexandriae,
1446 4627 1507 4689 etc.
1548 4617 1611 4687 etsi

231 4730 403 4824 ejusmodi
431 4732 718 4827 compellationum
744 4731 852 4805 foruna
878 4755 946 4805 non
971 4756 1036 4806 una
1065 4742 1126 4807 est.

344 4847 434 4919 XVl.
460 4848 586 4920 Verum
613 4847 655 4920 de
681 4848 780 4923 titulis
806 4848 890 4922 baec
916 4854 997 4924 sotis
1024 4872 1191 4946 superque
1218 4859 1302 4925 sunt.
1327 4848 1610 4941 Estsanedigni-
1660 4838 1761 4937 summi
1785 4854 1877 4937 0⁰¹⁰¹¹1
1894 4838 1937 4892 ‘¹¹‘

231 4974 294 5036 tas
326 4962 412 5036 illius
446 4962 662 5037 Patriarchae
697 4964 785 5059 apud
818 4965 990 5039 Jacobitas
1024 4966 1244 5064 amplissima,
1286 4987 1354 5038 non
1389 4965 1490 5039 modo
1524 4964 1610 5061 quod
1624 4932 1707 4994 gum
1737 4940 1801 4994 ⁹¹⁸⁰
1831 4925 1937 4995 renqun

1625 5008 1670 5062 oa
1744 5013 1749 5023 ·
1883 5012 1888 5022 ·
1920 5039 1936 5053 ,

231 5083 407 5175 antiquam
434 5080 616 5155 secundum
644 5077 800 5154 Canones
826 5085 964 5171 retinet,
992 5082 1051 5156 sed
1076 5083 1165 5179 quod
1186 5106 1262 5155 eam
1279 5085 1399 5155 mirum
1421 5079 1455 5155 in
1478 5082 1611 5157 modum
1625 5011 1795 5152 edidnmmm
1820 5010 1920 5065 pm
