<?xml version="1.0" encoding="UTF-8"?>
<!DOCTYPE html PUBLIC "-//W3C//DTD XHTML 1.0 Transitional//EN"
    "http://www.w3.org/TR/xhtml1/DTD/xhtml1-transitional.dtd">
<html xmlns="http://www.w3.org/1999/xhtml" xml:lang="en" lang="en">
 <head>
  <title>
</title>
<meta http-equiv="Content-Type" content="text/html;charset=utf-8" />
  <meta name='ocr-system' content='tesseract 3.04.00' />
  <meta name='ocr-capabilities' content='ocr_page ocr_carea ocr_par ocr_line ocrx_word'/>
</head>
<body>
  <div class='ocr_page' id='page_1' title='image "./liturgiarumorie00unkngoog/liturgiarumorie00unkngoog_0192.png"; bbox 0 0 4525 6034; ppageno 0'>
   <div class='ocr_carea' id='block_1_1' title="bbox 0 0 28 3591">
    <p class='ocr_par' dir='ltr' id='par_1_1' title="bbox 0 0 28 3591">
     <span class='ocr_line' id='line_1_1' title="bbox 0 0 28 3591; baseline 0 0"><span class='ocrx_word' id='word_1_1' title='bbox 0 0 28 3591; x_wconf 95' lang='lat' dir='ltr'> </span> 
     </span>
    </p>
   </div>
   <div class='ocr_carea' id='block_1_2' title="bbox 1206 552 1568 635">
    <p class='ocr_par' dir='ltr' id='par_1_2' title="bbox 1206 552 1568 635">
     <span class='ocr_line' id='line_1_2' title="bbox 1206 552 1568 635; baseline 0.025 -9"><span class='ocrx_word' id='word_1_2' title='bbox 1206 552 1568 635; x_wconf 80' lang='lat' dir='ltr'>LITURGlA</span> 
     </span>
    </p>
   </div>
   <div class='ocr_carea' id='block_1_3' title="bbox 1184 957 1604 1139">
    <p class='ocr_par' dir='ltr' id='par_1_3' title="bbox 1184 957 1604 1139">
     <span class='ocr_line' id='line_1_3' title="bbox 1184 957 1604 1139; baseline 0.021 -10"><span class='ocrx_word' id='word_1_3' title='bbox 1184 957 1604 1139; x_wconf 79' lang='lat' dir='ltr'>thdtttt</span> 
     </span>
    </p>
   </div>
   <div class='ocr_carea' id='block_1_4' title="bbox 957 1278 1816 1404">
    <p class='ocr_par' dir='ltr' id='par_1_4' title="bbox 957 1278 1816 1404">
     <span class='ocr_line' id='line_1_4' title="bbox 957 1278 1816 1404; baseline 0.01 -9"><span class='ocrx_word' id='word_1_4' title='bbox 957 1278 1314 1398; x_wconf 69' lang='lat' dir='ltr'>sinoti</span> <span class='ocrx_word' id='word_1_5' title='bbox 1389 1280 1816 1404; x_wconf 81' lang='lat' dir='ltr'><strong>CYRILLI.</strong></span> 
     </span>
    </p>
   </div>
   <div class='ocr_carea' id='block_1_5' title="bbox 677 1620 2073 3265">
    <p class='ocr_par' dir='ltr' id='par_1_5' title="bbox 677 1620 2073 3265">
     <span class='ocr_line' id='line_1_5' title="bbox 794 1620 2072 1740; baseline 0.011 -13"><span class='ocrx_word' id='word_1_6' title='bbox 794 1635 969 1706; x_wconf 64' lang='lat' dir='ltr'>SWd⁰³</span> <span class='ocrx_word' id='word_1_7' title='bbox 994 1642 1139 1707; x_wconf 58' lang='lat' dir='ltr'><em>mrem·</em></span> <span class='ocrx_word' id='word_1_8' title='bbox 1196 1620 1360 1730; x_wconf 62' lang='lat' dir='ltr'>Creator</span> <span class='ocrx_word' id='word_1_9' title='bbox 1392 1676 1502 1728; x_wconf 90' lang='lat' dir='ltr'>rerum</span> <span class='ocrx_word' id='word_1_10' title='bbox 1536 1661 1680 1729; x_wconf 90' lang='lat' dir='ltr'>omnium</span> <span class='ocrx_word' id='word_1_11' title='bbox 1707 1660 1887 1733; x_wconf 87' lang='lat' dir='ltr'>visibilium</span> <span class='ocrx_word' id='word_1_12' title='bbox 1914 1674 1949 1735; x_wconf 89' lang='lat' dir='ltr'>et</span> <span class='ocrx_word' id='word_1_13' title='bbox 1974 1669 2072 1740; x_wconf 89' lang='lat' dir='ltr'>invi-</span> 
     </span>
     <span class='ocr_line' id='line_1_6' title="bbox 690 1766 2071 1873; baseline 0.009 -31"><span class='ocrx_word' id='word_1_14' title='bbox 690 1766 851 1859; x_wconf 84' lang='lat' dir='ltr'>sibilium,</span> <span class='ocrx_word' id='word_1_15' title='bbox 885 1773 940 1863; x_wconf 90' lang='lat' dir='ltr'>qui</span> <span class='ocrx_word' id='word_1_16' title='bbox 964 1772 1075 1841; x_wconf 88' lang='lat' dir='ltr'>omnia</span> <span class='ocrx_word' id='word_1_17' title='bbox 1100 1793 1164 1866; x_wconf 91' lang='lat' dir='ltr'>per</span> <span class='ocrx_word' id='word_1_18' title='bbox 1195 1771 1441 1866; x_wconf 85' lang='lat' dir='ltr'>providentiam</span> <span class='ocrx_word' id='word_1_19' title='bbox 1476 1776 1589 1864; x_wconf 77' lang='lat' dir='ltr'>regis,</span> <span class='ocrx_word' id='word_1_20' title='bbox 1625 1784 1679 1845; x_wconf 90' lang='lat' dir='ltr'>tua</span> <span class='ocrx_word' id='word_1_21' title='bbox 1712 1779 1799 1847; x_wconf 90' lang='lat' dir='ltr'>enim</span> <span class='ocrx_word' id='word_1_22' title='bbox 1834 1790 1910 1852; x_wconf 91' lang='lat' dir='ltr'>sunt</span> <span class='ocrx_word' id='word_1_23' title='bbox 1945 1786 2071 1873; x_wconf 79' lang='lat' dir='ltr'>omnia,</span> 
     </span>
     <span class='ocr_line' id='line_1_7' title="bbox 689 1885 2071 1992; baseline 0.012 -37"><span class='ocrx_word' id='word_1_24' title='bbox 689 1885 851 1974; x_wconf 78' lang='lat' dir='ltr'>Domine,</span> <span class='ocrx_word' id='word_1_25' title='bbox 887 1897 1014 1958; x_wconf 90' lang='lat' dir='ltr'>amator</span> <span class='ocrx_word' id='word_1_26' title='bbox 1047 1890 1245 1959; x_wconf 87' lang='lat' dir='ltr'>animarum:</span> <span class='ocrx_word' id='word_1_27' title='bbox 1282 1886 1447 1981; x_wconf 91' lang='lat' dir='ltr'>deprecor</span> <span class='ocrx_word' id='word_1_28' title='bbox 1480 1898 1534 1977; x_wconf 62' lang='lat' dir='ltr'>tc„</span> <span class='ocrx_word' id='word_1_29' title='bbox 1567 1890 1710 1961; x_wconf 86' lang='lat' dir='ltr'>Domine</span> <span class='ocrx_word' id='word_1_30' title='bbox 1746 1895 1974 1989; x_wconf 74' lang='lat' dir='ltr'>omnipotens,</span> <span class='ocrx_word' id='word_1_31' title='bbox 2002 1922 2071 1992; x_wconf 88' lang='lat' dir='ltr'>ego</span> 
     </span>
     <span class='ocr_line' id='line_1_8' title="bbox 688 2000 2073 2102; baseline 0.012 -32"><span class='ocrx_word' id='word_1_32' title='bbox 688 2000 852 2091; x_wconf 78' lang='lat' dir='ltr'>imbellis,</span> <span class='ocrx_word' id='word_1_33' title='bbox 879 2005 1003 2074; x_wconf 89' lang='lat' dir='ltr'>virtute</span> <span class='ocrx_word' id='word_1_34' title='bbox 1030 2025 1170 2093; x_wconf 77' lang='lat' dir='ltr'>carens,</span> <span class='ocrx_word' id='word_1_35' title='bbox 1197 2013 1232 2074; x_wconf 92' lang='lat' dir='ltr'>et</span> <span class='ocrx_word' id='word_1_36' title='bbox 1257 2001 1378 2074; x_wconf 88' lang='lat' dir='ltr'>inutilis</span> <span class='ocrx_word' id='word_1_37' title='bbox 1405 2025 1489 2097; x_wconf 88' lang='lat' dir='ltr'>prae</span> <span class='ocrx_word' id='word_1_38' title='bbox 1517 2004 1669 2078; x_wconf 91' lang='lat' dir='ltr'>omnibns</span> <span class='ocrx_word' id='word_1_39' title='bbox 1696 2010 1853 2080; x_wconf 78' lang='lat' dir='ltr'>ministris</span> <span class='ocrx_word' id='word_1_40' title='bbox 1880 2015 1964 2102; x_wconf 84' lang='lat' dir='ltr'>tuis,</span> <span class='ocrx_word' id='word_1_41' title='bbox 1992 2014 2073 2086; x_wconf 89' lang='lat' dir='ltr'>dum</span> 
     </span>
     <span class='ocr_line' id='line_1_9' title="bbox 689 2117 2071 2219; baseline 0.012 -33"><span class='ocrx_word' id='word_1_42' title='bbox 689 2117 816 2189; x_wconf 91' lang='lat' dir='ltr'>accedo</span> <span class='ocrx_word' id='word_1_43' title='bbox 837 2118 881 2189; x_wconf 91' lang='lat' dir='ltr'>ad</span> <span class='ocrx_word' id='word_1_44' title='bbox 901 2130 1016 2192; x_wconf 89' lang='lat' dir='ltr'>sancta</span> <span class='ocrx_word' id='word_1_45' title='bbox 1034 2130 1224 2191; x_wconf 87' lang='lat' dir='ltr'>sanctorum</span> <span class='ocrx_word' id='word_1_46' title='bbox 1240 2129 1314 2208; x_wconf 74' lang='lat' dir='ltr'>tua,</span> <span class='ocrx_word' id='word_1_47' title='bbox 1338 2118 1381 2189; x_wconf 91' lang='lat' dir='ltr'>ad</span> <span class='ocrx_word' id='word_1_48' title='bbox 1395 2120 1601 2191; x_wconf 89' lang='lat' dir='ltr'>tractandum</span> <span class='ocrx_word' id='word_1_49' title='bbox 1613 2119 1677 2192; x_wconf 93' lang='lat' dir='ltr'>boc</span> <span class='ocrx_word' id='word_1_50' title='bbox 1693 2128 1888 2219; x_wconf 74' lang='lat' dir='ltr'>mysterium</span> <span class='ocrx_word' id='word_1_51' title='bbox 1906 2139 2071 2202; x_wconf 90' lang='lat' dir='ltr'>sanctum.</span> 
     </span>
     <span class='ocr_line' id='line_1_10' title="bbox 687 2233 2070 2339; baseline 0.006 -34"><span class='ocrx_word' id='word_1_52' title='bbox 687 2235 741 2305; x_wconf 92' lang='lat' dir='ltr'>Da</span> <span class='ocrx_word' id='word_1_53' title='bbox 767 2233 864 2325; x_wconf 75' lang='lat' dir='ltr'>mibi,</span> <span class='ocrx_word' id='word_1_54' title='bbox 890 2237 1051 2325; x_wconf 75' lang='lat' dir='ltr'>Domine,</span> <span class='ocrx_word' id='word_1_55' title='bbox 1079 2238 1228 2332; x_wconf 89' lang='lat' dir='ltr'>spiritum</span> <span class='ocrx_word' id='word_1_56' title='bbox 1255 2245 1344 2306; x_wconf 89' lang='lat' dir='ltr'>tuum</span> <span class='ocrx_word' id='word_1_57' title='bbox 1372 2246 1539 2325; x_wconf 74' lang='lat' dir='ltr'>sanctum,</span> <span class='ocrx_word' id='word_1_58' title='bbox 1567 2240 1679 2328; x_wconf 90' lang='lat' dir='ltr'>ignem</span> <span class='ocrx_word' id='word_1_59' title='bbox 1706 2243 1866 2312; x_wconf 89' lang='lat' dir='ltr'>materiae</span> <span class='ocrx_word' id='word_1_60' title='bbox 1881 2253 2070 2339; x_wconf 74' lang='lat' dir='ltr'>expertem,</span> 
     </span>
     <span class='ocr_line' id='line_1_11' title="bbox 688 2350 2069 2447; baseline 0.007 -26"><span class='ocrx_word' id='word_1_61' title='bbox 688 2354 743 2444; x_wconf 90' lang='lat' dir='ltr'>qui</span> <span class='ocrx_word' id='word_1_62' title='bbox 770 2354 973 2443; x_wconf 74' lang='lat' dir='ltr'>cogitatione</span> <span class='ocrx_word' id='word_1_63' title='bbox 1000 2350 1236 2447; x_wconf 85' lang='lat' dir='ltr'>comprehendi</span> <span class='ocrx_word' id='word_1_64' title='bbox 1262 2373 1330 2422; x_wconf 91' lang='lat' dir='ltr'>uon</span> <span class='ocrx_word' id='word_1_65' title='bbox 1356 2360 1492 2446; x_wconf 89' lang='lat' dir='ltr'>potest;</span> <span class='ocrx_word' id='word_1_66' title='bbox 1529 2354 1583 2446; x_wconf 90' lang='lat' dir='ltr'>qui</span> <span class='ocrx_word' id='word_1_67' title='bbox 1620 2353 1756 2427; x_wconf 91' lang='lat' dir='ltr'>duritias</span> <span class='ocrx_word' id='word_1_68' title='bbox 1785 2378 1902 2430; x_wconf 91' lang='lat' dir='ltr'>omnes</span> <span class='ocrx_word' id='word_1_69' title='bbox 1936 2380 2069 2430; x_wconf 90' lang='lat' dir='ltr'>cousu-</span> 
     </span>
     <span class='ocr_line' id='line_1_12' title="bbox 685 2465 2069 2562; baseline 0.008 -25"><span class='ocrx_word' id='word_1_70' title='bbox 685 2470 760 2557; x_wconf 74' lang='grc' dir='ltr'>ιιιίι,</span> <span class='ocrx_word' id='word_1_71' title='bbox 795 2470 850 2562; x_wconf 85' lang='lat' dir='ltr'>qui</span> <span class='ocrx_word' id='word_1_72' title='bbox 884 2467 1031 2540; x_wconf 84' lang='lat' dir='ltr'>incendit</span> <span class='ocrx_word' id='word_1_73' title='bbox 1063 2470 1273 2539; x_wconf 83' lang='lat' dir='ltr'>inventiones</span> <span class='ocrx_word' id='word_1_74' title='bbox 1305 2465 1429 2558; x_wconf 69' lang='lat' dir='ltr'>malm,</span> <span class='ocrx_word' id='word_1_75' title='bbox 1464 2478 1499 2538; x_wconf 91' lang='lat' dir='ltr'>et</span> <span class='ocrx_word' id='word_1_76' title='bbox 1531 2468 1651 2540; x_wconf 90' lang='lat' dir='ltr'>occidit</span> <span class='ocrx_word' id='word_1_77' title='bbox 1681 2468 1831 2542; x_wconf 87' lang='lat' dir='ltr'>membra</span> <span class='ocrx_word' id='word_1_78' title='bbox 1863 2482 1999 2547; x_wconf 88' lang='lat' dir='ltr'>terrena</span> <span class='ocrx_word' id='word_1_79' title='bbox 2033 2487 2069 2548; x_wconf 89' lang='lat' dir='ltr'>et</span> 
     </span>
     <span class='ocr_line' id='line_1_13' title="bbox 685 2584 2067 2682; baseline 0.009 -29"><span class='ocrx_word' id='word_1_80' title='bbox 685 2606 870 2679; x_wconf 74' lang='lat' dir='ltr'>corporea,</span> <span class='ocrx_word' id='word_1_81' title='bbox 896 2584 1130 2680; x_wconf 85' lang='lat' dir='ltr'>refraenatque</span> <span class='ocrx_word' id='word_1_82' title='bbox 1156 2594 1266 2657; x_wconf 91' lang='lat' dir='ltr'>motus</span> <span class='ocrx_word' id='word_1_83' title='bbox 1294 2587 1411 2674; x_wconf 72' lang='lat' dir='ltr'>arcini,</span> <span class='ocrx_word' id='word_1_84' title='bbox 1448 2586 1503 2678; x_wconf 91' lang='lat' dir='ltr'>qui</span> <span class='ocrx_word' id='word_1_85' title='bbox 1537 2584 1709 2679; x_wconf 87' lang='lat' dir='ltr'>impellunt</span> <span class='ocrx_word' id='word_1_86' title='bbox 1742 2586 1783 2656; x_wconf 88' lang='lat' dir='ltr'>ad</span> <span class='ocrx_word' id='word_1_87' title='bbox 1809 2591 2067 2682; x_wconf 82' lang='lat' dir='ltr'>imaginationes</span> 
     </span>
     <span class='ocr_line' id='line_1_14' title="bbox 683 2697 2066 2795; baseline 0.005 -25"><span class='ocrx_word' id='word_1_88' title='bbox 683 2699 802 2794; x_wconf 86' lang='lat' dir='ltr'>plenas</span> <span class='ocrx_word' id='word_1_89' title='bbox 828 2705 987 2795; x_wconf 82' lang='lat' dir='ltr'>passione</span> <span class='ocrx_word' id='word_1_90' title='bbox 1015 2710 1049 2773; x_wconf 90' lang='lat' dir='ltr'>et</span> <span class='ocrx_word' id='word_1_91' title='bbox 1075 2699 1210 2774; x_wconf 91' lang='lat' dir='ltr'>dolore:</span> <span class='ocrx_word' id='word_1_92' title='bbox 1242 2697 1286 2770; x_wconf 85' lang='lat' dir='ltr'>Et</span> <span class='ocrx_word' id='word_1_93' title='bbox 1312 2704 1396 2771; x_wconf 89' lang='lat' dir='ltr'>sicut</span> <span class='ocrx_word' id='word_1_94' title='bbox 1423 2699 1520 2773; x_wconf 88' lang='lat' dir='ltr'>decet</span> <span class='ocrx_word' id='word_1_95' title='bbox 1547 2702 1759 2775; x_wconf 81' lang='lat' dir='ltr'>sacerdotes:</span> <span class='ocrx_word' id='word_1_96' title='bbox 1795 2704 1889 2775; x_wconf 87' lang='lat' dir='ltr'>effice</span> <span class='ocrx_word' id='word_1_97' title='bbox 1916 2729 1971 2778; x_wconf 92' lang='lat' dir='ltr'>me</span> <span class='ocrx_word' id='word_1_98' title='bbox 1997 2730 2066 2779; x_wconf 92' lang='lat' dir='ltr'>su-</span> 
     </span>
     <span class='ocr_line' id='line_1_15' title="bbox 681 2815 2064 2916; baseline 0.005 -30"><span class='ocrx_word' id='word_1_99' title='bbox 681 2819 849 2910; x_wconf 91' lang='lat' dir='ltr'>periorem</span> <span class='ocrx_word' id='word_1_100' title='bbox 876 2822 965 2890; x_wconf 92' lang='lat' dir='ltr'>omni</span> <span class='ocrx_word' id='word_1_101' title='bbox 992 2820 1198 2910; x_wconf 83' lang='lat' dir='ltr'>cogitatione</span> <span class='ocrx_word' id='word_1_102' title='bbox 1224 2815 1374 2907; x_wconf 74' lang='lat' dir='ltr'>mortali,</span> <span class='ocrx_word' id='word_1_103' title='bbox 1402 2824 1435 2886; x_wconf 93' lang='lat' dir='ltr'>et</span> <span class='ocrx_word' id='word_1_104' title='bbox 1462 2816 1504 2888; x_wconf 92' lang='lat' dir='ltr'>da</span> <span class='ocrx_word' id='word_1_105' title='bbox 1531 2815 1609 2887; x_wconf 91' lang='lat' dir='ltr'>mihi</span> <span class='ocrx_word' id='word_1_106' title='bbox 1635 2817 1748 2891; x_wconf 84' lang='lat' dir='ltr'>verba</span> <span class='ocrx_word' id='word_1_107' title='bbox 1774 2840 1879 2914; x_wconf 75' lang='lat' dir='ltr'>pura,</span> <span class='ocrx_word' id='word_1_108' title='bbox 1915 2831 1950 2892; x_wconf 94' lang='grc' dir='ltr'>ιιι</span> <span class='ocrx_word' id='word_1_109' title='bbox 1975 2844 2064 2916; x_wconf 93' lang='lat' dir='ltr'>per-</span> 
     </span>
     <span class='ocr_line' id='line_1_16' title="bbox 680 2932 2063 3035; baseline 0.004 -33"><span class='ocrx_word' id='word_1_110' title='bbox 680 2933 790 3006; x_wconf 89' lang='lat' dir='ltr'>ficiam</span> <span class='ocrx_word' id='word_1_111' title='bbox 814 2934 900 3006; x_wconf 89' lang='lat' dir='ltr'>hanc</span> <span class='ocrx_word' id='word_1_112' title='bbox 926 2932 1129 3007; x_wconf 89' lang='lat' dir='ltr'>oblationem</span> <span class='ocrx_word' id='word_1_113' title='bbox 1155 2938 1379 3030; x_wconf 82' lang='lat' dir='ltr'>propositam,</span> <span class='ocrx_word' id='word_1_114' title='bbox 1407 2955 1494 3026; x_wconf 89' lang='lat' dir='ltr'>quae</span> <span class='ocrx_word' id='word_1_115' title='bbox 1522 2944 1573 3006; x_wconf 90' lang='lat' dir='ltr'>est</span> <span class='ocrx_word' id='word_1_116' title='bbox 1598 2937 1794 3028; x_wconf 74' lang='lat' dir='ltr'>mysterium</span> <span class='ocrx_word' id='word_1_117' title='bbox 1816 2940 1962 3008; x_wconf 90' lang='lat' dir='ltr'>omnium</span> <span class='ocrx_word' id='word_1_118' title='bbox 1977 2961 2063 3035; x_wconf 74' lang='lat' dir='ltr'>my-</span> 
     </span>
     <span class='ocr_line' id='line_1_17' title="bbox 680 3049 2062 3143; baseline 0.002 -22"><span class='ocrx_word' id='word_1_119' title='bbox 680 3053 874 3143; x_wconf 76' lang='lat' dir='ltr'>steriorum,</span> <span class='ocrx_word' id='word_1_120' title='bbox 901 3054 935 3122; x_wconf 90' lang='lat' dir='ltr'>in</span> <span class='ocrx_word' id='word_1_121' title='bbox 962 3055 1125 3124; x_wconf 87' lang='lat' dir='ltr'>societate</span> <span class='ocrx_word' id='word_1_122' title='bbox 1153 3060 1187 3122; x_wconf 89' lang='lat' dir='ltr'>et</span> <span class='ocrx_word' id='word_1_123' title='bbox 1213 3051 1445 3121; x_wconf 89' lang='lat' dir='ltr'>communione</span> <span class='ocrx_word' id='word_1_124' title='bbox 1473 3049 1595 3122; x_wconf 87' lang='lat' dir='ltr'>Christi</span> <span class='ocrx_word' id='word_1_125' title='bbox 1622 3052 1687 3140; x_wconf 77' lang='lat' dir='ltr'>tui,</span> <span class='ocrx_word' id='word_1_126' title='bbox 1715 3054 1768 3121; x_wconf 92' lang='lat' dir='ltr'>cui</span> <span class='ocrx_word' id='word_1_127' title='bbox 1791 3061 1900 3122; x_wconf 87' lang='lat' dir='ltr'>tecum</span> <span class='ocrx_word' id='word_1_128' title='bbox 1920 3052 2062 3126; x_wconf 89' lang='lat' dir='ltr'>debetur</span> 
     </span>
     <span class='ocr_line' id='line_1_18' title="bbox 677 3164 2058 3265; baseline 0.004 -29"><span class='ocrx_word' id='word_1_129' title='bbox 677 3164 803 3259; x_wconf 78' lang='lat' dir='ltr'>gloria,</span> <span class='ocrx_word' id='word_1_130' title='bbox 830 3176 864 3239; x_wconf 89' lang='lat' dir='ltr'>et</span> <span class='ocrx_word' id='word_1_131' title='bbox 890 3168 1027 3265; x_wconf 86' lang='lat' dir='ltr'>Spiritui</span> <span class='ocrx_word' id='word_1_132' title='bbox 1053 3175 1170 3252; x_wconf 83' lang='lat' dir='ltr'>sancto</span> <span class='ocrx_word' id='word_1_133' title='bbox 1197 3166 1399 3255; x_wconf 74' lang='lat' dir='ltr'>vivificanti,</span> <span class='ocrx_word' id='word_1_134' title='bbox 1428 3166 1550 3260; x_wconf 88' lang='lat' dir='ltr'>tibique</span> <span class='ocrx_word' id='word_1_135' title='bbox 1576 3164 1849 3238; x_wconf 88' lang='lat' dir='ltr'>consubstantiali</span> <span class='ocrx_word' id='word_1_136' title='bbox 1876 3189 1964 3239; x_wconf 90' lang='lat' dir='ltr'>nuuc</span> <span class='ocrx_word' id='word_1_137' title='bbox 1993 3180 2058 3241; x_wconf 91' lang='lat' dir='ltr'>etc.</span> 
     </span>
    </p>
   </div>
   <div class='ocr_carea' id='block_1_6' title="bbox 1112 3388 1606 3517">
    <p class='ocr_par' dir='ltr' id='par_1_6' title="bbox 1112 3388 1606 3517">
     <span class='ocr_line' id='line_1_19' title="bbox 1112 3388 1606 3517; baseline 0 -24"><span class='ocrx_word' id='word_1_138' title='bbox 1112 3388 1116 3393; x_wconf 25' lang='grc' dir='ltr'>Ι</span> <span class='ocrx_word' id='word_1_139' title='bbox 1137 3422 1259 3494; x_wconf 79' lang='lat' dir='ltr'>Oratio</span> <span class='ocrx_word' id='word_1_140' title='bbox 1282 3426 1385 3517; x_wconf 79' lang='lat' dir='ltr'>pacis</span> <span class='ocrx_word' id='word_1_141' title='bbox 1410 3421 1448 3493; x_wconf 83' lang='lat' dir='ltr'>S.</span> <span class='ocrx_word' id='word_1_142' title='bbox 1477 3422 1606 3516; x_wconf 79' lang='lat' dir='ltr'>Cprillc&#39;.</span> 
     </span>
    </p>
   </div>
   <div class='ocr_carea' id='block_1_7' title="bbox 666 3627 2058 5121">
    <p class='ocr_par' dir='ltr' id='par_1_7' title="bbox 666 3627 2058 5121">
     <span class='ocr_line' id='line_1_20' title="bbox 779 3627 2058 3720; baseline 0.005 -21"><span class='ocrx_word' id='word_1_143' title='bbox 779 3627 963 3703; x_wconf 78' lang='lat' dir='ltr'>Sacerdos.</span> <span class='ocrx_word' id='word_1_144' title='bbox 1017 3635 1127 3706; x_wconf 88' lang='lat' dir='ltr'>Antor</span> <span class='ocrx_word' id='word_1_145' title='bbox 1153 3634 1244 3704; x_wconf 90' lang='lat' dir='ltr'>vitae</span> <span class='ocrx_word' id='word_1_146' title='bbox 1272 3641 1305 3702; x_wconf 90' lang='lat' dir='ltr'>et</span> <span class='ocrx_word' id='word_1_147' title='bbox 1331 3653 1397 3702; x_wconf 86' lang='lat' dir='ltr'>rex</span> <span class='ocrx_word' id='word_1_148' title='bbox 1431 3628 1662 3720; x_wconf 73' lang='lat' dir='ltr'>saeculorum,</span> <span class='ocrx_word' id='word_1_149' title='bbox 1697 3631 1790 3702; x_wconf 88' lang='lat' dir='ltr'>Deus</span> <span class='ocrx_word' id='word_1_150' title='bbox 1826 3633 1880 3701; x_wconf 93' lang='lat' dir='ltr'>cui</span> <span class='ocrx_word' id='word_1_151' title='bbox 1914 3628 2058 3705; x_wconf 89' lang='lat' dir='ltr'>flectitur</span> 
     </span>
     <span class='ocr_line' id='line_1_21' title="bbox 676 3746 2055 3844; baseline 0.001 -28"><span class='ocrx_word' id='word_1_152' title='bbox 676 3768 775 3817; x_wconf 91' lang='lat' dir='ltr'>omne</span> <span class='ocrx_word' id='word_1_153' title='bbox 801 3770 891 3839; x_wconf 90' lang='lat' dir='ltr'>genu</span> <span class='ocrx_word' id='word_1_154' title='bbox 919 3772 1035 3821; x_wconf 89' lang='lat' dir='ltr'>corum</span> <span class='ocrx_word' id='word_1_155' title='bbox 1063 3773 1149 3844; x_wconf 92' lang='lat' dir='ltr'>quae</span> <span class='ocrx_word' id='word_1_156' title='bbox 1176 3753 1210 3821; x_wconf 91' lang='lat' dir='ltr'>in</span> <span class='ocrx_word' id='word_1_157' title='bbox 1237 3748 1341 3820; x_wconf 87' lang='lat' dir='ltr'>coelis</span> <span class='ocrx_word' id='word_1_158' title='bbox 1369 3758 1462 3838; x_wconf 79' lang='lat' dir='ltr'>sunt,</span> <span class='ocrx_word' id='word_1_159' title='bbox 1499 3756 1770 3843; x_wconf 71' lang='lat' dir='ltr'>superterram,</span> <span class='ocrx_word' id='word_1_160' title='bbox 1804 3755 1838 3817; x_wconf 90' lang='lat' dir='ltr'>et</span> <span class='ocrx_word' id='word_1_161' title='bbox 1871 3769 1957 3840; x_wconf 90' lang='lat' dir='ltr'>quae</span> <span class='ocrx_word' id='word_1_162' title='bbox 1993 3746 2055 3818; x_wconf 92' lang='lat' dir='ltr'>sub</span> 
     </span>
     <span class='ocr_line' id='line_1_22' title="bbox 673 3861 2054 3959; baseline 0.001 -27"><span class='ocrx_word' id='word_1_163' title='bbox 673 3871 780 3933; x_wconf 89' lang='lat' dir='ltr'>terra:</span> <span class='ocrx_word' id='word_1_164' title='bbox 815 3868 868 3934; x_wconf 92' lang='lat' dir='ltr'>cui</span> <span class='ocrx_word' id='word_1_165' title='bbox 895 3870 1005 3938; x_wconf 88' lang='lat' dir='ltr'>omnia</span> <span class='ocrx_word' id='word_1_166' title='bbox 1031 3867 1250 3959; x_wconf 88' lang='lat' dir='ltr'>subjiciuntur</span> <span class='ocrx_word' id='word_1_167' title='bbox 1277 3862 1439 3958; x_wconf 86' lang='lat' dir='ltr'>obsequio</span> <span class='ocrx_word' id='word_1_168' title='bbox 1467 3865 1656 3950; x_wconf 70' lang='lat' dir='ltr'>servituris,</span> <span class='ocrx_word' id='word_1_169' title='bbox 1691 3872 1725 3932; x_wconf 89' lang='lat' dir='ltr'>et</span> <span class='ocrx_word' id='word_1_170' title='bbox 1759 3861 1958 3934; x_wconf 86' lang='lat' dir='ltr'>inclinantur</span> <span class='ocrx_word' id='word_1_171' title='bbox 1992 3861 2054 3937; x_wconf 89' lang='lat' dir='ltr'>sub</span> 
     </span>
     <span class='ocr_line' id='line_1_23' title="bbox 673 3976 2053 4077; baseline -0.001 -26"><span class='ocrx_word' id='word_1_172' title='bbox 673 3989 808 4072; x_wconf 86' lang='lat' dir='ltr'>sceptro</span> <span class='ocrx_word' id='word_1_173' title='bbox 836 3980 947 4074; x_wconf 87' lang='lat' dir='ltr'>Regni</span> <span class='ocrx_word' id='word_1_174' title='bbox 974 3985 1068 4075; x_wconf 75' lang='lat' dir='ltr'>ejus,</span> <span class='ocrx_word' id='word_1_175' title='bbox 1104 4005 1203 4077; x_wconf 89' lang='lat' dir='ltr'>quem</span> <span class='ocrx_word' id='word_1_176' title='bbox 1229 3980 1364 4052; x_wconf 91' lang='lat' dir='ltr'>landant</span> <span class='ocrx_word' id='word_1_177' title='bbox 1391 3982 1561 4052; x_wconf 87' lang='lat' dir='ltr'>exercitus</span> <span class='ocrx_word' id='word_1_178' title='bbox 1597 3976 1758 4069; x_wconf 72' lang='lat' dir='ltr'>angelici,</span> <span class='ocrx_word' id='word_1_179' title='bbox 1794 3977 1929 4049; x_wconf 91' lang='lat' dir='ltr'>ordines</span> <span class='ocrx_word' id='word_1_180' title='bbox 1964 4002 2053 4050; x_wconf 88' lang='lat' dir='ltr'>coe-</span> 
     </span>
     <span class='ocr_line' id='line_1_24' title="bbox 672 4091 2052 4187; baseline 0.002 -24"><span class='ocrx_word' id='word_1_181' title='bbox 672 4091 794 4185; x_wconf 73' lang='lat' dir='ltr'>leste3‚</span> <span class='ocrx_word' id='word_1_182' title='bbox 821 4108 855 4168; x_wconf 94' lang='lat' dir='ltr'>et</span> <span class='ocrx_word' id='word_1_183' title='bbox 880 4108 1020 4170; x_wconf 89' lang='lat' dir='ltr'>naturae</span> <span class='ocrx_word' id='word_1_184' title='bbox 1047 4097 1313 4186; x_wconf 66' lang='lat' dir='ltr'>intellectualem,</span> <span class='ocrx_word' id='word_1_185' title='bbox 1340 4094 1533 4169; x_wconf 88' lang='lat' dir='ltr'>incessabili</span> <span class='ocrx_word' id='word_1_186' title='bbox 1560 4117 1649 4166; x_wconf 84' lang='lat' dir='ltr'>voce</span> <span class='ocrx_word' id='word_1_187' title='bbox 1680 4091 1855 4187; x_wconf 87' lang='lat' dir='ltr'>loquentes</span> <span class='ocrx_word' id='word_1_188' title='bbox 1890 4094 2052 4166; x_wconf 72' lang='lat' dir='ltr'>diuinita-</span> 
     </span>
     <span class='ocr_line' id='line_1_25' title="bbox 671 4212 2052 4308; baseline 0.004 -28"><span class='ocrx_word' id='word_1_189' title='bbox 671 4220 738 4282; x_wconf 88' lang='lat' dir='ltr'>tem</span> <span class='ocrx_word' id='word_1_190' title='bbox 766 4214 855 4303; x_wconf 86' lang='lat' dir='ltr'>cjus:</span> <span class='ocrx_word' id='word_1_191' title='bbox 884 4218 939 4308; x_wconf 90' lang='lat' dir='ltr'>qui</span> <span class='ocrx_word' id='word_1_192' title='bbox 965 4218 1010 4287; x_wconf 92' lang='lat' dir='ltr'>ita</span> <span class='ocrx_word' id='word_1_193' title='bbox 1037 4215 1194 4304; x_wconf 49' lang='lat' dir='ltr'>voluisti3</span> <span class='ocrx_word' id='word_1_194' title='bbox 1221 4224 1257 4285; x_wconf 93' lang='lat' dir='ltr'>ut</span> <span class='ocrx_word' id='word_1_195' title='bbox 1282 4236 1346 4286; x_wconf 95' lang='lat' dir='ltr'>nos</span> <span class='ocrx_word' id='word_1_196' title='bbox 1372 4212 1523 4286; x_wconf 87' lang='lat' dir='ltr'>imbelles</span> <span class='ocrx_word' id='word_1_197' title='bbox 1551 4221 1585 4282; x_wconf 92' lang='lat' dir='ltr'>et</span> <span class='ocrx_word' id='word_1_198' title='bbox 1612 4212 1754 4298; x_wconf 72' lang='lat' dir='ltr'>terreni,</span> <span class='ocrx_word' id='word_1_199' title='bbox 1787 4212 2052 4285; x_wconf 87' lang='lat' dir='ltr'>ministraremus</span> 
     </span>
     <span class='ocr_line' id='line_1_26' title="bbox 670 4323 2052 4427; baseline 0.001 -30"><span class='ocrx_word' id='word_1_200' title='bbox 670 4327 747 4417; x_wconf 77' lang='lat' dir='ltr'>tihi,</span> <span class='ocrx_word' id='word_1_201' title='bbox 777 4350 843 4400; x_wconf 92' lang='lat' dir='ltr'>non</span> <span class='ocrx_word' id='word_1_202' title='bbox 869 4341 1010 4427; x_wconf 90' lang='lat' dir='ltr'>propter</span> <span class='ocrx_word' id='word_1_203' title='bbox 1035 4334 1210 4426; x_wconf 91' lang='lat' dir='ltr'>puritatem</span> <span class='ocrx_word' id='word_1_204' title='bbox 1237 4352 1391 4401; x_wconf 88' lang='lat' dir='ltr'>manuum</span> <span class='ocrx_word' id='word_1_205' title='bbox 1424 4339 1633 4416; x_wconf 78' lang='lat' dir='ltr'>nostrarum,</span> <span class='ocrx_word' id='word_1_206' title='bbox 1671 4334 1727 4398; x_wconf 89' lang='lat' dir='ltr'>aut</span> <span class='ocrx_word' id='word_1_207' title='bbox 1761 4323 1892 4418; x_wconf 89' lang='lat' dir='ltr'>aliquod</span> <span class='ocrx_word' id='word_1_208' title='bbox 1925 4326 2052 4399; x_wconf 88' lang='lat' dir='ltr'>bouum</span> 
     </span>
     <span class='ocr_line' id='line_1_27' title="bbox 671 4442 2050 4542; baseline -0.001 -28"><span class='ocrx_word' id='word_1_209' title='bbox 671 4465 756 4538; x_wconf 90' lang='lat' dir='ltr'>opus</span> <span class='ocrx_word' id='word_1_210' title='bbox 781 4454 931 4517; x_wconf 90' lang='lat' dir='ltr'>nostrum</span> <span class='ocrx_word' id='word_1_211' title='bbox 959 4469 1060 4542; x_wconf 90' lang='lat' dir='ltr'>super</span> <span class='ocrx_word' id='word_1_212' title='bbox 1087 4458 1229 4537; x_wconf 75' lang='lat' dir='ltr'>terram,</span> <span class='ocrx_word' id='word_1_213' title='bbox 1257 4446 1317 4519; x_wconf 91' lang='lat' dir='ltr'>sed</span> <span class='ocrx_word' id='word_1_214' title='bbox 1345 4447 1421 4540; x_wconf 91' lang='lat' dir='ltr'>quia</span> <span class='ocrx_word' id='word_1_215' title='bbox 1447 4444 1571 4539; x_wconf 88' lang='lat' dir='ltr'>placuit</span> <span class='ocrx_word' id='word_1_216' title='bbox 1597 4445 1655 4525; x_wconf 82' lang='lat' dir='ltr'>tibi</span> <span class='ocrx_word' id='word_1_217' title='bbox 1682 4445 1929 4514; x_wconf 89' lang='lat' dir='ltr'>communicare</span> <span class='ocrx_word' id='word_1_218' title='bbox 1951 4442 2050 4513; x_wconf 91' lang='lat' dir='ltr'>nobis</span> 
     </span>
     <span class='ocr_line' id='line_1_28' title="bbox 670 4558 2048 4657; baseline -0.004 -26"><span class='ocrx_word' id='word_1_219' title='bbox 670 4562 781 4632; x_wconf 91' lang='lat' dir='ltr'>servis</span> <span class='ocrx_word' id='word_1_220' title='bbox 808 4564 872 4632; x_wconf 90' lang='lat' dir='ltr'>tuis</span> <span class='ocrx_word' id='word_1_221' title='bbox 898 4562 1016 4634; x_wconf 81' lang='lat' dir='ltr'>intimis</span> <span class='ocrx_word' id='word_1_222' title='bbox 1044 4574 1078 4634; x_wconf 87' lang='lat' dir='ltr'>et</span> <span class='ocrx_word' id='word_1_223' title='bbox 1102 4564 1266 4655; x_wconf 81' lang='lat' dir='ltr'>indignis,</span> <span class='ocrx_word' id='word_1_224' title='bbox 1293 4561 1447 4657; x_wconf 90' lang='lat' dir='ltr'>quiddam</span> <span class='ocrx_word' id='word_1_225' title='bbox 1474 4583 1520 4630; x_wconf 88' lang='lat' dir='ltr'>ex</span> <span class='ocrx_word' id='word_1_226' title='bbox 1546 4564 1689 4656; x_wconf 89' lang='lat' dir='ltr'>puritate</span> <span class='ocrx_word' id='word_1_227' title='bbox 1716 4567 1779 4629; x_wconf 87' lang='lat' dir='ltr'>tna.</span> <span class='ocrx_word' id='word_1_228' title='bbox 1812 4558 1957 4653; x_wconf 86' lang='lat' dir='ltr'>Suscipe</span> <span class='ocrx_word' id='word_1_229' title='bbox 1984 4577 2048 4625; x_wconf 91' lang='lat' dir='ltr'>nos</span> 
     </span>
     <span class='ocr_line' id='line_1_29' title="bbox 670 4674 2049 4769; baseline -0.004 -22"><span class='ocrx_word' id='word_1_230' title='bbox 670 4676 712 4747; x_wconf 90' lang='lat' dir='ltr'>ad</span> <span class='ocrx_word' id='word_1_231' title='bbox 740 4687 791 4767; x_wconf 78' lang='lat' dir='ltr'>te,</span> <span class='ocrx_word' id='word_1_232' title='bbox 818 4699 839 4750; x_wconf 94' lang='lat' dir='ltr'>o</span> <span class='ocrx_word' id='word_1_233' title='bbox 866 4677 975 4769; x_wconf 76' lang='lat' dir='ltr'>bone,</span> <span class='ocrx_word' id='word_1_234' title='bbox 1003 4687 1037 4749; x_wconf 90' lang='lat' dir='ltr'>ct</span> <span class='ocrx_word' id='word_1_235' title='bbox 1063 4689 1192 4752; x_wconf 87' lang='lat' dir='ltr'>amator</span> <span class='ocrx_word' id='word_1_236' title='bbox 1217 4679 1405 4766; x_wconf 73' lang='lat' dir='ltr'>bominum,</span> <span class='ocrx_word' id='word_1_237' title='bbox 1435 4687 1471 4747; x_wconf 91' lang='grc' dir='ltr'>ιιι</span> <span class='ocrx_word' id='word_1_238' title='bbox 1503 4675 1702 4748; x_wconf 90' lang='lat' dir='ltr'>accedamus</span> <span class='ocrx_word' id='word_1_239' title='bbox 1737 4674 1780 4746; x_wconf 89' lang='lat' dir='ltr'>ad</span> <span class='ocrx_word' id='word_1_240' title='bbox 1814 4674 1919 4745; x_wconf 88' lang='lat' dir='ltr'>altare</span> <span class='ocrx_word' id='word_1_241' title='bbox 1957 4683 2049 4742; x_wconf 91' lang='lat' dir='ltr'>tuum</span> 
     </span>
     <span class='ocr_line' id='line_1_30' title="bbox 668 4789 2046 4887; baseline -0.003 -24"><span class='ocrx_word' id='word_1_242' title='bbox 668 4804 839 4882; x_wconf 74' lang='lat' dir='ltr'>sanctina,</span> <span class='ocrx_word' id='word_1_243' title='bbox 867 4794 1048 4865; x_wconf 90' lang='lat' dir='ltr'>secuudum</span> <span class='ocrx_word' id='word_1_244' title='bbox 1076 4818 1231 4887; x_wconf 89' lang='lat' dir='ltr'>maguam</span> <span class='ocrx_word' id='word_1_245' title='bbox 1259 4793 1521 4866; x_wconf 87' lang='lat' dir='ltr'>misericordiam</span> <span class='ocrx_word' id='word_1_246' title='bbox 1546 4802 1651 4863; x_wconf 91' lang='lat' dir='ltr'>tuam:</span> <span class='ocrx_word' id='word_1_247' title='bbox 1686 4801 1719 4862; x_wconf 89' lang='lat' dir='ltr'>et</span> <span class='ocrx_word' id='word_1_248' title='bbox 1751 4789 1807 4861; x_wconf 87' lang='lat' dir='ltr'>lac</span> <span class='ocrx_word' id='word_1_249' title='bbox 1832 4812 1896 4861; x_wconf 89' lang='lat' dir='ltr'>nos</span> <span class='ocrx_word' id='word_1_250' title='bbox 1924 4789 2046 4880; x_wconf 89' lang='lat' dir='ltr'>dignos</span> 
     </span>
     <span class='ocr_line' id='line_1_31' title="bbox 666 4903 2045 5005; baseline 0 -29"><span class='ocrx_word' id='word_1_251' title='bbox 666 4929 751 5002; x_wconf 91' lang='lat' dir='ltr'>pace</span> <span class='ocrx_word' id='word_1_252' title='bbox 778 4908 918 4982; x_wconf 91' lang='lat' dir='ltr'>coelesti</span> <span class='ocrx_word' id='word_1_253' title='bbox 945 4933 1031 5005; x_wconf 90' lang='lat' dir='ltr'>quae</span> <span class='ocrx_word' id='word_1_254' title='bbox 1058 4910 1156 4983; x_wconf 88' lang='lat' dir='ltr'>decet</span> <span class='ocrx_word' id='word_1_255' title='bbox 1182 4911 1386 4984; x_wconf 88' lang='lat' dir='ltr'>divinitatem</span> <span class='ocrx_word' id='word_1_256' title='bbox 1409 4920 1512 4980; x_wconf 90' lang='lat' dir='ltr'>tuam:</span> <span class='ocrx_word' id='word_1_257' title='bbox 1541 4929 1692 5003; x_wconf 90' lang='lat' dir='ltr'>quaeque</span> <span class='ocrx_word' id='word_1_258' title='bbox 1719 4903 1827 4986; x_wconf 89' lang='lat' dir='ltr'>salute</span> <span class='ocrx_word' id='word_1_259' title='bbox 1852 4904 1953 5000; x_wconf 90' lang='lat' dir='ltr'>plena</span> <span class='ocrx_word' id='word_1_260' title='bbox 1981 4912 2045 4991; x_wconf 73' lang='lat' dir='ltr'>est,</span> 
     </span>
     <span class='ocr_line' id='line_1_32' title="bbox 666 5010 2046 5121; baseline -0.006 -26"><span class='ocrx_word' id='word_1_261' title='bbox 666 5033 703 5095; x_wconf 91' lang='lat' dir='ltr'>ut</span> <span class='ocrx_word' id='word_1_262' title='bbox 730 5023 844 5099; x_wconf 90' lang='lat' dir='ltr'>demus</span> <span class='ocrx_word' id='word_1_263' title='bbox 872 5047 948 5097; x_wconf 89' lang='lat' dir='ltr'>eam</span> <span class='ocrx_word' id='word_1_264' title='bbox 973 5029 1118 5100; x_wconf 84' lang='lat' dir='ltr'>invicem</span> <span class='ocrx_word' id='word_1_265' title='bbox 1144 5031 1178 5099; x_wconf 93' lang='lat' dir='ltr'>in</span> <span class='ocrx_word' id='word_1_266' title='bbox 1204 5031 1343 5100; x_wconf 91' lang='lat' dir='ltr'>caritate</span> <span class='ocrx_word' id='word_1_267' title='bbox 1369 5025 1539 5121; x_wconf 83' lang='lat' dir='ltr'>perlecta,</span> <span class='ocrx_word' id='word_1_268' title='bbox 1566 5036 1601 5097; x_wconf 89' lang='lat' dir='ltr'>et</span> <span class='ocrx_word' id='word_1_269' title='bbox 1628 5022 1817 5096; x_wconf 81' lang='lat' dir='ltr'>oscrdemur</span> <span class='ocrx_word' id='word_1_270' title='bbox 1836 5010 1899 5095; x_wconf 79' lang='lat' dir='ltr'>nos</span> <span class='ocrx_word' id='word_1_271' title='bbox 1917 5027 2046 5106; x_wconf 79' lang='lat' dir='ltr'>mutuo,</span> 
     </span>
    </p>
   </div>
   <div class='ocr_carea' id='block_1_8' title="bbox 0 0 2266 6034">
    <p class='ocr_par' dir='ltr' id='par_1_8' title="bbox 0 0 2266 6034">
     <span class='ocr_line' id='line_1_33' title="bbox 0 0 2266 6034; baseline 0 15"><span class='ocrx_word' id='word_1_272' title='bbox 0 0 2266 6034; x_wconf 95' lang='lat' dir='ltr'> </span> 
     </span>
    </p>
   </div>
  </div>
 </body>
</html>
