4525 6034
693 578 770 652 202
1172 577 1580 656 COMMENTARIUS

692 781 755 826 non
777 763 881 844 liquet,
906 772 956 826 aut
978 764 1151 847 suspicandi
1173 764 1259 827 locus
1284 771 1339 825 cst.
1382 763 1496 825 Verum
1518 763 1594 825 haec
1623 762 1781 827 difficultas
1809 763 1897 828 facile
1919 766 2051 832 solvitur:

692 882 761 926 narn
784 862 943 925 Orationes
966 864 996 924 in
1019 863 1152 926 codicem
1176 864 1387 943 transcriptae,
1409 879 1470 923 non
1493 878 1597 924 omnes
1621 862 1771 942 dicuntur,
1798 865 1852 927 sed
1876 866 1951 928 aliae
1972 875 2053 948 atque

693 960 780 1037 aliae,
803 981 859 1043 pro
882 969 1049 1043 temporum
1072 963 1254 1026 diversitate.
1276 962 1380 1041 ltaque
1403 969 1434 1023 et
1456 962 1513 1022 ista
1537 956 1749 1046 Προθέσεως,
1780 970 1810 1025 et
1839 964 1916 1026 aliae
1946 967 2052 1045 positae

692 1059 768 1123 locis
802 1080 863 1124 non
898 1063 979 1143 suis,
1009 1062 1182 1125 recitandae
1212 1069 1284 1124 sunt
1301 1062 1390 1143 juxta
1425 1078 1611 1123 communem
1640 1059 1792 1124 ordinem:
1822 1081 1923 1144 neque
1951 1064 2054 1129 diversi

693 1159 770 1222 ritus
793 1160 902 1223 indicia
924 1170 1002 1224 sunt.

421 1263 492 1317 nitus
525 1266 622 1319 tirreni
648 1268 681 1319 au
781 1259 827 1324 Eo
851 1270 950 1324 autem
971 1262 1127 1345 Liturgiae
1149 1260 1237 1339 loco,
1266 1259 1380 1322 diversi
1409 1259 1484 1320 ritus
1507 1268 1630 1323 veteres
1660 1261 1816 1341 proprium
1843 1261 1941 1326 locum
1967 1261 2055 1325 habe-

367 1352 566 1452 cambitorgtae
583 1357 783 1435 armabant,
812 1360 863 1441 qui
896 1359 1005 1423 dudum
1035 1378 1095 1423 non
1124 1359 1337 1422 adscribuntur
1363 1359 1395 1419 in
1418 1357 1684 1439 anticimenon
1707 1361 1936 1426 obsoleverunt.
1980 1362 2054 1425 Tunc

369 1438 431 1491 ⁰¹⁰³
448 1437 587 1496 ⁰¹³⁵‘“³‘³·
694 1460 772 1521 enirn
795 1459 982 1542 significabat
1002 1459 1171 1523 Diaconus:
1194 1458 1240 1520 Ne
1261 1461 1329 1540 qais
1351 1478 1392 1522 ec
1414 1457 1661 1522 Catecbtonenis:
1683 1479 1721 1522 ne
1735 1463 1803 1542 poia
1816 1482 1858 1523 ea·
1878 1462 2055 1541 infidelibus:

691 1578 731 1620 ne
759 1560 826 1639 qun
851 1579 892 1620 ea
917 1560 1095 1621 haeredato:
1124 1580 1163 1620 ne
1190 1560 1258 1640 pair
1287 1564 1395 1619 contra
1416 1559 1601 1638 qnempiam,
1631 1579 1670 1620 ne
1696 1563 1763 1640 pais
1791 1564 1824 1623 in
1845 1560 2008 1643 hypocrisi,
2028 1567 2055 1623 et

693 1656 751 1720 alie
774 1675 851 1738 quae
873 1659 1080 1738 exprimuntur
1102 1658 1207 1721 ultimo
1233 1656 1485 1720 Constitutionum
1503 1657 1748 1738 Apostolicorum
1776 1658 1869 1734 libro,
1890 1658 2055 1740 lacoboqne

693 1756 910 1819 attribuuntur:
934 1776 1073 1839 quaeque
1095 1758 1239 1841 leguntur
1261 1757 1292 1819 in
1313 1755 1407 1818 Marci
1430 1757 1556 1834 Graeca,
1580 1765 1610 1820 et
1633 1757 1699 1818 aliis
1721 1757 1877 1840 liturgiis.
1901 1757 1933 1818 ln
1956 1756 2055 1839 Copti-

692 1857 736 1918 cis
759 1855 871 1918 nullum
890 1857 951 1938 jam
974 1858 1100 1920 istorum
1123 1865 1250 1939 apparet
1273 1856 1448 1937 vestigium:
1471 1863 1615 1937 superest
1637 1863 1737 1919 tamen
1759 1855 1923 1919 obscurum
1945 1857 2055 1937 aliquod

624 1990 633 2005 ·
691 1956 723 2018 in
744 1955 880 2040 Liturgia
903 1955 1100 2038 Aethiopica,
1123 1976 1202 2037 quae
1231 1956 1340 2019 dicitur
1367 1954 1486 2018 Domini
1515 1955 1611 2017 nostri
1638 1956 1713 2018 lesu
1743 1955 1873 2035 Christi,
1903 1956 1954 2019 ubi
1981 1958 2054 2019 circa

690 2054 886 2119 Praelationis
909 2056 1023 2118 initium
1045 2055 1198 2119 Diaconus
1222 2054 1303 2119 dicit.
1348 2053 1384 2116 Si
1410 2054 1478 2134 qnia
1512 2054 1687 2136 hypocrisin
1721 2058 1868 2137 copitaoit
1896 2058 1976 2118 intra
2007 2076 2056 2118 cor

691 2173 790 2232 mam,
814 2157 1011 2236 confiteatur:
1034 2157 1086 2236 pai
1106 2157 1215 2218 incidit
1234 2156 1267 2216 in
1285 2159 1454 2233 peccabam,
1475 2172 1514 2214 ne
1536 2152 1734 2215 obliviscatur
1755 2155 1839 2234 iliad,
1863 2162 1965 2216 mnan
1985 2154 2055 2217 odb‘-

687 2255 773 2316 aioni
793 2256 943 2318 tadmor.
980 2254 1041 2330 (iai
1060 2256 1135 2317 vitio
1158 2254 1259 2335 atiquo
1280 2253 1388 2315 menna
1409 2251 1540 2327 laborm,
1561 2271 1600 2313 ne
1621 2254 1765 2315 accedat:
1788 2254 1841 2333 qui
1854 2254 1991 2333 patimus,
2011 2256 2057 2334 pati

687 2354 825 2434 impurare
847 2361 907 2432 ert,
930 2354 1029 2418 meat.
1068 2354 1121 2418 'Eo
1149 2372 1226 2417 vero
1256 2351 1427 2415 testimonio
1457 2352 1524 2432 capi
1552 2350 1620 2415 leve
1647 2352 1753 2416 saltem
1783 2352 1926 2415 indicium
1953 2359 2054 2432 potest,

687 2449 743 2514 has
774 2452 976 2515 Diaconorum
1007 2451 1271 2530 obnunciationes‚
1306 2470 1385 2533 quae
1413 2451 1576 2530 antiquitus
1607 2468 1782 2518 communes
1817 2453 1874 2515 toti
1911 2449 2054 2513 Ecclesiae

687 2551 819 2628 suerunt,
843 2553 873 2614 in
896 2551 1087 2635 Aegyptiace
1110 2570 1171 2615 non
1201 2553 1327 2615 omissas
1359 2549 1469 2614 subse:
1499 2569 1606 2613 verum
1639 2570 1707 2614 cum
1736 2571 1754 2615 a
1780 2550 2054 2615 bluhamedanorum

687 2651 886 2732 temporibus,
908 2653 1066 2714 maximum
1088 2651 1246 2734 disciplina
1269 2651 1480 2713 detrimentum
1502 2651 1629 2731 ceperit,
1651 2652 1746 2714 inseri
1775 2650 1932 2714 codicibus
1960 2649 2053 2712 desie-

687 2759 769 2829 runt,
800 2770 877 2832 quae
899 2769 941 2813 ex
964 2752 1137 2832 quotidiano
1167 2769 1226 2815 usu
1252 2750 1369 2814 sublata
1402 2749 1533 2816 inerant.
1578 2750 1685 2830 Neque
1715 2752 1794 2813 enim
1817 2749 1882 2829 jam
1912 2747 2053 2812 Catechu·

687 2850 768 2911 meni
795 2849 924 2931 publici,
955 2850 1047 2913 multo
1076 2852 1174 2913 minus
1202 2850 1410 2933 poenitentes,
1439 2848 1493 2911 nlli
1520 2857 1710 2930 supererant.
1755 2849 1852 2930 liujus
1881 2847 2051 2922 mutationis,

688 2950 889 3031 antiquaeque
919 2950 1035 3030 pariter
1064 2949 1241 3031 disciplinae
1263 2950 1465 3012 testimonium
1492 2949 1613 3031 insigne
1643 2948 1771 3012 habetur
1799 2948 1831 3009 in
1859 2946 2052 3008 Jacobitaraun

688 3049 835 3128 Syrorum
856 3049 1072 3112 Nomocanone
1096 3050 1200 3112 verbis
1223 3049 1328 3112 Jacobi
1358 3049 1515 3111 Edesseni.
1539 3046 1636 3124 Olim,
1658 3050 1717 3128 ait,
1742 3054 1815 3128 port
1842 3047 2052 3125 conparantur

687 3147 844 3211 lectioonem
872 3150 1060 3212 recitabatis
1085 3152 1186 3212 matio
1208 3168 1300 3229 anper
1319 3150 1486 3225 audientes,
1516 3154 1547 3209 et
1567 3148 1632 3209 atta
1658 3168 1733 3210 voce
1760 3145 1964 3210 demmciabat
1981 3143 2052 3204 Dia·

687 3267 800 3310 conco:
823 3249 902 3311 abite
926 3248 1098 3312 audientes:
1121 3256 1211 3329 atque
1233 3251 1278 3310 ita
1299 3248 1472 3310 hannibant
1492 3246 1547 3308 aab
1569 3265 1662 3308 manu
1683 3247 1906 3327 Episcoponnn
1927 3250 1979 3305 cart
1997 3242 2052 3303 sn·

687 3348 862 3409 cardetum:
885 3355 916 3410 et
936 3348 1071 3424 adibant,
1094 3348 1185 3410 nimai
1205 3350 1306 3423 etiarn,
1328 3347 1538 3427 Enerpameni,
1561 3344 1790 3422 Conclamant,
1812 3351 1844 3405 et
1864 3342 2052 3415 Paenitentia,

687 3464 779 3524 mper
807 3465 883 3528 paror
909 3450 1010 3509 oratio
1035 3449 1204 3528 peculiaris
1239 3447 1427 3509 recitabator
1459 3464 1481 3507 a
1509 3444 1693 3522 Sacerdote,
1725 3453 1799 3526 past
1830 3443 2053 3506 mariannan

686 3545 834 3607 Diaconi:
865 3565 989 3626 cumque
1019 3545 1255 3608 benedictionem
1282 3547 1487 3625 accepissant,
1510 3544 1645 3608 mant.
1689 3545 1762 3606 Jam
1783 3562 1876 3618 aaa,
1899 3560 1967 3603 cnm
1986 3539 2054 3600 boec

687 3642 807 3704 mblota
829 3646 899 3723 rint,
919 3653 989 3725 post
1010 3645 1167 3707 tectiortem
1182 3646 1404 3724 scripturaram
1426 3644 1538 3706 dicitur
1551 3641 1657 3705 Oratio
1670 3643 1816 3706 introibis
1838 3648 1913 3716 (seu
1935 3624 2052 3710 εἰςόόου

688 3730 849 3825 capitae:
872 3763 941 3806 nam
963 3752 1021 3822 est,
1044 3751 1077 3806 nt
1099 3743 1243 3822 diximus,
1269 3742 1379 3806 delatio
1405 3742 1553 3805 donorum
1585 3741 1863 3806 consecrandorum
1886 3760 1904 3803 a
1926 3734 2051 3802 Prothesi

688 3839 726 3902 od
749 3840 853 3921 altare,
878 3861 956 3924 quae
977 3852 1011 3906 ut
1033 3842 1113 3924 apud
1136 3844 1269 3906 Graecos
1295 3844 1335 3905 ita
1358 3851 1387 3906 et
1410 3841 1489 3923 apud
1512 3843 1608 3922 Syros
1631 3860 1693 3906 non
1714 3843 1772 3904 nisi
1793 3849 1868 3921 post
1897 3837 2051 3917 scripturas

686 3940 781 4003 lectas
805 3942 975 4022 perficitur:
999 3943 1079 4024 apnd
1102 3941 1250 4023 Coptitas,
1280 3949 1368 4005 antea
1395 3959 1484 4022 quam
1506 3940 1661 4023 legantur)
1690 3941 1799 4003 Made
1830 3941 1944 4001 dicitrtr
1971 3934 2052 4016 Spar·

687 4038 787 4101 toton
805 4042 893 4122 fidei,
921 4043 1002 4122 qnod
1028 4042 1068 4104 cb
1098 4043 1180 4104 omni
1206 4043 1319 4123 populo
1342 4042 1573 4121 promaciatnr.
1618 4040 1787 4122 sennaar
1814 4048 1879 4102 tres
1899 4036 2051 4107 ammata,

686 4138 791 4217 Pacis,
813 4143 1013 4221 inrpaeitionie
1034 4160 1184 4217 maiorm,
1208 4149 1238 4202 et
1258 4142 1421 4203 abmtionir
1443 4140 1629 4218 ancpbcrae,
1651 4160 1705 4202 sea
1726 4140 1794 4202 aeti.
1819 4140 1892 4201 ihm
1912 4138 2053 4201 Sacerdos

686 4245 734 4300 ter
760 4258 850 4301 crace
879 4242 980 4321 narrat
1001 4241 1146 4321 papatiam
1181 4240 1304 4302 dicein.-
1335 4238 1473 4302 Charitas
1502 4239 1559 4301 Dei
1586 4240 1682 4302 Patris
1713 4247 1770 4303 etc.
1815 4239 1934 4301 Deinde
1958 4236 2053 4315 incipit

687 4335 875 4401 canaonem
892 4343 981 4420 prins
1002 4341 1168 4402 admonens
1191 4347 1220 4400 et
1242 4341 1347 4402 dicein
1368 4339 1491 4404 Sursum
1515 4338 1616 4401 corda.
1650 4338 1745 4412 Quam
1766 4356 1842 4401 vero
1867 4336 2052 4401 haecomnia

686 4436 840 4518 Liturgiae
864 4438 934 4501 huic
957 4446 1082 4501 nostrae
1105 4439 1295 4517 conveniant,
1318 4446 1412 4520 patet,
1435 4438 1583 4519 simulque
1597 4438 1753 4519 Syriacum
1765 4441 1866 4516 ritum,
1890 4445 1942 4500 aut
1963 4435 2051 4499 Grae-

688 4554 766 4615 cum,
790 4537 828 4599 ab
851 4535 1043 4620 Aegyptiace
1065 4555 1127 4600 non
1151 4538 1283 4615 differre,
1307 4539 1364 4600 nisi
1386 4539 1415 4600 in
1439 4537 1495 4600 illis
1527 4555 1605 4618 quae
1626 4539 1749 4600 mutatio
1773 4536 1947 4617 disciplinae
1970 4535 2051 4596 omit-

688 4642 755 4698 tore
778 4638 889 4720 coegit,
912 4646 946 4699 ut
969 4646 1017 4700 est
1040 4635 1332 4701 catechumenorum
1355 4645 1386 4700 et
1408 4638 1625 4700 Paenitentium
1647 4638 1788 4700 dimissio.

411 4761 600 4815 benedictionis
618 4761 674 4814 [ω.
773 4737 870 4799 Porro
893 4736 943 4799 illa
966 4735 1145 4814 benedictio,
1170 4735 1314 4800 Charitas
1334 4736 1395 4799 Dei
1415 4736 1532 4813 Patris,
1553 4740 1658 4817 pratia
1679 4738 1758 4813 Filii,
1780 4744 1811 4799 et
1831 4733 2050 4798 communicatio

364 4848 433 4901 muta
450 4848 632 4917 antiquissimo.
688 4834 821 4915 Spiritus
842 4837 942 4897 sancti
963 4836 1099 4899 desumta
1122 4845 1170 4898 est
1192 4855 1231 4898 ex
1255 4836 1283 4899 2.
1307 4836 1344 4898 ad
1368 4835 1539 4899 Corinthios
1565 4855 1630 4918 cap.
1665 4835 1716 4901 13.
1739 4842 1769 4909 S.
1800 4832 1850 4897 13.
1880 4852 1965 4915 quam
1987 4847 2050 4894 esse

689 4928 724 4997 ἐν
745 4922 870 5008 πάσαις
890 4934 964 5008 ταῖς
985 4929 1171 5019 ἐκκλησίαις
1182 4931 1241 5021 τῆς
1261 4931 1422 5020 μυστικῆς
1450 4931 1655 5023 λειτουργίας
1677 4929 1866 5022 προοίμιον,
1880 4937 1913 4997 in
1926 4929 2051 4996 onmdtt

400 5054 488 5110 iteca
506 5057 554 5127 ¹3?-
574 5056 635 5109 με,
689 5034 837 5098 Eccienis
865 5037 1009 5118 myrinae
1036 5034 1195 5117 hitorpiae
1226 5038 1433 5117 procerrima,
1466 5037 1571 5099 scribit
1605 5036 1817 5100 Theodoretus
1844 5033 1882 5097 ad
1914 5032 2050 5095 ioannem
2089 5100 2091 5111 Ι
