4525 6034
575 585 826 664 ruinosum
855 532 1230 666 'urnnoroumrnn
1510 586 1584 663 ιιι

456 909 632 983 Sacerdos
657 912 743 983 dicit
770 910 965 982 Orationem
990 918 1071 982 onte
1097 911 1197 984 Pater
1223 920 1350 983 noster.
1391 908 1399 927 '
1433 1000 1436 1007 ¹

324 1113 416 1188 Deus
441 1118 542 1189 Pater
567 1115 779 1207 abscondite,
805 1115 1145 1212 incomprehensibilis
1160 1126 1194 1188 et
1209 1117 1501 1210 ininvestigabilis:
1531 1121 1586 1213 qui

221 1227 418 1303 sublimitate
443 1234 476 1302 in
501 1252 609 1325 regno
635 1244 691 1305 tuo
718 1232 857 1306 excelso
877 1233 1027 1307 elevatus
1055 1255 1107 1305 es:
1134 1233 1213 1306 Rex
1228 1233 1402 1323 coelestis,
1430 1237 1485 1328 qui
1504 1233 1584 1305 lau-

222 1345 316 1419 dibus
343 1346 565 1443 spiritualibus
591 1348 772 1422 celebraris
799 1372 819 1420 a
845 1349 933 1421 mille
960 1361 994 1422 et
1019 1349 1133 1422 decies
1159 1349 1247 1421 mille
1265 1348 1422 1441 Angelis:
1450 1358 1584 1422 creator

221 1465 381 1555 omnium,
408 1473 441 1535 et
467 1463 647 1559 dispositor
670 1464 874 1558 linguarum:
910 1464 1028 1540 doctu
1053 1464 1151 1538 verbi
1177 1466 1364 1554 rationalis,
1391 1475 1424 1536 ct
1462 1463 1582 1560 parle-

221 1590 293 1652 ctor
319 1601 524 1655 sermonum:
551 1585 607 1677 qui
633 1562 774 1678 suscipis
805 1584 991 1670 orationes,
1027 1582 1121 1654 audis
1154 1603 1295 1679 preces,
1329 1591 1363 1652 et
1396 1582 1582 1676 respondes

218 1695 449 1791 petitionibus:
484 1699 538 1792 qui
572 1719 635 1793 per
659 1695 839 1770 bonitatem
865 1706 953 1771 tuam
978 1696 1162 1770 naturalem
1194 1708 1228 1770 et
1259 1701 1582 1772 commiserationem

220 1822 389 1885 aeternam
428 1823 534 1901 mam,
573 1800 690 1885 misisti
721 1812 821 1885 filium
856 1824 944 1886 tuum
977 1817 1011 1886 in
1043 1812 1215 1887 mundum:
1257 1824 1294 1886 et
1324 1811 1481 1886 liberavit
1520 1836 1584 1888 nos

219 1939 424 2025 apeccato,
461 1938 570 2002 morte
607 1939 641 2001 et
674 1928 814 2001 Sataoa:
847 1952 910 2002 nos
944 1933 1044 2003 etiam
1084 1929 1196 2004 docuit
1227 1932 1317 2002 viam
1350 1933 1441 2002 vitae
1468 1939 1503 2001 et
1521 1951 1583 2001 se-

218 2045 316 2116 mitas
343 2044 456 2118 salutis
482 2045 615 2143 plenas:
643 2049 762 2141 quique
789 2048 975 2119 orationem
1001 2049 1207 2119 Dominicam
1221 2046 1446 2140 promulgavit
1463 2055 1497 2118 et
1517 2045 1584 2117 dc-

217 2164 418 2233 monstravit
442 2161 551 2236 nobis.
603 2162 742 2234 Praesta
769 2160 865 2233 nobis
891 2163 1054 2253 Domine,
1081 2165 1181 2235 etiam
1201 2184 1300 2252 nune,
1327 2174 1364 2235 ιιι
1389 2159 1430 2234 ab
1457 2164 1584 2256 iniqni-

217 2285 286 2347 tate
311 2275 426 2367 liberi,
451 2280 636 2373 remotique
663 2277 706 2351 ab
733 2280 822 2349 omni
847 2278 942 2369 dolo,
969 2278 1046 2353 odio
1073 2289 1108 2351 et
1139 2279 1278 2361 malitia,
1312 2281 1509 2376 purgatique
1541 2278 1583 2351 ab

218 2396 309 2464 omni
334 2390 567 2481 fraudulentia,
595 2401 629 2465 et
654 2392 753 2467 soluti
779 2416 798 2466 a
827 2393 960 2470 vinculo
986 2397 1137 2493 peceati,
1169 2395 1287 2491 repleti
1322 2397 1409 2467 omni
1443 2396 1586 2491 puritate

217 2518 252 2580 et
278 2513 472 2599 sanctitate,
499 2510 680 2583 audeamus
706 2513 868 2583 invocare
895 2522 928 2584 te
954 2512 1062 2584 Deum
1088 2513 1223 2584 Patrem
1249 2521 1397 2585 sanetum
1420 2521 1454 2583 et
1471 2514 1585 2583 omni-

159 2632 163 2637 '
216 2634 405 2721 potentem,
432 2648 532 2699 orare
558 2634 593 2698 et
618 2625 747 2699 dicere:
773 2628 875 2700 Pater
900 2637 1015 2702 noster
1042 2631 1097 2724 qui
1124 2650 1163 2701 es
1189 2630 1223 2699 in
1249 2627 1362 2700 coelis.

320 2740 481 2835 Populos.
534 2741 766 2815 Sanctificetur
790 2765 912 2817 nomeu
938 2754 1045 2832 tuum,
1073 2754 1137 2816 etc.

319 2855 503 2929 Sacerdos.
556 2859 657 2930 Pater
683 2858 824 2947 Sancte,
851 2869 886 2931 et
911 2859 1110 2933 Sanctorum
1142 2859 1383 2949 sanctificator,
1417 2882 1585 2934 conserva

216 2994 279 3047 uos
306 2975 340 3044 in
366 2994 408 3044 ea
433 2977 625 3064 sanctitate,
653 2965 738 3069 quiae
765 2996 785 3045 a
811 2984 845 3046 te
871 2975 1004 3070 produit
1029 2987 1063 3048 et
1088 2979 1199 3068 venit,
1235 2986 1270 3049 et
1302 2975 1409 3049 libera
1443 3000 1505 3050 uos
1541 2977 1582 3050 ab

217 3088 370 3161 omnibus
384 3087 522 3161 *insidiis
549 3099 584 3161 et
607 3094 765 3163 versutiis
793 3090 1057 3166 calumniatoris:
1084 3091 1179 3165 auier
1199 3094 1333 3165 anobis
1349 3095 1584 3189 inspirationes

216 3205 366 3301 peccati,
393 3212 427 3275 et
451 3205 584 3279 mocula
620 3206 830 3279 delictorum:
864 3219 898 3279 et
929 3217 1071 3304 protege
1104 3229 1224 3281 sensus
1258 3218 1394 3283 nostros
1429 3206 1489 3281 sub
1523 3208 1585 3282 alis

217 3323 349 3413 gratiae
375 3331 460 3393 tuae.
513 3322 632 3415 Dirige
657 3343 796 3415 gressus
823 3334 958 3398 nostros
984 3328 1017 3396 in
1044 3327 1170 3399 semitis
1190 3324 1419 3397 mandatorum
1437 3336 1584 3397 tuorum:

218 3441 294 3533 qnia
320 3446 408 3509 tuum
436 3446 489 3509 est
512 3459 671 3531 regnum,
697 3441 802 3513 virtus
830 3451 863 3512 et
888 3440 1009 3534 gloria,
1036 3452 1069 3514 et
1096 3442 1255 3534 unigeniti
1271 3439 1328 3513 filii
1354 3443 1413 3531 tui,
1439 3450 1474 3513 et
1500 3438 1583 3534 Spi-

217 3556 299 3626 ritus
326 3556 373 3625 tui
399 3556 619 3644 sanctissimi,
647 3566 709 3627 ete.

321 3673 483 3766 Populos.
535 3675 655 3747 Amen.
788 3768 791 3777 „

322 3789 504 3861 Sacerdos.
558 3790 642 3863 Pax.

324 3906 483 3999 Popolon.
534 3906 677 3980 Etcum
705 3909 819 4004 spiritu
845 3919 911 3982 tuo.

323 4020 510 4093 Diaconos.
562 4023 661 4094 Ante.

323 4136 484 4231 Populos.
537 4137 663 4211 Coram
688 4149 731 4211 te.

324 4252 499 4325 Sacerdos
525 4254 662 4325 elaeone
686 4279 811 4328 vocem.
864 4254 988 4327 inclina
1014 4251 1157 4325 Domine
1184 4274 1298 4323 aorem
1324 4258 1414 4320 tuum
1437 4245 1479 4320 ad
1496 4271 1584 4343 pra-

220 4392 279 4443 ccs
306 4377 340 4441 et
366 4373 536 4441 orationes
563 4392 738 4444 servorum
765 4384 912 4458 tuorum,
941 4373 996 4465 qui
1022 4392 1135 4442 coram
1164 4375 1212 4459 te,
1247 4367 1312 4439 hoc
1343 4375 1494 4459 tempore
1525 4367 1584 4435 in-

220 4485 344 4559 clinant
369 4484 455 4557 eolla
482 4509 558 4559 suo:
585 4495 619 4558 et
645 4511 718 4560 cum
753 4485 1059 4585 deprecationibus,
1094 4485 1254 4581 lacrymis
1287 4493 1321 4555 et
1356 4482 1505 4576 suspiriis
1541 4479 1584 4552 ad

219 4613 254 4675 te
280 4603 431 4675 clamant.
483 4601 627 4697 Respice
653 4602 728 4678 illos
755 4615 789 4677 et
814 4608 905 4677 mitte
930 4604 993 4677 illis
1026 4605 1169 4677 Domine
1202 4625 1243 4674 ea
1271 4622 1356 4697 quae
1387 4608 1480 4670 recto
1515 4618 1583 4691 pe-

220 4729 305 4806 tunt:
340 4739 486 4814 asperge
519 4741 620 4814 super
652 4743 713 4794 eos
748 4719 930 4819 hyssopum
962 4732 1051 4793 tuum
1078 4728 1246 4809 sanctum,
1273 4725 1307 4789 et
1339 4711 1458 4787 dealba
1492 4709 1583 4783 illos:

221 4837 314 4907 mitte
340 4856 441 4930 super
466 4832 541 4906 illos
566 4836 706 4909 imbrem
731 4838 937 4925 clementiae,
963 4840 1209 4910 miserationum
1227 4844 1262 4906 et
1287 4829 1416 4905 salutis:
1442 4837 1585 4924 protege

222 4948 316 5041 illos,
343 4959 376 5020 et
402 4946 445 5021 ab
472 4953 560 5021 omni
586 4958 740 5045 angustia
768 4965 866 5050 atque
891 4952 1076 5026 rebellione
1102 4974 1203 5025 serva
1229 4949 1319 5023 illos:
1348 4957 1383 5019 ut
1397 4945 1487 5038 digni
1505 4944 1585 5016 dant

223 5068 436 5163 susceptione
462 5071 696 5162 mysteriorum
722 5081 850 5143 tuorum
878 5082 1066 5147 sauctorum
1093 5079 1127 5142 et
1153 5067 1408 5154 vivificantium,
1434 5071 1469 5133 ut
1495 5073 1584 5134 ton-

1304 5182 1381 5258 43*
