4525 6034
553 620 829 698 ADLlTURGlAll
845 618 1039 696 contioni
1056 620 1086 696 S.
1101 620 1248 697 BASILll.
1522 620 1596 694 loe

230 807 352 890 Spiritus
375 826 393 868 a
414 806 502 869 Patre
526 813 559 868 et
586 807 679 882 Filio,
710 805 748 867 de
777 824 836 885 qua
867 803 938 867 nibil
970 805 1113 885 Symbola
1138 805 1287 887 adjectum
1319 805 1430 870 velint:
1465 808 1493 870 si
1525 808 1598 890 quid

228 909 297 971 alibi
324 906 531 987 explicationis
564 906 662 987 gratia
695 904 864 967 addendum
896 905 952 982 sit,
985 904 1057 966 nibil
1093 904 1174 967 aliud
1208 924 1295 987 qnam
1324 907 1493 988 scripturae
1522 927 1598 970 uer-

226 1007 272 1069 bis
296 1006 416 1081 dicitnr‚
449 1008 501 1086 qni
522 1025 542 1067 c
560 1014 652 1085 patre
669 1005 812 1085 procedit
833 1012 863 1066 et
888 1023 908 1065 c
934 1005 997 1084 titio
1025 1007 1154 1084 occipit,
1187 1013 1221 1066 ut
1249 1006 1280 1067 in
1307 994 1441 1089 Liiurgia
1473 1006 1598 1089 Syriaca

224 1106 377 1187 Dionysii:
411 1113 462 1168 aut
490 1107 568 1167 sicut
591 1107 621 1167 in
650 1103 706 1166 alia
727 1104 872 1167 tacebitis
895 1121 1017 1186 quoque
1039 1104 1164 1185 propria
1192 1103 1321 1166 llatbaei
1349 1105 1492 1168 Pastoris.
1528 1107 1598 1187 lpse

227 1226 248 1267 o
269 1214 314 1282 te,
336 1226 354 1268 o
376 1206 485 1280 Pater,
508 1205 548 1266 ab
570 1212 695 1265 aemma
714 1205 868 1283 procedit,
891 1210 922 1265 et
941 1222 962 1264 o
981 1204 1045 1283 filio
1068 1211 1118 1265 tao
1141 1222 1219 1284 quoe
1240 1206 1416 1266 essentialia
1443 1213 1513 1267 nest
1538 1225 1597 1268 oc-

226 1308 308 1385 cipit.
351 1305 433 1367 Illius
456 1306 547 1387 igitur
569 1303 727 1367 additionis
751 1322 858 1382 causa,
882 1311 1063 1365 accusantur
1084 1300 1207 1380 Franci,
1229 1303 1288 1366 hoc
1310 1311 1358 1366 est
1380 1304 1476 1367 Latini
1498 1326 1515 1369 a
1539 1306 1598 1369 Se·

226 1423 301 1468 uero
322 1406 476 1488 Episcopo
488 1403 689 1479 Asohmonin,
712 1410 743 1466 et
755 1402 923 1466 Ebnassalo
936 1401 1130 1466 Collectionis
1142 1405 1359 1485 Principiorum
1381 1404 1451 1468 fidei
1465 1425 1530 1486 cap.
1543 1407 1596 1471 at.

225 1506 255 1566 in
278 1524 339 1586 quo
363 1504 510 1568 adversus
533 1522 602 1576 eos,
632 1510 738 1566 contra
763 1502 840 1565 banc
871 1501 1051 1564 additionem
1075 1502 1208 1583 disputat
1217 1544 1234 1583 ,‹
1254 1512 1288 1565 ut
1315 1504 1421 1567 Petrus
1450 1505 1598 1570 Meliohae

225 1604 406 1687 Episcopus,
431 1603 469 1665 de
492 1605 601 1666 sectis:
625 1604 733 1666 Paulus
747 1602 855 1665 Seidae
877 1603 943 1664 sive
957 1601 1076 1665 Sidonis
1099 1604 1129 1664 in
1153 1603 1295 1666 Tractatu
1318 1603 1356 1666 de
1379 1604 1487 1668 eodem
1501 1624 1598 1687 argu-

225 1713 342 1768 mento:
366 1703 542 1768 Abulbircat
564 1703 681 1766 dnobus
705 1704 736 1764 in
757 1702 843 1779 locis,
866 1719 927 1764 non
949 1700 1039 1764 modo
1061 1701 1113 1764 nbi
1134 1702 1267 1783 loquitur
1289 1703 1328 1765 de
1342 1712 1493 1767 sectarum
1508 1704 1597 1768 dide-

225 1807 335 1883 rentia,
363 1804 419 1868 sed
442 1804 473 1864 in
495 1803 686 1883 expositione
709 1801 862 1884 symboli,
887 1809 919 1863 ut
941 1802 1030 1863 etiam
1053 1801 1153 1864 Autor
1180 1803 1325 1866 scientiae
1353 1804 1596 1870 Ecclesiastieae.

226 1900 300 1965 Cum
323 1919 399 1963 uero
421 1902 532 1964 multae
555 1899 702 1981 ejusmodi
724 1901 932 1981 expositiones
955 1908 1060 1962 extent
1087 1901 1117 1961 in
1141 1899 1235 1963 Codd.
1262 1902 1336 1965 blss.
1365 1903 1478 1965 breves
1509 1904 1597 1985 aliae,

227 2009 256 2063 et
277 2002 364 2082 quasi
388 2001 540 2083 simplices
562 1999 785 2081 Parapbrases,
808 1999 990 2081 prolixiores
1014 1999 1107 2076 aliae,
1130 2001 1183 2061 vix
1204 2000 1266 2064 ulla
1294 2001 1382 2063 talem
1405 2003 1598 2067 observatio-

227 2118 293 2162 nem
315 2100 463 2165 adversus
487 2101 609 2164 Latinos
633 2118 693 2162 non
720 2099 819 2161 babet
867 2099 973 2180 Neque
1001 2099 1096 2180 ipsius
1125 2100 1254 2180 symboli
1288 2103 1441 2183 antiquum
1476 2102 1597 2184 aliquod

227 2199 398 2281 exemplar,
424 2207 475 2262 aut
496 2202 666 2274 recentius,
690 2199 776 2281 cnjus
799 2198 897 2280 aliqua
920 2200 1064 2262 autoritas
1093 2200 1214 2262 censeri
1235 2201 1344 2281 possit,
1366 2200 1444 2264 banc
1466 2202 1598 2268 additio-

227 2318 294 2361 nem
322 2298 497 2362 Latinontm
530 2318 615 2361 more
645 2297 752 2360 iactam
787 2298 926 2376 exbibet,
954 2298 1012 2360 nisi
1042 2298 1254 2380 interpolatum
1283 2320 1372 2364 manu
1401 2306 1535 2382 recenti,
1565 2314 1598 2368 ut

227 2406 294 2460 snnt
317 2398 398 2461 edita
421 2398 519 2461 officia
542 2399 580 2461 ad
602 2417 690 2460 usum
712 2396 944 2472 Maronitarum,
978 2417 1018 2460 ex
1042 2396 1151 2478 quibus
1173 2398 1255 2461 nulla
1285 2400 1432 2463 adversus
1462 2421 1598 2466 commn-

226 2516 292 2559 nem
313 2516 403 2560 nsum
421 2497 615 2560 Orientalium
638 2497 806 2559 testimonia
829 2497 898 2560 duci
920 2504 1058 2577 possunt.
1101 2495 1272 2560 Occurrunt
1295 2500 1374 2562 enim
1395 2501 1516 2565 codices
1540 2503 1599 2567 ali-

228 2605 297 2679 quot
320 2616 383 2659 non
406 2596 495 2660 valde
518 2597 647 2676 antiqui,
670 2595 726 2659 sed
748 2597 878 2675 sinceri,
906 2614 963 2677 pro
987 2597 1060 2677 ipsis
1090 2596 1246 2660 Maronitis
1277 2598 1400 2679 scripti,
1431 2600 1481 2662 din
1508 2611 1598 2683 post-

228 2714 314 2777 quam
337 2695 376 2757 ad
398 2694 554 2758 Ecclesiae
576 2695 726 2758 Romanae
747 2696 891 2757 unitatem
913 2695 1086 2775 redierunt,
1109 2697 1141 2757 in
1163 2698 1271 2777 quibus
1294 2698 1371 2761 baec
1401 2699 1510 2764 additio
1539 2702 1597 2765 de-

228 2795 389 2858 sideratur.
419 2795 452 2857 ln
474 2793 669 2875 Euchologiis
692 2793 898 2856 blelohitarnm
920 2792 1059 2856 Arabicis
1082 2791 1256 2875 Symbolum
1279 2797 1462 2880 descriptum
1485 2808 1542 2880 est,
1564 2811 1598 2865 ut

227 2893 320 2976 uulgo
345 2893 425 2974 apud
446 2892 580 2956 Graecos
602 2892 730 2976 legitur:
754 2900 784 2954 et
804 2895 836 2954 in
857 2893 1003 2973 Spiritum
1025 2901 1162 2955 sanctam
1172 2893 1354 2971 Dominam
1375 2900 1597 2979 vindicantem

228 2997 278 3073 qni
300 3014 317 3054 e
339 2992 434 3054 Patre
450 2994 599 3073 procedit.
643 2991 687 3053 lta
709 3010 830 3073 quoque
853 2993 884 3054 in
911 2992 1045 3073 ejusdem
1071 2991 1253 3075 Euebologii
1281 2994 1486 3060 Melcbitarum
1515 2999 1598 3061 Ara-

230 3093 286 3153 bici
309 3091 442 3155 editione
465 3092 595 3154 Fanensi
618 3108 664 3154 an.
688 3090 782 3153 1511.
806 3091 843 3154 Ut
865 3092 895 3154 in
924 3092 1129 3172 antiquissimo
1161 3093 1287 3174 Syriaco
1315 3094 1429 3159 Codice
1458 3098 1596 3162 bledieeo

230 3189 426 3254 collectionis
459 3190 624 3254 Canonum.
669 3190 714 3252 De
735 3189 924 3253 Nestorianis
947 3197 1062 3252 certum
1084 3191 1155 3253 lacit
1176 3210 1344 3257 consensus
1368 3194 1504 3260 codicum
1525 3198 1597 3262 illo-

228 3307 293 3352 mm
317 3291 369 3370 qni
391 3307 498 3370 preces
522 3290 689 3367 continent,
713 3307 767 3351 eos
790 3290 877 3370 sequi
899 3291 1012 3370 pariter
1034 3289 1179 3353 Graecam
1206 3291 1381 3357 lectionem:
1404 3297 1446 3362 ita
1474 3317 1597 3381 qnoque

230 3389 380 3470 Coptitae.
424 3388 499 3452 Nam
521 3390 551 3450 in
575 3388 689 3452 Codice
713 3391 764 3471 qni
788 3389 949 3451 lbeotolcio
977 3397 1007 3452 et
1030 3390 1168 3453 diversas
1191 3392 1263 3455 alias
1287 3396 1596 3480 orationes-Coptice

230 3497 259 3551 et
279 3488 416 3551 Arabiae
437 3490 566 3569 scriptas
588 3488 739 3565 eontinet,
763 3487 935 3570 Symbolum
959 3488 1072 3572 legitur
1094 3489 1209 3571 absque
1233 3491 1399 3572 additione,
1427 3505 1458 3559 nt
1486 3499 1516 3559 in
1539 3498 1597 3561 ali-

230 3596 303 3668 quot
325 3587 409 3664 aliis,
432 3594 490 3649 tam
512 3588 640 3668 antiquis
664 3606 752 3668 quam
774 3587 992 3651 recentioribus
1016 3590 1248 3670 exemplaribus.

317 3687 446 3749 Temere
468 3687 562 3768 igitur
584 3688 703 3749 omnino
726 3686 914 3750 Abrabamns
936 3685 1124 3751 Echellensis
1147 3691 1178 3751 in
1199 3690 1285 3754 Notis
1316 3692 1354 3756 ad
1382 3694 1599 3759 Praefationem
1631 3711 1792 3767 Echellensis
1809 3718 1921 3766 nonum.

231 3786 390 3849 Arabicam
413 3785 537 3848 Nicaeni
560 3785 705 3865 Concilii,
735 3787 764 3848 in
795 3786 926 3850 editione
954 3804 1063 3867 magna
1092 3789 1254 3853 Parisiensi
1281 3811 1348 3853 cum
1377 3793 1442 3857 aliis
1466 3796 1531 3877 ejus
1561 3796 1599 3859 de

229 3886 286 3950 boc
310 3893 490 3968 argumento
514 3886 667 3966 opusculis
691 3905 846 3965 recusam,
869 3887 1000 3966 scripsit.
1046 3887 1217 3969 Sprnbolum
1238 3889 1404 3955 Nicaenum
1426 3913 1493 3955 mam
1516 3914 1599 3975 por-

231 3989 339 4063 ticula,
367 3985 502 4065 filioque,
531 4005 675 4065 expresse
702 3986 829 4047 babebat·
856 3987 887 4046 in
910 3987 1039 4048 editione
1066 3986 1254 4067 Coptitamm
1276 3991 1360 4069 arjos
1386 3998 1472 4053 estat
1492 4013 1599 4055 eaenu-

229 4088 298 4166 ptor
320 4088 354 4147 in
375 4083 563 4146 Bibliotheca
584 4084 637 4148 111.
661 4086 724 4147 ciri
743 4083 782 4146 D.
805 4084 932 4146 Gitberti
952 4085 1111 4151 Gaulmini,
1147 4088 1291 4165 Temere,
1314 4091 1442 4170 inquam,
1467 4093 1597 4173 omnino,

231 4204 297 4247 nam
321 4182 429 4248 Codex
451 4181 565 4266 Regius
590 4183 645 4246 tuit
666 4184 736 4246 olim
760 4182 920 4261 Gaulmini,
944 4185 1029 4266 cujus
1058 4204 1163 4249 omnes
1191 4189 1385 4269 manuscripti
1413 4190 1444 4250 in
1473 4190 1598 4274 Regiam

229 4283 447 4347 bibliothecam
468 4282 604 4345 translati
634 4290 713 4345 sunt.
759 4281 847 4356 Quod
870 4285 897 4346 si
923 4291 956 4345 ut
977 4283 1056 4346 idem
1083 4285 1270 4351 Echellensis
1299 4288 1471 4369 subjungit,
1500 4290 1598 4353 babe-

231 4392 279 4446 tur
302 4381 408 4445 eadem
431 4381 542 4444 additio
565 4382 594 4444 in
616 4382 831 4445 Maronitamm
853 4383 1091 4464 exemplaribus,
1121 4385 1277 4448 emendata
1299 4386 1349 4448 illa
1377 4386 1499 4451 suerunt
1520 4408 1596 4470 pro-

232 4483 279 4545 cul
303 4480 395 4544 dnbio
417 4500 474 4561 per
494 4482 683 4543 recentiores
706 4500 828 4557 manus,
850 4492 884 4545 ut
905 4483 934 4544 in
958 4483 1088 4546 editione
1110 4483 1264 4566 Liturgiae
1287 4484 1500 4568 Aethiopicae,
1527 4499 1599 4569 post

233 4581 351 4645 Novum
374 4580 597 4642 Testamentum
624 4579 732 4643 iactum
755 4590 820 4659 est,
843 4588 873 4643 et
902 4583 931 4644 in
962 4582 1099 4646 omnibus
1126 4584 1222 4647 ferme
1253 4584 1338 4648 libris
1370 4586 1435 4649 aliis
1466 4589 1517 4669 qui
1547 4599 1599 4653 aut

233 4681 362 4757 Rornae,
384 4686 435 4742 aut
457 4680 513 4741 snb
534 4679 737 4742 Romanorum
760 4680 928 4744 Censorem
950 4682 1046 4746 oculis
1070 4683 1141 4746 editi
1169 4684 1299 4748 luerunt.
1344 4684 1423 4749 Nihil
1451 4695 1498 4750 est
1520 4691 1600 4752 enim

235 4781 358 4857 certiuS,
382 4797 470 4861 quam
492 4779 627 4862 ignorari
649 4780 768 4860 penitus
798 4779 877 4843 illam
896 4781 1075 4844 additionem
1097 4782 1134 4845 ab
1150 4783 1307 4862 Ecclesiis,
1330 4804 1408 4866 quac
1432 4786 1599 4851 altomana

236 4900 300 4942 eam
321 4898 383 4941 non
411 4886 603 4960 aeceperunt.
653 4879 777 4941 Frustra
800 4881 889 4942 etiam
916 4882 1136 4945 inuncabuntur
1164 4883 1311 4946 aduersus
1339 4883 1416 4947 banc
1451 4887 1600 4952 observa-

237 4981 348 5042 tionem
371 4976 584 5058 indubitatam,
608 4979 778 5043 testimonia
800 4998 877 5060 quae
900 4990 1006 5063 postea
1029 4982 1164 5065 adjungit
1186 4982 1391 5065 Abrabamus,
1422 5006 1460 5048 ex
1482 4991 1600 5052 autori-

236 5077 293 5141 bns
317 5097 392 5159 quos
415 5095 504 5140 nemo
526 5086 648 5159 praeter
669 5097 738 5142 eum
759 5097 889 5160 unquam
911 5090 962 5145 aut
982 5082 1073 5160 uidit,
1096 5092 1147 5147 aut
1175 5084 1351 5166 appellavit,
1381 5094 1412 5150 et
1440 5107 1515 5171 quos
1546 5109 1601 5153 re-
