4525 6034
354 751 394 806 Do
413 754 580 821 Smianornm
599 755 650 805 ritu

337 839 463 908 singulari
486 839 546 891 dum
565 841 650 892 oleum

339 932 366 977 et
383 927 421 979 sal
440 926 589 979 admiscent

668 567 742 641 174
1146 564 1556 642 COMMENTARIUS

751 750 812 815 Sed
834 751 930 834 magis
954 751 1051 814 adhuc
1074 751 1179 812 mirum
1202 756 1335 812 estesse
1355 749 1592 811 communionem
1609 748 1856 811 Ecclesiastieam
1875 750 1954 811 inter
1974 746 2039 811 Co-

663 851 772 931 ptitas,
796 849 1021 913 Alexandrinos
1045 848 1242 911 etlaccbitas
1256 846 1463 910 Antiochenos
1487 863 1504 908 a
1526 847 1625 910 multis
1648 847 1797 925 saeculis,
1819 849 1999 928 praesertim
2021 867 2040 910 a

665 950 773 1014 Severi
796 956 948 1030 tempore.
970 948 1057 1029 cujus
1079 947 1272 1028 sepulchrum
1295 947 1325 1007 in
1346 943 1491 1027 Aegypto
1515 964 1623 1029 magna
1645 948 1842 1009 veneratione
1866 946 1985 1025 colitur,
2008 954 2041 1009 et

664 1054 763 1110 tamen
786 1047 861 1110 istos
884 1049 972 1109 ritum
1001 1046 1115 1109 babere
1144 1044 1329 1129 singularem
1357 1047 1439 1106 circa
1468 1046 1555 1126 panis
1583 1045 1781 1109 Eucharistioi
1811 1043 2040 1123 confectionem,

597 1212 600 1219 Ι
665 1164 754 1226 quem
785 1145 834 1207 alii
863 1147 1007 1228 majorem
1036 1151 1067 1207 in
1095 1144 1215 1207 modum
1244 1143 1454 1207 condemnant.
1506 1143 1580 1206 Nam
1613 1145 1682 1225 Syri
1710 1151 1833 1225 praeter
1863 1141 2040 1205 fermentum

339 1744 651 1815 Hirt.Pntr.Alec.p.d25.

665 1241 748 1322 quod
770 1260 875 1307 omnes
904 1243 1087 1322 admiscent,
1115 1244 1188 1306 salis
1218 1251 1250 1306 et
1279 1241 1339 1304 olei
1368 1259 1475 1323 parum
1502 1241 1669 1324 adjiciunt,
1699 1244 1786 1325 cujus
1816 1241 2040 1305 consuetudinis

663 1341 847 1426 Apologiam
871 1342 1026 1423 allegoriis
1054 1342 1235 1405 inanissimis
1263 1338 1408 1404 refertam
1435 1340 1560 1404 exhibet
1589 1341 1667 1404 idem
1698 1340 1806 1405 Codex
1837 1340 2039 1406 Colbertinus.
2138 1394 2142 1395 γ

661 1439 710 1523 ΙΕει
731 1458 807 1505 veru
832 1439 978 1504 adversus
1000 1441 1124 1504 Latinos
1148 1442 1283 1503 instituta
1306 1457 1368 1502 non
1390 1441 1538 1518 est„sed
1561 1441 1708 1505 adversus
1730 1440 1884 1504 Jacobitas
1907 1450 1937 1503 et
1952 1440 2041 1520 alios,

665 1538 717 1618 qui
740 1538 823 1602 bane
839 1541 1001 1603 novitatem
1023 1557 1211 1622 magnopere
1235 1539 1472 1619 aversabantur,
1495 1547 1635 1621 tanquam
1658 1541 1774 1620 absque
1795 1539 1971 1617 Ecclesiae,
1990 1547 2042 1602 aut

665 1645 836 1701 sanctorum
854 1640 974 1701 Petrum
990 1641 1151 1701 autoritate
1166 1637 1293 1715 factam,
1315 1636 1457 1718 nullaque
1477 1639 1586 1702 idonea
1600 1642 1718 1703 ratione
1734 1639 1904 1702 stabilitam.
1926 1638 2043 1701 Exem-

666 1737 748 1817 plum
781 1745 865 1800 extat
896 1746 926 1801 et
958 1736 1079 1819 quidem
1108 1738 1229 1818 insigne
1259 1738 1288 1798 iu
1319 1737 1381 1798 vita
1409 1735 1593 1801 Christoduli
1623 1739 1814 1801 Patriarchae
1843 1735 2044 1800 Alexandrini

665 1834 772 1899 LXVI.
794 1837 846 1917 qui
868 1838 1023 1899 ordinatus
1046 1844 1094 1899 est
1116 1853 1196 1897 anno
1218 1834 1246 1897 J.
1270 1833 1304 1897 C.
1332 1835 1480 1900 blllLVll.
1508 1836 1666 1899 Habebunt
1696 1837 1832 1917 syriani,
1860 1838 1902 1899 ita
1931 1843 2044 1899 vocant

665 1933 761 2015 Syros
783 1933 955 2013 Jacobitas,
978 1934 1146 1997 Ecclesiam
1168 1934 1296 2010 bllsrae3
1321 1952 1449 2015 cumque
1472 1934 1534 1998 illic
1551 1934 1762 1998 Christodulus
1786 1937 1823 1999 ad
1846 1935 2044 1998 sanetibler-

665 2034 757 2112 curii,
787 2034 896 2097 blissas
926 2034 1112 2111 celebraret,
1149 2033 1295 2113 Laicique
1323 2052 1363 2095 ex
1392 2053 1478 2098 more
1508 2033 1624 2097 oblatas
1653 2034 1816 2113 ollerrent,
1846 2032 2044 2097 Abulbecher

665 2132 799 2212 quidam,
823 2134 872 2196 vir
894 2133 973 2195 inter
996 2151 1050 2197 eus
1081 2135 1240 2214 prunarius
1270 2140 1302 2195 et
1330 2132 1476 2215 Principia
1503 2132 1683 2213 Archiater,
1715 2151 1804 2195 unam
1833 2132 1957 2210 obtulit,
1986 2133 2044 2195 sed

664 2230 811 2311 Syrorum
833 2251 919 2296 more
942 2251 1009 2295 cum
1032 2233 1101 2296 oleo
1124 2242 1157 2296 et
1178 2233 1243 2295 sale
1266 2231 1452 2312 conlectam,
1476 2251 1566 2314 quam
1588 2232 1761 2294 Patriarcha
1781 2231 1905 2312 rejecit,
1929 2240 1960 2296 et
1981 2232 2044 2294 ho-

613 2380 616 2386 .
665 2331 773 2393 minem
796 2331 874 2394 male
898 2339 1056 2394 tractatum
1077 2331 1218 2395 Ecclesia
1240 2330 1312 2413 pelli
1330 2332 1430 2413 jussit
1460 2330 1513 2394 llle
1542 2349 1655 2413 graves
1688 2331 1726 2394 ad
1753 2330 1900 2393 Joannem
1929 2329 2045 2393 Antio-

358 2719 569 2775 nestorianorum
588 2725 652 2776 ritus

340 2809 470 2876 proprius.

666 2429 793 2492 ebenum
807 2430 1011 2494 Patriarcham
1028 2438 1135 2493 contra
1149 2430 1387 2493 Alexandrinum
1402 2431 1506 2494 literas
1522 2432 1644 2512 scripsit
1648 2450 1658 2507 ;
1682 2449 1742 2511 qua
1757 2431 1921 2493 occasione
1943 2430 2042 2493 editus

665 2523 787 2591 ridetur'
809 2529 968 2592 Tractatus
991 2529 1042 2592 ille
1063 2529 1309 2612 Apologetieus,
1332 2546 1401 2592 nam
1423 2529 1533 2594 Joanni
1554 2528 1746 2592 Patriarchae
1770 2528 1957 2591 attribuitur:
1982 2546 2043 2591 ne-

667 2645 727 2708 que
751 2626 943 2690 dubitandum
966 2629 1039 2709 quin
1061 2628 1209 2692 adversus
1231 2629 1403 2713 Aegyptios
1426 2631 1558 2711 scriptus
1581 2628 1682 2692 fuerit.

753 2727 848 2808 Hujus
870 2728 1093 2808 superstitionis
1116 2729 1301 2807 imitatores,
1325 2736 1377 2791 aut
1398 2726 1531 2793 fortasse
1554 2728 1642 2810 primi
1657 2734 1780 2790 autores
1793 2725 1915 2789 fuerunt
1928 2726 2044 2797 Nesto-

665 2825 743 2887 riani
766 2827 928 2907 quiritum
952 2845 1020 2889 eum
1042 2836 1182 2905 servant,
1204 2834 1238 2889 ut
1259 2834 1342 2908 patet
1366 2846 1406 2890 ex
1427 2828 1544 2892 illorum
1567 2825 1714 2910 singulari
1737 2825 1854 2904 officio,
1879 2825 1960 2906 quod
1982 2843 2044 2889 vo-

666 2934 736 2988 cant
757 2925 984 2989 innovationem
1003 2927 1147 3006 sementi
1167 2928 1275 2989 sancti.
1320 2926 1380 2992 Sed
1402 2927 1476 2991 illud
1503 2929 1578 3009 ipsis
1607 2926 1780 3007 proprium,
1810 2923 1893 3006 quod
1922 2924 2042 3005 quando

666 3025 783 3089 oblatas
806 3033 930 3108 parant,
952 3025 1000 3101 (id
1023 3034 1122 3088 autem
1146 3026 1178 3088 lit
1200 3026 1280 3089 inter
1302 3044 1358 3089 eos
1381 3027 1469 3089 simili
1492 3027 1582 3108 plane
1603 3027 1725 3088 ratione
1755 3024 1842 3086 acin
1868 3025 1965 3089 Sectis
1987 3041 2043 3087 re·

611 3116 620 3131 ’
664 3124 756 3205 liquis
764 3130 792 3205 ,)
815 3142 876 3187 non
899 3142 988 3188 omna
1018 3124 1196 3187 termentum
1227 3124 1408 3201 admiscent,
1437 3126 1493 3188 sed
1521 3143 1640 3189 sacrum
1666 3131 1700 3186 ut
1729 3123 1915 3201 existimant,
1943 3130 1975 3186 et
2004 3123 2042 3186 de

667 3243 727 3304 quo
758 3224 849 3287 multa
879 3230 1047 3307 nugantur,
1078 3231 1220 3303 tanquam
1249 3222 1288 3284 ad
1315 3223 1497 3288 decessores
1527 3243 1634 3288 eorum
1660 3221 1879 3303 Hierosolymis
1911 3221 2044 3285 delatum

665 3324 778 3402 fuerit,
801 3343 841 3386 ex
863 3322 1012 3404 particula
1033 3321 1113 3384 illius
1137 3322 1220 3401 quud
1241 3321 1279 3383 ad
1301 3323 1466 3404 parandum
1488 3342 1598 3405 panem
1628 3341 1688 3403 quo
1713 3321 1849 3385 Christus
1877 3322 1909 3382 in
1938 3320 2042 3384 ultima

667 3440 765 3485 coena
786 3440 860 3485 usus
883 3427 966 3497 erat,
988 3429 1166 3501 usurpatum
1189 3420 1252 3483 fuit.
1288 3423 1385 3487 Porro
1406 3422 1597 3486 Abrabamus
1618 3421 1810 3487 Echellensis
1838 3423 1870 3483 in
1896 3422 1977 3484 notis
2004 3419 2043 3482 ad

666 3520 773 3583 llebed
794 3520 885 3595 Jesu,
908 3520 990 3582 etin
1012 3518 1163 3601 Eutychio
1186 3520 1355 3600 vindicato,
1377 3519 1523 3585 dacobitis
1546 3530 1637 3602 atque
1659 3520 1777 3583 illorum
1800 3521 1964 3601 praecipuo
1986 3518 2043 3581 Ja-

667 3619 747 3684 cobo
768 3618 941 3698 Baradaeo,
964 3636 1054 3699 quem
1075 3618 1269 3700 Nicephorus
1291 3619 1449 3683 Zanzalum
1473 3621 1656 3702 appellatum
1679 3619 1768 3698 dicit,
1794 3619 1882 3681 istam
1905 3618 1966 3681 olei
1987 3636 2042 3680 sa-

667 3720 766 3800 lisque
787 3719 819 3781 in
841 3736 919 3799 pane
942 3715 1152 3781 Eucharistico
1175 3719 1344 3782 mistionem
1367 3720 1515 3782 attribuit:
1550 3719 1601 3782 vel
1628 3718 1737 3781 loanni
1757 3717 1925 3781 Earsussan
1953 3734 2041 3799 quarn

668 3818 839 3897 opinionem
868 3818 972 3880 ultimo
1005 3818 1139 3880 asseruit
1167 3818 1296 3881 Faustus
1324 3819 1475 3883 Naironus
1503 3820 1651 3882 hlaronita
1680 3819 1795 3881 Romae
1823 3816 1982 3899 professor
2011 3819 2041 3880 in

667 3933 762 3997 opere
785 3917 866 3998 quod
888 3916 1065 3998 inscriptum
1087 3917 1219 3997 Eooplio
1237 3919 1313 3998 fidei
1338 3917 1514 3982 Catholicae
1543 3918 1655 3981 editum
1688 3917 1797 3980 ibidem
1832 3933 1911 3980 anno
1945 3915 2041 3980 lost.

666 4014 839 4093 dueobltoe,
860 4017 967 4096 inquit,
990 4024 1112 4079 cenent
1133 4017 1230 4079 alnon
1251 4025 1281 4079 et
1301 4019 1397 4080 satem
1417 4020 1535 4081 triticeo
1556 4018 1811 4097 confermentato
1834 4017 1912 4096 poni
1932 4016 2042 4080 eonse-

666 4116 783 4178 nando
804 4134 871 4178 eme
893 4116 1127 4178 admiscendam.
1171 4116 1268 4196 Hnjrts
1289 4119 1441 4196 epimenia
1462 4127 1554 4180 cumr
1575 4127 1605 4181 et
1630 4120 1793 4179 innovator
1819 4115 1879 4195 fnit
1906 4115 2042 4178 donantes

664 4211 842 4275 Bormanon
863 4214 1073 4297 Monophpaito
1094 4215 1421 4278 Pseudo-Patriorcho
1441 4216 1653 4279 Antiocheam.
1693 4213 1799 4277 Refert
1820 4215 1852 4276 in
1874 4231 1940 4276 eam
1967 4231 2042 4279 sen-

666 4315 789 4375 tentiam
818 4312 915 4374 verba
945 4312 1121 4376 catechesis
1148 4312 1360 4377 Jacobitarum.
1406 4314 1484 4377 Orto
1510 4326 1572 4392 est,
1601 4315 1714 4396 inquit,
1736 4316 1816 4376 inter
1844 4312 1981 4394 Coptitcs
2012 4320 2043 4375 et

665 4413 763 4495 Syros
784 4412 948 4488 dicamne,
971 4415 1044 4493 qnia
1063 4413 1138 4496 Syra·
1155 4422 1272 4493 penum
1290 4417 1323 4476 in
1344 4432 1403 4475 nm
1424 4413 1575 4481 oblatione
1596 4415 1691 4477 solem
1712 4422 1743 4476 et
1763 4415 1874 4490 olerum
1902 4422 1933 4476 et
1957 4412 2041 4475 rcri-

663 4511 727 4590 par't
748 4511 843 4573 Pater
864 4520 967 4574 norm
987 4511 1124 4574 Joannes
1144 4512 1323 4575 Barnmrcn
1344 4508 1474 4575 libellum
1494 4516 1527 4575 in
1549 4533 1607 4595 qno
1620 4515 1839 4576 demonstravit
1852 4513 2041 4592 amplecto·

573 4623 579 4630 ·
601 4659 609 4666 .
665 4630 734 4671 nem
751 4612 913 4689 positionis
928 4611 1004 4672 salis
1020 4619 1051 4673 ct
1070 4612 1131 4673 olei
1144 4613 1177 4673 in
1193 4611 1410 4674 Eucharistiae
1432 4610 1481 4674 vel
1500 4620 1534 4674 ut
1552 4612 1658 4675 melius
1679 4612 1759 4674 verti
1773 4618 1894 4692 potest,
1918 4612 2042 4691 scripsit

665 4707 835 4787 Epistolum
861 4710 894 4770 in
920 4728 982 4790 prro
995 4710 1141 4772 'ostendit
1168 4719 1249 4773 recte
1276 4709 1418 4772 adhiberi
1443 4711 1494 4772 sol
1520 4719 1552 4772 et
1575 4712 1672 4773 οἰοιωι
1700 4712 1733 4772 in
1755 4711 1909 4791 permedia
1930 4710 2042 4772 oolam

664 4806 899 4872 Eucharistiois.
943 4807 1109 4888 Numquam
1133 4816 1233 4871 tamen
1256 4809 1411 4890 abruptam
1440 4808 1554 4871 idcirco
1582 4811 1661 4872 inter
1682 4810 1853 4891 Aegyptios
1881 4817 1912 4871 et
1933 4807 2041 4890 Syria-

664 4923 723 4967 nos
756 4908 995 4971 communionem
1029 4908 1124 4971 fuisse
1153 4910 1301 4993 legimus,
1331 4912 1466 4991 quamvis
1494 4910 1600 4973 Petrus
1629 4909 1777 4972 blelichae
1804 4908 1976 4997 Episcopus
2009 4907 2040 4970 id
2148 4919 2154 4923 ·
2242 4978 2243 4985 χ

665 5023 788 5086 quoque
810 5009 840 5071 in
862 5008 922 5071 illis
953 5007 1150 5087 condemnet,
1178 5008 1264 5090 cujus
1294 5008 1463 5072 sententiae
1491 5008 1610 5071 accedit
1639 5007 1833 5088 Abulbircat,
1863 5010 1915 5089 qui
1943 5007 2039 5070 verba
