4525 6034
576 617 628 692 m
651 613 859 692 uuononn
880 611 1072 690 cornum
1093 615 1125 691 s.
1144 614 1289 691 snsnn.
1507 575 1621 689 'aar

246 809 308 864 tres
330 803 413 864 vitae
440 798 682 863 Anachoreticae
712 799 864 878 excipias,
894 796 1041 861 haeretici
1069 797 1190 862 luerunt
1196 819 1206 875 ;
1237 805 1327 879 atquc
1354 799 1385 860 in
1413 798 1470 861 illis
1501 798 1624 880 decepti
1650 777 1654 796 ⁸

246 909 314 964 sunt
337 917 433 983 saepo
457 900 611 982 peregrini
632 898 670 960 ad
693 896 829 980 Aegypti
843 899 1025 960 monasteria
1049 897 1150 973 delati,
1173 900 1203 960 in
1226 897 1334 979 quibus
1351 897 1531 961 colebantur
1545 899 1623 963 tales

244 999 411 1062 haereseos
434 996 623 1061 defensores.
667 994 778 1059 llrrltos
801 996 880 1057 enim
902 994 996 1058 fuisse
1018 997 1099 1059 inter
1124 996 1261 1080 Aegypti
1281 994 1447 1060 llonacllos
1470 1002 1621 1060 testantur

246 1105 369 1160 autores
392 1100 478 1162 varii.

331 1196 379 1261 De
402 1198 518 1261 Sanctis
541 1198 591 1278 qui
613 1197 778 1278 praecipuo
801 1194 941 1259 coluntur
963 1196 993 1257 in
1014 1194 1179 1258 lacobitica
1191 1194 1347 1270 Ecclesia,
1369 1195 1532 1274 operosior
1554 1202 1622 1256 tra-

246 1297 337 1358 ctatio
360 1295 647 1377 turcomannis
672 1295 741 1359 loci.
786 1294 878 1358 llulta
902 1296 932 1356 in
954 1312 1021 1357 eam
1041 1312 1106 1356 rem
1129 1292 1231 1374 colligi
1253 1302 1381 1373 possunt
1410 1312 1451 1356 ex
1481 1293 1621 1374 Synaxa-

245 1396 297 1457 riis
333 1394 539 1476 cupitarum,
575 1402 636 1456 tum
673 1414 714 1458 ex
743 1393 924 1456 Kalendario
957 1393 1038 1474 quod
1069 1400 1153 1455 extat
1182 1392 1264 1472 apud
1291 1391 1480 1455 Abulbircat.
1523 1391 1623 1454 Edidit

245 1491 334 1571 rllud,
358 1493 415 1558 sed
437 1493 526 1557 valde
549 1492 774 1574 imperfectum,
796 1493 964 1555 nominihus
987 1500 1047 1554 tam
1069 1490 1203 1554 Arabico
1225 1510 1313 1572 quam
1336 1490 1441 1553 Latine
1464 1491 1570 1552 mirum
1591 1492 1621 1552 in

245 1592 367 1655 modum
383 1594 547 1673 corruptis,
560 1592 696 1656 loannes
719 1592 868 1657 seldenus
891 1594 921 1655 in
933 1592 1076 1654 Tractatu
1091 1590 1130 1653 de
1142 1589 1297 1671 Synedriis
1312 1599 1450 1653 veterum
1461 1589 1622 1653 llebraeo-

245 1711 329 1754 rum:
353 1692 472 1756 recudit
493 1691 653 1771 multisque
676 1691 753 1754 locis
777 1690 945 1754 emendavit
966 1690 1063 1754 tonus
1085 1688 1246 1768 ludolfus,
1270 1689 1411 1772 adjuncto
1427 1688 1621 1771 Aethiopico,

246 1798 278 1853 et
301 1793 381 1854 uotis
403 1793 434 1854 in
457 1791 565 1872 ouillum
587 1791 678 1853 multa
702 1789 860 1865 observat,
893 1791 934 1851 ita
964 1796 1063 1854 umen
1085 1798 1118 1852 ut
1148 1789 1236 1871 plura
1266 1792 1421 1871 supersint
1450 1787 1622 1869 colligenda

247 1909 288 1953 ex
311 1889 408 1954 Codd.
431 1891 506 1954 llss.
529 1889 607 1970 quos
629 1888 681 1952 ille
703 1907 765 1952 non
787 1888 915 1951 viderat.
1330 1937 1344 1955 ,

333 1989 486 2070 loseplms
517 1989 673 2070 Scaliger,
702 2007 741 2051 ex
770 1988 856 2069 cujus
879 1986 991 2051 Codice
1014 1988 1071 2050 hae
1100 1986 1257 2068 liturgiae
1284 1985 1496 2066 Aegyptiacae
1524 1986 1622 2048 lucem
1670 1978 1796 2034 ludicrum
1819 1983 1944 2054 Scaligen

246 2090 346 2171 primo
368 2088 474 2152 Latine
496 2087 654 2166 viderunt,
685 2089 715 2150 in
738 2087 874 2169 Epistola
897 2086 935 2149 ad
968 2087 1103 2149 llarcum
1131 2085 1292 2149 velserum
1326 2086 1554 2166 Augustanum,
1585 2068 1669 2148 dode
1687 2065 1827 2135 diptychis.

245 2187 407 2269 Diptyclris
437 2190 477 2250 ita
507 2187 620 2250 scribit
663 2187 691 2248 A
713 2187 870 2269 Diptpcltia
891 2188 952 2248 duo
973 2194 1151 2260 mostonmt,
1173 2203 1252 2266 quoe
1266 2192 1328 2247 tom
1342 2185 1375 2245 ie
1389 2183 1626 2266 Oderdsquom

246 2291 280 2349 iss
291 2287 466 2350 Occidentis
481 2286 629 2349 Ecclcriis
649 2287 741 2349 lodie
762 2292 870 2347 extuat
889 2281 925 2347 αἱ
947 2279 1106 2349 λιτανεῖαι
1120 2280 1176 2347 καὶ
1189 2272 1233 2345 τᾶ
1248 2270 1498 2370 μαριυρολόγια.
1535 2282 1624 2345 Lito·

247 2387 320 2448 sioe
342 2405 363 2446 o
385 2375 478 2468 κύριε
500 2378 649 2468 ἐλέησον,
678 2386 841 2464 ascipiimt:
865 2385 1006 2463 portibus
1032 2385 1167 2460 duobos,
1196 2383 1377 2445 Sanctomm
1405 2386 1566 2460 memorio,
1595 2392 1626 2446 et

245 2483 390 2564 procidus
411 2490 558 2545 cenam.
602 2482 669 2545 Hoc
689 2485 722 2543 in
742 2484 804 2544 iltis
823 2482 972 2563 liturgiis
992 2484 1075 2545 clare
1097 2490 1202 2545 extet·
1227 2501 1300 2543 nom
1326 2482 1476 2564 despota
1504 2483 1537 2544 in
1563 2483 1625 2544 iltis

249 2601 270 2644 o
284 2582 380 2645 verbo
398 2592 508 2657 nllus,
529 2583 588 2644 ltoc
605 2589 652 2643 cst
665 2574 808 2665 ἐλέησον,
831 2583 985 2661 brcipiwt.
1020 2581 1052 2644 ln
1075 2581 1132 2642 hac
1154 2579 1369 2644 observatione
1390 2580 1503 2662 aliquid
1517 2598 1622 2644 verum

250 2690 313 2745 est:
338 2683 476 2762 wamiis
499 2679 660 2743 divinando
682 2681 783 2761 potius
805 2679 918 2743 dictum
939 2680 978 2742 sit
1000 2698 1018 2740 a
1041 2679 1216 2761 scaligero,
1245 2696 1333 2759 quum
1357 2681 1481 2761 petitum
1503 2699 1543 2742 ex
1566 2697 1624 2742 an-

249 2782 388 2861 tiquitate
411 2779 643 2842 Ecclesiastico:
666 2796 734 2842 uam
758 2797 797 2840 ex
819 2776 978 2858 Diptyclu's
1000 2786 1196 2841 manaverunt
1209 2777 1437 2862 llartyrologia,
1459 2778 1509 2841 vel
1522 2780 1624 2860 potius

251 2898 289 2942 ea
311 2878 435 2942 luerunt
457 2881 579 2959 antiqua
600 2877 768 2959 Diptyclra,
791 2895 846 2940 seu
869 2874 989 2940 tabidae
1017 2877 1269 2955 Ecclesiasticae,
1300 2894 1377 2958 quae
1407 2877 1438 2939 in
1467 2877 1527 2940 loc
1554 2877 1624 2941 loco

250 2978 471 3042 recitabamum
495 2984 593 3054 auda,
616 2984 648 3039 et
669 2977 700 3038 in
723 2975 819 3039 libros
831 2974 944 3054 relato,
968 2976 1054 3040 aliam
1069 2975 1179 3039 deinde
1194 2975 1416 3057 diversamque,
1439 2994 1497 3057 pro
1512 2977 1626 3040 Eccle-

251 3079 364 3140 siarum
385 3083 614 3157 temporumque
636 3076 783 3137 varietate
805 3073 931 3137 lamiam
960 3083 1154 3155 occeperunt.
1207 3074 1281 3137 Nam
1315 3076 1519 3156 antiquissima
1547 3093 1625 3155 quae

252 3182 374 3253 exunt,
398 3175 526 3238 collecta
548 3180 618 3237 sum
640 3191 657 3235 a
677 3173 806 3236 diversis
829 3172 985 3236 autoribus
1015 3176 1125 3251 serius,
1149 3191 1250 3254 negare
1277 3174 1399 3253 publica
1421 3173 1626 3236 Ecclesiamm

252 3275 430 3338 autoritate:
454 3282 486 3336 et
508 3273 580 3335 illud
602 3273 641 3335 de
663 3290 724 3353 quo
746 3272 879 3353 loquitur
901 3270 1069 3355 Gregorius
1098 3272 1243 3356 Magnus,
1277 3289 1338 3335 non
1368 3279 1465 3334 extat:
1498 3267 1553 3332 sed
1587 3268 1626 3331 ds

252 3375 300 3437 lsis
322 3373 445 3436 videndi
471 3371 637 3449 Boromus,
659 3372 814 3451 llolenus,
838 3371 995 3452 Valesius,
1018 3372 1130 3451 quique
1153 3371 1191 3433 de
1205 3370 1433 3452 llartyrologiis
1455 3369 1626 3432 accuratius

251 3480 468 3536 ductaverant
512 3470 602 3552 Apud
626 3470 760 3534 Graecos
777 3489 943 3551 omnesque
958 3468 1145 3533 Christianos
1159 3468 1328 3532 orientales
1341 3468 1413 3532 nihil
1425 3468 1537 3531 simile:
1561 3464 1627 3527 sola

250 3572 364 3634 habent
392 3570 578 3651 Syuaxaria,
602 3569 694 3632 multo
717 3569 830 3632 Leonis
852 3568 1078 3651 ldartyrologiis
1101 3568 1261 3649 ampliora,
1291 3567 1396 3648 illique
1418 3584 1478 3630 non
1501 3565 1627 3628 absimi-

251 3670 293 3746 lia
323 3669 403 3750 quod
432 3667 547 3731 saeculi
575 3668 683 3731 decimi
705 3670 785 3730 sexti
807 3668 884 3744 fine,
905 3668 1054 3730 Maximus
1076 3668 1254 3749 llargunius
1277 3665 1473 3747 Cytherensis
1495 3666 1627 3746 Episco-

252 3787 328 3850 pus,
364 3769 394 3829 ir
431 3765 616 3829 Graecorum
646 3784 767 3829 suorum
803 3767 931 3850 gratiam
961 3784 1102 3829 sermone
1131 3766 1296 3829 vernaculo
1326 3766 1460 3844 Graeco,
1490 3764 1626 3828 venetiis

254 3866 359 3931 edidit.
403 3865 437 3928 lu
459 3864 517 3927 illis
541 3873 640 3927 autem
661 3864 795 3928 refertur
821 3865 957 3928 breviter
984 3862 1162 3927 Sanctorum
1191 3864 1332 3943 historia,
1363 3865 1485 3926 cumin
1511 3862 1626 3925 Latinis

252 3965 375 4029 nomina
397 3970 511 4027 tantum
533 3962 709 4044 llartyrum,
732 3970 764 4026 et
787 3965 936 4043 passionis
958 3964 1045 4027 locus
1067 3971 1099 4026 et
1122 3971 1239 4043 tempus
1260 3961 1370 4025 reterri
1391 3964 1525 4026 soleant:
1548 3962 1628 4024 allo-

252 4082 321 4127 rum
344 4064 522 4127 Sanctorum
543 4079 667 4141 nomen,
691 4061 822 4145 dignitas
845 4071 875 4125 et
896 4065 1002 4144 putria.
1047 4062 1080 4123 ln
1102 4061 1226 4124 Graecis
1249 4063 1392 4125 memoria
1414 4062 1447 4124 u
1468 4061 1627 4124 multorum

254 4163 307 4244 qui
328 4162 360 4223 in
381 4161 518 4225 Ecclesia
540 4160 646 4224 Latina
669 4161 849 4224 tloruerunt:
872 4163 902 4223 in
926 4160 1129 4224 Orientalibus
1153 4161 1330 4242 Synaxariis
1352 4160 1404 4222 vix
1426 4160 1553 4223 ullorum
1577 4160 1628 4239 qui

254 4269 343 4324 extra
365 4259 529 4343 Orientem.
574 4259 616 4321 lta
638 4260 768 4322 maxima
790 4260 959 4323 differentia
982 4267 1029 4323 est
1051 4261 1130 4321 inter
1152 4277 1189 4321 ca
1212 4266 1243 4322 et
1271 4258 1498 4340 Martyrologia
1542 4257 1629 4319 Lita-

254 4362 322 4423 nias
344 4359 426 4440 quod
449 4359 572 4437 attinet,
595 4358 705 4421 dictum
729 4357 877 4440 Scaligcri
906 4360 1096 4443 ingeniosum
1128 4359 1223 4440 magis
1251 4365 1298 4420 est
1326 4375 1563 4439 quamverum:
1597 4362 1629 4418 ct

256 4475 333 4540 quas
355 4459 478 4538 proprie
502 4457 541 4519 ita
564 4456 766 4537 appellamus,
790 4459 930 4540 ignorant
951 4459 1070 4538 penitus
1093 4455 1282 4537 Orientales‚
1312 4474 1415 4537 neque
1439 4456 1532 4539 llyrie
1554 4456 1630 4517 elci-

257 4575 329 4633 aon,
362 4555 443 4636 quod
472 4557 586 4617 initium
608 4563 779 4619 nostrarum
803 4564 867 4634 est,
897 4557 1004 4619 eodem
1028 4556 1107 4636 apud
1130 4558 1215 4637 ipsos
1239 4557 1307 4618 loco
1330 4565 1362 4618 et
1392 4554 1480 4618 modo
1511 4554 1630 4631 dicitur,

258 4656 337 4718 sicut
358 4673 417 4717 nec
440 4653 519 4735 apud
542 4655 687 4719 Graecos.
731 4654 806 4717 llam
829 4655 898 4718 dum
921 4655 1068 4718 indicatur
1090 4655 1273 4728 aDiacono,
1294 4655 1391 4718 oratio
1413 4653 1551 4715 lacmnda
1574 4668 1631 4733 pro

254 4772 448 4835 quacumque
470 4771 523 4832 re,
546 4754 597 4817 vel
620 4754 713 4816 certis
735 4755 892 4835 personis,
916 4753 1066 4819 Sacerdos
1089 4753 1161 4815 dicit
1183 4752 1367 4836 singularem
1390 4760 1440 4815 aut
1462 4752 1536 4814 duas
1558 4768 1633 4814 ora-

258 4854 375 4932 tiones,
399 4870 488 4915 unam
510 4852 569 4914 alta
593 4870 687 4928 voce,
711 4851 798 4914 aliam
821 4862 957 4930 secreto;
980 4861 1011 4916 et
1033 4852 1071 4914 ad
1094 4869 1196 4915 earum
1210 4852 1299 4914 linem
1313 4852 1443 4933 populus
1455 4851 1528 4913 dicit
1539 4850 1633 4933 llyric

260 4951 388 5026 eteisom
411 4950 461 5013 vel
484 4960 585 5018 cinit<
612 4950 712 5014 idest
738 4950 904 5029 lliserm,
937 4952 1027 5033 idque
1049 4968 1110 5014 non
1132 4952 1244 5030 semel,
1266 4952 1320 5015 sed
1343 4950 1513 5031 multoties,
1542 4958 1633 5032 atque

260 5048 421 5129 aliquando
444 5049 637 5131 quadragies.
683 5049 841 5130 Appellari
864 5069 940 5113 vero
963 5049 1152 5131 postmodum
1169 5050 1348 5115 Sanctorum
1361 5050 1492 5130 nomina,
1515 5056 1546 5112 et
1566 5050 1634 5111 sin·

1345 5165 1424 5240 46*
