4525 6034
669 551 745 626 292
1177 549 1535 628 tltutatn

670 742 726 835 qui
752 738 873 811 cultum
899 740 965 812 Dei
991 738 1238 826 stabiliverunt,
1274 758 1389 809 eorum
1417 740 1485 839 qut·
1500 739 1671 831 angustias
1697 748 1732 809 et
1756 741 1923 813 cruciatus
1949 741 2035 814 mul-

667 866 722 929 tos
755 878 818 952 prc
849 854 1005 929 Ecclesia
1038 863 1094 927 tua
1120 864 1237 927 sancta
1272 855 1365 949 passi
1398 864 1474 927 suut
1509 864 1543 925 et
1575 857 1814 928 sustinuerant·
1831 867 1866 929 et
1895 858 2036 953 pcprdos

669 970 786 1045 atheos
810 972 872 1053 ¹od
909 971 1140 1044 adorationem
1178 972 1225 1042 tui
1264 979 1518 1059 converterunt,
1559 974 1828 1068 superstitionem
1866 973 2037 1046 Judaicam

667 1086 937 1178 confutaverunt,
964 1098 999 1160 et
1023 1087 1233 1181 garrulitates
1260 1085 1502 1159 baereticomm
1529 1086 1738 1181 refellerant,
1764 1088 1863 1161 iidem
1895 1101 2038 1185 aposto-

666 1202 766 1277 licam
792 1205 1081 1301 praedicaverunt,
1109 1206 1320 1299 ommumque
1346 1213 1496 1288 nasutum
1522 1205 1650 1277 animas
1682 1207 1716 1276 in
1748 1214 1783 1276 te
1809 1203 2037 1283 confirmaue-

667 1329 759 1391 runt:
793 1332 829 1393 ut
853 1344 915 1416 per
941 1325 1111 1394 orationes
1143 1341 1259 1392 eorum
1291 1322 1384 1415 pias,
1418 1329 1554 1425 avertas
1588 1344 1609 1391 a
1641 1319 1738 1392 nobis
1770 1344 1888 1397 omnes
1922 1326 2037 1415 virgas

666 1437 801 1525 luroris,
829 1449 863 1509 et
889 1440 1088 1510 tentationes
1115 1435 1283 1525 didicdes3
1309 1435 1576 1533 tranquillitatem
1611 1445 1645 1508 et
1674 1458 1794 1533 pacem
1828 1461 1916 1533 quae
1951 1460 1972 1510 a
2007 1450 2038 1511 te

668 1565 731 1641 est,
759 1553 909 1627 concede
935 1553 1048 1627 nobis:
1075 1565 1110 1627 et
1135 1562 1270 1651 praesta
1296 1552 1393 1626 nobis
1425 1563 1462 1625 ut
1488 1557 1557 1625 vita
1590 1551 1689 1625 beata
1715 1552 1946 1649 perfruamur,
1980 1576 2040 1649 per

669 1693 784 1743 eorum
811 1669 1084 1760 obsecrationes,
1120 1672 1196 1764 quia
1222 1679 1257 1741 tu
1283 1667 1409 1758 bonus,
1436 1678 1470 1741 et
1495 1670 1616 1742 multae
1642 1669 1895 1743 misericordiae
1920 1679 1958 1741 et
1985 1669 2040 1743 tibi

668 1786 810 1880 gloriam
837 1785 1025 1877 referimus,
1052 1795 1087 1858 et
1111 1788 1282 1880 unigenito
1309 1786 1395 1859 Filio
1423 1795 1492 1874 tuo,
1518 1796 1553 1858 et
1578 1787 1713 1883 Spiritui
1740 1795 1855 1858 sancto
1881 1796 1951 1860 tuo.

774 1902 937 1997 Populus.
986 1904 1106 1976 Amen.

771 2019 947 2092 Sacerdos
972 2019 1165 2091 inclinatus.
1216 2019 1339 2091 Iterum
1366 2026 1533 2091 memento
1560 2017 1702 2090 Domine
1736 2042 1852 2092 eorum
1883 2021 2041 2107 omnium,

669 2139 724 2232 qui
751 2134 793 2208 ab
819 2137 973 2225 Adamo,
999 2134 1064 2208 buc
1090 2156 1216 2229 usque,
1243 2134 1392 2207 moribus
1419 2137 1488 2207 suis
1523 2133 1581 2205 tibi
1615 2133 1830 2230 placuerunt,
1865 2145 1899 2209 et
1930 2135 1977 2208 ad
2010 2148 2042 2209 ta

666 2251 810 2349 proiecti
837 2263 928 2325 sunt:
953 2254 1135 2347 praecipue
1161 2273 1246 2325 vero
1273 2272 1389 2322 eornm
1416 2253 1471 2344 qui
1504 2251 1679 2347 praeclare
1711 2254 1987 2325 ministraverunt
2012 2262 2044 2325 et

669 2371 859 2444 servierunt
884 2389 998 2441 coram
1025 2376 1074 2440 te:
1111 2365 1330 2440 sacerdotum
1363 2365 1525 2456 fidelium,
1558 2370 1614 2461 qui
1646 2366 1928 2463 dispensationem
1960 2393 2043 2467 my-

595 2500 597 2505 ·
669 2485 847 2558 steriorum
874 2495 1003 2556 tuorum
1029 2482 1227 2555 Sanctorum
1255 2485 1466 2556 commissam
1500 2504 1582 2555 suae
1614 2482 1691 2555 fidei
1721 2484 1926 2558 habuerunt:
1954 2487 2044 2559 Dia-

670 2622 897 2696 conommque
923 2603 979 2695 qui
1012 2603 1154 2672 animasx
1167 2620 1246 2672 suas
1273 2612 1307 2674 et
1331 2598 1445 2695 populi
1479 2603 1524 2671 tui
1556 2599 1663 2672 tidelis
1699 2600 1980 2696 purificaret-rm,
2012 2611 2044 2673 et

669 2718 759 2790 omni
785 2716 900 2789 Ordini
926 2719 980 2812 qui
1006 2718 1189 2789 ministerio
1217 2715 1416 2788 sacerdotali
1443 2714 1597 2809 alligatus
1624 2725 1695 2806 est,
1722 2728 1756 2789 et
1782 2739 1901 2788 eorum
1927 2721 1987 2812 qui
2011 2719 2044 2787 in

668 2832 734 2905 bde
773 2843 867 2905 recta
908 2844 964 2906 tua
1001 2834 1220 2905 consummati
1258 2843 1349 2905 sunt:
1382 2835 1528 2904 maxime
1560 2854 1645 2905 vero
1684 2834 1817 2906 Patrum
1851 2844 2043 2907 nostrorum

669 2949 893 3045 corporalium
921 2958 956 3021 et
982 2947 1216 3046 spiritualium,
1243 2970 1426 3043 eorumque
1452 2971 1591 3044 quorum
1618 2949 1725 3020 nullus
1752 2961 1804 3023 est
1835 2954 1892 3045 qui
1919 2953 2043 3023 memi-

669 3069 772 3153 nerit,
799 3065 861 3139 sed
887 3078 940 3139 est
966 3065 1053 3162 apud
1079 3076 1113 3138 te
1140 3086 1255 3138 eorum
1283 3068 1564 3138 commemoratio.

773 3183 924 3255 Eleoaru
948 3206 1075 3255 vocem.
1127 3183 1232 3275 Igitur
1257 3204 1319 3278 per
1344 3181 1535 3278 praeclaras
1553 3183 1786 3263 miserationes
1811 3192 1899 3272 tuas,
1927 3204 2042 3255 eorum

669 3299 864 3372 recordatus
889 3299 1053 3387 Domine,
1088 3310 1122 3371 et
1147 3302 1181 3370 iu
1214 3302 1288 3372 sinu
1315 3296 1472 3371 Abrabae
1506 3302 1649 3393 quietem
1679 3298 1744 3372 illis
1779 3310 1979 3395 praestans,
2010 3308 2043 3373 et

541 3434 544 3443 ·
670 3416 714 3488 ad
739 3438 890 3489 mensam
915 3415 1005 3489 illam
1032 3426 1121 3489 mam
1147 3413 1387 3507 intelligibilem
1412 3438 1474 3487 eos
1501 3415 1688 3503 collocans,
1715 3438 1780 3487 nec
1806 3437 1874 3489 non
1900 3424 2041 3513 peccata

668 3531 799 3604 illorum
824 3535 1109 3627 praetermittens,
1136 3535 1298 3628 propitius
1324 3542 1398 3604 esto
1431 3530 1495 3603 illis
1530 3542 1667 3627 propter
1698 3535 1933 3604 miserationes
1969 3544 2041 3605 tuas

669 3648 807 3738 multas,
834 3660 868 3721 et
894 3671 957 3723 nos
984 3659 1018 3722 et
1043 3649 1119 3723 illos
1147 3648 1268 3742 dignos
1301 3648 1394 3721 effice
1429 3648 1553 3742 gaudio
1585 3648 1642 3721 illo
1674 3647 1907 3737 indefectibili,
1942 3659 1978 3721 ut
2009 3652 2040 3720 iu

669 3765 859 3839 habitaculo
885 3767 1007 3856 beato,
1033 3765 1202 3859 ingloria
1229 3776 1417 3839 sauctorum
1445 3774 1574 3853 tuorum
1601 3766 1771 3839 laetemur.
1822 3762 1869 3836 Et
1876 3767 1950 3858 jam
1966 3765 2040 3837 inde

669 3885 901 3955 remissionem
927 3885 1188 3979 insipientiarum
1214 3891 1402 3955 nostrarum
1428 3879 1526 3955 nobis
1552 3881 1719 3971 concede,
1745 3885 1821 3977 quia
1847 3881 1958 3954 nullus
1990 3890 2040 3955 cst

671 4001 726 4094 qui
752 4000 846 4070 vivat
872 4009 906 4071 et
930 4020 998 4072 non
1024 4008 1162 4095 peccet,
1189 4009 1246 4071 aut
1270 4020 1373 4093 purus
1400 4000 1443 4070 sit
1468 4022 1488 4070 a
1515 3996 1670 4072 sordibus
1696 4008 1730 4070 et
1743 3996 1881 4071 maculis
1900 4001 2037 4093 peccati,

669 4116 734 4186 nisi
769 4134 853 4187 unus
886 4114 979 4189 solus
1011 4116 1174 4188 Dominus
1209 4115 1302 4187 Deus
1342 4124 1377 4186 et
1410 4112 1569 4187 Salvator
1600 4125 1718 4189 noster
1753 4114 1855 4189 lesus
1891 4113 2037 4187 Christos

670 4233 858 4324 unigenitus
885 4230 971 4305 filius
996 4242 1093 4321 mus,
1119 4253 1180 4329 per
1207 4253 1303 4326 quem
1329 4253 1393 4305 nos
1425 4254 1557 4326 quoque
1589 4233 1820 4306 miserationes
1857 4251 2036 4329 speramus.

774 4347 937 4441 Popotot.
989 4350 1110 4423 Amen.

775 4464 964 4536 Diaconos.
1019 4464 1173 4550 Quietem
1197 4472 1343 4561 praesta.

773 4578 959 4652 Sacerdos.
1013 4579 1166 4666 Quietem
1192 4589 1328 4677 praesta
1357 4578 1521 4669 Domine,
1554 4581 1745 4671 animabus,
1777 4579 1974 4676 corporibus
2001 4586 2035 4648 et

670 4693 839 4791 spiritibus
866 4717 982 4768 eorum
1009 4699 1155 4770 omnium
1187 4698 1241 4792 qui
1267 4705 1449 4792 praecepto
1476 4706 1533 4768 tuc
1558 4695 1689 4770 liberati
1720 4693 1762 4768 ab
1795 4696 1862 4768 boc
1894 4692 2031 4779 mecurio,

575 4834 579 4839 ·
669 4813 706 4881 in
740 4808 805 4883 fide
844 4811 1031 4887 orthodoxa
1066 4813 1109 4886 ad
1144 4822 1178 4885 te
1212 4815 1456 4906 migrayemnt:
1494 4833 1558 4885 nec
1594 4812 1753 4887 ascendat
1785 4810 2031 4909 chirographum

672 4938 887 5023 peccatorum
922 4930 1052 5004 illorum
1087 4941 1120 5003 at
1151 4940 1359 5021 moruorum,
1392 4928 1435 5001 ad
1464 4928 1623 5023 judicium
1654 4940 1799 5023 rectum,
1833 4935 1869 5004 in
1902 4932 1954 5003 die
1978 4925 2030 4998 illa

671 5042 844 5117 tremenda
870 5045 1113 5139 retributionis,
1140 5045 1202 5120 scd
1227 5068 1288 5144 per
1321 5043 1554 5119 abundantiam
1588 5048 1719 5139 madae
1754 5057 1845 5137 tuae,
1879 5045 2027 5143 propitius
