4525 6034
715 579 791 657 548
1218 579 1576 658 attracta

714 767 772 840 ille
804 767 895 841 Novi
920 768 1139 858 Testamenti,
1168 770 1223 864 qui
1250 791 1313 865 pro
1339 767 1439 841 vobis
1467 776 1501 839 et
1526 789 1588 864 pro
1614 767 1723 842 multis
1739 768 2038 867 eilrmdituretspar-

714 888 813 977 gitur,
840 886 873 955 in
899 887 1121 981 expiationem
1149 883 1320 982 culparum
1348 896 1382 958 et
1407 887 1636 958 remissionem
1662 895 1893 982 peccatorum,
1916 889 2041 981 atquein

712 1003 815 1073 vitum
843 1011 1021 1074 aeternam.

817 1118 979 1211 Populus.
1032 1117 1152 1191 Amen.

819 1233 1003 1306 Sacerdos.
1058 1236 1337 1330 Quotiescumque
1364 1236 1449 1306 enim
1476 1233 1542 1306 boc
1567 1233 1686 1323 facitis,
1713 1244 1855 1307 mortem
1878 1254 1973 1305 meam
1993 1255 2045 1305 an-
2180 1269 2181 1278 ι

715 1352 889 1436 nunciatis,
916 1373 957 1422 ac
983 1354 1178 1424 memoriam
1204 1349 1393 1448 sepulturae
1419 1353 1740 1446 resurrectionisque
1765 1372 1864 1423 meae
1892 1349 2046 1438 celebratis,

716 1465 824 1541 donec
851 1489 918 1559 ego
945 1488 1083 1539 venero.
1627 1543 1632 1558 ,

819 1582 981 1677 Populus.
1020 1583 1165 1656 Mortem
1191 1591 1279 1655 tuam
1306 1583 1449 1655 Domine
1465 1587 1714 1675 annunciamus,
1740 1593 1839 1677 atque
1856 1583 2049 1654 resurrectio·

715 1721 792 1772 nem
818 1699 1022 1795 profitemur,
1050 1709 1083 1772 et
1109 1698 1286 1770 adventum
1312 1709 1401 1771 tuum
1423 1698 1601 1772 secumdum
1621 1709 1858 1797 expectamus:
1883 1699 2049 1769 misericor-

716 1815 791 1887 diae
819 1824 895 1889 tuae
922 1818 987 1889 sint
1013 1837 1114 1912 super
1140 1836 1204 1887 nos
1231 1837 1357 1888 omnes.

818 1932 1002 2006 Sacerdos.
1055 1929 1259 2005 Recolentes
1285 1934 1386 2024 igitur
1411 1934 1509 2004 etiam
1536 1954 1599 2004 nos
1626 1930 1804 2006 adventurn
1831 1940 1919 2002 tuum
1937 1929 2051 2002 bordne

715 2052 889 2137 incarne,
916 2059 950 2122 et
975 2059 1114 2122 mortem
1142 2060 1244 2134 tuam,
1271 2047 1537 2144 sepulturamque
1557 2058 1657 2138 mam,
1685 2058 1784 2144 atque
1803 2048 2053 2118 resurrectionen
2182 2039 2183 2048 ³

715 2175 804 2238 tuam
832 2188 852 2236 a
879 2168 1028 2254 mortuis,
1056 2187 1142 2260 quae
1164 2167 1262 2237 tertio
1281 2163 1335 2236 die
1356 2167 1505 2257 contigit,
1531 2175 1565 2237 et
1586 2186 1759 2237 ascensum
1781 2173 1871 2235 tuum
1887 2165 1920 2234 in
1938 2158 2055 2242 coelum,

717 2305 759 2354 ac
785 2283 972 2354 sessionem
999 2290 1085 2353 tuam
1113 2280 1155 2352 ad
1182 2280 1354 2352 dexteram
1369 2281 1434 2354 Dei
1454 2281 1577 2354 Patris:
1604 2292 1780 2375 praeterea
1798 2278 1973 2352 adventum
1987 2286 2056 2346 mm

715 2394 957 2470 formidabilem
984 2407 1018 2470 et
1037 2398 1218 2489 majestatis
1240 2395 1383 2493 plenum,
1410 2399 1443 2467 in
1465 2420 1530 2493 quo
1549 2396 1754 2489 judicaturus
1775 2417 1814 2468 es
1835 2396 1950 2469 orbem
1970 2404 2058 2465 terrae

717 2537 792 2586 oum
822 2517 968 2607 justitia,
1002 2522 1037 2586 et
1068 2514 1212 2610 populos
1244 2535 1318 2586 cum
1352 2516 1534 2610 aequitate:
1568 2511 1755 2609 supplicas,
1790 2535 1813 2585 o
1849 2512 1987 2586 Domine
2013 2505 2059 2579 ibi

717 2650 849 2721 sumus,
882 2631 936 2724 qui
962 2627 1055 2701 solus
1081 2628 1170 2702 inisti
1197 2632 1346 2726 expiatio
1372 2629 1498 2718 mundi,
1526 2640 1559 2702 et
1585 2651 1623 2714 es
1649 2632 1790 2726 pretium
1817 2627 1908 2725 qnod
1933 2627 2006 2701 satis
2027 2627 2060 2695 sit

716 2744 759 2817 ad
785 2743 1019 2841 opponendum
1045 2746 1195 2841 peccatis
1222 2747 1356 2836 nostris,
1383 2748 1460 2841 quia
1486 2755 1576 2818 tuum
1603 2743 1705 2816 solius
1731 2754 1785 2817 est
1804 2750 1973 2819 remittere
1989 2764 2059 2839 pec·

717 2871 791 2934 cata
817 2883 920 2956 super
945 2870 1084 2950 terram,
1110 2871 1225 2958 utpote
1250 2862 1335 2954 Dei,
1361 2864 1393 2932 in
1420 2864 1514 2955 cujus
1540 2870 1705 2956 potestate
1731 2863 1843 2933 omnia
1871 2869 1957 2948 sunt,
1980 2861 2061 2930 nein
2183 2911 2185 2950 ,

717 2979 772 3052 die
798 2977 854 3051 illa
881 3000 945 3074 qua
967 2976 1173 3071 judicaturus
1200 3001 1238 3051 es
1265 2976 1381 3051 orbem
1408 2986 1518 3051 terrae
1544 2999 1606 3074 per
1628 2978 1809 3069 justitiam,
1837 2980 1942 3050 intres
1967 2976 2062 3065 inja-
2184 2995 2185 2998 ¹

717 3095 836 3168 dicium
863 3116 937 3167 eum
965 3097 1075 3167 servis
1101 3097 1182 3185 tuis,
1215 3106 1272 3167 aut
1297 3094 1450 3187 negligas
1477 3091 1712 3167 haereditatem
1738 3102 1829 3165 tuam
1866 3092 2062 3167 abalienatam

718 3213 874 3306 agretia
907 3212 1012 3285 sancti
1038 3209 1201 3308 Spiritus,
1233 3221 1268 3283 ut
1302 3233 1346 3283 ne
1381 3214 1528 3285 extorris
1559 3209 1616 3283 fiat
1650 3233 1670 3282 a
1704 3232 1812 3302 regno
1848 3220 1907 3282 tuo
1938 3207 2062 3281 coelesti

716 3331 883 3426 Propitius
910 3337 983 3400 esto
1009 3326 1108 3400 nobis
1135 3337 1169 3400 et
1200 3330 1392 3401 misericors
1426 3331 1459 3399 in
1494 3326 1550 3401 illa
1582 3326 1664 3401 bora
1694 3323 1969 3423 pronunciandae
1998 3343 2066 3394 sen-
2185 3401 2186 3412 χ

716 3449 857 3535 tentiae,
890 3467 999 3541 neque
1025 3442 1185 3518 destituas
1211 3465 1293 3534 nos,
1324 3453 1359 3515 ut
1384 3444 1500 3517 bamus
1527 3442 1690 3516 haeredes
1717 3439 1934 3514 tenebrarum
1958 3439 2065 3535 penius
2185 3443 2186 3450 ’

718 3564 823 3634 omnis
849 3560 933 3633 lucis
961 3563 1163 3656 expertium:
1196 3582 1405 3657 nequaquam
1432 3559 1613 3634 alienemur
1638 3562 1781 3633 Domine
1807 3582 1831 3631 a
1859 3556 1989 3654 peculio
2012 3565 2067 3638 tao,

717 3701 825 3774 neque
852 3678 1051 3775 pronuncies
1077 3675 1257 3750 adversum
1283 3697 1347 3750 nos
1372 3676 1459 3749 illam
1487 3678 1699 3749 sententiam:
1725 3676 1774 3749 Ite
1792 3673 1975 3762 maledicti,
1996 3690 2067 3768 pos-

719 3794 825 3867 sidete
851 3797 962 3888 ignem
990 3796 1249 3888 sempiternum:
1275 3814 1318 3864 ne
1346 3790 1482 3867 abdices
1508 3815 1584 3878 nos,
1610 3815 1721 3889 neque
1747 3791 1844 3864 dces
1872 3790 1985 3876 nobis,
2008 3787 2068 3860 Non

718 3914 799 3984 novi
825 3932 906 3983 vos:
932 3932 1041 4006 neque
1068 3921 1281 4004 torqueamur
1306 3912 1340 3981 in
1365 3908 1495 3982 inferno
1522 3932 1596 3983 cum
1622 3911 1662 3980 iis
1689 3912 1744 4004 qui
1770 3930 1841 3981 non
1870 3905 2068 3988 crediderunt
2184 3949 2186 4010 q

719 4027 780 4103 sed
806 4030 1018 4100 irritaverunt
1053 4030 1194 4119 gratiam
1226 4036 1324 4099 tuam.
1382 4025 1508 4132 Verum
1541 4023 1736 4098 recordams
1768 4022 2069 4097 misericordiaeet
2185 4037 2186 4048 ¹

717 4145 931 4238 benignitatis
965 4154 1063 4231 tuae,
1094 4152 1233 4240 propter
1269 4164 1352 4240 quas
1383 4153 1417 4214 te
1442 4143 1548 4238 ipsrmr
1575 4145 1672 4213 etiam
1698 4139 1866 4214 uadidisti
1892 4163 1956 4238 pro
1980 4136 2069 4221 nobis

716 4262 844 4334 redime
876 4282 940 4334 nos
975 4260 1166 4334 ollomine
1199 4282 1218 4336 a
1254 4258 1464 4332 damnatione
1498 4257 1551 4331 illa
1588 4277 1804 4331 aerumnosa:
1842 4255 1954 4332 libera
1978 4271 2069 4326 nasa

719 4378 891 4452 tormentis
916 4374 981 4448 illis
1007 4374 1226 4448 terribilibus:
1254 4397 1371 4448 assere
1396 4395 1461 4446 nos
1488 4398 1508 4447 a
1531 4369 1648 4447 vermo
1665 4371 1721 4444 illo
1742 4373 1881 4468 putrido
1903 4384 1939 4445 et
1958 4389 2070 4443 anuo:
2184 4365 2186 4372 ⁴

720 4496 831 4565 exime
858 4515 920 4567 nos
947 4516 968 4564 a
994 4489 1126 4564 flumine
1152 4490 1209 4563 illo
1234 4495 1321 4586 ignis
1347 4490 1524 4563 horrendo.
1573 4491 1640 4562 Per
1664 4487 1729 4561 boo
1755 4492 1848 4561 enim
1877 4489 2071 4583 cognoscitu
2184 4497 2186 4530 ³

720 4606 1034 4704 impervestigabilis
1061 4604 1234 4680 tbesaurus
1259 4605 1491 4703 placabilitatis
1517 4615 1613 4696 tuae,
1646 4602 1732 4700 quod
1759 4610 1873 4679 nostri
1899 4609 2071 4686 adserere
2184 4589 2186 4632 ³

722 4727 777 4821 qui
803 4722 966 4797 bonorum
993 4746 1169 4797 servorum
1195 4745 1263 4796 non
1289 4723 1476 4797 obtinemus
1509 4725 1694 4796 stationem.
1752 4721 1909 4818 Populus
1942 4721 2071 4793 mmet

721 4839 907 4915 baereditas
934 4851 988 4913 tua
1015 4839 1159 4938 supplex
1184 4838 1241 4912 tibi
1268 4848 1331 4933 est,
1358 4862 1399 4912 ac
1418 4861 1485 4935 per
1511 4850 1545 4912 te
1571 4848 1605 4912 et
1629 4861 1695 4912 una
1719 4846 1848 4928 tecum,
1876 4840 1978 4911 edam
2000 4831 2073 4907 Pati
2184 4899 2186 4942 ἔ

720 4968 778 5030 tuo
805 4957 930 5030 dicens.
2185 4953 2186 4978 ³

824 5071 985 5168 Popatac.
1037 5071 1202 5146 Miserere
1227 5073 1333 5145 nostri
1357 5069 1502 5144 Domine
1526 5068 1620 5144 Deus
1644 5068 1746 5143 Pater
1772 5072 2000 5168 omnipotens
