4525 6034
668 572 729 647 nn
1055 694 1061 701 ¹
1180 578 1510 675 nrssnnmrro

669 764 883 860 disciplinam.
921 763 1039 861 Neque
1065 763 1177 839 obstat
1203 765 1291 871 quod
1316 769 1494 842 nonnullae
1520 766 1771 844 benedictiones
1798 792 1881 867 quos
1907 770 2034 845 Pater-

667 878 808 952 lomilios
839 883 958 953 recitat
990 904 1092 977 super
1124 904 1246 976 panem
1278 893 1312 955 et
1341 888 1476 975 vinum,
1509 884 1676 959 Hebraico
1709 886 1871 960 dicantur:
1907 886 2034 965 breves

668 1000 756 1069 enim
782 1007 858 1069 sunt
882 995 1065 1087 formulae,
1097 1002 1214 1093 paucis
1247 1000 1362 1073 verbis
1396 1009 1608 1088 constantes,
1639 1025 1722 1098 quas
1755 1025 1801 1074 ex
1826 1026 1889 1076 usu
1916 1006 2034 1098 quoti-

668 1113 766 1186 diano
795 1117 933 1208 quisque
959 1113 1119 1206 intelligit.
1159 1114 1274 1210 ltaque
1299 1138 1364 1190 nec
1390 1140 1435 1189 ex
1461 1115 1663 1190 Judaeomm
1690 1122 1823 1214 antiquo
1851 1118 2033 1215 disciplina,

666 1252 731 1303 nec
756 1253 803 1303 ax
829 1229 1027 1318 Christiana,
1054 1240 1110 1302 aut
1137 1233 1209 1323 ejus
1236 1235 1335 1305 certis
1361 1235 1579 1311 monumentis
1607 1234 1754 1326 efficitur,
1782 1257 1879 1308 sacro
1896 1244 2032 1331 mysta-

666 1349 716 1418 rio
753 1345 920 1420 Hebraico
953 1347 1066 1439 lingua
1106 1350 1243 1443 proprie
1278 1349 1364 1422 dicta
1403 1348 1572 1422 celebrato
1604 1371 1747 1446 onqrmm
1779 1350 1901 1425 luisse:
1942 1353 2034 1450 quod

666 1472 777 1536 tamen
802 1486 870 1535 non
895 1467 993 1560 pauci
1019 1467 1212 1560 scriptores,
1240 1465 1299 1537 scd
1324 1466 1423 1539 infimi
1444 1464 1604 1555 subsellii,
1622 1488 1745 1559 magno
1768 1474 1905 1542 mercati
1922 1469 2030 1544 fuisse

666 1580 873 1670 viderentm3
890 1582 983 1676 quasi
1001 1579 1077 1651 inde
1091 1602 1214 1672 magno
1229 1578 1409 1654 hodiernae
1425 1582 1652 1661 consuetudini
1668 1588 1825 1659 autoritas
1840 1586 2030 1677 accederet,
2049 1622 2053 1635 ·

666 1720 740 1770 cnm
765 1695 965 1770 Hebraicam
990 1695 1137 1789 linguam
1163 1698 1268 1790 vulgo
1295 1701 1444 1791 ignotam
1469 1697 1574 1771 luisse
1595 1697 1716 1772 Christi
1742 1710 1903 1797 tempore,
1929 1713 2029 1776 extra

665 1812 797 1886 dnbinm
823 1818 874 1889 sit.
928 1813 988 1884 His
1015 1824 1049 1885 et
1075 1796 1235 1885 similibus
1261 1817 1465 1907 argumentis
1494 1814 1643 1910 proditur
1668 1813 1844 1888 Ecclesiae
1871 1817 2029 1891 Catholi-

665 1952 726 2001 cae
747 1953 861 2020 cousa,
877 1952 943 2004 non
962 1928 1161 2001 defenditur:
1189 1934 1311 2028 quippe
1331 1934 1359 2003 si
1377 1929 1557 2020 Hebraico,
1581 1954 1678 2026 quiam
1697 1933 1889 2025 intelligunt,
1913 1935 2030 2027 lingua

662 2045 969 2142 Hierosolymitana
995 2044 1069 2135 luit,
1093 2045 1245 2140 vulgaris
1272 2048 1327 2119 illa
1356 2058 1432 2121 tunc
1458 2058 1547 2137 erot3
1574 2058 1608 2118 et
1626 2045 1747 2121 frustra
1768 2061 1884 2122 conta
1898 2051 2031 2123 Reior-

662 2172 809 2235 matorcs
836 2162 1030 2258 disputatur,
1057 2167 1086 2236 si
1104 2163 1217 2256 lingua
1240 2164 1372 2257 vulgari
1390 2186 1489 2237 sacra
1510 2162 1677 2236 celebrata
1698 2161 1804 2237 fuisso
1824 2166 2030 2257 conceditur,

664 2280 752 2374 quod
777 2290 951 2376 tantopere
977 2278 1074 2353 lateri
1099 2279 1269 2372 refugiunt
1295 2281 1341 2352 illi
1368 2280 1544 2373 Theologi.
1634 2368 1641 2382 .

375 2437 505 2509 qumi„
536 2436 650 2494 docos
767 2395 836 2468 Sed
862 2400 952 2469 circo
979 2395 1128 2468 Graecos
1155 2396 1323 2490 Liturgias
1350 2397 1499 2470 eamdem
1527 2395 1744 2469 difficultatem
1779 2400 1925 2493 experiri
1957 2419 2027 2469 ne-

338 2523 427 2594 noguo
451 2524 552 2596 rugan
578 2527 651 2580 cote·
663 2535 763 2588 cesso
790 2521 856 2586 est:
882 2535 956 2586 nam
984 2534 1044 2584 cas
1071 2511 1258 2586 celebratas
1284 2513 1388 2587 luisse
1414 2512 1526 2605 lingua
1552 2512 1696 2604 vulgari,
1723 2525 1789 2586 tom
1815 2524 1941 2586 certum
1961 2523 2046 2604 est„

339 2608 484 2664 ΝΜ·
664 2653 760 2726 quam
796 2637 920 2702 certum
954 2626 1105 2702 Graecos
1142 2638 1213 2702 toto
1247 2633 1372 2727 passim
1408 2630 1543 2703 Oriente
1579 2629 1711 2702 Graece
1743 2630 1875 2703 locutos
1909 2629 2026 2719 luisse,

662 2768 729 2819 uon
754 2744 923 2819 Hebrotcc
948 2746 1005 2818 vel
1031 2745 1161 2820 Latine.
1212 2743 1418 2841 Ubicumque
1446 2750 1546 2838 igitur
1572 2768 1614 2818 ea
1640 2745 1753 2839 lingua
1779 2746 1928 2839 vulgaris
1954 2746 2026 2834 brit,

661 2862 707 2935 ibi
733 2861 775 2935 ab
802 2866 894 2936 initio
920 2885 1031 2936 rerum
1047 2862 1303 2937 Christianarum
1323 2885 1420 2935 sacra
1436 2862 1567 2935 Graece
1593 2860 1762 2935 celebrato
1789 2872 1878 2936 sunt:
1906 2886 2026 2959 nempe

660 3000 722 3076 per
747 2989 850 3051 totam
880 2979 1017 3067 Asiam,
1051 2977 1247 3071 Graeciam,
1278 2980 1490 3076 Aegyptum,
1520 2990 1555 3051 et
1587 2999 1703 3052 omnes
1734 2979 1867 3052 oudam
1892 2980 2026 3078 Imperii

661 3094 870 3168 Macedonici
897 3097 1097 3190 provincias.
1925 3190 1929 3191 f

338 3224 415 3296 apuu
432 3226 513 3293 sprot
536 3225 648 3294 Syriaco.
763 3213 800 3286 In
828 3213 948 3309 Syria,
981 3212 1037 3286 ubi
1071 3212 1184 3310 populi
1219 3213 1412 3310 plerumque
1443 3211 1607 3305 bilingues
1642 3223 1756 3304 oront,
1790 3235 1857 3287 non
1894 3210 2025 3285 Gracco

661 3330 778 3418 modo,
812 3328 872 3401 sed
899 3330 1042 3425 Syriaco
1078 3329 1229 3422 Litrugio
1262 3328 1513 3421 celebrabatur,
1544 3333 1740 3425 praesertIm
1773 3341 1870 3403 extro
1902 3329 2023 3403 urbes:

339 3431 738 3539 c„0.r.i.,.2rr.rao.noo
764 3449 932 3518 rusticano
958 3445 1055 3542 plebs
1083 3446 1214 3519 Graece
1240 3467 1343 3543 saepe
1368 3444 1550 3532 nesciebat,
1577 3455 1611 3518 et
1636 3450 1669 3518 in
1695 3449 1838 3542 antiquis
1865 3444 2022 3519 Conciliis

338 3554 400 3608 ⁶⁴⁰·
417 3554 480 3608 ⁶⁶⁸·
497 3554 560 3609 ⁶⁶9·
663 3560 930 3635 animadvertere
963 3562 1042 3635 licat
1076 3562 1265 3660 Episcopos
1307 3564 1361 3656 qui
1395 3562 1538 3659 Syriaca
1572 3562 1820 3636 subscriberent
1853 3573 1886 3633 et
1917 3559 2024 3632 verbo

661 3677 822 3770 fecerant,
849 3682 925 3773 quia
951 3678 1105 3751 Graecae
1130 3679 1265 3771 linguae
1290 3682 1430 3774 imperiti
1456 3689 1561 3751 crant.
1596 3678 1682 3751 Hinc
1705 3681 1869 3771 originem
1889 3677 2023 3750 habue-

660 3805 736 3867 runt
761 3795 931 3887 Liturgiae
957 3794 1134 3892 Syriacae,
1161 3818 1298 3891 quorum
1323 3798 1502 3891 praecipua
1528 3807 1581 3870 est
1607 3779 1794 3890 obliquitas,
1821 3818 1896 3867 cum
1919 3794 2022 3867 Schi-

660 3922 800 3986 smotum
826 3914 915 3983 initio
942 3912 1148 4001 antecedant,
1175 3917 1305 4008 sintque
1323 3910 1540 4002 Ortbodoxis,
1567 3912 1795 4008 Jacobitisque
1813 3931 2021 3985 communes:

660 4039 695 4101 et
721 4027 870 4101 eamdem
897 4031 930 4100 in
957 4033 1063 4102 sacris
1089 4029 1235 4122 linguam
1261 4028 1453 4103 Nestoriani
1478 4031 1681 4133 retinuerint.

370 4163 400 4219 1n
417 4163 536 4235 ngypn
555 4162 648 4234 Aegy·
761 4142 888 4217 Eadem
913 4148 1042 4218 ratione
1067 4149 1100 4218 in
1126 4147 1289 4242 Aegypto
1315 4156 1453 4239 utroquo
1479 4144 1591 4238 bnguo
1624 4145 1730 4219 officia
1757 4141 2022 4232 celebrabantur,

337 4253 429 4321 ΡΜ·
661 4261 792 4336 Graeca
827 4284 912 4357 quoe
944 4260 1174 4336 Alexandriae
1199 4273 1248 4335 ‘et
1280 4265 1313 4335 in
1346 4259 1495 4334 inferiori
1525 4262 1699 4357 provincio
1729 4263 1909 4331 communis
1940 4281 2020 4333 usus

659 4390 749 4470 erat,
775 4390 810 4451 et
833 4379 1065 4476 Aegyptiaco,
1093 4401 1180 4475 quae
1205 4376 1284 4451 alibi
1309 4381 1435 4475 passim
1468 4375 1625 4471 vigebat,
1659 4376 1747 4472 qnod
1780 4374 1854 4450 solo
1885 4377 2023 4449 Anmnii

659 4495 816 4590 exemplo
843 4495 1096 4567 demonstratur.
1133 4494 1255 4568 Gracci
1281 4499 1444 4569 sermonis
1471 4505 1544 4567 erat
1569 4496 1725 4586 ignarus,
1752 4495 1903 4588 quamvis
1929 4490 2021 4564 libe-

659 4612 772 4685 roliter
798 4611 972 4685 educatus:
1005 4622 1039 4683 ct
1064 4613 1097 4682 in
1122 4610 1277 4685 Ecclesia
1303 4634 1377 4684 cum
1410 4609 1583 4685 audiisset:
1625 4608 1736 4695 Vade,
1769 4609 1878 4679 oendc
1908 4612 2022 4679 omnio

660 4751 748 4822 quoe
772 4727 895 4820 bobes,
922 4730 1017 4823 quasi
1042 4726 1106 4801 sibi
1134 4726 1198 4801 soli
1225 4726 1324 4817 dicto,
1351 4730 1458 4801 statim
1484 4736 1662 4801 exsecutus
1689 4732 1751 4797 est
1802 4722 1896 4796 Haec
1920 4726 2021 4815 igitur

659 4843 765 4917 verba
791 4847 1004 4941 Aegyptiace
1029 4842 1245 4937 legebantur:
1280 4854 1379 4940 atquo
1406 4842 1521 4915 eodem
1547 4843 1659 4935 lingua
1685 4840 1834 4932 liturgia
1862 4838 2019 4912 celebro-

658 4962 763 5065 bator.
818 4961 916 5048 Quod
942 4963 1027 5034 enim
1054 4970 1132 5058 post
1164 4960 1306 5034 scbismo
1332 4959 1641 5058 Honopbpsitarum
1673 4966 1840 5033 servatum
1854 4990 1857 4995 ·
1873 4966 1925 5030 est
1958 4980 2020 5053 per

657 5088 760 5151 totam
784 5078 999 5174 Aegyptum,
1032 5088 1068 5151 ut
1099 5100 1197 5151 sacro
1231 5078 1338 5151 officio
1371 5080 1482 5152 omnio
1514 5078 1727 5175 AegyptIace
1758 5073 2017 5167 celebrarentur,
