4525 6034
364 573 415 652 ΒΕ
439 572 610 652 structe
632 572 905 654 nmcfflulttttt
924 574 974 649 ΕΤ
998 572 1267 651 JAOOBl'lARUld
1286 573 1482 654 LllllllOllS.
1577 571 1612 644 V

226 757 354 833 Jacobi
387 757 568 834 Edesseni:
599 759 794 834 Philoxeni:
833 757 990 832 llleauari
1031 761 1183 855 episcopi
1220 759 1426 856 Babylonis:
1458 758 1611 833 'l'homae

226 873 493 948 Giarmacbitae:
525 874 645 950 Narsis
670 876 833 967 Diodori,
857 875 1053 948 Barsornae.
1078 873 1182 950 Addit
1206 882 1327 947 extare
1357 875 1446 970 apud
1477 874 1610 948 Nesto-

225 994 347 1063 rianos
372 990 521 1062 Nestorii
547 1001 581 1062 et
606 989 810 1065 'theodoreti
835 990 1018 1083 Liturgias,
1051 989 1113 1062 sed
1146 1010 1229 1083 quas
1255 1012 1324 1062 non
1357 989 1488 1062 viderit.
1540 992 1610 1063 Di-

226 1117 320 1178 ctum
347 1115 400 1179 est
425 1104 515 1196 alibi,
540 1104 769 1181 Abrahamum
794 1105 1040 1195 Echellensem,
1067 1115 1101 1176 et
1126 1105 1312 1179 Maronitas
1337 1103 1507 1199 reliquos,
1546 1109 1611 1179 etsi

226 1220 272 1292 da
297 1220 456 1293 Ecclesia
483 1220 586 1293 etde
611 1220 729 1294 litteris
756 1222 845 1294 bene
870 1223 1021 1310 meritos,
1048 1240 1153 1315 saepe
1179 1229 1292 1292 tamen
1323 1230 1360 1291 ut
1393 1219 1609 1293 Orientalium

226 1336 440 1409 consuetudo
467 1334 544 1424 tert,
571 1335 755 1411 affirmasse
780 1335 895 1425 multa,
922 1357 1009 1430 quae
1036 1338 1066 1407 si
1092 1323 1368 1407 alia'testimonia
1395 1333 1516 1424 desint,
1542 1358 1611 1408 non

225 1449 330 1524 facile
356 1451 449 1523 credi
475 1450 629 1524 debeant
656 1451 738 1523 Tria
763 1473 850 1524 vero
876 1453 1084 1545 potissimum
1110 1451 1145 1520 in
1172 1447 1237 1520 bac
1263 1452 1512 1522 enumeratione
1539 1451 1610 1524 ob-

230 1566 405 1667 servanda
432 1574 517 1638 sunt
544 1566 692 1638 Ρτίωιιιιι
718 1574 772 1639 est
796 1568 941 1638 reticere
966 1563 1220 1655 Ecbellensem,
1248 1564 1336 1658 quod
1361 1568 1495 1659 priores
1520 1566 1610 1656 illae,

227 1703 316 1775 quas
364 1690 482 1753 extare
517 1680 595 1752 dicit
628 1680 821 1774 Liturgiae,
868 1701 1021 1775 quaeque
1056 1701 1153 1752 suum
1191 1681 1225 1750 in
1262 1677 1394 1752 blissali
1429 1677 1611 1753 Chaldatco

224 1794 342 1867 locum
369 1806 555 1893 occupant,
589 1794 685 1868 aliter
719 1799 854 1869 omnino
888 1816 927 1867 se
952 1793 1075 1867 habeut
1109 1797 1143 1865 in
1178 1792 1350 1866 codicibus
1376 1792 1477 1867 MSS.
1513 1818 1611 1891 quam

227 1912 264 1983 in
301 1911 408 1985 editis.
461 1910 664 1999 Secundum,
691 1911 781 2006 quod
807 1915 837 1984 si
871 1913 1004 1982 unicam
1040 1911 1247 2005 excipimus,
1288 1932 1375 2005 quae
1411 1921 1463 1983 est
1488 1909 1609 1983 Jacobi

226 2025 345 2098 tranis
370 2026 516 2116 Domini,
541 2024 691 2121 reliquae
718 2048 835 2100 omues
861 2023 1088 2097 Jacobitarnm
1103 2029 1263 2121 propriae
1280 2034 1367 2113 suut,
1393 2047 1462 2097 uon
1481 2024 1612 2098 Ortho-

228 2140 411 2213 doxorum.
465 2141 614 2214 Tertium
642 2141 731 2237 quod
765 2139 885 2213 multas
922 2142 1032 2214 omisit
1057 2160 1144 2234 quae
1169 2143 1379 2236 reperiuntur
1405 2143 1439 2210 in
1467 2143 1613 2236 optimae

229 2267 335 2329 notae
361 2256 546 2346 codicibus,
572 2267 606 2329 et
639 2256 722 2330 alias
748 2260 937 2346 recensuit,
973 2276 1059 2351 quae
1096 2253 1320 2327 Orientalibus
1354 2258 1492 2347 ignotae
1527 2266 1612 2328 sunt

228 2371 316 2444 lllud
343 2394 446 2468 porro
473 2371 679 2446 enucleatius
706 2373 833 2469 patebit
858 2373 1060 2444 enumeratis
1086 2369 1152 2445 illis
1177 2369 1356 2463 Liturgiis,
1384 2391 1470 2465 quae
1496 2369 1554 2442 vel
1579 2374 1614 2440 in

229 2489 388 2560 Romana
415 2488 562 2560 editiorm
588 2498 675 2578 sunt,
702 2487 761 2561 vel
785 2491 820 2559 in
846 2484 1018 2560 codicibus
1045 2484 1144 2558 MSS.

338 2603 411 2677 Vll.
445 2601 596 2694 Litrugia
632 2602 752 2681 Jacobi
786 2602 899 2675 fratris
930 2603 1066 2675 Domini
1104 2622 1192 2695 quae
1227 2601 1428 2695 reliquarum
1468 2605 1612 2676 omnium
1699 2651 1755 2689 raa
1770 2651 1803 2690 cn
1847 2648 1928 2688 eno

231 2717 356 2791 Canon
382 2727 446 2807 est,
473 2740 516 2790 ea
541 2719 671 2790 ratione
698 2741 797 2814 mam
824 2715 902 2790 alibi
929 2716 1186 2813 explicavimus:
1213 2716 1342 2789 scilicet
1355 2726 1391 2788 ut
1416 2719 1522 2812 prima
1539 2721 1613 2810 eJus

229 2854 327 2929 pars,
356 2855 443 2928 quae
467 2853 575 2927 usque
611 2832 655 2904 ad
682 2833 839 2906 Osculmn
875 2836 969 2929 pacis
1002 2830 1212 2928 perducitur,
1250 2831 1403 2904 omnibus
1437 2835 1613 2924 inserviat,

230 2948 331 3039 cujus
362 2946 440 3019 loeo
466 2948 568 3043 Xysti
599 2947 745 3020 Romani
778 2947 962 3040 liturgiam
995 2945 1140 3019 Romani
1172 2945 1318 3020 editores
1354 2945 1613 3038 substinuemnt,

227 3066 329 3155 jtuxta
356 3061 596 3158 exemplarium
622 3066 846 3136 recentiorum
871 3063 982 3136 iidem.

338 3176 501 3269 Ejusdem
527 3177 649 3250 Jacobi
674 3177 826 3270 liturgia
860 3176 1018 3265 brevior,
1053 3180 1088 3249 iu
1114 3180 1282 3272 epitomen
1309 3175 1446 3249 redacta
1474 3199 1495 3248 a
1522 3173 1615 3247 Gre-

232 3293 336 3384 gorio
363 3289 518 3364 Jacobita
546 3291 722 3365 Catholico
751 3293 913 3366 Orientis:
941 3302 1018 3364 aute
1046 3314 1153 3364 anuos
1179 3313 1247 3363 non
1272 3291 1404 3364 multos.

339 3407 431 3479 Petri
456 3406 620 3503 Principis
646 3407 900 3504 Apostolorum,
928 3407 1015 3479 edita
1044 3418 1078 3479 et
1103 3409 1137 3477 in
1164 3405 1262 3479 MSS.
1290 3406 1472 3479 codicibus.

341 3523 432 3594 Petri
457 3521 572 3617 Papae
598 3522 759 3596 Romani:
786 3526 820 3595 in
847 3523 993 3595 editione
1019 3521 1185 3611 Romana,
1213 3521 1274 3594 sed
1299 3543 1368 3593 non
1388 3522 1555 3593 iuvenituu
1580 3523 1615 3592 in

234 3635 338 3710 MSS.
366 3634 564 3708 Codicibus:
592 3636 770 3732 titulusque
797 3639 1066 3732 suspectissimus
1093 3648 1155 3712 est

339 3749 455 3821 'l'ertia
480 3752 572 3823 Petri
597 3751 759 3847 Principis
787 3751 1029 3847 Apostolorum
1064 3754 1198 3824 nomine
1235 3760 1330 3823 extat
1361 3753 1396 3822 in
1432 3746 1614 3837 (lodicibus

236 3865 442 3939 Colbertiois
469 3875 503 3936 et
529 3863 749 3957 Seguieriano
775 3887 854 3938 uno.

342 3978 524 4051 Clementis
550 3978 695 4052 Romani
721 3983 756 4052 in
781 3979 880 4054 MSS.

340 4096 499 4191 Dionysii
524 4093 742 4169 Atheniensis
768 4099 903 4167 nomine
928 4115 995 4166 una
1022 4104 1117 4166 extat
1142 4098 1177 4165 in
1191 4092 1304 4185 MSS,
1331 4094 1393 4166 sed
1418 4094 1460 4166 ab
1488 4115 1530 4165 ea
1558 4094 1615 4165 di-

236 4232 341 4282 versa
369 4217 422 4281 est
449 4232 548 4303 quam
574 4209 727 4283 Romana
754 4210 855 4282 editio
881 4218 1121 4304 repraesentat

341 4322 393 4395 Ea
419 4346 505 4396 vero
533 4311 632 4419 qubm
657 4324 854 4397 Atheniensi
869 4323 1025 4412 tribuunt,
1053 4324 1235 4397 secuudum
1249 4324 1385 4396 codices
1410 4322 1510 4397 MSS.
1532 4344 1617 4419 opus

235 4445 290 4509 est
315 4437 471 4532 Dionysii
496 4438 662 4512 Barsalibi
687 4438 922 4534 Metropolitae
947 4438 1091 4518 Amidae
1118 4438 1303 4512 Jacobitne.
1620 4499 1625 4529 ,

343 4552 463 4643 Ignatii
497 4552 699 4628 Antioobeni
728 4552 888 4650 Episcopi
925 4563 959 4625 et
992 4553 1154 4649 Martyris
1193 4557 1227 4626 iu
1266 4553 1412 4626 editione
1450 4552 1617 4644 Romaun,

235 4687 377 4762 prorsus
405 4666 514 4738 diliert
541 4668 583 4740 ab
612 4669 717 4741 altera
744 4669 896 4760 ejusdem
922 4668 1004 4740 tituli
1029 4668 1117 4741 llS⁸⁴

341 4781 450 4855 Marci
475 4780 719 4875 Evangelistae
744 4787 778 4856 in
813 4784 967 4857 Romana
994 4785 1155 4857 editione:
1188 4785 1222 4855 in
1247 4783 1483 4879 blanuscriptis
1518 4784 1618 4879 plane

239 4894 385 4969 diversa.
