4525 6034
594 1042 1198 1223 LlTUllGll

361 1372 753 1492 ruonuur
810 1310 1446 1496 nunnonunusru

615 1700 767 1771 Primam
794 1701 909 1770 aratia
936 1704 1018 1770 arete
1044 1698 1182 1771 Pacem.

285 1891 498 2014 Emmaus,
532 1934 687 2010 aeterne,
721 1921 934 2011 abscondite,
967 1925 1022 2017 qui
1053 1924 1088 1994 in
1119 1932 1175 1994 tua
1209 1925 1412 2018 propriaque
1438 1927 1583 1998 essentia

215 2062 410 2138 permanes:
438 2042 493 2134 qui
520 2038 561 2111 ab
590 2036 741 2110 omnibus
768 2041 929 2112 creaturis
956 2048 989 2110 et
1015 2040 1126 2112 sorvis
1146 2036 1297 2112 adoraris
1313 2048 1347 2109 et
1368 2039 1585 2132 glorificaris3

215 2160 301 2230 sicut
327 2154 418 2245 olim,
444 2159 490 2227 itu
517 2157 615 2227 etiam
643 2176 730 2227 nuno
756 2153 925 2227 sanctifica
952 2158 1089 2242 mimas,
1116 2166 1151 2227 et
1176 2159 1320 2252 corpora
1347 2159 1490 2229 omnium
1514 2179 1584 2230 no-

216 2281 330 2360 strum,
357 2281 393 2344 ut
418 2276 452 2343 in
477 2294 543 2344 una
569 2271 749 2344 concordia
777 2274 937 2361 caritatis,
962 2281 1029 2343 tam
1057 2271 1100 2344 ad
1126 2282 1177 2362 te,
1207 2294 1305 2367 quarn
1333 2272 1377 2345 ad
1401 2294 1465 2345 uos
1490 2275 1586 2345 invi-

216 2410 291 2460 cem
316 2399 466 2478 mutuae,
490 2410 686 2466 ¹mereamur
716 2387 853 2460 laudare
878 2397 912 2459 te
938 2398 977 2459 et
1005 2389 1210 2481 unigenitum
1235 2389 1354 2461 Filium
1381 2398 1490 2480 arum,
1523 2412 1587 2487 per

216 2526 314 2599 quem
342 2512 475 2576 etcum
502 2527 568 2598 quo
595 2515 629 2576 tc
655 2503 753 2577 decet
778 2503 906 2596 gloria,
940 2504 1049 2577 honor
1075 2513 1109 2576 et
1134 2507 1326 2601 imperium,
1360 2528 1436 2579 cum
1460 2504 1585 2602 Spiritu

215 2630 273 2691 tuo
300 2623 521 2694 sanctissimo.
705 2627 712 2638 ‘

322 2734 484 2829 Populus.
536 2736 656 2807 Arnen.

320 2852 507 2925 Sacerdos.
558 2854 644 2925 Pax.

322 2969 483 3063 Papulae.
534 2968 680 3041 Etcum
706 2971 822 3064 spiritu
848 2979 915 3040 tuo.

320 3084 510 3159 maana
562 3084 629 3157 Det
654 3087 878 3181 unusquisque
903 3106 1042 3179 paoem,
1068 3093 1132 3156 etc.

320 3201 481 3296 Papulae.
536 3200 669 3274 Omnes.

320 3318 508 3390 Diaconos.
560 3316 653 3390 Post

321 3433 482 3527 Papulae.
535 3429 661 3507 Coram
686 3444 730 3506 te.

322 3549 506 3622 Sacerdos.
541 3551 608 3622 Per
634 3550 869 3623 multitudinem
894 3548 1146 3624 misericordiae
1171 3547 1417 3637 tuaoDomine,
1443 3548 1585 3621 benedic

219 3688 341 3741 servos
367 3677 443 3740 tuos
470 3677 505 3739 et
535 3665 731 3741 adoratores
764 3677 839 3742 tuos
870 3669 975 3756 istos,
1008 3669 1064 3761 qui
1093 3687 1182 3738 nunc
1214 3687 1328 3737 eoram
1363 3675 1398 3762 to
1429 3664 1586 3753 inelnati.

217 3793 398 3881 expectant
424 3784 546 3856 donum
573 3794 661 3868 tuum
689 3783 853 3858 coeleste:
879 3806 941 3881 per
966 3785 1120 3876 gratiam,
1147 3781 1409 3855 misericordiam
1431 3792 1466 3853 et
1483 3805 1587 3853 amo-

216 3922 290 3972 rem
315 3921 399 3994 erga
425 3900 575 3972 homines
602 3903 761 3994 unigeniti
786 3900 859 3972 Filii
882 3902 947 3973 tui:
974 3921 1036 3995 per
1062 3922 1161 3994 quem
1189 3910 1222 3971 et
1248 3921 1322 3970 oum
1349 3921 1414 3994 quo
1438 3908 1472 3969 ts
1489 3896 1588 3971 decet

219 4016 328 4110 gloria
354 4016 532 4107 etloum,
559 4027 622 4089 etc.

323 4133 484 4227 Papulas.
536 4133 655 4206 Amen.

321 4249 507 4321 Sacerdos.
559 4248 715 4322 Perfecto
741 4251 872 4347 applica
898 4259 1042 4322 mentem
1067 4259 1215 4321 nostram
1248 4247 1291 4319 ad
1321 4248 1431 4320 lumen
1463 4245 1585 4344 perfe-

220 4369 400 4441 ctissimum
416 4363 635 4459 Theobulae,
661 4389 748 4462 quae
774 4368 1015 4463 contemplatur
1040 4385 1185 4439 summas
1211 4362 1327 4438 laudes
1352 4372 1427 4438 tuas
1453 4363 1585 4452 beatas,

219 4461 381 4572 Domine3
409 4481 737 4577 repararemus,
763 4493 798 4556 ut
823 4504 906 4580 puro
932 4490 1032 4577 atqrro
1058 4489 1173 4555 sancto
1190 4479 1358 4576 perficiam
1372 4479 1586 4553 ministerium

218 4597 285 4672 hoo
310 4622 429 4697 purum
455 4606 554 4694 atque
579 4602 773 4694 mysticum
800 4622 862 4696 per
887 4602 1029 4693 gratiam
1055 4608 1089 4670 ot
1114 4596 1393 4685 misericordiam,
1425 4604 1460 4667 et
1486 4617 1587 4667 amo-

218 4736 294 4786 rem
319 4737 403 4807 erga
429 4713 580 4787 homines
606 4716 766 4808 unigeniti
791 4714 865 4788 Filii
891 4719 948 4805 tui,
974 4737 1035 4812 per
1062 4737 1161 4810 quom
1186 4724 1221 4786 ct
1247 4734 1321 4786 oum
1348 4733 1413 4808 quo
1439 4708 1589 4785 tederet
1640 4811 1643 4818 ,

220 4829 350 4922 gloria,
378 4840 440 4903 eto.

325 4945 487 5039 Papulae.
539 4947 659 5021 Amen.

326 5062 514 5136 Diaaauua.
566 5063 699 5139 Stemus
725 5063 892 5137 decenter.
