4525 6034
1139 553 1563 632 PRAEFATIO.

673 746 773 821 ritate
807 757 844 823 et
874 747 1075 823 sinceritate
1103 745 1198 824 nuda
1232 747 1345 847 possit
1376 769 1460 823 esse
1491 750 1660 849 suspicio.
1718 745 1936 851 Praecipuus
1966 749 2026 826 ha-

671 876 813 957 buimus
852 904 897 956 ex
933 877 1153 957 Bibliotheca
1190 877 1413 979 Colbertina,
1463 881 1552 959 alios
1585 907 1631 959 ex
1666 880 1900 986 Seguieriana
1933 908 2028 987 quam

672 1012 932 1091 Illustrissimus
970 1014 1150 1091 literarum
1190 1015 1480 1117 literatorumque
1516 1016 1632 1094 cultor
1667 1014 1797 1094 Petrus
1829 1015 2029 1120 Seguierius

671 1147 702 1225 F
704 1152 844 1226 ranciae
884 1145 1124 1227 Cancellarius
1162 1173 1294 1252 magno
1332 1146 1449 1225 studio
1488 1149 1695 1255 collegerat.
1757 1150 1901 1228 Illorum
1934 1177 2029 1229 usum

672 1281 929 1386 benignissime
967 1284 1054 1369 ¹mihi
1097 1286 1277 1362 concessit
1323 1280 1583 1363 lllustrissimus
1617 1284 1789 1363 llletensis
1823 1283 2030 1388 Episcopus,

672 1415 850 1495 Henricus
877 1416 1027 1496 Carolus
1050 1418 1134 1495 Dux
1165 1415 1368 1518 Coislinius‚
1397 1421 1454 1495 cui
1484 1417 1555 1497 hoc
1584 1423 1728 1497 nomine
1753 1444 1893 1497 mecum
1925 1419 2031 1522 pluri·
2119 1431 2123 1438 ’

673 1575 770 1629 mum
797 1552 929 1633 debent
956 1552 1183 1656 Antiquitatis
1206 1550 1481 1631 Ecclesiasticae
1511 1552 1671 1632 studiosi.
1732 1553 1865 1657 Magna
1895 1577 2031 1658 quoque

672 1686 750 1764 laus
785 1686 936 1765 debetur
972 1690 1166 1765 memoriae
1207 1690 1274 1764 viri
1308 1689 1435 1765 summi
1476 1685 1623 1775 loannis
1659 1688 1836 1791 Baptistae
1867 1686 2031 1787 Colberti

673 1824 733 1924 qui
765 1826 914 1899 maxima
944 1821 1173 1899 Orientalium
1205 1821 1375 1899 librorum
1405 1820 1450 1898 ad
1488 1846 1563 1899 rem
1601 1819 1832 1902 Christianam
1870 1833 2032 1925 spectan-

673 1957 758 2032 tium
787 1960 909 2059 copia‚
941 1959 1118 2060 insignem
1150 1954 1404 2034 Bibliothecam
1437 1980 1537 2033 suam
1568 1962 1726 2061 omani,
1755 1982 1860 2063 quarn
1895 1956 2031 2035 abavo

672 2089 868 2193 fundatam,
898 2118 918 2168 a
945 2103 1043 2195 patre
1072 2103 1107 2169 et
1139 2102 1265 2194 patruo
1281 2101 1552 2193 conservatam,
1580 2116 1712 2196 magno
1740 2092 1921 2170 literarum
1943 2088 2032 2167 bono

672 2235 810 2327 tuetur,
847 2238 882 2303 et
916 2225 1062 2309 eruditis
1104 2228 1191 2303 viris
1227 2226 1463 2303 communicat
1495 2223 1540 2302 V.
1574 2222 1615 2302 C.
1652 2225 1802 2305 Carolus
1840 2202 2041 2304 Leouorius

672 2356 863 2438 Colbertus
888 2358 1021 2438 Comes
1052 2359 1099 2437 de
1139 2359 1343 2463 Seignelay.
1480 2381 1489 2395 “

786 2492 844 2573 Ex
871 2494 1006 2572 illarum
1028 2480 1267 2598 Liturgiard'rn
1301 2518 1481 2571 consensu
1513 2518 1585 2571 non
1612 2493 1721 2574 modo
1748 2520 1840 2598 quae
1870 2496 1918 2573 ad
1948 2520 2034 2573 con-

671 2627 879 2705 firmandam
900 2626 1058 2706 Graecae
1086 2628 1303 2733 Latinaeque
1328 2626 1516 2706 Ecclesiae
1536 2628 1764 2707 concordiam
1793 2629 1840 2708 de
1859 2629 2034 2709 Euchari-

672 2766 761 2842 stiae
792 2762 863 2840 Ode
894 2766 1091 2867 pertinent,
1135 2773 1423 2867 cognoscentur,
1458 2774 1623 2866 tanquam
1648 2789 1693 2842 ex
1717 2764 1868 2867 publicis
1892 2764 2034 2843 Jacobi-

670 2909 784 2975 tanrm
813 2897 960 3000 tabulis,
988 2897 1055 2977 sed
1093 2901 1197 2975 etiam
1228 2898 1336 2975 multa
1372 2901 1465 2974 circa
1500 2902 1660 3000 proprias
1684 2898 1825 2978 illorum
1852 2904 2033 3003 opiniones

673 3025 709 3109 e't
740 3031 977 3135 disciplinam,
1005 3057 1097 3136 quae
1124 3056 1249 3135 parurn
1285 3030 1437 3110 fideliter
1462 3057 1482 3108 a
1517 3031 1775 3111 recentioribus
1803 3046 1839 3112 et
1873 3033 1920 3112 ab
1947 3034 2034 3110 anti·

673 3170 752 3269 quis
795 3166 1026 3269 scriptoribus
1071 3166 1243 3270 explicata
1291 3177 1393 3266 sunt,
1438 3166 1504 3244 illis
1557 3170 1663 3244 etiarn
1713 3193 1866 3272 quorum
1911 3190 2032 3271 magna

670 3304 838 3380 autoritas
868 3300 940 3378 huc
973 3325 1089 3404 usque
1117 3300 1192 3379 luit
1253 3300 1304 3379 lta
1333 3303 1392 3404 qui
1423 3300 1513 3378 hae'c
1543 3300 1660 3379 ollicia
1691 3302 1832 3406 legerit,
1863 3311 2034 3406 agnoscet

671 3446 859 3514 accusatos
901 3439 1075 3513 immerito
1118 3432 1298 3513 Jacobitas
1337 3432 1382 3512 ab
1424 3434 1613 3514 Anastasio
1649 3435 1876 3515 Antiocheno
1911 3436 2032 3533 luisse,

671 3569 767 3674 quod
800 3594 927 3673 aquam
966 3574 1050 3648 vino
1079 3594 1151 3648 non
1180 3568 1433 3669 admiscerent3
1463 3594 1546 3648 oum
1581 3568 1616 3646 id
1645 3569 1691 3648 ad
1716 3570 1900 3651 Armenos
1941 3568 2031 3648 solos

670 3708 852 3807 pertineat.
895 3703 1004 3782 Multa
1031 3704 1190 3783 similiter
1215 3729 1402 3807 perperam
1428 3703 1664 3783 Orientalibus
1691 3707 1853 3808 impacta
1889 3730 1937 3783 ex
1963 3701 2031 3781 sola

670 3841 817 3917 istarum
845 3838 1084 3942 Liturgiarum
1111 3842 1332 3943 inspectione
1365 3838 1557 3941 diluuntur,
1588 3864 1738 3949 quarum
1775 3842 1975 3918 testimonia
2005 3838 2031 3912 si

670 3976 750 4077 quis
791 3974 946 4077 rejiciet7
993 3977 1092 4077 prius
1137 3973 1357 4053 demonstret
1394 3999 1547 4053 necesse
1582 3986 1653 4077 est„
1687 3974 1763 4053 dlas
1799 3972 2030 4053 Orientalibus

669 4111 811 4212 ignotas
850 4107 985 4210 baisse,
1026 4120 1086 4186 aut
1128 4133 1149 4185 a
1191 4107 1322 4186 Latinis
1352 4108 1552 4188 hominibus
1588 4109 1738 4187 lonnam
1767 4134 1873 4213 quarn
1910 4106 2032 4187 habent

668 4245 876 4345 accepisse,
917 4241 1014 4346 quod
1051 4267 1159 4320 nemo
1196 4268 1353 4359 unquam
1395 4247 1626 4348 praestiturus
1661 4256 1728 4346 est
1769 4268 1890 4347 neque
1925 4265 2030 4320 accu-

669 4380 842 4456 sationem
869 4376 960 4454 hanc
988 4389 1222 4480 suscepturus
1248 4376 1384 4482 absque
1422 4402 1555 4481 magno
1591 4379 1706 4456 lamae
1736 4403 1837 4481 suae,
1871 4382 1901 4457 si
1932 4397 2028 4480 quaro

669 4514 705 4589 in
734 4511 843 4590 literis
877 4510 994 4614 habet,
1022 4513 1193 4615 periculo.

1106 4815 1603 4862 ψ
