4525 6034
562 567 618 643 tlt
644 564 942 642 ttTttttotts
977 560 1264 640 stultate.
1547 557 1593 633 at

622 839 728 913 Adite
753 839 930 910 auditores
954 840 991 908 in
1013 860 1114 932 pace,
1142 843 1205 908 etc.
1644 828 1675 882 P·
1695 830 1737 883 ¹0·
1754 831 1772 883 t
1791 829 1816 884 ¹.

327 1052 477 1131 Ferrum
499 1062 575 1126 haec
597 1062 718 1140 untiqua
739 1067 860 1123 serrata
883 1067 930 1123 est
951 1077 991 1123 ex
1011 1059 1110 1123 veteri
1131 1057 1289 1138 disciplina
1310 1075 1388 1139 quae
1411 1057 1520 1120 dudcun
1538 1076 1598 1139 pe·
1632 1055 1798 1123 Exputrtonis
1812 1054 1923 1107 audien·

225 1170 306 1231 nitus
329 1167 408 1250 apud
432 1168 525 1249 Syros
549 1165 717 1242 obsolevit,
744 1181 805 1226 non
833 1164 930 1225 minus
957 1181 1046 1245 quam
1068 1165 1149 1225 inter
1171 1162 1322 1242 Graecos,
1357 1163 1407 1243 qui
1438 1170 1538 1225 tamen
1566 1163 1596 1225 in
1610 1142 1922 1254 ‘i¹¹¹¹¹3‘¹}⁸⁰¹l'¹⁵¹¹⁰i¹¹ffi‘

224 1267 447 1332 recentioribus
470 1267 532 1329 suis
555 1264 709 1329 codicibus
733 1263 813 1325 illam
836 1263 875 1325 ita
898 1264 1079 1345 exprimunt.
1101 1251 1194 1326 Ὅσοι
1205 1251 1441 1346 κατηχούμενοι
1458 1256 1598 1346 προςὲλ-
1609 1238 1701 1299 ⁸⁰¹⁸¹¹⁸
1718 1237 1875 1283 mmm·

222 1369 322 1431 aava·
343 1356 441 1451 μήτις
454 1361 520 1428 τῶν
540 1356 794 1447 κατηχουμένων.
828 1362 978 1443 (ierom
995 1360 1208 1425 Octecltumeni
1225 1362 1400 1441 procedite:
1422 1362 1519 1423 nebu
1534 1361 1598 1423 Co-

224 1469 477 1531 teclemnenorum.
522 1465 555 1527 ln
589 1463 697 1528 iacobi
727 1462 843 1525 Graeca
874 1462 1018 1544 Liturgia.
1062 1449 1177 1545 Μῆτις
1206 1453 1467 1544 κατηχουμένων·
1501 1448 1598 1544 μὴιις
1610 1453 1714 1507 Μθῑ
1734 1454 1810 1507 θθΜ·
1821 1472 1849 1523 t>-
1860 1452 1921 1504 129.

225 1552 395 1649 ἀμυήτων·
426 1552 525 1649 μήτις
546 1559 604 1626 καὶ
626 1552 672 1646 μὴ
694 1554 878 1640 δυναμένων
900 1549 976 1645 ἡμῖν
997 1556 1234 1645 συνδεηθῆναι·
1258 1546 1421 1644 duritem
1434 1553 1597 1643 ἐπέγνωτε·

225 1655 329 1751 ὀρθοὶ
350 1650 479 1736 πάντες.
501 1664 607 1727 Nullan
629 1661 933 1725 Gotecliumenorum:
955 1661 1053 1723 undar
1073 1680 1135 1722 non
1156 1662 1361 1722 initiatorum:
1382 1660 1600 1723 solimorum

223 1769 280 1847 qni
300 1784 394 1827 orare
414 1764 569 1826 nobiseum
590 1770 756 1843 aeqaaeant:
777 1762 933 1841 cqnoscite
953 1778 1010 1821 aaa
1031 1762 1179 1822 maioma:
1201 1760 1295 1822 Fores
1316 1758 1484 1844 adamante.
1512 1758 1601 1821 diecti

223 1884 331 1926 armies
357 1872 561 1944 pantaucum,
627 1862 709 1923 llaec
736 1880 777 1924 ex
804 1860 934 1939 antiquis
957 1859 1114 1921 Ecclesiae
1141 1858 1275 1921 moribus
1305 1858 1355 1937 qui
1379 1858 1471 1920 variis
1494 1855 1599 1921 Cano-
1668 1924 1674 1940 ,

224 1964 319 2027 nibus
342 1965 545 2040 continentur,
568 1962 722 2024 notissima
744 1968 828 2023 sunt:
852 1977 920 2021 eum
942 1977 1003 2022 non
1026 1959 1122 2021 minus
1146 1959 1328 2038 moriente,
1351 1976 1439 2039 quam
1461 1959 1491 2019 in
1505 1957 1598 2020 Occi-

222 2063 319 2126 dente
343 2063 423 2124 circa
447 2060 526 2123 illam
549 2060 644 2123 Olllcii
666 2061 746 2123 sacri
768 2066 902 2141 partem,
932 2076 1010 2138 quae
1038 2057 1152 2120 Latinis
1181 2057 1295 2120 idcirco
1331 2057 1428 2119 llisra
1453 2057 1599 2119 Fideliam

222 2163 307 2225 dicta
341 2170 402 2241 est,
433 2159 670 2224 excluderentur
696 2158 851 2238 infideles,
884 2155 1106 2235 catechumeni,
1137 2159 1346 2238 poenitentes,
1381 2156 1596 2239 energumeni:

223 2280 333 2327 omnes
355 2260 477 2324 tandem
499 2261 549 2342 qui
568 2261 619 2343 jus
643 2259 802 2322 oblationis
825 2266 857 2322 et
877 2258 1092 2320 communionis
1114 2274 1176 2319 non
1206 2256 1372 2337 habebant,
1401 2276 1468 2320 curn
1496 2256 1599 2337 bapti-

223 2363 287 2425 sati
309 2379 369 2424 non
399 2368 520 2425 essent:
543 2368 596 2422 aut
623 2357 697 2421 illud
726 2377 782 2439 per
810 2363 966 2439 peccatum
1000 2355 1122 2438 aliquod
1150 2357 1330 2420 amisissent.
1374 2358 1507 2421 Perstitit
1533 2373 1598 2418 mos

226 2463 370 2543 antiquos
392 2461 424 2522 in
445 2459 584 2522 Ecclesia
607 2458 743 2537 Graeca,
766 2476 863 2538 usque
887 2455 925 2519 ad
947 2457 1068 2537 imperii
1091 2457 1414 2538 constantinopolitani
1436 2456 1598 2533 excidium,

224 2562 311 2624 circa
336 2558 590 2623 Catechumenos:
620 2575 680 2619 non
711 2575 786 2641 erga
815 2557 1024 2639 poenitentes,
1054 2576 1094 2618 ex
1116 2574 1177 2637 quo
1199 2560 1402 2637 poenitentiae
1424 2558 1601 2634 canonicae,

225 2661 412 2742 praesertim
434 2657 590 2740 publicae,
614 2656 711 2723 fornae
740 2663 851 2719 mutata
879 2663 942 2719 est:
972 2655 1064 2719 multo
1094 2656 1192 2718 minus
1223 2675 1297 2739 erga
1325 2656 1476 2735 infideles,
1500 2675 1602 2719 rerum

227 2761 380 2823 dominos.
426 2759 459 2820 ln
483 2755 688 2820 Orientalibus
710 2755 858 2818 Ecclesiis
889 2773 949 2817 non
971 2755 1061 2818 modo
1083 2755 1135 2817 illa
1157 2755 1323 2836 disciplina,
1346 2755 1401 2819 sed
1424 2758 1513 2820 etium
1535 2758 1602 2838 ipsa

227 2859 360 2922 formula
382 2857 498 2921 sublata
520 2865 571 2919 est
591 2875 630 2918 ex
661 2855 798 2918 omnibus
821 2854 983 2938 Liturgicis
1012 2854 1185 2934 codicibus,
1213 2863 1336 2936 praeter
1360 2872 1448 2935 quam
1477 2863 1517 2917 ex
1541 2856 1603 2937 Sy-

227 2960 335 3037 riacis,
359 2959 389 3020 in
411 2957 520 3038 quibus
542 2962 665 3019 servata
688 2963 749 3027 est,
778 2962 810 3016 ut
833 2955 903 3016 olim
932 2954 964 3015 in
989 2953 1095 3016 iacobi
1125 2954 1257 3032 Graeca,
1284 2973 1362 3036 quae
1392 2954 1508 3018 illarum
1535 2955 1604 3036 pri-

228 3078 370 3122 maevum
393 3056 549 3137 exemplar
572 3062 628 3117 est.
673 3055 748 3117 Nam
771 3054 957 3129 Audientes,
981 3054 1046 3116 sivo
1070 3053 1226 3131 lntideles,
1257 3056 1308 3134 qui
1331 3055 1494 3118 adsueras
1517 3054 1603 3119 Scri-

228 3168 349 3241 pturas,
372 3164 402 3219 et
425 3174 581 3219 sermones
604 3154 642 3216 ad
664 3153 810 3236 populum
833 3153 1075 3231 admittebantur,
1098 3152 1209 3215 dudum
1231 3153 1305 3216 nulli
1327 3161 1412 3216 sunt:
1444 3172 1511 3216 cum
1533 3154 1605 3216 blu-

228 3256 400 3335 hamedani,
424 3272 528 3330 caeco,
551 3263 582 3320 et
604 3253 773 3336 profundae
795 3253 983 3333 ignorantiae
1007 3252 1140 3315 tenebris
1163 3252 1344 3316 circumfuso
1367 3252 1482 3329 lurore,
1505 3272 1603 3337 nugas

229 3356 389 3434 Alcorani,
420 3363 453 3417 et
474 3354 604 3417 infinitas
634 3354 707 3416 alias
738 3351 945 3414 traditionibus
968 3351 1031 3414 suis
1059 3352 1224 3415 cumulatas
1255 3354 1332 3417 adeo
1361 3353 1469 3415 infixas
1499 3353 1604 3416 animis

232 3456 376 3531 habeant,
398 3461 431 3516 ut
453 3454 534 3516 aliud
557 3453 708 3536 quidpiam
730 3471 769 3514 ne
792 3450 896 3513 audire
920 3450 1040 3530 quidem
1061 3452 1164 3517 velint.
1210 3452 1298 3527 Quod
1325 3454 1351 3515 si
1373 3452 1525 3517 Ecclesias
1553 3454 1604 3515 in-

229 3556 423 3640 grediuntur,
444 3561 478 3616 ut
501 3571 594 3635 saepe
617 3552 785 3629 lenissimi,
808 3552 987 3632 praesertim
1011 3569 1080 3613 cum
1093 3552 1164 3614 vino
1180 3552 1344 3631 incaluere,
1366 3553 1512 3632 iactitant,
1535 3561 1605 3616 tur·

228 3654 304 3717 bant
326 3655 441 3717 omnia:
463 3659 578 3715 tautum
600 3653 688 3715 abest
710 3659 743 3714 ut
764 3650 904 3714 audiendi
926 3650 1012 3713 verbi
1024 3650 1082 3713 Dei
1104 3669 1206 3713 curam
1228 3651 1317 3714 ullam
1330 3652 1468 3716 habeant.
1492 3654 1604 3716 Verum

230 3756 390 3816 maximam
411 3755 555 3835 pietatem
583 3738 755 3815 existimant
777 3751 952 3816 Christianis
975 3759 1007 3813 et
1036 3751 1157 3813 illorum
1186 3750 1386 3817 Sacramentis
1413 3753 1540 3816 illudere
1574 3763 1606 3817 et

230 3853 379 3917 insultare
402 3860 543 3935 quantum
566 3860 708 3933 pessunt:
731 3851 811 3913 unde
834 3849 953 3929 iactum,
982 3853 1160 3931 praesertim
1183 3852 1233 3914 ubi
1257 3852 1375 3916 'l'urcae
1404 3853 1604 3933 dominantur,

230 3962 266 4017 ut
289 3955 366 4017 ostia
388 3952 545 4016 Ecclesiae
568 3970 629 4015 non
652 3950 827 4033 Acolythis,
857 3950 995 4013 Ostiariis
1024 3958 1074 4013 ant
1096 3950 1292 4030 lectoribus,
1320 3961 1353 4015 ut
1382 3953 1467 4030 olim,
1498 3961 1605 4017 custo-

232 4052 344 4116 dienda
368 4053 605 4128 committantur,
628 4051 682 4114 sed
706 4050 834 4114 conduci
862 4049 998 4111 infideles
1020 4049 1129 4113 milites
1152 4052 1266 4130 solent,
1296 4054 1346 4133 qui
1375 4054 1447 4117 ioris
1477 4061 1604 4132 stantes,

233 4151 454 4215 coumrilitones
475 4168 548 4214 suos
572 4152 609 4214 ab
632 4150 788 4214 inferenda
811 4148 998 4227 Christianis,
1030 4149 1168 4231 Synaxes
1195 4170 1265 4216 suas
1288 4154 1527 4232 celebrantibus,
1554 4155 1605 4215 in-

228 4252 311 4334 juria
341 4250 531 4332 prohibeant.
575 4249 748 4332 Proselytos
782 4267 856 4313 sane
892 4269 932 4312 ex
958 4248 1182 4312 llubamedauis
1214 4252 1250 4315 ad
1287 4252 1483 4317 Christianam
1517 4253 1605 4315 fidem

162 4382 168 4389 ·
232 4351 434 4434 profitendam
456 4350 648 4426 accedentes,
670 4351 723 4413 rix
743 4350 831 4427 ullos,
854 4349 1023 4413 Orientales
1046 4348 1190 4413 historiae
1205 4351 1355 4428 reserunt;
1380 4354 1452 4416 nulli
1467 4354 1505 4417 ab
1520 4352 1604 4414 annis

235 4451 339 4514 multis
362 4458 525 4514 occurrunt
547 4469 563 4512 a
585 4450 783 4514 Missionariis
806 4450 975 4513 memorati:
998 4456 1030 4510 et
1052 4467 1126 4512 sane
1141 4458 1249 4513 cavent
1271 4452 1311 4515 illl
1335 4470 1541 4535 summopere,
1565 4468 1604 4512 ne

234 4550 274 4613 de
303 4550 451 4632 religione
479 4552 605 4614 verbum
634 4550 692 4613 illis
723 4551 841 4614 iaciant.
885 4548 1077 4612 Paenitentes
1106 4550 1180 4613 nulli
1206 4552 1267 4634 jam
1297 4561 1367 4616 sunt
1402 4555 1526 4636 proprie
1553 4550 1605 4614 lo-

235 4651 368 4732 quenda,
390 4668 458 4711 eum
480 4670 498 4713 a
520 4650 618 4713 multis
642 4650 771 4714 saeculis
793 4650 978 4733 poenitentia
1001 4652 1097 4712 omnis
1126 4661 1245 4715 secreta
1276 4651 1383 4729 luerit,
1413 4663 1502 4735 atqua
1525 4650 1603 4714 adeo

235 4751 485 4812 acommonione
508 4750 627 4830 quidem
654 4749 913 4813 §aeramentorum
943 4748 1175 4830 prohibeantur,
1204 4752 1255 4833 qui
1278 4751 1320 4814 illi
1342 4754 1515 4835 subJacent,
1542 4769 1603 4813 non

234 4855 333 4911 tamen
357 4868 374 4911 a
396 4868 520 4930 precum
542 4849 698 4913 Ecclesiae
727 4852 946 4913 communione.
970 4849 1055 4912 Unde
1083 4854 1218 4931 quamvis
1246 4852 1337 4915 multa
1359 4872 1399 4916 ex
1426 4856 1524 4918 veteri
1553 4853 1603 4916 di-

236 4948 363 5029 sciplina
386 4966 462 5030 ergo
485 4948 552 5012 illos
575 4948 791 5029 observentur,
821 4951 1045 5032 suscipiantque
1072 4952 1290 5031 impositionem
1312 4970 1451 5017 manuum
1475 4962 1506 5018 et
1528 4972 1603 5018 ora-

235 5049 334 5112 tiones
358 5048 529 5113 Sacerdotis
552 5056 603 5111 eut
624 5049 783 5132 Episcopi,
806 5051 944 5131 privatim
966 5049 1041 5114 haee
1064 5049 1151 5116 liunt:
1174 5052 1205 5114 in
1226 5051 1365 5116 Ecclesia
1387 5055 1524 5136 quidem,
1547 5056 1602 5119 sod
