4525 6034
665 576 1205 658 inexinanita.
1537 576 1613 652 377

237 783 385 846 autnon
411 772 582 842 coronatis
608 766 845 858 nascebantur,
872 765 960 862 quod
987 765 1215 840 diversitatem
1240 764 1398 839 natalium
1423 786 1491 838 non
1516 766 1614 839 unius

236 891 373 982 generis
408 885 606 964 includebat.
660 884 747 957 Nam
781 894 963 957 coronatae
998 894 1122 956 matres
1154 881 1347 956 dicebantur
1387 904 1473 977 quae
1506 885 1614 978 primo

236 1007 446 1076 matrimonio
474 1001 730 1096 conjungendae
756 998 1061 1072 benedicebantur:
1089 1002 1123 1071 in
1138 1006 1454 1072 noncoronatarum
1470 996 1614 1072 classem

235 1119 419 1193 veniebant
443 1129 578 1216 praeter
610 1114 828 1205 multinubae,
856 1114 1083 1206 concubinae,
1116 1118 1330 1203 meretrices3
1357 1124 1391 1187 et
1417 1117 1614 1209 quicumque

236 1259 284 1307 ex
318 1235 437 1307 talibus
464 1246 560 1307 natus
588 1243 701 1319 esset,
736 1231 778 1305 ab
817 1229 995 1304 Ordinibus
1031 1229 1291 1320 excludebatur,
1323 1230 1425 1302 multo
1457 1232 1565 1324 magis
1592 1252 1614 1301 a

235 1373 392 1446 supremo
421 1350 620 1423 sacerdotio.
671 1350 830 1421 Attamen
865 1350 999 1420 omnino
1035 1370 1081 1418 ex
1113 1345 1257 1440 bigamis
1289 1345 1482 1443 parentibus
1516 1356 1613 1418 natus

234 1491 305 1539 non
332 1466 584 1555 excludebatur,
611 1466 671 1538 sed
699 1476 835 1552 tantum,
867 1466 921 1558 qui
949 1486 995 1534 ex
1021 1473 1127 1535 matre
1154 1463 1267 1535 alteris
1299 1465 1421 1559 nuptiis
1448 1459 1614 1557 copulata.

234 1584 324 1656 Nam
350 1587 382 1654 in
408 1586 477 1655 vita
504 1583 644 1655 blacarii
669 1581 790 1654 LXDL
818 1579 1031 1652 Patriarchae
1057 1578 1180 1672 legitur
1206 1578 1306 1674 quod,
1332 1601 1407 1649 cum
1435 1599 1553 1650 omnes
1579 1580 1614 1649 in

234 1706 309 1794 ejus
337 1698 534 1771 electionem
561 1701 832 1785 consensissent,
865 1705 899 1767 et
931 1698 1024 1767 missi
1057 1694 1199 1768 luissent
1225 1699 1280 1790 qui
1307 1717 1383 1767 eum
1411 1696 1616 1768 adducerent

234 1838 284 1887 ex
310 1815 517 1888 blonasterio
545 1816 580 1887 S.
608 1813 760 1902 Macarii,
786 1816 926 1908 ipseque
961 1810 1047 1884 banc
1082 1811 1272 1903 dignitatem
1307 1810 1461 1903 lugeret,
1493 1812 1616 1885 dixerit

176 2007 183 2022 ,
233 1955 275 2004 se
302 1931 381 2024 eligi
408 1930 589 2002 secundnm
617 1929 775 2002 Canones
801 1951 868 2001 non
894 1950 1011 2025 posse,
1038 1927 1305 2023 quandoquidem
1339 1936 1436 2001 natus
1469 1939 1543 2000 erat
1568 1950 1615 2000 ex
1702 1979 1709 1990 .

233 2047 385 2120 secundo
413 2050 584 2139 conjugio,
611 2049 706 2138 cujus
732 2056 842 2117 tamen
871 2044 1020 2116 deiectus
1046 2042 1136 2115 nulla
1162 2047 1247 2116 ratio
1273 2041 1386 2116 babitu
1412 2053 1474 2116 cst

341 2162 427 2234 LIV.
456 2163 569 2233 Tertia
596 2173 792 2235 recensetur
817 2163 942 2234 sanitas
963 2164 1126 2256 corporis,
1153 2160 1442 2255 membrorumque
1469 2162 1634 2264 omnium·
1662 2165 1762 2264 Seite
1780 2167 1896 2235 corpore
1914 2174 1941 2221 οι

233 2281 425 2370 integritas,
452 2277 538 2350 adeo
565 2289 600 2350 ut
625 2299 734 2373 neque
761 2274 886 2348 morbis
913 2280 1101 2372 perpetuis,
1128 2280 1213 2349 sicut
1230 2275 1346 2373 lepra,
1374 2286 1408 2347 ct
1434 2275 1488 2348 alii
1515 2259 1768 2368 ejus-¹⁰²⁰ff'm·

225 2393 347 2483 „modi,
381 2391 549 2465 obnoxius
581 2391 679 2479 ieret,
708 2414 818 2488 neque
844 2391 969 2464 mbrma
998 2390 1083 2464 adeo
1103 2391 1304 2481 valetudine,
1332 2403 1367 2465 ut
1381 2396 1491 2464 omnia
1507 2392 1614 2467 officia

234 2533 298 2583 sua
325 2531 493 2605 peragere
518 2531 586 2581 non
612 2519 738 2604 posset
792 2508 863 2580 lmo
891 2512 919 2580 si
946 2512 980 2580 in
1006 2505 1158 2581 morbum
1192 2507 1344 2600 ioedum,
1371 2510 1613 2598 contagiosum,

235 2638 294 2698 aut
320 2623 537 2697 incurabilem
564 2624 745 2714 decideret,
773 2625 893 2720 deponi
921 2646 997 2696 eam
1023 2646 1127 2721 posse
1154 2623 1268 2697 scribit
1293 2622 1510 2698 Ebnassalus.

342 2741 413 2812 LV.
442 2741 579 2828 Quarta,
607 2752 701 2813 aetas
729 2763 890 2813 annorum
916 2751 952 2811 ut
972 2743 1139 2812 minimum
1156 2743 1403 2835 quinquaginta,
1426 2739 1614 2833 Junioribus
1660 2751 1748 2808 Aeto.

235 2858 396 2945 exclusis,
425 2868 491 2930 tum
519 2857 607 2952 quod
630 2862 789 2950 juventus
816 2856 858 2928 ad
884 2859 966 2928 uitia
993 2860 1131 2950 pronior
1158 2860 1211 2945 sit,
1238 2868 1305 2929 tum
1333 2856 1377 2929 ob
1399 2860 1615 2930 necessariae

235 2975 467 3069 experientiae
494 2972 669 3045 deiectum.
699 2974 783 3046 Cum
810 2973 852 3045 de
880 2971 1035 3064 eligendo
1062 2971 1232 3061 Macaria,
1265 2972 1306 3044 de
1341 2997 1407 3068 quo
1443 2997 1525 3047 mox
1558 2972 1614 3044 di-

234 3093 359 3178 ximus,
387 3090 558 3162 consilium
585 3088 775 3178 baberetur,
803 3088 896 3160 mutui
921 3089 1084 3161 loannem
1110 3087 1310 3161 Monachum
1333 3093 1456 3161 virtute
1483 3088 1614 3162 doctri-

234 3209 348 3298 naque
375 3206 638 3279 commendatum
664 3203 913 3304 proponebant,
942 3216 975 3276 at
1002 3207 1079 3298 quia
1091 3207 1205 3297 junior
1233 3207 1517 3300 quinquagenario
1533 3215 1614 3292 erat,

235 3320 405 3414 repulsam
432 3322 514 3410 tulit,
541 3321 776 3418 praelatusque
803 3332 856 3393 est
882 3319 1059 3392 blacarius.
1090 3318 1227 3392 Electus
1253 3331 1363 3394 tamen
1389 3320 1450 3393 luit
1477 3318 1614 3392 Gabriel
1740 3371 1745 3380 ,

235 3434 275 3506 F.
310 3436 431 3508 Taricb
468 3460 555 3511 anno
592 3441 712 3511 aetatis
747 3439 807 3511 117.
845 3435 983 3532 Repulsi
1024 3458 1157 3531 quoquc
1194 3436 1348 3529 leguntur
1384 3437 1529 3511 nonnulli
1570 3434 1613 3509 ob

235 3564 380 3624 aetatem
407 3553 619 3650 decrepitam.

342 3668 427 3740 Lll.
456 3670 577 3756 Quinta
604 3670 762 3759 conditio,
789 3679 825 3742 ut
850 3673 949 3762 virgo
965 3669 1029 3756 sit,
1056 3661 1124 3742 non
1151 3669 1251 3743 modo
1278 3670 1367 3742 nullo
1395 3670 1504 3742 carnis
1523 3691 1612 3764 pec-

236 3795 328 3872 cato,
356 3797 411 3857 aut
443 3785 616 3878 illegitimo
652 3808 839 3879 congressu
872 3784 1068 3874 maculatas,
1104 3786 1165 3858 sed
1200 3789 1334 3858 omnino
1367 3789 1515 3877 conjugii
1542 3807 1612 3857 ex-

235 3922 333 3995 pers:
361 3923 424 3995 qna
452 3905 581 3973 ratione
607 3901 730 3974 lactum
756 3911 819 3990 est,
846 3913 881 3974 ut
908 3903 1039 3974 tandem
1053 3901 1395 3988 omncsPatriarchae
1423 3924 1470 3972 ex
1497 3900 1614 3973 ordine

236 4015 426 4089 blonastico
455 4029 712 4106 assumerentur,
740 4016 828 4111 quod
855 4022 924 4110 jam
950 4016 1072 4112 ubique
1098 4016 1206 4088 lerme
1233 4017 1375 4106 obtinet,
1402 4040 1488 4111 quae
1514 4020 1615 4090 etiam

237 4129 386 4205 conditio
412 4133 622 4228 postmodum
650 4134 784 4228 reliquis
813 4135 967 4222 accessit,
995 4144 1029 4204 et
1056 4132 1098 4204 de
1125 4155 1168 4205 ea
1195 4132 1323 4205 dicetur
1349 4131 1495 4204 inferius.
1527 4132 1613 4204 Nam

238 4257 407 4319 uxoratos
434 4271 550 4321 omnes
578 4248 773 4322 sacerdotes
801 4259 857 4320 aut
882 4247 1140 4321 Ecclesiasticos
1165 4248 1352 4321 excludunt.
1379 4247 1615 4319 Vetustissima

240 4385 327 4436 sane
353 4363 441 4460 apud
469 4363 619 4462 Coptitas
654 4364 784 4438 traditio
817 4375 889 4454 est,
925 4387 1023 4459 qnam
1057 4363 1205 4437 referunt
1240 4366 1391 4437 Sevems
1425 4364 1614 4460 Episcopus

239 4478 449 4552 Ascbmonin
476 4490 510 4552 et
536 4480 603 4570 alii,
630 4481 672 4552 de
698 4482 869 4553 Demetrio
899 4480 1094 4568 scribentes,
1127 4485 1183 4576 qui
1210 4481 1327 4554 ordine
1362 4491 1414 4553 est
1439 4482 1512 4553 ΧΠ.
1540 4503 1615 4553 cum

241 4594 422 4668 aduliano
451 4595 633 4668 decessore
661 4620 723 4670 suo
752 4596 945 4690 designatus
964 4608 1067 4686 esset,
1094 4596 1452 4692 tanquampontilicatu
1479 4596 1614 4689 dignis-

241 4713 364 4797 simus,
402 4720 501 4806 atque
536 4715 681 4784 maxima
714 4736 793 4808 pars
821 4717 855 4784 in
883 4715 955 4804 ejus
987 4712 1185 4784 electionem
1213 4716 1459 4803 consensisset,
1492 4711 1614 4784 multos

241 4824 462 4915 reclamasse,
490 4827 578 4922 quod
605 4850 746 4899 uxorem
772 4826 930 4900 baberet:
958 4832 1187 4924 neminemque
1215 4852 1235 4900 a
1262 4826 1303 4898 D.
1331 4827 1437 4900 blanci
1465 4837 1614 4924 tempore

241 4941 470 5013 Patriarcbam
496 4941 613 5034 inisse,
641 4947 696 5038 qui
721 4965 788 5016 non
814 4946 1038 5035 virginitatem
1066 4953 1256 5033 servasset,
1293 4965 1391 5038 mam
1425 4946 1615 5017 Demetrius

243 5056 405 5130 miraculo
433 5055 675 5154 comprobavit.
707 5059 756 5131 lta
783 5058 905 5131 iactum
926 5071 1101 5156 postquam
1121 5058 1230 5131 Minas
1264 5082 1326 5132 seu
1358 5060 1500 5134 biennes
1526 5060 1614 5133 LXI.
