<?xml version="1.0" encoding="UTF-8"?>
<!DOCTYPE html PUBLIC "-//W3C//DTD XHTML 1.0 Transitional//EN"
    "http://www.w3.org/TR/xhtml1/DTD/xhtml1-transitional.dtd">
<html xmlns="http://www.w3.org/1999/xhtml" xml:lang="en" lang="en">
 <head>
  <title>
</title>
<meta http-equiv="Content-Type" content="text/html;charset=utf-8" />
  <meta name='ocr-system' content='tesseract 3.04.00' />
  <meta name='ocr-capabilities' content='ocr_page ocr_carea ocr_par ocr_line ocrx_word'/>
</head>
<body>
  <div class='ocr_page' id='page_1' title='image "./liturgiarumorie00unkngoog/liturgiarumorie00unkngoog_1037.png"; bbox 0 0 4525 6034; ppageno 0'>
   <div class='ocr_carea' id='block_1_1' title="bbox 628 630 1617 713">
    <p class='ocr_par' dir='ltr' id='par_1_1' title="bbox 628 630 1617 713">
     <span class='ocr_line' id='line_1_1' title="bbox 628 630 1617 713; baseline 0.005 -6"><span class='ocrx_word' id='word_1_1' title='bbox 628 652 630 656; x_wconf 88' lang='grc'><em>·</em></span> <span class='ocrx_word' id='word_1_2' title='bbox 673 631 840 708; x_wconf 82' lang='lat' dir='ltr'>SEVERI</span> <span class='ocrx_word' id='word_1_3' title='bbox 872 630 1174 713; x_wconf 75' lang='lat' dir='ltr'><strong>introdusit.</strong></span> <span class='ocrx_word' id='word_1_4' title='bbox 1539 637 1617 712; x_wconf 78' lang='lat'><strong>327</strong></span> 
     </span>
    </p>
   </div>
   <div class='ocr_carea' id='block_1_2' title="bbox 235 813 1676 1958">
    <p class='ocr_par' dir='ltr' id='par_1_2' title="bbox 238 813 1611 1006">
     <span class='ocr_line' id='line_1_2' title="bbox 238 813 1611 917; baseline 0.007 -29"><span class='ocrx_word' id='word_1_5' title='bbox 238 838 316 889; x_wconf 90' lang='lat' dir='ltr'><strong>num</strong></span> <span class='ocrx_word' id='word_1_6' title='bbox 342 820 478 910; x_wconf 91' lang='lat' dir='ltr'><strong>generis</strong></span> <span class='ocrx_word' id='word_1_7' title='bbox 506 819 561 912; x_wconf 86' lang='lat' dir='ltr'><strong>qui</strong></span> <span class='ocrx_word' id='word_1_8' title='bbox 587 818 620 888; x_wconf 94' lang='lat' dir='ltr'><strong>in</strong></span> <span class='ocrx_word' id='word_1_9' title='bbox 648 813 780 889; x_wconf 78' lang='lat' dir='ltr'><strong>elma</strong></span> <span class='ocrx_word' id='word_1_10' title='bbox 807 814 961 891; x_wconf 83' lang='lat' dir='ltr'><strong>obierunt</strong></span> <span class='ocrx_word' id='word_1_11' title='bbox 987 829 1020 891; x_wconf 89' lang='lat' dir='ltr'><strong>et</strong></span> <span class='ocrx_word' id='word_1_12' title='bbox 1044 842 1107 916; x_wconf 88' lang='lat' dir='ltr'><strong>pro</strong></span> <span class='ocrx_word' id='word_1_13' title='bbox 1136 822 1254 916; x_wconf 85' lang='lat' dir='ltr'><strong>quibus</strong></span> <span class='ocrx_word' id='word_1_14' title='bbox 1279 821 1365 894; x_wconf 90' lang='lat' dir='ltr'><strong>haec</strong></span> <span class='ocrx_word' id='word_1_15' title='bbox 1384 819 1498 896; x_wconf 86' lang='lat' dir='ltr'><strong>oblata</strong></span> <span class='ocrx_word' id='word_1_16' title='bbox 1523 836 1611 917; x_wconf 83' lang='lat' dir='ltr'><strong>sunt,</strong></span> 
     </span>
     <span class='ocr_line' id='line_1_3' title="bbox 238 942 1313 1006; baseline 0.007 -3"><span class='ocrx_word' id='word_1_17' title='bbox 238 944 415 1006; x_wconf 84' lang='lat' dir='ltr'><strong>memento.</strong></span> <span class='ocrx_word' id='word_1_18' title='bbox 1308 942 1313 959; x_wconf 85' lang='lat'>&#39;</span> 
     </span>
    </p>

    <p class='ocr_par' dir='ltr' id='par_1_3' title="bbox 235 1047 1676 1958">
     <span class='ocr_line' id='line_1_4' title="bbox 343 1047 1615 1147; baseline 0.006 -26"><span class='ocrx_word' id='word_1_19' title='bbox 343 1049 495 1122; x_wconf 80' lang='lat' dir='ltr'><strong>Eleoma</strong></span> <span class='ocrx_word' id='word_1_20' title='bbox 519 1071 647 1120; x_wconf 81' lang='lat' dir='ltr'><strong>nocem.</strong></span> <span class='ocrx_word' id='word_1_21' title='bbox 702 1047 855 1119; x_wconf 86' lang='lat' dir='ltr'><strong>Omnium</strong></span> <span class='ocrx_word' id='word_1_22' title='bbox 882 1047 1011 1120; x_wconf 90' lang='lat' dir='ltr'><strong>illomm</strong></span> <span class='ocrx_word' id='word_1_23' title='bbox 1039 1051 1094 1143; x_wconf 87' lang='lat' dir='ltr'><strong>qui</strong></span> <span class='ocrx_word' id='word_1_24' title='bbox 1121 1071 1167 1121; x_wconf 80' lang='lat' dir='ltr'><strong>ex</strong></span> <span class='ocrx_word' id='word_1_25' title='bbox 1193 1073 1296 1124; x_wconf 90' lang='lat' dir='ltr'><strong>carne</strong></span> <span class='ocrx_word' id='word_1_26' title='bbox 1322 1063 1357 1125; x_wconf 91' lang='lat' dir='ltr'><strong>et</strong></span> <span class='ocrx_word' id='word_1_27' title='bbox 1381 1059 1545 1147; x_wconf 89' lang='lat' dir='ltr'><strong>sanguine</strong></span> <span class='ocrx_word' id='word_1_28' title='bbox 1571 1056 1615 1129; x_wconf 93' lang='lat' dir='ltr'><strong>ad</strong></span> 
     </span>
     <span class='ocr_line' id='line_1_5' title="bbox 237 1162 1613 1267; baseline 0.007 -32"><span class='ocrx_word' id='word_1_29' title='bbox 237 1174 271 1235; x_wconf 87' lang='lat' dir='ltr'><strong>te</strong></span> <span class='ocrx_word' id='word_1_30' title='bbox 297 1164 441 1237; x_wconf 83' lang='lat' dir='ltr'><strong>Domine</strong></span> <span class='ocrx_word' id='word_1_31' title='bbox 461 1167 646 1237; x_wconf 91' lang='lat' dir='ltr'><strong>universae</strong></span> <span class='ocrx_word' id='word_1_32' title='bbox 673 1166 803 1251; x_wconf 85' lang='lat' dir='ltr'><strong>camis,</strong></span> <span class='ocrx_word' id='word_1_33' title='bbox 830 1162 971 1258; x_wconf 90' lang='lat' dir='ltr'><strong>proiecti</strong></span> <span class='ocrx_word' id='word_1_34' title='bbox 998 1178 1243 1258; x_wconf 76' lang='lat' dir='ltr'><strong>pervenerunt,</strong></span> <span class='ocrx_word' id='word_1_35' title='bbox 1270 1167 1455 1258; x_wconf 69' lang='lat' dir='ltr'><strong>animabus,</strong></span> <span class='ocrx_word' id='word_1_36' title='bbox 1482 1194 1613 1267; x_wconf 88' lang='lat' dir='ltr'><strong>corpo-</strong></span> 
     </span>
     <span class='ocr_line' id='line_1_6' title="bbox 238 1278 1615 1375; baseline 0.007 -26"><span class='ocrx_word' id='word_1_37' title='bbox 238 1278 330 1351; x_wconf 81' lang='lat' dir='ltr'>ribus</span> <span class='ocrx_word' id='word_1_38' title='bbox 358 1290 392 1352; x_wconf 92' lang='lat' dir='ltr'><strong>et</strong></span> <span class='ocrx_word' id='word_1_39' title='bbox 419 1278 588 1375; x_wconf 87' lang='lat' dir='ltr'><strong>spiritibus</strong></span> <span class='ocrx_word' id='word_1_40' title='bbox 615 1289 750 1374; x_wconf 89' lang='lat' dir='ltr'><strong>praesta</strong></span> <span class='ocrx_word' id='word_1_41' title='bbox 779 1282 923 1373; x_wconf 88' lang='lat' dir='ltr'><strong>quietem</strong></span> <span class='ocrx_word' id='word_1_42' title='bbox 949 1283 983 1350; x_wconf 90' lang='lat' dir='ltr'><strong>in</strong></span> <span class='ocrx_word' id='word_1_43' title='bbox 1010 1279 1278 1372; x_wconf 74' lang='lat' dir='ltr'><strong>simillimam,</strong></span> <span class='ocrx_word' id='word_1_44' title='bbox 1313 1285 1409 1356; x_wconf 83' lang='lat' dir='ltr'><strong>Isaac</strong></span> <span class='ocrx_word' id='word_1_45' title='bbox 1435 1296 1470 1357; x_wconf 92' lang='lat' dir='ltr'><strong>et</strong></span> <span class='ocrx_word' id='word_1_46' title='bbox 1494 1285 1615 1375; x_wconf 84' lang='lat' dir='ltr'><strong>Jacob,</strong></span> 
     </span>
     <span class='ocr_line' id='line_1_7' title="bbox 237 1394 1676 1491; baseline 0.008 -26"><span class='ocrx_word' id='word_1_47' title='bbox 237 1396 271 1465; x_wconf 90' lang='lat' dir='ltr'><strong>iu</strong></span> <span class='ocrx_word' id='word_1_48' title='bbox 297 1394 454 1491; x_wconf 80' lang='lat' dir='ltr'><strong>paradiso</strong></span> <span class='ocrx_word' id='word_1_49' title='bbox 489 1394 691 1489; x_wconf 85' lang='lat' dir='ltr'><strong>voluptatis,</strong></span> <span class='ocrx_word' id='word_1_50' title='bbox 725 1398 759 1465; x_wconf 91' lang='lat' dir='ltr'><strong>in</strong></span> <span class='ocrx_word' id='word_1_51' title='bbox 791 1395 868 1467; x_wconf 92' lang='lat' dir='ltr'><strong>loco</strong></span> <span class='ocrx_word' id='word_1_52' title='bbox 903 1397 1039 1489; x_wconf 76' lang='lat' dir='ltr'><strong>quietis,</strong></span> <span class='ocrx_word' id='word_1_53' title='bbox 1080 1405 1115 1466; x_wconf 90' lang='lat' dir='ltr'><strong>et</strong></span> <span class='ocrx_word' id='word_1_54' title='bbox 1149 1396 1374 1471; x_wconf 82' lang='lat' dir='ltr'><strong>telemaculis</strong></span> <span class='ocrx_word' id='word_1_55' title='bbox 1411 1410 1615 1491; x_wconf 79' lang='lat' dir='ltr'><strong>sanctorum,</strong></span> <span class='ocrx_word' id='word_1_56' title='bbox 1664 1396 1676 1415; x_wconf 67' lang='grc'><strong>“</strong></span> 
     </span>
     <span class='ocr_line' id='line_1_8' title="bbox 236 1508 1613 1612; baseline 0.005 -31"><span class='ocrx_word' id='word_1_57' title='bbox 236 1508 294 1581; x_wconf 91' lang='lat' dir='ltr'><strong>ubi</strong></span> <span class='ocrx_word' id='word_1_58' title='bbox 321 1520 372 1581; x_wconf 90' lang='lat' dir='ltr'><strong>est</strong></span> <span class='ocrx_word' id='word_1_59' title='bbox 398 1509 568 1582; x_wconf 90' lang='lat' dir='ltr'><strong>multitudo</strong></span> <span class='ocrx_word' id='word_1_60' title='bbox 595 1533 711 1582; x_wconf 91' lang='lat' dir='ltr'><strong>eorum</strong></span> <span class='ocrx_word' id='word_1_61' title='bbox 738 1512 794 1604; x_wconf 85' lang='lat' dir='ltr'><strong>qui</strong></span> <span class='ocrx_word' id='word_1_62' title='bbox 818 1509 939 1581; x_wconf 89' lang='lat' dir='ltr'><strong>festum</strong></span> <span class='ocrx_word' id='word_1_63' title='bbox 966 1521 1069 1601; x_wconf 86' lang='lat' dir='ltr'><strong>agunt</strong></span> <span class='ocrx_word' id='word_1_64' title='bbox 1084 1509 1353 1587; x_wconf 88' lang='lat' dir='ltr'><strong>celeberrimum:</strong></span> <span class='ocrx_word' id='word_1_65' title='bbox 1381 1513 1438 1587; x_wconf 85' lang='lat' dir='ltr'><strong>uti</strong></span> <span class='ocrx_word' id='word_1_66' title='bbox 1460 1526 1613 1612; x_wconf 85' lang='lat' dir='ltr'><strong>estpar-</strong></span> 
     </span>
     <span class='ocr_line' id='line_1_9' title="bbox 236 1623 1614 1722; baseline 0.007 -27"><span class='ocrx_word' id='word_1_67' title='bbox 236 1623 338 1697; x_wconf 91' lang='lat' dir='ltr'><strong>iectio</strong></span> <span class='ocrx_word' id='word_1_68' title='bbox 374 1630 465 1698; x_wconf 87' lang='lat' dir='ltr'><strong>vitas</strong></span> <span class='ocrx_word' id='word_1_69' title='bbox 507 1630 579 1699; x_wconf 89' lang='lat' dir='ltr'><strong>sine</strong></span> <span class='ocrx_word' id='word_1_70' title='bbox 606 1624 787 1715; x_wconf 76' lang='lat' dir='ltr'><strong>molestiis,</strong></span> <span class='ocrx_word' id='word_1_71' title='bbox 823 1635 857 1697; x_wconf 89' lang='lat' dir='ltr'><strong>et</strong></span> <span class='ocrx_word' id='word_1_72' title='bbox 889 1628 1054 1720; x_wconf 75' lang='lat' dir='ltr'><strong>primitiae</strong></span> <span class='ocrx_word' id='word_1_73' title='bbox 1089 1629 1348 1722; x_wconf 81' lang='lat' dir='ltr'><strong>promissionum</strong></span> <span class='ocrx_word' id='word_1_74' title='bbox 1382 1629 1614 1704; x_wconf 83' lang='lat' dir='ltr'><strong>ineffabilium:</strong></span> 
     </span>
     <span class='ocr_line' id='line_1_10' title="bbox 238 1739 1613 1839; baseline 0.006 -28"><span class='ocrx_word' id='word_1_75' title='bbox 238 1763 377 1835; x_wconf 87' lang='lat' dir='ltr'><strong>quarum</strong></span> <span class='ocrx_word' id='word_1_76' title='bbox 404 1744 691 1814; x_wconf 87' lang='lat' dir='ltr'><strong>consummatione</strong></span> <span class='ocrx_word' id='word_1_77' title='bbox 718 1740 838 1834; x_wconf 90' lang='lat' dir='ltr'><strong>dignos</strong></span> <span class='ocrx_word' id='word_1_78' title='bbox 874 1739 950 1813; x_wconf 89' lang='lat' dir='ltr'><strong>illos</strong></span> <span class='ocrx_word' id='word_1_79' title='bbox 977 1741 1088 1830; x_wconf 78' lang='lat' dir='ltr'><strong>effice,</strong></span> <span class='ocrx_word' id='word_1_80' title='bbox 1123 1764 1191 1813; x_wconf 91' lang='lat' dir='ltr'><strong>non</strong></span> <span class='ocrx_word' id='word_1_81' title='bbox 1218 1755 1377 1839; x_wconf 90' lang='lat' dir='ltr'><strong>reputans</strong></span> <span class='ocrx_word' id='word_1_82' title='bbox 1405 1746 1469 1820; x_wconf 91' lang='lat' dir='ltr'><strong>illis</strong></span> <span class='ocrx_word' id='word_1_83' title='bbox 1502 1752 1613 1819; x_wconf 90' lang='lat' dir='ltr'><strong>omnia</strong></span> 
     </span>
     <span class='ocr_line' id='line_1_11' title="bbox 235 1842 1612 1958; baseline 0.005 -29"><span class='ocrx_word' id='word_1_84' title='bbox 235 1858 355 1930; x_wconf 87' lang='lat' dir='ltr'><strong>delicta</strong></span> <span class='ocrx_word' id='word_1_85' title='bbox 383 1881 518 1946; x_wconf 71' lang='lat' dir='ltr'><strong>eorum,</strong></span> <span class='ocrx_word' id='word_1_86' title='bbox 545 1881 654 1955; x_wconf 89' lang='lat' dir='ltr'><strong>neque</strong></span> <span class='ocrx_word' id='word_1_87' title='bbox 681 1861 807 1930; x_wconf 91' lang='lat' dir='ltr'><strong>intrans</strong></span> <span class='ocrx_word' id='word_1_88' title='bbox 833 1861 867 1929; x_wconf 93' lang='lat' dir='ltr'><strong>in</strong></span> <span class='ocrx_word' id='word_1_89' title='bbox 889 1858 1047 1952; x_wconf 86' lang='lat' dir='ltr'><strong>judicium</strong></span> <span class='ocrx_word' id='word_1_90' title='bbox 1075 1881 1150 1931; x_wconf 91' lang='lat' dir='ltr'><strong>cum</strong></span> <span class='ocrx_word' id='word_1_91' title='bbox 1178 1863 1288 1932; x_wconf 88' lang='lat' dir='ltr'><strong>servis</strong></span> <span class='ocrx_word' id='word_1_92' title='bbox 1312 1842 1398 1951; x_wconf 87' lang='lat' dir='ltr'><strong>tuis,</strong></span> <span class='ocrx_word' id='word_1_93' title='bbox 1434 1867 1510 1958; x_wconf 89' lang='lat' dir='ltr'><strong>quia</strong></span> <span class='ocrx_word' id='word_1_94' title='bbox 1542 1886 1612 1936; x_wconf 88' lang='lat' dir='ltr'><strong>nou</strong></span> 
     </span>
    </p>
   </div>
   <div class='ocr_carea' id='block_1_3' title="bbox 155 1966 1742 2071">
    <p class='ocr_par' dir='ltr' id='par_1_4' title="bbox 155 1966 1742 2071">
     <span class='ocr_line' id='line_1_12' title="bbox 155 1966 1742 2071; baseline 0.004 -26"><span class='ocrx_word' id='word_1_95' title='bbox 155 2064 160 2071; x_wconf 17' lang='grc' dir='ltr'>η</span> <span class='ocrx_word' id='word_1_96' title='bbox 231 1975 429 2067; x_wconf 88' lang='lat' dir='ltr'><strong>justificatur</strong></span> <span class='ocrx_word' id='word_1_97' title='bbox 455 1998 570 2048; x_wconf 93' lang='lat' dir='ltr'><strong>coram</strong></span> <span class='ocrx_word' id='word_1_98' title='bbox 597 1985 630 2046; x_wconf 89' lang='lat' dir='ltr'><strong>te</strong></span> <span class='ocrx_word' id='word_1_99' title='bbox 657 1978 764 2048; x_wconf 90' lang='lat' dir='ltr'><strong>omnis</strong></span> <span class='ocrx_word' id='word_1_100' title='bbox 792 1996 884 2047; x_wconf 90' lang='lat' dir='ltr'><strong>caro.</strong></span> <span class='ocrx_word' id='word_1_101' title='bbox 937 1972 1030 2047; x_wconf 91' lang='lat' dir='ltr'><strong>Unus</strong></span> <span class='ocrx_word' id='word_1_102' title='bbox 1058 1977 1146 2045; x_wconf 90' lang='lat' dir='ltr'><strong>enim</strong></span> <span class='ocrx_word' id='word_1_103' title='bbox 1174 1986 1208 2046; x_wconf 91' lang='lat' dir='ltr'><strong>et</strong></span> <span class='ocrx_word' id='word_1_104' title='bbox 1233 1977 1326 2050; x_wconf 90' lang='lat' dir='ltr'><strong>solus</strong></span> <span class='ocrx_word' id='word_1_105' title='bbox 1354 1999 1455 2071; x_wconf 90' lang='lat' dir='ltr'><strong>super</strong></span> <span class='ocrx_word' id='word_1_106' title='bbox 1487 1989 1611 2051; x_wconf 89' lang='lat' dir='ltr'><strong>terram</strong></span> <span class='ocrx_word' id='word_1_107' title='bbox 1736 1966 1742 1973; x_wconf 38' lang='lat'><strong>¹</strong></span> 
     </span>
    </p>
   </div>
   <div class='ocr_carea' id='block_1_4' title="bbox 231 2089 1610 2765">
    <p class='ocr_par' dir='ltr' id='par_1_5' title="bbox 231 2089 1610 2534">
     <span class='ocr_line' id='line_1_13' title="bbox 234 2089 1610 2189; baseline 0.003 -28"><span class='ocrx_word' id='word_1_108' title='bbox 234 2090 363 2186; x_wconf 86' lang='lat' dir='ltr'><strong>absque</strong></span> <span class='ocrx_word' id='word_1_109' title='bbox 389 2102 531 2187; x_wconf 89' lang='lat' dir='ltr'><strong>peccato</strong></span> <span class='ocrx_word' id='word_1_110' title='bbox 558 2093 817 2162; x_wconf 84' lang='lat' dir='ltr'><strong>communicavit</strong></span> <span class='ocrx_word' id='word_1_111' title='bbox 842 2092 946 2178; x_wconf 73' lang='lat' dir='ltr'><strong>carni,</strong></span> <span class='ocrx_word' id='word_1_112' title='bbox 975 2099 1010 2160; x_wconf 90' lang='lat' dir='ltr'><strong>et</strong></span> <span class='ocrx_word' id='word_1_113' title='bbox 1026 2092 1184 2186; x_wconf 88' lang='lat' dir='ltr'><strong>impetum</strong></span> <span class='ocrx_word' id='word_1_114' title='bbox 1211 2089 1450 2166; x_wconf 79' lang='lat' dir='ltr'><strong>desideriorum</strong></span> <span class='ocrx_word' id='word_1_115' title='bbox 1467 2097 1610 2189; x_wconf 73' lang='lat' dir='ltr'><strong>peccati,</strong></span> 
     </span>
     <span class='ocr_line' id='line_1_14' title="bbox 233 2200 1609 2301; baseline 0.004 -26"><span class='ocrx_word' id='word_1_116' title='bbox 233 2209 289 2299; x_wconf 82' lang='lat' dir='ltr'><strong>qui</strong></span> <span class='ocrx_word' id='word_1_117' title='bbox 317 2200 362 2276; x_wconf 82' lang='lat' dir='ltr'><strong>&#39;ex</strong></span> <span class='ocrx_word' id='word_1_118' title='bbox 389 2228 491 2277; x_wconf 88' lang='lat' dir='ltr'><strong>carne</strong></span> <span class='ocrx_word' id='word_1_119' title='bbox 519 2211 633 2293; x_wconf 92' lang='lat' dir='ltr'><strong>oritur,</strong></span> <span class='ocrx_word' id='word_1_120' title='bbox 661 2205 762 2301; x_wconf 91' lang='lat' dir='ltr'><strong>plane</strong></span> <span class='ocrx_word' id='word_1_121' title='bbox 788 2204 988 2293; x_wconf 75' lang='lat' dir='ltr'><strong>eradicavit,</strong></span> <span class='ocrx_word' id='word_1_122' title='bbox 1022 2207 1066 2276; x_wconf 93' lang='lat' dir='ltr'><strong>ita</strong></span> <span class='ocrx_word' id='word_1_123' title='bbox 1093 2215 1127 2277; x_wconf 91' lang='lat' dir='ltr'><strong>ut</strong></span> <span class='ocrx_word' id='word_1_124' title='bbox 1154 2206 1261 2279; x_wconf 90' lang='lat' dir='ltr'><strong>nullus</strong></span> <span class='ocrx_word' id='word_1_125' title='bbox 1284 2210 1316 2278; x_wconf 94' lang='lat' dir='ltr'><strong>in</strong></span> <span class='ocrx_word' id='word_1_126' title='bbox 1332 2229 1375 2279; x_wconf 92' lang='lat' dir='ltr'><strong>eo</strong></span> <span class='ocrx_word' id='word_1_127' title='bbox 1394 2206 1457 2281; x_wconf 93' lang='lat' dir='ltr'><strong>illis</strong></span> <span class='ocrx_word' id='word_1_128' title='bbox 1474 2213 1609 2282; x_wconf 89' lang='lat' dir='ltr'><strong>omnino</strong></span> 
     </span>
     <span class='ocr_line' id='line_1_15' title="bbox 231 2314 1610 2416; baseline 0.005 -25"><span class='ocrx_word' id='word_1_129' title='bbox 231 2320 328 2394; x_wconf 91' lang='lat' dir='ltr'><strong>locus</strong></span> <span class='ocrx_word' id='word_1_130' title='bbox 356 2331 458 2409; x_wconf 83' lang='lat' dir='ltr'><strong>esset,</strong></span> <span class='ocrx_word' id='word_1_131' title='bbox 485 2321 648 2395; x_wconf 92' lang='lat' dir='ltr'><strong>Dominus</strong></span> <span class='ocrx_word' id='word_1_132' title='bbox 675 2345 715 2393; x_wconf 95' lang='lat' dir='ltr'><strong>ac</strong></span> <span class='ocrx_word' id='word_1_133' title='bbox 742 2321 835 2392; x_wconf 91' lang='lat' dir='ltr'><strong>Deus</strong></span> <span class='ocrx_word' id='word_1_134' title='bbox 862 2330 977 2392; x_wconf 93' lang='lat' dir='ltr'><strong>noster</strong></span> <span class='ocrx_word' id='word_1_135' title='bbox 1002 2320 1103 2392; x_wconf 87' lang='lat' dir='ltr'><strong>Jesus</strong></span> <span class='ocrx_word' id='word_1_136' title='bbox 1131 2320 1283 2395; x_wconf 84' lang='lat' dir='ltr'><strong>Christus</strong></span> <span class='ocrx_word' id='word_1_137' title='bbox 1310 2314 1499 2416; x_wconf 73' lang='lat' dir='ltr'><strong>unigenitus</strong></span> <span class='ocrx_word' id='word_1_138' title='bbox 1524 2324 1610 2398; x_wconf 88' lang='lat' dir='ltr'><strong>lilius</strong></span> 
     </span>
     <span class='ocr_line' id='line_1_16' title="bbox 231 2445 993 2534; baseline -0.001 -26"><span class='ocrx_word' id='word_1_139' title='bbox 231 2445 324 2528; x_wconf 69' lang='lat' dir='ltr'><strong>urus,</strong></span> <span class='ocrx_word' id='word_1_140' title='bbox 351 2459 413 2531; x_wconf 93' lang='lat' dir='ltr'><strong>per</strong></span> <span class='ocrx_word' id='word_1_141' title='bbox 439 2459 537 2532; x_wconf 66' lang='lat' dir='ltr'><strong>mem</strong></span> <span class='ocrx_word' id='word_1_142' title='bbox 565 2448 599 2509; x_wconf 94' lang='lat' dir='ltr'><strong>et</strong></span> <span class='ocrx_word' id='word_1_143' title='bbox 625 2460 688 2510; x_wconf 90' lang='lat' dir='ltr'><strong>nos</strong></span> <span class='ocrx_word' id='word_1_144' title='bbox 716 2457 900 2534; x_wconf 89' lang='lat' dir='ltr'><strong>speramus.</strong></span> <span class='ocrx_word' id='word_1_145' title='bbox 928 2446 993 2508; x_wconf 85' lang='lat' dir='ltr'><strong>etc.</strong></span> 
     </span>
    </p>

    <p class='ocr_par' dir='ltr' id='par_1_6' title="bbox 231 2551 1609 2765">
     <span class='ocr_line' id='line_1_17' title="bbox 335 2551 1609 2649; baseline 0.003 -27"><span class='ocrx_word' id='word_1_146' title='bbox 335 2551 511 2626; x_wconf 78' lang='lat' dir='ltr'><strong>Sacerdos</strong></span> <span class='ocrx_word' id='word_1_147' title='bbox 543 2554 735 2625; x_wconf 66' lang='lat' dir='ltr'><strong>insamae.</strong></span> <span class='ocrx_word' id='word_1_148' title='bbox 788 2551 832 2623; x_wconf 84' lang='lat' dir='ltr'><strong>Et</strong></span> <span class='ocrx_word' id='word_1_149' title='bbox 871 2553 972 2623; x_wconf 89' lang='lat' dir='ltr'><strong>vitam</strong></span> <span class='ocrx_word' id='word_1_150' title='bbox 1009 2561 1157 2625; x_wconf 89' lang='lat' dir='ltr'><strong>nostram</strong></span> <span class='ocrx_word' id='word_1_151' title='bbox 1197 2555 1413 2649; x_wconf 80' lang='lat' dir='ltr'><strong>temporalem</strong></span> <span class='ocrx_word' id='word_1_152' title='bbox 1453 2554 1609 2643; x_wconf 76' lang='lat' dir='ltr'><strong>Domine,</strong></span> 
     </span>
     <span class='ocr_line' id='line_1_18' title="bbox 231 2666 1608 2765; baseline 0.001 -26"><span class='ocrx_word' id='word_1_153' title='bbox 231 2666 383 2757; x_wconf 79' lang='lat' dir='ltr'><strong>gulrema</strong></span> <span class='ocrx_word' id='word_1_154' title='bbox 410 2680 443 2741; x_wconf 91' lang='lat' dir='ltr'><strong>et</strong></span> <span class='ocrx_word' id='word_1_155' title='bbox 467 2691 635 2764; x_wconf 89' lang='lat' dir='ltr'><strong>praepara</strong></span> <span class='ocrx_word' id='word_1_156' title='bbox 662 2672 696 2739; x_wconf 92' lang='lat' dir='ltr'><strong>in</strong></span> <span class='ocrx_word' id='word_1_157' title='bbox 723 2687 897 2740; x_wconf 88' lang='lat' dir='ltr'><strong>occursum</strong></span> <span class='ocrx_word' id='word_1_158' title='bbox 923 2668 1084 2758; x_wconf 88' lang='lat' dir='ltr'><strong>unigeniti</strong></span> <span class='ocrx_word' id='word_1_159' title='bbox 1110 2666 1186 2738; x_wconf 85' lang='lat' dir='ltr'><strong>Filii</strong></span> <span class='ocrx_word' id='word_1_160' title='bbox 1212 2671 1277 2759; x_wconf 79' lang='lat' dir='ltr'><strong>tui,</strong></span> <span class='ocrx_word' id='word_1_161' title='bbox 1310 2680 1346 2741; x_wconf 92' lang='lat' dir='ltr'><strong>ut</strong></span> <span class='ocrx_word' id='word_1_162' title='bbox 1373 2667 1504 2765; x_wconf 89' lang='lat' dir='ltr'><strong>quando</strong></span> <span class='ocrx_word' id='word_1_163' title='bbox 1537 2691 1608 2741; x_wconf 86' lang='lat' dir='ltr'><strong>ve-</strong></span> 
     </span>
    </p>
   </div>
   <div class='ocr_carea' id='block_1_5' title="bbox 229 2781 1728 2878">
    <p class='ocr_par' dir='ltr' id='par_1_7' title="bbox 229 2781 1728 2878">
     <span class='ocr_line' id='line_1_19' title="bbox 229 2781 1728 2878; baseline 0.003 -25"><span class='ocrx_word' id='word_1_164' title='bbox 229 2786 317 2855; x_wconf 88' lang='lat' dir='ltr'><strong>nerit</strong></span> <span class='ocrx_word' id='word_1_165' title='bbox 342 2808 417 2856; x_wconf 90' lang='lat' dir='ltr'><strong>cum</strong></span> <span class='ocrx_word' id='word_1_166' title='bbox 443 2783 584 2878; x_wconf 84' lang='lat' dir='ltr'><strong>Angelis</strong></span> <span class='ocrx_word' id='word_1_167' title='bbox 612 2784 743 2856; x_wconf 89' lang='lat' dir='ltr'><strong>Sanctis</strong></span> <span class='ocrx_word' id='word_1_168' title='bbox 770 2781 939 2873; x_wconf 89' lang='lat' dir='ltr'><strong>ingloria</strong></span> <span class='ocrx_word' id='word_1_169' title='bbox 966 2791 1037 2870; x_wconf 87' lang='lat' dir='ltr'><strong>tua,</strong></span> <span class='ocrx_word' id='word_1_170' title='bbox 1065 2803 1086 2854; x_wconf 95' lang='lat' dir='ltr'><strong>o</strong></span> <span class='ocrx_word' id='word_1_171' title='bbox 1114 2781 1236 2873; x_wconf 83' lang='lat' dir='ltr'><strong>Pater,</strong></span> <span class='ocrx_word' id='word_1_172' title='bbox 1271 2782 1314 2854; x_wconf 94' lang='lat' dir='ltr'><strong>ad</strong></span> <span class='ocrx_word' id='word_1_173' title='bbox 1347 2784 1608 2877; x_wconf 87' lang='lat' dir='ltr'><strong>congregandos</strong></span> <span class='ocrx_word' id='word_1_174' title='bbox 1721 2794 1728 2815; x_wconf 74' lang='lat'><em>⁶</em></span> 
     </span>
    </p>
   </div>
   <div class='ocr_carea' id='block_1_6' title="bbox 222 2896 1609 5075">
    <p class='ocr_par' dir='ltr' id='par_1_8' title="bbox 228 2896 1609 3550">
     <span class='ocr_line' id='line_1_20' title="bbox 231 2896 1608 2992; baseline 0.003 -23"><span class='ocrx_word' id='word_1_175' title='bbox 231 2910 367 2972; x_wconf 89' lang='lat' dir='ltr'><strong>sanctos</strong></span> <span class='ocrx_word' id='word_1_176' title='bbox 395 2923 495 2989; x_wconf 75' lang='lat' dir='ltr'><strong>suos,</strong></span> <span class='ocrx_word' id='word_1_177' title='bbox 522 2922 589 2973; x_wconf 91' lang='lat' dir='ltr'><strong>non</strong></span> <span class='ocrx_word' id='word_1_178' title='bbox 617 2898 809 2971; x_wconf 88' lang='lat' dir='ltr'><strong>deficiamus</strong></span> <span class='ocrx_word' id='word_1_179' title='bbox 837 2896 879 2968; x_wconf 90' lang='lat' dir='ltr'><strong>ad</strong></span> <span class='ocrx_word' id='word_1_180' title='bbox 907 2918 1082 2970; x_wconf 89' lang='lat' dir='ltr'><strong>occursum</strong></span> <span class='ocrx_word' id='word_1_181' title='bbox 1117 2899 1330 2992; x_wconf 83' lang='lat' dir='ltr'><strong>passionibus</strong></span> <span class='ocrx_word' id='word_1_182' title='bbox 1364 2900 1467 2987; x_wconf 80' lang='lat' dir='ltr'><strong>affixi,</strong></span> <span class='ocrx_word' id='word_1_183' title='bbox 1502 2922 1608 2974; x_wconf 89' lang='lat' dir='ltr'><strong>onere</strong></span> 
     </span>
     <span class='ocr_line' id='line_1_21' title="bbox 228 3014 1609 3112; baseline 0.002 -26"><span class='ocrx_word' id='word_1_184' title='bbox 228 3027 445 3109; x_wconf 88' lang='lat' dir='ltr'><strong>peccatorum</strong></span> <span class='ocrx_word' id='word_1_185' title='bbox 478 3039 564 3112; x_wconf 89' lang='lat' dir='ltr'><strong>quae</strong></span> <span class='ocrx_word' id='word_1_186' title='bbox 600 3017 823 3088; x_wconf 90' lang='lat' dir='ltr'><strong>commisimus</strong></span> <span class='ocrx_word' id='word_1_187' title='bbox 857 3014 1165 3109; x_wconf 51' lang='lat' dir='ltr'><strong>praeponderante</strong></span> <span class='ocrx_word' id='word_1_188' title='bbox 1199 3038 1274 3088; x_wconf 92' lang='lat' dir='ltr'><strong>cum</strong></span> <span class='ocrx_word' id='word_1_189' title='bbox 1308 3016 1406 3088; x_wconf 88' lang='lat' dir='ltr'><strong>electi</strong></span> <span class='ocrx_word' id='word_1_190' title='bbox 1437 3019 1609 3111; x_wconf 90' lang='lat' dir='ltr'><strong>rapientur</strong></span> 
     </span>
     <span class='ocr_line' id='line_1_22' title="bbox 229 3130 1606 3227; baseline 0.002 -25"><span class='ocrx_word' id='word_1_191' title='bbox 229 3130 366 3204; x_wconf 85' lang='lat' dir='ltr'><strong>obviam</strong></span> <span class='ocrx_word' id='word_1_192' title='bbox 394 3136 425 3204; x_wconf 88' lang='lat' dir='ltr'><strong>ei</strong></span> <span class='ocrx_word' id='word_1_193' title='bbox 453 3153 514 3227; x_wconf 92' lang='lat' dir='ltr'><strong>per</strong></span> <span class='ocrx_word' id='word_1_194' title='bbox 540 3139 631 3203; x_wconf 75' lang='lat' dir='ltr'><strong>adra.</strong></span> <span class='ocrx_word' id='word_1_195' title='bbox 685 3131 826 3202; x_wconf 89' lang='lat' dir='ltr'><strong>Praesta</strong></span> <span class='ocrx_word' id='word_1_196' title='bbox 852 3140 888 3201; x_wconf 95' lang='lat' dir='ltr'><strong>ut</strong></span> <span class='ocrx_word' id='word_1_197' title='bbox 914 3132 1014 3201; x_wconf 89' lang='lat' dir='ltr'><strong>etiam</strong></span> <span class='ocrx_word' id='word_1_198' title='bbox 1040 3152 1102 3201; x_wconf 89' lang='lat' dir='ltr'><strong>nos</strong></span> <span class='ocrx_word' id='word_1_199' title='bbox 1130 3130 1227 3203; x_wconf 88' lang='lat' dir='ltr'><strong>simul</strong></span> <span class='ocrx_word' id='word_1_200' title='bbox 1258 3153 1333 3203; x_wconf 87' lang='lat' dir='ltr'><strong>cunr</strong></span> <span class='ocrx_word' id='word_1_201' title='bbox 1366 3130 1430 3203; x_wconf 92' lang='lat' dir='ltr'><strong>illis</strong></span> <span class='ocrx_word' id='word_1_202' title='bbox 1463 3130 1606 3227; x_wconf 79' lang='lat' dir='ltr'><strong>hymnos</strong></span> 
     </span>
     <span class='ocr_line' id='line_1_23' title="bbox 230 3244 1604 3342; baseline 0.001 -25"><span class='ocrx_word' id='word_1_203' title='bbox 230 3246 444 3342; x_wconf 78' lang='lat' dir='ltr'><strong>triumphales</strong></span> <span class='ocrx_word' id='word_1_204' title='bbox 472 3268 649 3333; x_wconf 72' lang='lat' dir='ltr'><strong>canamus,</strong></span> <span class='ocrx_word' id='word_1_205' title='bbox 676 3256 710 3317; x_wconf 90' lang='lat' dir='ltr'><strong>et</strong></span> <span class='ocrx_word' id='word_1_206' title='bbox 736 3268 810 3318; x_wconf 93' lang='lat' dir='ltr'><strong>cum</strong></span> <span class='ocrx_word' id='word_1_207' title='bbox 838 3244 946 3337; x_wconf 89' lang='lat' dir='ltr'><strong>gloria</strong></span> <span class='ocrx_word' id='word_1_208' title='bbox 974 3255 1007 3316; x_wconf 92' lang='lat' dir='ltr'><strong>et</strong></span> <span class='ocrx_word' id='word_1_209' title='bbox 1023 3244 1123 3318; x_wconf 89' lang='lat' dir='ltr'><strong>laude</strong></span> <span class='ocrx_word' id='word_1_210' title='bbox 1138 3245 1297 3335; x_wconf 70' lang='lat' dir='ltr'><strong>dicamus,</strong></span> <span class='ocrx_word' id='word_1_211' title='bbox 1323 3244 1525 3319; x_wconf 82' lang='lat' dir='ltr'><strong>Benedictus</strong></span> <span class='ocrx_word' id='word_1_212' title='bbox 1549 3251 1604 3342; x_wconf 92' lang='lat' dir='ltr'><strong>qui</strong></span> 
     </span>
     <span class='ocr_line' id='line_1_24' title="bbox 230 3360 1605 3454; baseline 0.002 -23"><span class='ocrx_word' id='word_1_213' title='bbox 230 3366 380 3433; x_wconf 88' lang='lat' dir='ltr'><strong>venitin</strong></span> <span class='ocrx_word' id='word_1_214' title='bbox 408 3366 542 3434; x_wconf 88' lang='lat' dir='ltr'><strong>nomine</strong></span> <span class='ocrx_word' id='word_1_215' title='bbox 568 3363 719 3434; x_wconf 88' lang='lat' dir='ltr'><strong>Domini:</strong></span> <span class='ocrx_word' id='word_1_216' title='bbox 746 3372 782 3433; x_wconf 91' lang='lat' dir='ltr'><strong>ut</strong></span> <span class='ocrx_word' id='word_1_217' title='bbox 808 3365 840 3432; x_wconf 93' lang='lat' dir='ltr'><strong>in</strong></span> <span class='ocrx_word' id='word_1_218' title='bbox 867 3361 931 3434; x_wconf 90' lang='lat' dir='ltr'><strong>hoc</strong></span> <span class='ocrx_word' id='word_1_219' title='bbox 964 3366 1050 3434; x_wconf 90' lang='lat' dir='ltr'><strong>sicat</strong></span> <span class='ocrx_word' id='word_1_220' title='bbox 1082 3372 1117 3433; x_wconf 92' lang='lat' dir='ltr'><strong>et</strong></span> <span class='ocrx_word' id='word_1_221' title='bbox 1148 3365 1182 3434; x_wconf 94' lang='lat' dir='ltr'><strong>in</strong></span> <span class='ocrx_word' id='word_1_222' title='bbox 1213 3360 1367 3434; x_wconf 87' lang='lat' dir='ltr'><strong>amnibus</strong></span> <span class='ocrx_word' id='word_1_223' title='bbox 1399 3362 1605 3454; x_wconf 84' lang='lat' dir='ltr'><strong>glorificetur</strong></span> 
     </span>
     <span class='ocr_line' id='line_1_25' title="bbox 231 3475 806 3550; baseline 0.002 -4"><span class='ocrx_word' id='word_1_224' title='bbox 231 3488 264 3547; x_wconf 89' lang='lat' dir='ltr'><strong>et</strong></span> <span class='ocrx_word' id='word_1_225' title='bbox 290 3475 442 3550; x_wconf 91' lang='lat' dir='ltr'><strong>laudetur</strong></span> <span class='ocrx_word' id='word_1_226' title='bbox 469 3500 590 3550; x_wconf 91' lang='lat' dir='ltr'><strong>nomen</strong></span> <span class='ocrx_word' id='word_1_227' title='bbox 618 3489 716 3550; x_wconf 89' lang='lat' dir='ltr'><strong>taum.</strong></span> <span class='ocrx_word' id='word_1_228' title='bbox 743 3487 806 3549; x_wconf 86' lang='lat' dir='ltr'><strong>etc.</strong></span> 
     </span>
    </p>

    <p class='ocr_par' dir='ltr' id='par_1_9' title="bbox 333 3590 876 3687">
     <span class='ocr_line' id='line_1_26' title="bbox 333 3590 876 3687; baseline -0.004 -24"><span class='ocrx_word' id='word_1_229' title='bbox 333 3590 510 3666; x_wconf 79' lang='lat' dir='ltr'><strong>Sacerdos</strong></span> <span class='ocrx_word' id='word_1_230' title='bbox 532 3598 667 3687; x_wconf 70' lang='lat' dir='ltr'><strong>frangit</strong></span> <span class='ocrx_word' id='word_1_231' title='bbox 694 3599 728 3663; x_wconf 87' lang='lat' dir='ltr'><strong>et</strong></span> <span class='ocrx_word' id='word_1_232' title='bbox 753 3596 876 3686; x_wconf 80' lang='lat' dir='ltr'><strong>sipaat.</strong></span> 
     </span>
    </p>

    <p class='ocr_par' dir='ltr' id='par_1_10' title="bbox 332 3708 977 3802">
     <span class='ocr_line' id='line_1_27' title="bbox 332 3708 977 3802; baseline 0 -24"><span class='ocrx_word' id='word_1_233' title='bbox 332 3708 522 3780; x_wconf 80' lang='lat' dir='ltr'><strong>Diaconos.</strong></span> <span class='ocrx_word' id='word_1_234' title='bbox 575 3710 698 3781; x_wconf 91' lang='lat' dir='ltr'><strong>ltemm</strong></span> <span class='ocrx_word' id='word_1_235' title='bbox 725 3719 824 3802; x_wconf 87' lang='lat' dir='ltr'><strong>atque</strong></span> <span class='ocrx_word' id='word_1_236' title='bbox 850 3710 977 3779; x_wconf 88' lang='lat' dir='ltr'><strong>iterum.</strong></span> 
     </span>
    </p>

    <p class='ocr_par' dir='ltr' id='par_1_11' title="bbox 222 3823 1604 5075">
     <span class='ocr_line' id='line_1_28' title="bbox 331 3823 1603 3917; baseline 0.002 -23"><span class='ocrx_word' id='word_1_237' title='bbox 331 3823 516 3895; x_wconf 84' lang='lat' dir='ltr'><strong>Sacerdos.</strong></span> <span class='ocrx_word' id='word_1_238' title='bbox 569 3823 713 3896; x_wconf 92' lang='lat' dir='ltr'><strong>Domine</strong></span> <span class='ocrx_word' id='word_1_239' title='bbox 739 3825 966 3917; x_wconf 84' lang='lat' dir='ltr'><strong>omnipotens,</strong></span> <span class='ocrx_word' id='word_1_240' title='bbox 993 3825 1087 3914; x_wconf 90' lang='lat' dir='ltr'><strong>cujus</strong></span> <span class='ocrx_word' id='word_1_241' title='bbox 1115 3843 1272 3915; x_wconf 91' lang='lat' dir='ltr'><strong>magnum</strong></span> <span class='ocrx_word' id='word_1_242' title='bbox 1289 3843 1410 3893; x_wconf 92' lang='lat' dir='ltr'><strong>nomeu</strong></span> <span class='ocrx_word' id='word_1_243' title='bbox 1427 3832 1495 3895; x_wconf 90' lang='lat' dir='ltr'><strong>est:</strong></span> <span class='ocrx_word' id='word_1_244' title='bbox 1523 3824 1603 3897; x_wconf 93' lang='lat' dir='ltr'><strong>Do-</strong></span> 
     </span>
     <span class='ocr_line' id='line_1_29' title="bbox 227 3939 1604 4035; baseline 0.001 -26"><span class='ocrx_word' id='word_1_245' title='bbox 227 3942 315 4010; x_wconf 89' lang='lat' dir='ltr'><strong>mine</strong></span> <span class='ocrx_word' id='word_1_246' title='bbox 343 3944 397 4035; x_wconf 89' lang='lat' dir='ltr'><strong>qui</strong></span> <span class='ocrx_word' id='word_1_247' title='bbox 423 3940 532 4013; x_wconf 83' lang='lat' dir='ltr'><strong>iecisti</strong></span> <span class='ocrx_word' id='word_1_248' title='bbox 559 3962 656 4012; x_wconf 91' lang='lat' dir='ltr'><strong>omne</strong></span> <span class='ocrx_word' id='word_1_249' title='bbox 684 3939 772 4034; x_wconf 86' lang='lat' dir='ltr'><strong>quod</strong></span> <span class='ocrx_word' id='word_1_250' title='bbox 799 3949 868 4025; x_wconf 79' lang='lat' dir='ltr'><strong>est,</strong></span> <span class='ocrx_word' id='word_1_251' title='bbox 902 3949 936 4010; x_wconf 92' lang='lat' dir='ltr'><strong>et</strong></span> <span class='ocrx_word' id='word_1_252' title='bbox 969 3941 1219 4032; x_wconf 86' lang='lat' dir='ltr'><strong>cogitationem:</strong></span> <span class='ocrx_word' id='word_1_253' title='bbox 1255 3940 1310 4032; x_wconf 90' lang='lat' dir='ltr'><strong>qui</strong></span> <span class='ocrx_word' id='word_1_254' title='bbox 1345 3959 1418 4008; x_wconf 90' lang='lat' dir='ltr'><strong>cum</strong></span> <span class='ocrx_word' id='word_1_255' title='bbox 1450 3960 1604 4011; x_wconf 88' lang='lat' dir='ltr'><strong>essemus</strong></span> 
     </span>
     <span class='ocr_line' id='line_1_30' title="bbox 226 4051 1602 4149; baseline 0 -24"><span class='ocrx_word' id='word_1_256' title='bbox 226 4058 395 4149; x_wconf 84' lang='lat' dir='ltr'><strong>peregrini</strong></span> <span class='ocrx_word' id='word_1_257' title='bbox 423 4078 442 4126; x_wconf 97' lang='lat' dir='ltr'><strong>a</strong></span> <span class='ocrx_word' id='word_1_258' title='bbox 470 4058 675 4127; x_wconf 88' lang='lat' dir='ltr'><strong>testamentis</strong></span> <span class='ocrx_word' id='word_1_259' title='bbox 702 4057 978 4148; x_wconf 67' lang='lat' dir='ltr'><strong>promissionum,</strong></span> <span class='ocrx_word' id='word_1_260' title='bbox 1010 4065 1045 4126; x_wconf 90' lang='lat' dir='ltr'><strong>et</strong></span> <span class='ocrx_word' id='word_1_261' title='bbox 1079 4053 1178 4125; x_wconf 87' lang='lat' dir='ltr'><strong>alieni</strong></span> <span class='ocrx_word' id='word_1_262' title='bbox 1211 4076 1231 4124; x_wconf 92' lang='lat' dir='ltr'><strong>a</strong></span> <span class='ocrx_word' id='word_1_263' title='bbox 1257 4051 1427 4148; x_wconf 83' lang='lat' dir='ltr'><strong>republica</strong></span> <span class='ocrx_word' id='word_1_264' title='bbox 1454 4054 1602 4142; x_wconf 78' lang='lat' dir='ltr'><strong>Israelis,</strong></span> 
     </span>
     <span class='ocr_line' id='line_1_31' title="bbox 227 4167 1602 4264; baseline 0 -24"><span class='ocrx_word' id='word_1_265' title='bbox 227 4170 394 4243; x_wconf 83' lang='lat' dir='ltr'><strong>adduxisti</strong></span> <span class='ocrx_word' id='word_1_266' title='bbox 422 4194 484 4244; x_wconf 91' lang='lat' dir='ltr'><strong>nos</strong></span> <span class='ocrx_word' id='word_1_267' title='bbox 512 4169 553 4242; x_wconf 91' lang='lat' dir='ltr'><strong>ad</strong></span> <span class='ocrx_word' id='word_1_268' title='bbox 580 4169 665 4243; x_wconf 86' lang='lat' dir='ltr'><strong>lianc</strong></span> <span class='ocrx_word' id='word_1_269' title='bbox 700 4172 941 4263; x_wconf 87' lang='lat' dir='ltr'><strong>cognitionem:</strong></span> <span class='ocrx_word' id='word_1_270' title='bbox 975 4180 1009 4241; x_wconf 89' lang='lat' dir='ltr'><strong>et</strong></span> <span class='ocrx_word' id='word_1_271' title='bbox 1044 4170 1097 4263; x_wconf 87' lang='lat' dir='ltr'><strong>qui</strong></span> <span class='ocrx_word' id='word_1_272' title='bbox 1134 4167 1270 4264; x_wconf 90' lang='lat' dir='ltr'><strong>pulsare</strong></span> <span class='ocrx_word' id='word_1_273' title='bbox 1305 4168 1348 4240; x_wconf 93' lang='lat' dir='ltr'><strong>ad</strong></span> <span class='ocrx_word' id='word_1_274' title='bbox 1383 4171 1502 4241; x_wconf 89' lang='lat' dir='ltr'><strong>ostium</strong></span> <span class='ocrx_word' id='word_1_275' title='bbox 1534 4191 1602 4240; x_wconf 89' lang='lat' dir='ltr'><strong>non</strong></span> 
     </span>
     <span class='ocr_line' id='line_1_32' title="bbox 225 4283 1603 4382; baseline -0.001 -24"><span class='ocrx_word' id='word_1_276' title='bbox 225 4296 439 4381; x_wconf 66' lang='lat' dir='ltr'><strong>poteram,</strong></span> <span class='ocrx_word' id='word_1_277' title='bbox 464 4309 528 4359; x_wconf 91' lang='lat' dir='ltr'><strong>nos</strong></span> <span class='ocrx_word' id='word_1_278' title='bbox 556 4285 599 4358; x_wconf 94' lang='lat' dir='ltr'><strong>ad</strong></span> <span class='ocrx_word' id='word_1_279' title='bbox 625 4286 808 4382; x_wconf 88' lang='lat' dir='ltr'><strong>penetralia</strong></span> <span class='ocrx_word' id='word_1_280' title='bbox 836 4289 1015 4359; x_wconf 89' lang='lat' dir='ltr'><strong>sanctuarii</strong></span> <span class='ocrx_word' id='word_1_281' title='bbox 1042 4284 1253 4358; x_wconf 87' lang='lat' dir='ltr'><strong>introduxisti</strong></span> <span class='ocrx_word' id='word_1_282' title='bbox 1280 4288 1314 4355; x_wconf 91' lang='lat' dir='ltr'><strong>in</strong></span> <span class='ocrx_word' id='word_1_283' title='bbox 1340 4307 1381 4356; x_wconf 91' lang='lat' dir='ltr'><strong>ea</strong></span> <span class='ocrx_word' id='word_1_284' title='bbox 1417 4307 1503 4378; x_wconf 86' lang='lat' dir='ltr'><strong>quae</strong></span> <span class='ocrx_word' id='word_1_285' title='bbox 1536 4283 1603 4356; x_wconf 89' lang='lat' dir='ltr'><strong>de-</strong></span> 
     </span>
     <span class='ocr_line' id='line_1_33' title="bbox 226 4401 1603 4499; baseline -0.001 -26"><span class='ocrx_word' id='word_1_286' title='bbox 226 4401 375 4475; x_wconf 91' lang='lat' dir='ltr'><strong>siderant</strong></span> <span class='ocrx_word' id='word_1_287' title='bbox 399 4403 524 4495; x_wconf 82' lang='lat' dir='ltr'><strong>Angeli</strong></span> <span class='ocrx_word' id='word_1_288' title='bbox 550 4406 765 4498; x_wconf 83' lang='lat' dir='ltr'><strong>prospicere3</strong></span> <span class='ocrx_word' id='word_1_289' title='bbox 791 4401 947 4499; x_wconf 84' lang='lat' dir='ltr'><strong>purifica,</strong></span> <span class='ocrx_word' id='word_1_290' title='bbox 974 4411 1008 4474; x_wconf 93' lang='lat' dir='ltr'><strong>et</strong></span> <span class='ocrx_word' id='word_1_291' title='bbox 1034 4401 1205 4474; x_wconf 88' lang='lat' dir='ltr'><strong>sanctifica</strong></span> <span class='ocrx_word' id='word_1_292' title='bbox 1232 4410 1361 4472; x_wconf 89' lang='lat' dir='ltr'><strong>mentes</strong></span> <span class='ocrx_word' id='word_1_293' title='bbox 1388 4408 1540 4489; x_wconf 73' lang='lat' dir='ltr'><strong>nostras‚</strong></span> <span class='ocrx_word' id='word_1_294' title='bbox 1568 4414 1603 4473; x_wconf 89' lang='lat' dir='ltr'><strong>et</strong></span> 
     </span>
     <span class='ocr_line' id='line_1_34' title="bbox 225 4515 1601 4613; baseline 0 -26"><span class='ocrx_word' id='word_1_295' title='bbox 225 4530 361 4612; x_wconf 91' lang='lat' dir='ltr'><strong>praesta</strong></span> <span class='ocrx_word' id='word_1_296' title='bbox 396 4530 431 4591; x_wconf 91' lang='lat' dir='ltr'><strong>ut</strong></span> <span class='ocrx_word' id='word_1_297' title='bbox 469 4518 673 4613; x_wconf 85' lang='lat' dir='ltr'><strong>depellentes</strong></span> <span class='ocrx_word' id='word_1_298' title='bbox 711 4539 843 4589; x_wconf 87' lang='lat' dir='ltr'><strong>omnem</strong></span> <span class='ocrx_word' id='word_1_299' title='bbox 882 4515 1086 4590; x_wconf 89' lang='lat' dir='ltr'><strong>materialem</strong></span> <span class='ocrx_word' id='word_1_300' title='bbox 1123 4519 1384 4609; x_wconf 74' lang='lat' dir='ltr'><strong>cogitationem,</strong></span> <span class='ocrx_word' id='word_1_301' title='bbox 1421 4526 1455 4587; x_wconf 89' lang='lat' dir='ltr'><strong>et</strong></span> <span class='ocrx_word' id='word_1_302' title='bbox 1488 4539 1601 4588; x_wconf 89' lang='lat' dir='ltr'><strong>curam</strong></span> 
     </span>
     <span class='ocr_line' id='line_1_35' title="bbox 222 4629 1603 4728; baseline 0.001 -26"><span class='ocrx_word' id='word_1_303' title='bbox 222 4629 319 4724; x_wconf 77' lang='lat' dir='ltr'><strong>lraJus</strong></span> <span class='ocrx_word' id='word_1_304' title='bbox 347 4633 490 4721; x_wconf 71' lang='lat' dir='ltr'><strong>saeculi,</strong></span> <span class='ocrx_word' id='word_1_305' title='bbox 518 4654 716 4728; x_wconf 87' lang='lat' dir='ltr'><strong>quaeramus</strong></span> <span class='ocrx_word' id='word_1_306' title='bbox 744 4634 971 4707; x_wconf 91' lang='lat' dir='ltr'><strong>tantummodo</strong></span> <span class='ocrx_word' id='word_1_307' title='bbox 998 4654 1138 4724; x_wconf 88' lang='lat' dir='ltr'><strong>regnum</strong></span> <span class='ocrx_word' id='word_1_308' title='bbox 1166 4643 1255 4705; x_wconf 90' lang='lat' dir='ltr'><strong>tuum</strong></span> <span class='ocrx_word' id='word_1_309' title='bbox 1275 4642 1309 4703; x_wconf 88' lang='lat' dir='ltr'><strong>et</strong></span> <span class='ocrx_word' id='word_1_310' title='bbox 1322 4632 1482 4725; x_wconf 72' lang='lat' dir='ltr'><strong>iustitiam</strong></span> <span class='ocrx_word' id='word_1_311' title='bbox 1501 4641 1603 4720; x_wconf 76' lang='lat' dir='ltr'><strong>tuam,</strong></span> 
     </span>
     <span class='ocr_line' id='line_1_36' title="bbox 224 4746 1603 4843; baseline 0 -25"><span class='ocrx_word' id='word_1_312' title='bbox 224 4758 259 4819; x_wconf 92' lang='lat' dir='ltr'><strong>et</strong></span> <span class='ocrx_word' id='word_1_313' title='bbox 284 4751 369 4820; x_wconf 90' lang='lat' dir='ltr'><strong>sicut</strong></span> <span class='ocrx_word' id='word_1_314' title='bbox 392 4751 477 4841; x_wconf 90' lang='lat' dir='ltr'><strong>jussi</strong></span> <span class='ocrx_word' id='word_1_315' title='bbox 505 4770 636 4835; x_wconf 79' lang='lat' dir='ltr'><strong>sumus,</strong></span> <span class='ocrx_word' id='word_1_316' title='bbox 664 4753 849 4821; x_wconf 90' lang='lat' dir='ltr'><strong>orationem</strong></span> <span class='ocrx_word' id='word_1_317' title='bbox 876 4748 961 4820; x_wconf 89' lang='lat' dir='ltr'><strong>hanc</strong></span> <span class='ocrx_word' id='word_1_318' title='bbox 988 4747 1091 4822; x_wconf 92' lang='lat' dir='ltr'><strong>corde</strong></span> <span class='ocrx_word' id='word_1_319' title='bbox 1117 4769 1202 4843; x_wconf 93' lang='lat' dir='ltr'><strong>puro</strong></span> <span class='ocrx_word' id='word_1_320' title='bbox 1230 4751 1407 4819; x_wconf 89' lang='lat' dir='ltr'><strong>recitemus</strong></span> <span class='ocrx_word' id='word_1_321' title='bbox 1442 4747 1476 4817; x_wconf 76' lang='lat' dir='ltr'><strong>ei</strong></span> <span class='ocrx_word' id='word_1_322' title='bbox 1503 4746 1603 4818; x_wconf 89' lang='lat' dir='ltr'><strong>dica-</strong></span> 
     </span>
     <span class='ocr_line' id='line_1_37' title="bbox 226 4861 1603 4959; baseline 0 -26"><span class='ocrx_word' id='word_1_323' title='bbox 226 4885 310 4935; x_wconf 92' lang='lat' dir='ltr'><strong>mus.</strong></span> <span class='ocrx_word' id='word_1_324' title='bbox 363 4864 476 4934; x_wconf 85' lang='lat' dir='ltr'><strong>Pater</strong></span> <span class='ocrx_word' id='word_1_325' title='bbox 505 4871 631 4936; x_wconf 84' lang='lat' dir='ltr'><strong>noster.</strong></span> <span class='ocrx_word' id='word_1_326' title='bbox 695 4864 723 4935; x_wconf 90' lang='lat'>0</span> <span class='ocrx_word' id='word_1_327' title='bbox 758 4863 901 4937; x_wconf 91' lang='lat' dir='ltr'><strong>Domine</strong></span> <span class='ocrx_word' id='word_1_328' title='bbox 935 4867 990 4959; x_wconf 92' lang='lat' dir='ltr'><strong>qui</strong></span> <span class='ocrx_word' id='word_1_329' title='bbox 1025 4885 1093 4935; x_wconf 89' lang='lat' dir='ltr'><strong>non</strong></span> <span class='ocrx_word' id='word_1_330' title='bbox 1135 4866 1299 4959; x_wconf 90' lang='lat' dir='ltr'><strong>permittis</strong></span> <span class='ocrx_word' id='word_1_331' title='bbox 1340 4861 1441 4934; x_wconf 91' lang='lat' dir='ltr'><strong>ullum</strong></span> <span class='ocrx_word' id='word_1_332' title='bbox 1482 4866 1603 4934; x_wconf 69' lang='lat' dir='ltr'><strong>tenori</strong></span> 
     </span>
     <span class='ocr_line' id='line_1_38' title="bbox 225 4977 1603 5075; baseline -0.001 -25"><span class='ocrx_word' id='word_1_333' title='bbox 225 5000 328 5075; x_wconf 92' lang='lat' dir='ltr'><strong>supra</strong></span> <span class='ocrx_word' id='word_1_334' title='bbox 355 4977 389 5051; x_wconf 91' lang='lat' dir='ltr'><strong>id</strong></span> <span class='ocrx_word' id='word_1_335' title='bbox 416 4979 505 5074; x_wconf 86' lang='lat' dir='ltr'><strong>quod</strong></span> <span class='ocrx_word' id='word_1_336' title='bbox 531 4990 660 5075; x_wconf 79' lang='lat' dir='ltr'><strong>potest,</strong></span> <span class='ocrx_word' id='word_1_337' title='bbox 687 4980 747 5050; x_wconf 84' lang='lat' dir='ltr'><strong>sed</strong></span> <span class='ocrx_word' id='word_1_338' title='bbox 774 4978 890 5052; x_wconf 86' lang='lat' dir='ltr'><strong>tribuis</strong></span> <span class='ocrx_word' id='word_1_339' title='bbox 917 4984 1017 5052; x_wconf 88' lang='lat' dir='ltr'><strong>etiam</strong></span> <span class='ocrx_word' id='word_1_340' title='bbox 1050 4979 1096 5050; x_wconf 94' lang='lat' dir='ltr'><strong>illi</strong></span> <span class='ocrx_word' id='word_1_341' title='bbox 1125 5001 1201 5051; x_wconf 91' lang='lat' dir='ltr'><strong>cum</strong></span> <span class='ocrx_word' id='word_1_342' title='bbox 1233 4981 1414 5051; x_wconf 90' lang='lat' dir='ltr'><strong>tentatione</strong></span> <span class='ocrx_word' id='word_1_343' title='bbox 1446 4998 1603 5073; x_wconf 85' lang='lat' dir='ltr'><strong>proven-</strong></span> 
     </span>
    </p>
   </div>
   <div class='ocr_carea' id='block_1_7' title="bbox 225 5092 1602 5191">
    <p class='ocr_par' dir='ltr' id='par_1_12' title="bbox 225 5092 1602 5191">
     <span class='ocr_line' id='line_1_39' title="bbox 225 5092 1602 5191; baseline -0.002 -24"><span class='ocrx_word' id='word_1_344' title='bbox 225 5104 292 5167; x_wconf 94' lang='lat' dir='ltr'><strong>tum</strong></span> <span class='ocrx_word' id='word_1_345' title='bbox 303 5147 328 5185; x_wconf 84' lang='grc'><strong>,,</strong></span> <span class='ocrx_word' id='word_1_346' title='bbox 341 5106 377 5168; x_wconf 92' lang='lat' dir='ltr'><strong>ut</strong></span> <span class='ocrx_word' id='word_1_347' title='bbox 401 5097 511 5191; x_wconf 91' lang='lat' dir='ltr'><strong>possit</strong></span> <span class='ocrx_word' id='word_1_348' title='bbox 538 5099 722 5185; x_wconf 85' lang='lat' dir='ltr'><strong>sustinere,</strong></span> <span class='ocrx_word' id='word_1_349' title='bbox 749 5094 855 5168; x_wconf 88' lang='lat' dir='ltr'><strong>libera</strong></span> <span class='ocrx_word' id='word_1_350' title='bbox 879 5118 943 5169; x_wconf 90' lang='lat' dir='ltr'><strong>nos</strong></span> <span class='ocrx_word' id='word_1_351' title='bbox 971 5095 1014 5168; x_wconf 82' lang='lat' dir='ltr'><strong>alr</strong></span> <span class='ocrx_word' id='word_1_352' title='bbox 1042 5097 1132 5168; x_wconf 92' lang='lat' dir='ltr'><strong>omni</strong></span> <span class='ocrx_word' id='word_1_353' title='bbox 1158 5096 1356 5187; x_wconf 74' lang='lat' dir='ltr'><strong>anatona,</strong></span> <span class='ocrx_word' id='word_1_354' title='bbox 1392 5095 1486 5186; x_wconf 88' lang='lat' dir='ltr'><strong>cajus</strong></span> <span class='ocrx_word' id='word_1_355' title='bbox 1521 5092 1602 5186; x_wconf 86' lang='lat' dir='ltr'><strong>fuga</strong></span> 
     </span>
    </p>
   </div>
   <div class='ocr_carea' id='block_1_8' title="bbox 0 0 2268 6034">
    <p class='ocr_par' dir='ltr' id='par_1_13' title="bbox 0 0 2268 6034">
     <span class='ocr_line' id='line_1_40' title="bbox 0 0 2268 6034; baseline 0 4"><span class='ocrx_word' id='word_1_356' title='bbox 0 0 2268 6034; x_wconf 95' lang='lat' dir='ltr'><strong> </strong></span> 
     </span>
    </p>
   </div>
  </div>
 </body>
</html>
