4525 6034
487 585 537 661 Illi
555 581 795 660 cumulata
809 580 1153 658 AlAEXANDRleRUM
1174 583 1368 660 LITURGllS.
1481 578 1592 653 XCIX

232 773 458 865 designantem
492 794 536 844 an
565 781 735 867 postrema
768 768 823 840 illa
849 768 956 842 verba
983 771 1061 843 olim
1086 770 1248 860 babuerit,
1275 774 1352 844 seiri
1377 794 1445 845 non
1471 782 1591 868 potest.

229 891 303 962 Non
329 886 503 979 babuisse,
532 889 635 980 longe
667 886 878 959 verisimilius
905 897 970 958 est:
1001 909 1075 958 cum
1103 909 1149 959 ex
1174 889 1362 959 testimonio
1389 889 1493 961 Marci
1518 889 1592 960 Pa-

227 1004 390 1078 triarcbae
403 1004 638 1078 Balsamonem
664 1003 878 1090 consulentis,
905 1026 979 1074 eam
1006 1002 1048 1075 ab
1067 1003 1270 1076 Ortbodoxis
1285 1015 1475 1100 usurpatam
1490 1006 1594 1079 luisse

227 1131 378 1212 constet,
418 1125 473 1217 qui
506 1124 603 1194 unius
638 1129 776 1191 naturae
815 1115 1070 1193 Confessionem
1105 1118 1279 1192 admittere
1320 1143 1387 1193 uon
1410 1133 1592 1217 poterant.

224 1238 313 1311 Nihil
343 1241 443 1330 igitur
475 1261 522 1308 ex
552 1235 746 1309 diversitate
778 1235 874 1327 bajus
905 1245 939 1306 et
971 1237 1109 1308 aliarum
1139 1235 1363 1328 Liturgiarum
1394 1239 1595 1311 concludere

222 1355 308 1427 licet
363 1355 470 1426 Porro
497 1357 527 1427 si
553 1352 715 1448 quaedam
742 1364 934 1424 occurreret
967 1354 1163 1444 diversitas,
1195 1376 1281 1447 quae
1307 1377 1348 1425 ea
1376 1378 1473 1450 quam
1499 1355 1593 1427 dixi-

223 1494 299 1544 mus
324 1473 455 1542 ratione
480 1470 650 1542 concdiari
675 1490 742 1541 non
768 1491 871 1564 posse
896 1468 1078 1557 videretur,
1103 1471 1212 1561 major
1237 1467 1326 1541 11111
1351 1470 1469 1563 Regii,
1496 1495 1593 1566 quam

224 1587 361 1660 alterius
389 1585 522 1658 Codicis
550 1589 719 1657 autoritas.
771 1584 860 1657 Nam
891 1583 1022 1657 Romae
1054 1586 1191 1657 alterum
1225 1586 1384 1677 vidimus,
1416 1598 1450 1661 et
1481 1587 1592 1680 Regio

223 1706 446 1775 recentiorem
473 1706 682 1794 agnovimus.

327 1819 486 1891 XXXIX.
526 1818 611 1891 Cum
643 1820 743 1909 igitur
779 1840 825 1888 ex
852 1816 944 1889 dictis
971 1815 1033 1888 buc
1060 1839 1165 1911 usque
1199 1818 1317 1889 conlioi
1353 1822 1594 1910 existimemus,
1625 1845 1754 1913 licurgus
1772 1862 1804 1897 ex
1818 1845 1914 1900 conce

224 1934 376 2008 Graecas
402 1934 570 2026 Liturgias
599 1935 680 2007 duas
706 1932 808 2026 Regii
835 1932 981 2028 Codicis,
1007 1957 1075 2005 non
1090 1932 1190 2005 modo
1207 1933 1472 2008 Alexandrinum
1497 1930 1914 2008 1111111111)ῃῗιθῐθηιῐίιιῃιι

223 2055 409 2151 continere,
437 2051 497 2123 scd
523 2072 598 2121 eum
625 2072 722 2144 quem
748 2047 953 2121 Jacobiticae
978 2049 1156 2122 Ecclesiae
1186 2060 1323 2122 secutae
1350 2063 1443 2142 sumt,
1471 2053 1593 2149 Copti·
1606 2019 1915 2160 fflffl'hmmmpn*

222 2171 319 2261 cique
347 2166 472 2241 codicis
499 2166 673 2261 exemplar
698 2168 906 2262 primarium:
933 2165 1012 2237 illud
1039 2166 1139 2237 etiam
1157 2164 1402 2240 observandum
1417 2179 1480 2257 est,
1504 2170 1592 2265 quod

223 2282 265 2355 ad
291 2306 408 2355 earum
434 2285 598 2375 originem
624 2282 888 2378 perspiciendam
923 2291 976 2354 est
1002 2284 1147 2354 maxime
1173 2287 1410 2355 necessarium.
1462 2285 1592 2381 Nempe

221 2398 340 2471 baberi
365 2402 401 2471 in
425 2399 490 2472 illis
517 2422 695 2495 expressa,
721 2410 757 2470 ut
782 2402 827 2470 ita
854 2398 1013 2485 dieamus,
1039 2396 1239 2472 bneamenta
1265 2399 1485 2472 Alexandrini
1512 2405 1592 2474 ritus

221 2520 362 2606 velens,
389 2521 475 2590 sicut
500 2520 534 2587 iu
558 2513 784 2588 Jacobitarum
810 2524 844 2586 et
861 2513 1091 2586 Melchitarum
1107 2514 1271 2608 Syriacis,
1299 2526 1450 2588 veterem
1464 2517 1593 2589 Hiero·

221 2632 444 2730 solymitauae
469 2633 641 2726 Litargiae
666 2632 807 2705 lormam
836 2654 856 2702 a
882 2630 1001 2702 Jacobi
1028 2629 1203 2702 traditione
1229 2642 1430 2704 manantem:
1458 2636 1491 2704 iu
1516 2634 1593 2706 Nc-

220 2754 391 2841 storianis,
404 2751 606 2843 singularem
614 2750 959 2846 Mesopotameuarum
968 2746 1195 2819 Ecclesiarum
1207 2747 1424 2844 disciplinam,
1438 2757 1472 2821 ct
1486 2751 1520 2819 in
1533 2748 1592 2841 ul-

221 2870 312 2958 tima,
324 2889 410 2963 quae
427 2866 585 2953 Nestorio
599 2865 762 2955 tribuitur,
778 2875 903 2937 certum
916 2864 1069 2935 indicium
1086 2861 1484 2961 Constantinopolitanae,
1508 2888 1593 2961 quae

221 2981 360 3056 loannis
380 2981 613 3078 chrysostomi
627 2982 720 3053 titudo
739 3005 759 3052 a
776 2984 956 3077 posteriori
974 2990 1084 3052 aetate
1101 2988 1218 3052 ornata
1242 2991 1302 3055 est.
1354 2982 1387 3054 N
1389 3006 1440 3053 1111
1458 2992 1593 3054 veteres

222 3096 397 3188 baeretici,
423 3102 452 3173 si
478 3121 539 3172 eos
565 3101 763 3193 excipimus,
778 3101 834 3194 qui
849 3096 1025 3171 Christiani
1054 3095 1171 3169 baberi
1190 3099 1251 3171 vix
1276 3108 1442 3192 poteraut,
1467 3120 1534 3169 non
1560 3105 1595 3167 ut

220 3214 475 3288 Reformatores
507 3237 591 3310 quos
627 3214 738 3286 ultima
770 3214 835 3287 duo
869 3214 1003 3286 succida
1029 3214 1251 3309 protulerunt,
1285 3236 1416 3287 omnem
1447 3214 1592 3286 limditus

221 3331 428 3428 disciplinam
463 3330 679 3404 evertendam
711 3329 971 3421 arbitrabantur,
1005 3329 1065 3402 sed
1102 3350 1176 3401 eam
1212 3339 1299 3425 q‘uae
1341 3353 1403 3404 suo
1439 3340 1590 3428 tempore

219 3447 361 3541 vigebat
395 3448 635 3521 studiosissime
674 3447 930 3520 conservabant.
984 3447 1032 3518 lta
1059 3445 1195 3539 lactum,
1228 3458 1264 3519 ut
1290 3450 1376 3520 inter
1410 3456 1459 3519 tot
1490 3448 1590 3538 mala,

220 3563 340 3660 quibus
365 3564 521 3638 Ecclesia
549 3562 734 3636 conflictata
761 3574 828 3655 est,
864 3565 993 3638 steterit
1017 3566 1147 3656 integra
1174 3562 1464 3636 Sacramentorum
1491 3565 1590 3637 cele-

219 3679 423 3753 brandorum
446 3680 573 3770 lorma,
606 3703 715 3776 neque
742 3679 784 3751 de
811 3702 851 3751 ea
878 3679 1089 3769 immutanda,
1117 3689 1152 3751 et
1177 3680 1219 3752 ad
1244 3702 1375 3776 purum,
1402 3682 1431 3753 si
1458 3686 1589 3777 superis

218 3798 342 3894 placet,
368 3796 509 3869 verbum
534 3797 600 3869 Dei
625 3795 836 3869 reformanda
863 3801 1036 3892 quisqrmm
1061 3799 1271 3888 cogitaverit.
1323 3796 1419 3869 Unde
1434 3795 1497 3867 buc
1523 3822 1589 3869 ns-

220 3938 286 4010 que
311 3914 431 3987 eadem
457 3913 576 3987 Jacobi
603 3915 692 4011 Syra
718 3912 881 4005 Litnrgia,
908 3916 1051 3987 omnium
1077 3936 1163 4008 quae
1180 3913 1297 3985 eadem
1315 3913 1428 4006 lingua
1455 3925 1589 3988 exstant

218 4034 464 4120 vetustissima,
491 4052 557 4102 non
585 4031 683 4103 modo
713 4054 734 4101 1
760 4029 923 4103 blelcbitis
950 4054 1011 4103 seu
1039 4029 1262 4120 Ortbodoxis,
1294 4030 1354 4101 sed
1380 4055 1400 4102 a
1425 4030 1587 4105 Jacobitis

221 4148 264 4219 ad
290 4148 410 4220 altaria
441 4146 638 4219 celebratur.
690 4146 811 4241 Neque
845 4146 994 4220 dubitare
1030 4150 1203 4242 quisquam
1236 4157 1364 4243 potest,
1397 4158 1588 4242 usurpatam

221 4262 398 4360 aliquando
426 4262 467 4334 ab
494 4262 731 4336 Alexandrinis
759 4262 962 4339 Ortbodoxis
987 4263 1093 4337 luisse
1120 4287 1195 4335 cam
1222 4286 1307 4359 quae
1328 4263 1433 4335 Marci
1460 4263 1587 4351 dicitur,

218 4402 293 4450 oum
322 4379 355 4450 id
380 4382 558 4477 perspicue
585 4388 723 4454 testetur
747 4379 882 4455 Marcus
908 4380 1156 4453 Alexandrinus
1184 4402 1300 4452 eorum
1326 4378 1517 4451 Patriarcba
1544 4379 1585 4450 ad

219 4495 435 4569 Theodorum
468 4496 702 4570 Balsamouem
735 4496 904 4589 scribens,
941 4496 1019 4568 licet
1053 4495 1310 4584 dubitabundus,
1349 4496 1424 4588 quia
1460 4494 1586 4566 scilicet

218 4610 315 4707 lapsu
341 4615 500 4709 temporis
540 4612 747 4685 Graecanica
788 4612 963 4687 Ecclesiae
997 4611 1381 4707 Constantinopolitanae
1416 4610 1585 4709 disciplina

218 4727 449 4800 Alexandriae
474 4740 610 4825 recepta
637 4752 712 4801 curm
736 4726 846 4821 foret,
873 4732 970 4825 patrii
995 4731 1076 4801 ritus
1102 4731 1136 4799 in
1162 4727 1324 4823 aliqrubus
1351 4736 1475 4798 1111111111
1501 4727 1585 4800 locis

218 4855 459 4918 remanserant
512 4843 596 4918 Cum
626 4869 729 4943 porro
765 4855 890 4919 certum
917 4848 976 4936 sit,
1008 4844 1096 4917 illam
1121 4866 1189 4916 non
1215 4846 1279 4915 nisi
1305 4866 1383 4917 sero
1411 4843 1584 4916 admodum

220 4959 307 5056 apud
337 4982 454 5033 omnes
487 4960 638 5037 Graecas
674 4961 847 5036 Ecclesiae
879 4963 986 5036 solam
1019 4960 1223 5047 obtinuisse,
1258 4969 1291 5030 et
1322 4958 1585 5032 Alexandrinam

99 5126 104 5135 .
219 5077 277 5148 tali
303 5076 463 5169 dignitate
489 5079 616 5170 sedem,
644 5102 730 5175 quae
763 5080 940 5155 secundum
977 5080 1062 5149 inter
1088 5075 1330 5148 Patriarcbales
1357 5076 1466 5149 locum
1492 5075 1586 5150 obti-

1301 5191 1350 5266 13
1363 5192 1381 5230 ⁴*
