4525 6034
727 567 803 644 402
1230 569 1589 650 Ll'liiltiill

829 754 992 849 Populea.
1044 753 1220 828 Miserere.

830 871 1014 946 Sacerdos.
1067 872 1140 946 Nos
1167 894 1310 968 quoque.

829 987 990 1082 Populos.
1043 986 1094 1059 Te
1119 987 1302 1062 laudamus.

680 1189 684 1198 q
829 1104 1018 1176 Diooooar.
1072 1102 1178 1190 Quam
1206 1104 1361 1178 arronis
1388 1114 1441 1178 est
1465 1104 1550 1178 haee
1575 1104 1669 1182 hora

862 1377 1038 1453 Sacerdos
1062 1379 1246 1452 inclinatae
1271 1379 1357 1451 otctt
1381 1379 1637 1455 [avocationem
1662 1382 1815 1478 Spiritus
1839 1386 1954 1456 eoacti

829 1566 993 1642 Miserere
1018 1571 1098 1655 mei,
1124 1567 1236 1658 Deus,
1262 1569 1363 1641 Pater
1388 1575 1614 1668 omnipotens:
1640 1583 1675 1645 et
1699 1576 1791 1646 mitte
1816 1594 1916 1669 super
1943 1592 2013 1660 nos,
2033 1582 2058 1645 et

728 1706 831 1780 snper
857 1682 1044 1758 oblationes
1070 1688 1154 1758 istas
1181 1689 1388 1781 propositas,
1415 1686 1571 1782 Spiritum
1598 1698 1687 1762 tuum
1714 1700 1882 1779 sanctum,
1914 1689 2057 1761 Dominum

727 1810 762 1872 et
786 1801 1027 1893 vivificantem,
1054 1800 1205 1893 ejusdem
1231 1799 1340 1873 throni
1366 1812 1556 1876 consortem
1581 1814 1692 1877 ecum
1708 1806 1801 1878 Dens
1826 1804 1942 1894 Pater,
1965 1803 2058 1876 simul·
2187 1879 2188 1902 p

727 1937 791 2010 que
817 1926 1027 2010 regnantem:
1055 1920 1111 2012 qui
1137 1917 1214 1989 olim
1240 1917 1370 1992 locutos
1397 1927 1450 1990 est
1475 1942 1537 2017 per
1562 1942 1623 1997 eos
1651 1924 1707 2017 qni
1731 1920 1918 1994 dilexerunt
1946 1931 1990 2010 te,
2015 1918 2057 1990 ‹li-
2187 1905 2188 1950 ³

725 2034 841 2125 rigens
869 2053 930 2106 eos
957 2033 1001 2105 ad
1025 2036 1221 2107 veritatm:
1248 2036 1321 2129 ipse
1347 2035 1497 2109 similiter
1521 2040 1656 2130 veniat,
1683 2047 1717 2110 et
1742 2037 1924 2111 sanctificet
1939 2034 2058 2109 oblatio-

724 2169 786 2223 nes
812 2152 894 2221 istas
919 2153 1121 2246 propositas.
1696 2175 1698 2178 ·

827 2265 978 2337 Εῑοοαπε
1008 2287 1134 2338 cocao.
1186 2264 1319 2339 Exaudi
1344 2290 1398 2341 me
1424 2268 1578 2341 Domine.

826 2380 987 2474 Papulae.
1039 2381 1146 2477 llyrie
1173 2380 1313 2457 eleison.

826 2493 1010 2568 Sacerdos.
1066 2496 1111 2568 Ut
1147 2497 1287 2573 illabens
1326 2497 1429 2573 iaciat
1466 2523 1587 2597 panem
1628 2497 1759 2595 quidem
1799 2500 1914 2586 utrum,
1954 2495 2060 2593 Corpus

726 2608 848 2685 curso
873 2614 937 2686 Dei
965 2615 1079 2689 nostri.

829 2729 993 2824 Populea.
1044 2730 1165 2804 Amen.

826 2843 1011 2919 Socerum
1063 2844 1108 2918 Et
1133 2848 1263 2919 misam
1290 2845 1379 2942 quod
1404 2856 1458 2922 est
1482 2850 1516 2920 in
1540 2847 1606 2921 hoe
1633 2846 1750 2937 calice,
1775 2847 1881 2921 iaciat
1897 2849 2062 2939 sanguineo

726 2958 849 3036 Christi
874 2962 939 3034 Dei
964 2965 1080 3037 nostri.

826 3078 989 3171 Papulae.
1041 3081 1164 3152 Amen.

826 3192 1010 3267 Sacerdos.
1062 3193 1171 3269 Nobis
1197 3203 1324 3283 autenm
1352 3204 1386 3267 et
1411 3192 1563 3268 omnibus
1590 3197 1646 3290 qui
1671 3198 1935 3293 easasoeptnri‚
1959 3193 2062 3285 illisque

573 3381 580 3386 .
723 3313 993 3383 communicatori
1019 3332 1148 3399 sumus,
1174 3310 1253 3384 liant
1278 3309 1322 3382 ad
1347 3313 1554 3384 sanctitatem
1580 3315 1712 3384 animae
1737 3315 1976 3408 puritatemque
1998 3329 2062 3380 cor-

721 3429 831 3522 poris:
858 3426 1102 3502 mundationem
1129 3431 1384 3521 cogitatuum,
1411 3437 1446 3499 et
1470 3427 1731 3523 purificationem
1757 3431 1897 3516 mentis,
1923 3425 1962 3498 ad
1977 3444 2061 3520 pmc-

723 3546 968 3635 servationem,
994 3555 1028 3616 et
1053 3543 1215 3617 ceowlam
1243 3567 1264 3617 a
1290 3543 1378 3617 malo
1404 3546 1613 3640 pernicioso:
1640 3543 1684 3616 ad
1700 3546 1952 3617 excusationem
1973 3557 2062 3613 coron

723 3668 773 3731 te:
800 3660 902 3732 etad
929 3660 1078 3735 eunoun
1111 3659 1154 3733 ad
1186 3660 1358 3732 dexteram
1388 3670 1498 3748 mam:
1531 3664 1608 3756 quia
1642 3669 1678 3732 tu
1709 3658 1908 3732 benedictus
1939 3678 1975 3730 es
2002 3656 2062 3728 llo-
2189 3671 2190 3684 ¹

722 3777 827 3867 mine,
854 3799 929 3849 cum
953 3781 1125 3871 unigenito
1151 3775 1238 3851 Filio
1264 3787 1338 3864 tuo,
1365 3787 1400 3848 et
1425 3776 1549 3872 Spiritu
1574 3787 1632 3849 tuo
1665 3784 1801 3866 sancto,
1827 3798 1933 3865 nnnc,
1958 3783 2013 3844 etc

826 3892 987 3986 Populus.
1039 3895 1159 3966 Amen.

825 4010 1000 4083 Sacerdos
1025 4011 1217 4083 inclinatur.
1262 4009 1393 4082 Idcirco
1421 4008 1588 4082 offerimus
1614 4006 1673 4081 tilri
1699 4007 1900 4081 sacrificium
1924 4006 1983 4079 loe
2004 4001 2062 4097 spi·

723 4125 843 4200 rituale
868 4131 1091 4214 incruentum,
1117 4150 1180 4224 pro
1206 4125 1360 4198 Ecclesia
1387 4136 1442 4198 tua
1470 4135 1585 4199 sancta
1612 4136 1646 4198 et
1672 4124 1886 4197 Ortlodoxa:
1914 4144 1971 4220 pro
1993 4138 2062 4190 oon·

724 4247 917 4317 servatione
942 4245 1117 4318 Pastorum
1145 4265 1315 4332 verorum,
1342 4246 1398 4338 qui
1422 4241 1582 4334 religiose
1607 4240 1799 4336 dispensant
1823 4238 1923 4315 nobis
1948 4232 2062 4311 verbnm

619 4407 623 4418 ι
725 4362 890 4433 tentatis:
923 4384 985 4458 pro
1021 4371 1109 4433 statu
1140 4363 1197 4457 pio
1232 4360 1372 4433 liliorum
1407 4361 1479 4452 ejus
1515 4368 1549 4431 et
1582 4361 1683 4431 totius
1711 4355 1801 4429 Cleri
1826 4355 1989 4449 religiosi:
2014 4367 2062 4445 pro

723 4499 809 4573 pace
834 4477 956 4566 mundi,
983 4488 1017 4549 et
1042 4475 1205 4549 bellorum
1233 4478 1436 4550 cessatione:
1462 4497 1525 4572 pro
1551 4473 1704 4567 Regibus
1729 4472 1892 4558 fidelihus,
1919 4481 1951 4542 et
1970 4484 2062 4540 corun

724 4597 778 4688 qui
805 4593 917 4668 hostili
943 4598 1053 4667 animo
1079 4604 1167 4682 sunt,
1194 4592 1439 4666 conciliatione:
1466 4613 1528 4687 pro
1554 4589 1617 4663 illis
1643 4593 1700 4685 qui
1724 4592 1758 4661 in
1784 4586 1974 4661 carceribus
1994 4586 2061 4663 stul

723 4710 758 4781 in
784 4710 943 4783 custodiis
970 4721 1027 4783 aut
1051 4711 1084 4780 in
1112 4708 1232 4782 exilio:
1259 4731 1321 4805 pro
1342 4708 1407 4782 illis
1425 4711 1481 4804 qui
1500 4710 1659 4781 invocem
1675 4727 1795 4780 nomen
1817 4716 1910 4778 tuum
1928 4708 2061 4780 :mcum

723 4835 757 4897 et
783 4826 939 4898 auxilium
967 4849 987 4899 a
1013 4838 1047 4899 te
1074 4836 1265 4922 expectant.

825 4942 975 5013 Elaeam
1000 4965 1126 5013 vocem,
1179 4941 1233 5013 Da
1264 4951 1299 5014 et
1329 4940 1478 5016 concede
1510 4962 1570 5036 per
1598 4940 1828 5012 miserationes
1856 4947 1930 5009 trras
1954 4928 2061 5010 molit&

722 5056 878 5151 Domine,
903 5081 1023 5155 pacem
1049 5080 1202 5132 securam
1214 5056 1391 5132 Ecclesiae
1417 5067 1493 5131 tuac
1520 5067 1656 5132 sanctae
1673 5065 1707 5128 ct
1724 5051 1956 5128 Orthodoxae:
1976 5044 2059 5139 jut-
