4525 6034
519 584 569 659 lll
594 582 849 660 ttionemn
878 580 1045 659 tuconi
1075 582 1322 660 anennual.
1533 583 1609 658 343

232 770 353 832 illorum
375 767 525 848 Tbeologi
547 773 579 828 et
598 764 732 829 loannes
754 765 910 843 Darensis,
933 766 990 829 toti
1012 765 1124 829 sintin
1149 765 1328 846 explicanda
1351 766 1516 830 secundum
1533 766 1613 831 Dio-

232 867 323 948 nysii,
346 883 436 946 quem
457 864 675 949 Areopagitam
698 884 769 929 esse
791 866 928 944 credunt,
949 874 1091 943 mentem,
1114 866 1242 929 coelesti
1264 864 1449 931 Hierarcbia.
1474 864 1611 948 Cumque

230 966 282 1028 ille
305 966 384 1026 inter
406 983 516 1027 novem
539 964 684 1042 Ordines,
712 965 845 1046 Vigilnm
872 981 933 1028 non
960 965 1144 1043 meminerit,
1174 963 1226 1026 ubi
1249 964 1317 1026 illos
1341 964 1492 1027 collocent
1521 965 1611 1028 valde

229 1064 340 1125 incerti
363 1070 441 1124 sunt

623 1321 658 1392 3.
694 1323 845 1414 Accepit
867 1342 993 1412 punem
1020 1342 1231 1393 commanem.

320 1510 397 1588 Vox
427 1521 552 1604 Syriaca
580 1534 695 1591 centnm
720 1539 906 1584 communem
929 1522 1155 1603 simplicemque
1182 1523 1349 1606 significat,
1378 1524 1604 1606 respondetque

229 1626 379 1689 Arabicae
400 1632 504 1695 nuto:
528 1627 559 1686 in
581 1624 695 1687 Lexico
717 1624 777 1687 Bar
798 1624 857 1686 Ali.
902 1624 948 1686 Eo
976 1625 1146 1706 significatu
1174 1626 1214 1688 de
1236 1624 1357 1688 Christo
1387 1625 1496 1687 dicitur
1523 1626 1606 1707 quod

229 1728 384 1788 atoanne
407 1724 573 1806 baptisatus
596 1722 697 1800 luerit,
720 1735 856 1792 eninm
874 1731 1014 1805 tanquam
1036 1722 1266 1804 simpieabomo
1288 1723 1418 1802 scilicet,
1441 1741 1520 1804 qnae
1541 1744 1605 1788 vox

228 1825 331 1903 inepte
354 1840 482 1905 prorsus
506 1842 523 1884 a
544 1821 716 1886 Boderiano
739 1839 887 1902 expressa
910 1825 1010 1884 estin
1032 1821 1112 1884 bunc
1135 1822 1269 1885 modum:
1299 1824 1352 1902 qai
1379 1830 1521 1902 tanquam
1542 1842 1604 1886 oa-

230 1939 304 1983 cuus
325 1922 495 2001 baptisante
517 1932 572 1985 est.
616 1920 665 1982 Ex
691 1921 748 1983 bac
777 1929 877 1983 tamen
906 1939 986 1984 voce
1016 1921 1198 1983 existimavit
1226 1921 1354 1983 Faustus
1383 1919 1534 1983 Naironus
1565 1921 1603 1983 ad

229 2020 414 2100 Azymornm
436 2037 522 2082 usum
545 2019 790 2097 confirmandum,
814 2027 1021 2102 argumentum
1050 2037 1142 2100 posse
1165 2019 1245 2083 duci.
1291 2016 1370 2081 Citat
1398 2036 1438 2079 ex
1465 2018 1602 2082 Merulae

228 2116 364 2199 Liturgia
386 2119 462 2181 baec
485 2117 580 2180 verba
609 2117 809 2182 luvocationis
840 2118 969 2198 Spiritus
997 2120 1108 2193 sancti,
1137 2126 1167 2180 et
1192 2137 1303 2198 punam
1331 2117 1411 2177 tunc
1438 2118 1603 2196 simplicem

228 2225 387 2279 commutet
407 2224 438 2279 et
455 2219 597 2296 perficiat
618 2215 736 2296 Corpus
756 2219 837 2298 qaod
856 2236 914 2297 pra
942 2216 1031 2278 nobis
1052 2218 1236 2278 immolabam
1258 2222 1304 2277 est
1324 2217 1357 2276 in
1385 2233 1492 2277 cruce:
1527 2217 1602 2279 l'um

228 2316 272 2377 sic
294 2317 497 2396 prosequitur.
544 2315 602 2377 Ubi
621 2316 786 2377 comiadum
814 2323 861 2378 est
884 2333 996 2395 panem
1017 2316 1183 2394 simplicem
1213 2334 1279 2376 esse
1304 2332 1418 2393 panem
1445 2312 1602 2396 Aaymom,

227 2413 286 2476 itae
307 2416 387 2476 enim
408 2433 515 2476 nomen
536 2424 661 2488 nntttttt,
684 2412 835 2492 Schbimo,
855 2415 1008 2493 siginificat
1021 2414 1196 2492 napinam,
1218 2417 1381 2489 noceant,
1400 2429 1521 2490 paracta,
1543 2412 1602 2474 ltoc

228 2519 275 2573 est
302 2514 368 2574 sine
398 2514 579 2575 monnone
605 2512 687 2588 cua,
717 2519 792 2574 teate
819 2513 939 2575 Joaame
966 2510 1109 2591 Baptista
1138 2512 1283 2576 Ferrarii>
1310 2517 1343 2577 in
1369 2516 1602 2582 Nomencirtore

227 2609 368 2692 Syr-ioca
400 2628 489 2691 mam
518 2610 769 2693 significationem
799 2629 870 2675 esse
900 2612 985 2673 vocis
1016 2598 1144 2688 ἄζυμος
1169 2609 1301 2691 probare
1331 2615 1494 2679 contendit.
1540 2613 1601 2679 Sed

226 2708 286 2772 boc
307 2728 369 2773 non
392 2712 508 2792 agitur:
530 2728 638 2773 verum
660 2727 698 2771 an
721 2729 756 2772 ea
779 2728 858 2774 voce
880 2711 911 2773 iu
933 2717 978 2772 tot
1000 2727 1108 2771 sacrae
1131 2708 1305 2789 Scripturae
1326 2713 1414 2792 locis,
1437 2714 1490 2777 ubi
1512 2714 1601 2795 Azy-

226 2826 342 2871 morum
364 2811 475 2872 mentio
498 2818 555 2889 est,
580 2826 617 2871 ea
639 2825 702 2870 vox
723 2817 904 2890 usurpetur;
927 2807 1009 2890 quod
1031 2809 1163 2888 probare
1186 2827 1261 2872 sane
1282 2828 1371 2874 nemo
1394 2816 1500 2894 possit.
1525 2813 1600 2874 Tum

226 2908 344 2989 Azyma
366 2910 396 2969 in
418 2926 476 2970 usu
497 2908 661 2988 antiquitus
683 2908 763 2988 apud
779 2907 951 2971 orientales
973 2906 1077 2984 luisse,
1102 2905 1199 2969 adhuc
1221 2910 1351 2989 probatu
1373 2911 1517 2974 difficilius
1541 2919 1599 2989 est,

226 3006 277 3069 vel
299 3007 399 3087 potius
421 3006 615 3086 impossibile.
660 3006 736 3069 Nam
758 3007 960 3069 testimonium
991 3004 1139 3068 Gabriilis
1161 3006 1229 3069 lllai
1251 3010 1331 3088 quod
1361 3010 1503 3091 producit
1524 3011 1600 3073 Nai-

225 3122 331 3181 ronus‚
353 3105 465 3166 nullius
488 3106 654 3168 autoritatis
677 3112 734 3181 est,
758 3122 826 3166 cum
846 3105 982 3184 Scriptor
1008 3104 1237 3167 recentissimus
1260 3109 1310 3183 sit,
1332 3117 1365 3172 ut
1387 3110 1438 3191 qui
1460 3117 1598 3190 tempore

225 3200 335 3265 Leonis
358 3203 395 3268 X.
418 3191 547 3281 v'irerit,
570 3212 601 3266 et
623 3203 761 3266 omnibus
784 3211 995 3285 praeterquam
1018 3201 1190 3281 Maronitis,
1225 3205 1263 3266 sit
1285 3208 1417 3289 ignotus.
1441 3206 1598 3270 constitu-

225 3302 325 3364 tiones
347 3302 562 3365 Maronitarum
584 3320 659 3383 quas
683 3304 760 3381 ipse,
784 3301 972 3364 Echellensis
995 3300 1135 3380 exemplo
1157 3303 1280 3382 saepius
1304 3306 1432 3389 allegat,
1462 3304 1597 3386 ejusdem

226 3400 351 3483 generis
374 3408 456 3463 sunt:
479 3401 679 3481 nequeenim
702 3400 885 3463 Bibliotheca
915 3399 976 3461 ulla
999 3406 1270 3482 quantumcumque
1293 3401 1379 3466 dives
1402 3403 1599 3468 Orientalium

225 3497 381 3577 librorum,
405 3517 481 3580 opus
504 3499 578 3561 illud
600 3507 826 3580 repraesentat:
856 3498 969 3560 similes
998 3505 1111 3560 tantum
1139 3497 1342 3562 Collectiones
1370 3501 1528 3565 nonnullas
1558 3521 1599 3564 ex

227 3598 336 3676 quibus
358 3598 521 3661 verisimile
545 3606 592 3660 est
614 3598 791 3661 Maronitam
822 3597 952 3678 aliquem
975 3613 1083 3659 novam
1106 3598 1325 3677 composuisse.
1369 3600 1445 3663 Nam
1475 3621 1515 3663 ex
1544 3620 1598 3664 re-

224 3694 294 3757 latis
318 3694 355 3756 ab
372 3696 549 3759 -Echeliensi
571 3697 769 3773 testimoniis,
800 3703 831 3758 et
852 3695 917 3757 aliis
939 3713 1017 3776 quae
1047 3695 1113 3758 viro
1145 3695 1312 3759 clarissimo
1339 3699 1449 3763 loanni
1479 3700 1598 3762 Morino

225 3793 473 3873 subministravit,
496 3797 698 3858 recentiorem
721 3797 841 3858 omnino
870 3792 953 3855 illam
978 3792 1195 3857 Collectionem
1224 3813 1294 3857 esse
1320 3815 1408 3877 quam
1430 3798 1598 3861 Maronitae

226 3893 408 3970 existiment,
431 3891 620 3955 manifestum
635 3901 692 3958 est.
714 3892 823 3974 Neque
838 3892 935 3972 major
950 3900 997 3955 est
1009 3890 1135 3954 Joannis
1150 3892 1230 3955 illius
1246 3893 1380 3957 Maronis
1393 3894 1597 3975 Patriarcbae,

224 3998 258 4053 ut
279 3992 392 4069 volunt,
414 3992 607 4067 Antiocheni,
629 3993 680 4072 qui
703 4008 853 4073 nunquam
880 3989 945 4068 iuit,
968 3991 1122 4053 autoritas.
1168 3991 1251 4055 lllius
1272 3993 1366 4074 igitur
1387 3992 1447 4055 loci
1469 4001 1598 4056 senten·
1656 3976 1661 3997 '

224 4089 265 4150 tia
294 4089 372 4151 baec
401 4097 464 4167 est,
489 4089 638 4152 Christum
667 4108 734 4152 cum
770 4090 995 4153 Sacramentum
1024 4088 1232 4154 Eucharistiae
1268 4092 1456 4170 institueret,
1486 4110 1597 4172 panem

225 4206 411 4250 communem
439 4188 469 4247 in
499 4205 603 4250 manus
626 4189 798 4270 accepisse,
830 4205 919 4267 quem
948 4186 1161 4250 benedictione
1189 4189 1386 4270 omnipotenti
1415 4192 1446 4251 in
1476 4190 1595 4272 Corpus

224 4303 311 4347 suum
335 4288 571 4351 consecraverit.

245 4562 290 4630 i.
325 4561 401 4631 Hoc
428 4566 480 4631 eat
507 4559 640 4654 Corpus
665 4584 781 4649 nasum
808 4566 891 4653 qaia
906 4560 1036 4656 absque
1053 4561 1156 4632 delrio
1177 4561 1261 4633 iliad
1282 4564 1468 4655 fruapitar,
1495 4568 1559 4633 etc.

317 4751 409 4844 Quen
440 4763 470 4824 in
503 4763 561 4825 bac
587 4779 743 4825 sacrorum
772 4763 935 4827 verborum
964 4763 1060 4826 iorma
1094 4763 1241 4845 quaedam
1272 4762 1372 4827 addita
1399 4771 1486 4841 sunt,
1517 4783 1595 4846 quae

224 4863 376 4927 Christum
406 4865 627 4945 pronunciasse
658 4882 718 4927 non
746 4860 882 4945 donstat,
920 4866 1070 4929 efficaciae
1099 4867 1219 4929 illorum
1244 4865 1318 4928 nibil
1349 4866 1495 4929 detrabit:
1527 4886 1594 4931 cum

221 4964 385 5043 praecipua
420 4970 452 5025 et
481 4982 560 5044 quae
596 4964 655 5024 vim
684 4965 877 5044 praecipuam
907 4963 1019 5028 babent
1046 4983 1108 5028 non
1137 4965 1324 5028 omittantur:
1361 4983 1461 5046 neque
1496 4967 1593 5029 minus

221 5062 363 5124 sincerae
386 5061 582 5124 Orientalium
606 5060 645 5125 de
673 5060 862 5126 Eucharistia
892 5062 980 5143 lidei,
1010 5064 1071 5127 ulla
1101 5063 1173 5127 inda
1201 5071 1322 5126 creatur
1350 5065 1502 5144 suspicio,
1531 5083 1592 5129 non
