4525 6034
676 544 753 619 334
932 502 935 507 ’
1180 539 1543 618 irrorari

678 752 765 825 quae
791 714 853 825 per
878 727 1060 802 bonitatem
1088 738 1178 801 tuam
1205 728 1341 814 creasti,
1375 728 1496 815 Pater,
1528 725 1608 813 Fili,
1642 734 1675 796 et
1701 723 1844 819 Spiritus
1877 734 1993 798 sancte
2018 731 2048 799 in

678 845 824 917 saecula.

781 962 932 1033 Eleaans
962 983 1089 1032 nocem.
1158 958 1266 1032 Misce
1303 960 1479 1029 etiamnum
1513 957 1655 1028 Domine
1689 956 1833 1052 hymnos
1869 968 1904 1030 et
1935 960 2049 1032 laudes

676 1076 890 1170 imperfectas
917 1086 1062 1162 nostras,
1089 1096 1164 1146 cum
1191 1072 1343 1147 laudibus
1370 1071 1516 1163 vigilum
1548 1065 1562 1105 ²
1589 1080 1623 1142 et
1646 1071 1856 1164 Angelorum
1884 1075 1940 1167 qui
1966 1098 2048 1170 per-

675 1199 777 1285 petuo
809 1191 997 1283 glorificant
1029 1201 1080 1277 te,
1113 1199 1148 1260 et
1177 1193 1282 1281 Junge
1315 1198 1452 1277 cantus,
1486 1197 1521 1258 et
1552 1186 1702 1283 psalmos
1733 1198 1869 1260 nostros
1900 1189 2048 1262 imbelles

676 1328 750 1377 cum
778 1307 930 1380 cantibus
957 1306 1020 1379 illis
1047 1308 1257 1379 suavissimis
1283 1307 1459 1397 igneorum
1486 1312 1520 1374 et
1546 1301 1761 1398 spiritualium
1793 1303 1965 1395 ordinum,
1998 1311 2048 1401 qui

676 1421 901 1494 indesinenter
927 1421 1061 1494 laudant
1087 1433 1140 1510 te;
1167 1421 1328 1515 simulque
1351 1423 1457 1512 junge
1483 1430 1601 1491 cautus
1626 1422 1787 1491 insuaves
1813 1429 1952 1493 nostros
1978 1446 2049 1494 cum

676 1538 827 1610 cantibus
850 1537 1034 1633 praeclaris
1050 1535 1240 1623 Cherubim,
1268 1540 1322 1630 qui
1345 1557 1419 1607 cum
1435 1538 1555 1607 timore
1573 1534 1771 1606 benedicunt
1793 1533 1864 1621 tibi,
1893 1547 1928 1608 et
1946 1559 2047 1610 voces

678 1663 794 1725 tenues
822 1654 1117 1726 sanctificationum
1145 1662 1352 1739 nostrarum,
1387 1673 1462 1723 oum
1494 1650 1808 1724 sanctificationibus
1842 1657 2047 1725 suavissimis

675 1758 850 1863 Seraphim
884 1791 948 1840 sex
982 1769 1052 1841 alas
1086 1766 1291 1839 habentium:
1326 1768 1380 1861 qui
1413 1777 1465 1837 ter
1498 1765 1704 1838 sanctificant
1737 1777 1790 1853 te,
1827 1764 1957 1839 duabus
1991 1770 2047 1841 alis

677 1891 830 1972 tegentes
857 1883 962 1956 facies
990 1907 1081 1972 suas,
1108 1893 1246 1979 propter
1273 1891 1445 1977 aspectum
1464 1879 1646 1953 terribilem
1661 1890 1767 1952 tuum:
1796 1881 1927 1956 duabus
1944 1896 2047 1957 autem

675 2007 829 2090 tegentes
855 2000 961 2095 pedes
988 2022 1068 2074 suos
1096 1999 1138 2072 ah
1167 1999 1288 2072 ardore
1315 2007 1389 2069 tuo:
1417 1996 1545 2070 duabus
1573 2007 1683 2068 autem
1709 1995 1827 2068 volant
1854 1998 1899 2069 ad
1921 1999 2046 2072 altem-

674 2122 780 2203 trum,
806 2137 896 2187 voce
922 2138 1045 2208 magna
1072 2117 1255 2188 clamantes
1283 2126 1317 2186 et
1343 2114 1501 2185 dieentes.

780 2231 943 2324 Populus.
998 2232 1151 2305 Sanctus.
1776 2297 1782 2305 .

778 2345 954 2419 Sacerdos
986 2348 1180 2419 inclinatus.
1234 2347 1397 2434 Sanctus,
1436 2346 1598 2431 Sanetus,
1634 2343 1777 2416 Sanetus
1812 2366 1871 2433 eS,
1908 2347 2046 2418 Domine

675 2459 896 2551 Sanctorum,
931 2463 1025 2535 Deus
1059 2465 1175 2536 Pater:
1216 2465 1271 2557 qui
1306 2465 1423 2534 misisti
1457 2461 1499 2532 ad
1532 2483 1595 2533 nos
1627 2459 1840 2533 Salvatorem
1871 2462 2045 2533 Dominum

675 2574 857 2665 Christum,
886 2564 941 2672 qui
968 2601 987 2649 a
1015 2587 1048 2650 te
1075 2582 1208 2671 genitus
1236 2588 1289 2649 est
1315 2577 1356 2650 ab
1386 2587 1542 2665 aeterno,
1568 2598 1636 2648 non
1663 2577 1904 2670 temporaliter,
1931 2587 1967 2649 et
1982 2599 2045 2649 na·

673 2700 726 2762 tus
753 2703 806 2764 est
832 2715 877 2763 ex
903 2693 1050 2790 Deipara
1077 2694 1219 2786 Virgine
1250 2694 1378 2782 Maria,
1410 2695 1583 2767 nativitate
1616 2690 1774 2779 hnmana,
1808 2691 1904 2766 Deus
1938 2706 2045 2765 tamen

673 2828 874 2901 permanens
903 2808 1031 2903 absque
1056 2813 1255 2896 mutatione,
1283 2808 1464 2880 seeundum
1492 2815 1662 2894 nonnam,
1690 2818 1747 2878 aut
1772 2829 1965 2902 personam.

777 2923 928 2995 Eteonos
952 2947 1079 2995 nocem.
1134 2925 1199 3011 Qui
1225 2947 1300 2996 cum
1327 2921 1526 3019 perfecisset
1536 2932 1638 2995 totam
1659 2922 1942 3016 dispensationem
1957 2947 2044 2995 suam

674 3038 872 3129 salutarem,
911 3061 1012 3135 supra
1046 3038 1210 3112 humanae
1245 3049 1384 3111 naturae
1410 3038 1651 3124 conditionem,
1687 3050 1826 3134 propter
1856 3062 1943 3126 nos,
1975 3045 2044 3134 ipse

674 3152 823 3226 Verbum
850 3155 960 3243 Deus,
988 3158 1199 3246 incarnatus,
1226 3177 1374 3249 vespere
1401 3154 1459 3225 illo
1492 3175 1557 3248 quo
1590 3153 1733 3226 buturum
1767 3165 1841 3225 erat
1875 3168 1913 3227 ut
1946 3167 2044 3251 pate-
2103 3218 2109 3227 .

673 3281 765 3342 retur
798 3270 1005 3362 voluntarie,
1032 3275 1163 3368 accepit
1187 3293 1307 3367 panem
1339 3263 1353 3305 ³
1380 3291 1585 3342 communem
1613 3274 1647 3341 in
1672 3292 1789 3342 manus
1806 3294 1887 3342 suas
1903 3282 2044 3357 sanctas,

674 3396 709 3456 et
735 3388 861 3476 gratias
882 3409 1014 3480 agens,
1041 3390 1070 3475 's
1095 3387 1286 3474 benedixit,
1312 3394 1334 3469 †
1361 3384 1596 3474 sanctificavit,
1623 3383 1649 3477 †
1675 3396 1710 3456 et
1741 3385 1861 3478 fregit,
1893 3387 2046 3480 deditque

673 3498 793 3571 turbae
820 3524 902 3575 suae
928 3502 1167 3598 Apostolicae,
1194 3513 1228 3573 et
1258 3501 1342 3574 dixit
1376 3502 1417 3573 ad
1452 3523 1522 3574 eos.
1576 3502 1650 3573 lloc
1683 3510 1736 3573 est
1767 3524 1892 3596 corpus
1927 3525 2046 3592 meum,

675 3600 816 3711 accipite
843 3630 877 3690 et
911 3620 1109 3691 manducate
1143 3642 1189 3690 ex
1225 3641 1287 3707 eo,
1326 3624 1341 3655 ⁴
1369 3621 1444 3712 quia
1480 3615 1607 3710 absque
1640 3616 1740 3688 dubio
1773 3616 1853 3688 illud
1885 3617 2046 3709 frangitur

674 3756 737 3829 pro
763 3733 875 3806 mundi
902 3737 987 3823 vita,
1024 3739 1152 3828 eritque
1170 3732 1284 3807 vohis
1320 3745 1354 3806 et
1386 3733 1539 3806 omnibus
1574 3734 1607 3802 in
1642 3754 1697 3803 me
1732 3731 1964 3819 credentibus,
2005 3732 2044 3816 ad

673 3853 941 3945 propitiationem
969 3849 1182 3940 delictorum,
1208 3852 1440 3921 remissionem
1459 3856 1672 3943 peecatorum
1689 3855 1723 3917 et
1738 3850 1842 3918 vitam
1866 3858 2044 3919 aeternam.

777 3966 940 4058 Populus.
994 3968 1113 4040 Amen.

777 4080 963 4152 Sacerdos.
1016 4080 1060 4152 Et
1085 4090 1261 4175 postquam
1289 4083 1546 4166 oneravissent,
1580 4081 1711 4171 accepit
1743 4079 1882 4149 calicem
1916 4083 2045 4153 misttuu

673 4198 754 4268 vino
783 4207 816 4267 et
842 4218 946 4290 aqua,
972 4199 1005 4267 in
1032 4217 1150 4267 manus
1176 4218 1256 4269 suas
1283 4217 1401 4288 puras,
1430 4204 1463 4264 et
1489 4197 1615 4285 gratias
1648 4215 1774 4285 agene,
1809 4200 1830 4275 τ
1863 4192 2045 4283 benedixit,

673 4312 702 4398 †
728 4312 966 4398 sanctificavit,
993 4313 1022 4398 †
1049 4320 1083 4382 et
1109 4309 1198 4382 dedit
1225 4308 1392 4406 discipulis
1420 4313 1507 4396 suis,
1536 4308 1684 4403 dixitque
1718 4308 1759 4380 ad
1794 4331 1873 4382 eos:
1899 4310 1961 4382 llic
1995 4323 2046 4387 est

673 4426 819 4518 Sanguis
845 4449 940 4499 meus
967 4426 1172 4498 Testamenti
1198 4428 1299 4514 novi,
1327 4427 1486 4520 accipite,
1519 4423 1623 4496 bibite
1657 4447 1703 4495 ex
1738 4447 1781 4497 eo
1812 4447 1879 4498 vos
1913 4447 2044 4497 ornnes:

672 4539 800 4636 absque
828 4540 928 4613 dubio
956 4544 1043 4613 enim
1070 4541 1125 4613 ille
1152 4540 1327 4612 effunditur
1353 4562 1413 4634 pro
1445 4538 1556 4610 muudi
1589 4543 1678 4627 vita,
1718 4545 1847 4635 eritque
1879 4540 1978 4613 vobis
2013 4549 2045 4610 et
2076 4596 2081 4615 ,

672 4656 839 4745 omnibus,
868 4660 923 4752 qui
949 4660 983 4728 in
1009 4679 1063 4728 me
1090 4657 1245 4728 credituri
1273 4666 1363 4742 sunt,
1392 4656 1433 4727 ad
1460 4658 1728 4751 propitiationem
1746 4655 1953 4745 delictorum,
1981 4679 2044 4726 re-

672 4774 866 4845 missionem
893 4782 1125 4868 peccatorum,
1153 4782 1187 4844 et
1213 4775 1317 4844 vitam
1345 4782 1525 4844 aeternam.

776 4887 937 4981 Populus.
990 4891 1108 4960 Amen.
