<?xml version="1.0" encoding="UTF-8"?>
<!DOCTYPE html PUBLIC "-//W3C//DTD XHTML 1.0 Transitional//EN"
    "http://www.w3.org/TR/xhtml1/DTD/xhtml1-transitional.dtd">
<html xmlns="http://www.w3.org/1999/xhtml" xml:lang="en" lang="en">
 <head>
  <title>
</title>
<meta http-equiv="Content-Type" content="text/html;charset=utf-8" />
  <meta name='ocr-system' content='tesseract 3.04.00' />
  <meta name='ocr-capabilities' content='ocr_page ocr_carea ocr_par ocr_line ocrx_word'/>
</head>
<body>
  <div class='ocr_page' id='page_1' title='image "./liturgiarumorie00unkngoog/liturgiarumorie00unkngoog_0946.png"; bbox 0 0 4525 6034; ppageno 0'>
   <div class='ocr_carea' id='block_1_1' title="bbox 1338 540 3399 625">
    <p class='ocr_par' dir='ltr' id='par_1_1' title="bbox 1338 540 3399 625">
     <span class='ocr_line' id='line_1_1' title="bbox 1338 540 3399 625; baseline -0.004 0"><span class='ocrx_word' id='word_1_1' title='bbox 1338 548 1491 625; x_wconf 81' lang='lat'><strong><em>232</em></strong></span> <span class='ocrx_word' id='word_1_2' title='bbox 2025 545 2382 625; x_wconf 86' lang='lat' dir='ltr'><strong>LITURGIA</strong></span> <span class='ocrx_word' id='word_1_3' title='bbox 2434 545 2495 621; x_wconf 90' lang='lat' dir='ltr'><strong><em>S.</em></strong></span> <span class='ocrx_word' id='word_1_4' title='bbox 2521 544 2742 622; x_wconf 82' lang='lat' dir='ltr'><strong>,JULII</strong></span> <span class='ocrx_word' id='word_1_5' title='bbox 2792 543 3038 619; x_wconf 86' lang='lat' dir='ltr'><strong>PAPAE</strong></span> <span class='ocrx_word' id='word_1_6' title='bbox 3089 540 3399 619; x_wconf 63' lang='lat' dir='ltr'><strong><em>ROMAM.</em></strong></span> 
     </span>
    </p>
   </div>
   <div class='ocr_carea' id='block_1_2' title="bbox 1545 733 2758 1519">
    <p class='ocr_par' dir='ltr' id='par_1_2' title="bbox 1545 733 2758 1519">
     <span class='ocr_line' id='line_1_2' title="bbox 1548 733 2745 828; baseline -0.003 -23"><span class='ocrx_word' id='word_1_7' title='bbox 1548 735 1870 828; x_wconf 78' lang='lat' dir='ltr'><strong><em>Populus.</em></strong></span> <span class='ocrx_word' id='word_1_8' title='bbox 1974 733 2064 805; x_wconf 91' lang='lat' dir='ltr'><strong><em>Et</em></strong></span> <span class='ocrx_word' id='word_1_9' title='bbox 2114 754 2262 804; x_wconf 89' lang='lat' dir='ltr'><strong><em>cum</em></strong></span> <span class='ocrx_word' id='word_1_10' title='bbox 2320 733 2555 826; x_wconf 88' lang='lat' dir='ltr'><strong><em>spiritu</em></strong></span> <span class='ocrx_word' id='word_1_11' title='bbox 2610 740 2745 802; x_wconf 91' lang='lat' dir='ltr'><strong><em>tuo.</em></strong></span> 
     </span>
     <span class='ocr_line' id='line_1_3' title="bbox 1545 848 2600 934; baseline -0.005 -13"><span class='ocrx_word' id='word_1_12' title='bbox 1545 851 1923 921; x_wconf 71' lang='lat' dir='ltr'><strong><em>Diaconos.</em></strong></span> <span class='ocrx_word' id='word_1_13' title='bbox 2028 848 2104 920; x_wconf 87' lang='lat' dir='ltr'><strong><em>In</em></strong></span> <span class='ocrx_word' id='word_1_14' title='bbox 2156 850 2419 934; x_wconf 82' lang='lat' dir='ltr'><strong><em>timore,</em></strong></span> <span class='ocrx_word' id='word_1_15' title='bbox 2475 856 2600 917; x_wconf 88' lang='lat' dir='ltr'><strong><em>etc.</em></strong></span> 
     </span>
     <span class='ocr_line' id='line_1_4' title="bbox 1548 963 2608 1037; baseline -0.004 -1"><span class='ocrx_word' id='word_1_16' title='bbox 1548 965 1920 1037; x_wconf 73' lang='lat' dir='ltr'><strong><em>Sacerdos.</em></strong></span> <span class='ocrx_word' id='word_1_17' title='bbox 2026 963 2277 1035; x_wconf 88' lang='lat' dir='ltr'><strong><em>Sancta</em></strong></span> <span class='ocrx_word' id='word_1_18' title='bbox 2337 963 2608 1035; x_wconf 87' lang='lat' dir='ltr'><strong><em>sanctis.</em></strong></span> 
     </span>
     <span class='ocr_line' id='line_1_5' title="bbox 1547 1077 2758 1174; baseline -0.004 -23"><span class='ocrx_word' id='word_1_19' title='bbox 1547 1081 1868 1174; x_wconf 76' lang='lat' dir='ltr'><strong><em>Populus.</em></strong></span> <span class='ocrx_word' id='word_1_20' title='bbox 1972 1078 2161 1152; x_wconf 92' lang='lat' dir='ltr'><strong><em>Unus</em></strong></span> <span class='ocrx_word' id='word_1_21' title='bbox 2215 1077 2418 1149; x_wconf 88' lang='lat' dir='ltr'><strong><em>Pater</em></strong></span> <span class='ocrx_word' id='word_1_22' title='bbox 2471 1087 2758 1150; x_wconf 86' lang='lat' dir='ltr'><strong><em>sanctus.</em></strong></span> 
     </span>
     <span class='ocr_line' id='line_1_6' title="bbox 1547 1193 2432 1281; baseline -0.003 -15"><span class='ocrx_word' id='word_1_23' title='bbox 1547 1196 1920 1266; x_wconf 76' lang='lat' dir='ltr'><strong><em>Sacerdos.</em></strong></span> <span class='ocrx_word' id='word_1_24' title='bbox 2027 1193 2241 1281; x_wconf 76' lang='lat' dir='ltr'><strong><em>Unus,</em></strong></span> <span class='ocrx_word' id='word_1_25' title='bbox 2306 1202 2432 1263; x_wconf 85' lang='lat' dir='ltr'><strong><em>etc.</em></strong></span> 
     </span>
     <span class='ocr_line' id='line_1_7' title="bbox 1547 1306 2690 1382; baseline -0.005 0"><span class='ocrx_word' id='word_1_26' title='bbox 1547 1311 1923 1382; x_wconf 68' lang='lat' dir='ltr'><strong><em>Diaconos.</em></strong></span> <span class='ocrx_word' id='word_1_27' title='bbox 2032 1308 2300 1380; x_wconf 83' lang='lat' dir='ltr'>Stemus</span> <span class='ocrx_word' id='word_1_28' title='bbox 2356 1306 2690 1378; x_wconf 86' lang='lat' dir='ltr'><strong><em>decenter.</em></strong></span> 
     </span>
     <span class='ocr_line' id='line_1_8' title="bbox 1548 1420 2755 1519; baseline -0.003 -24"><span class='ocrx_word' id='word_1_29' title='bbox 1548 1425 1870 1519; x_wconf 77' lang='lat' dir='ltr'><strong><em>Populus.</em></strong></span> <span class='ocrx_word' id='word_1_30' title='bbox 1977 1423 2245 1496; x_wconf 89' lang='lat' dir='ltr'><strong><em>Gratias</em></strong></span> <span class='ocrx_word' id='word_1_31' title='bbox 2302 1424 2561 1514; x_wconf 82' lang='lat' dir='ltr'><strong>agimus</strong></span> <span class='ocrx_word' id='word_1_32' title='bbox 2615 1420 2755 1492; x_wconf 76' lang='lat' dir='ltr'><strong><em>tihi.</em></strong></span> 
     </span>
    </p>
   </div>
   <div class='ocr_carea' id='block_1_3' title="bbox 2196 1743 3247 1834">
    <p class='ocr_par' dir='ltr' id='par_1_3' title="bbox 2196 1743 3247 1834">
     <span class='ocr_line' id='line_1_9' title="bbox 2196 1743 3247 1834; baseline -0.004 -19"><span class='ocrx_word' id='word_1_33' title='bbox 2196 1745 2441 1815; x_wconf 79' lang='lat' dir='ltr'><em>Oratio</em></span> <span class='ocrx_word' id='word_1_34' title='bbox 2495 1744 2879 1834; x_wconf 62' lang='lat' dir='ltr'><strong><em>oratiarum</em></strong></span> <span class='ocrx_word' id='word_1_35' title='bbox 2931 1743 3247 1811; x_wconf 76' lang='lat' dir='ltr'><strong><em>actionis.</em></strong></span> 
     </span>
    </p>
   </div>
   <div class='ocr_carea' id='block_1_4' title="bbox 1296 1944 4064 4226">
    <p class='ocr_par' dir='ltr' id='par_1_4' title="bbox 1340 1944 4056 2736">
     <span class='ocr_line' id='line_1_10' title="bbox 1549 1944 4056 2038; baseline 0 -21"><span class='ocrx_word' id='word_1_36' title='bbox 1549 1947 1916 2020; x_wconf 77' lang='lat' dir='ltr'><strong><em>Sacerdos.</em></strong></span> <span class='ocrx_word' id='word_1_37' title='bbox 2025 1948 2292 2020; x_wconf 85' lang='lat' dir='ltr'><strong><em>Gratias</em></strong></span> <span class='ocrx_word' id='word_1_38' title='bbox 2349 1950 2607 2038; x_wconf 82' lang='lat' dir='ltr'>agimus</span> <span class='ocrx_word' id='word_1_39' title='bbox 2661 1944 2777 2016; x_wconf 84' lang='lat' dir='ltr'><strong><em>tibi</em></strong></span> <span class='ocrx_word' id='word_1_40' title='bbox 2830 1946 3119 2018; x_wconf 85' lang='lat' dir='ltr'><strong><em>Domine</em></strong></span> <span class='ocrx_word' id='word_1_41' title='bbox 3170 1944 3355 2015; x_wconf 73' lang='lat' dir='ltr'><strong><em>Deus</em></strong></span> <span class='ocrx_word' id='word_1_42' title='bbox 3411 1959 3667 2035; x_wconf 53' lang='lat' dir='ltr'><strong><em>noster-3</em></strong></span> <span class='ocrx_word' id='word_1_43' title='bbox 3723 1959 3791 2015; x_wconf 75' lang='lat' dir='ltr'><strong><em>et</em></strong></span> <span class='ocrx_word' id='word_1_44' title='bbox 3844 1947 4056 2019; x_wconf 65' lang='lat' dir='ltr'><strong><em>excel-</em></strong></span> 
     </span>
     <span class='ocr_line' id='line_1_11' title="bbox 1340 2059 4052 2159; baseline -0 -27"><span class='ocrx_word' id='word_1_45' title='bbox 1340 2061 1580 2134; x_wconf 87' lang='lat' dir='ltr'><strong><em>lentius</em></strong></span> <span class='ocrx_word' id='word_1_46' title='bbox 1634 2068 1889 2156; x_wconf 85' lang='lat' dir='ltr'><strong><em>gratias</em></strong></span> <span class='ocrx_word' id='word_1_47' title='bbox 1946 2067 2203 2156; x_wconf 83' lang='lat' dir='ltr'><strong><em>agimus</em></strong></span> <span class='ocrx_word' id='word_1_48' title='bbox 2255 2072 2532 2159; x_wconf 84' lang='lat' dir='ltr'><strong><em>propter</em></strong></span> <span class='ocrx_word' id='word_1_49' title='bbox 2584 2065 2805 2133; x_wconf 91' lang='lat' dir='ltr'><strong><em>omnia</em></strong></span> <span class='ocrx_word' id='word_1_50' title='bbox 2857 2059 3180 2133; x_wconf 85' lang='lat' dir='ltr'><strong><em>beneficia</em></strong></span> <span class='ocrx_word' id='word_1_51' title='bbox 3234 2071 3343 2135; x_wconf 76' lang='lat' dir='ltr'><strong><em>lua</em></strong></span> <span class='ocrx_word' id='word_1_52' title='bbox 3399 2087 3567 2155; x_wconf 72' lang='lat' dir='ltr'><strong><em>erga</em></strong></span> <span class='ocrx_word' id='word_1_53' title='bbox 3607 2087 3759 2147; x_wconf 45' lang='lat' dir='ltr'><strong><em>nus..</em></strong></span> <span class='ocrx_word' id='word_1_54' title='bbox 3816 2067 3916 2155; x_wconf 75' lang='lat' dir='ltr'><strong><em>qui</em></strong></span> <span class='ocrx_word' id='word_1_55' title='bbox 3952 2087 4052 2135; x_wconf 67' lang='lat' dir='ltr'><strong><em>nus</em></strong></span> 
     </span>
     <span class='ocr_line' id='line_1_12' title="bbox 1342 2175 4052 2275; baseline -0 -28"><span class='ocrx_word' id='word_1_56' title='bbox 1342 2177 1640 2251; x_wconf 89' lang='lat' dir='ltr'><strong><em>infirmos</em></strong></span> <span class='ocrx_word' id='word_1_57' title='bbox 1718 2191 1785 2250; x_wconf 91' lang='lat' dir='ltr'><strong><em>et</em></strong></span> <span class='ocrx_word' id='word_1_58' title='bbox 1861 2187 2259 2275; x_wconf 79' lang='lat' dir='ltr'><strong><em>peccatores</em></strong></span> <span class='ocrx_word' id='word_1_59' title='bbox 2341 2178 2581 2269; x_wconf 88' lang='lat' dir='ltr'><strong><em>dignos</em></strong></span> <span class='ocrx_word' id='word_1_60' title='bbox 2658 2175 2877 2248; x_wconf 78' lang='lat' dir='ltr'><strong><em>fecisti</em></strong></span> <span class='ocrx_word' id='word_1_61' title='bbox 2959 2175 3343 2249; x_wconf 81' lang='lat' dir='ltr'><strong><em>celebrandi</em></strong></span> <span class='ocrx_word' id='word_1_62' title='bbox 3427 2179 3555 2251; x_wconf 78' lang='lat' dir='ltr'><strong><em>huc</em></strong></span> <span class='ocrx_word' id='word_1_63' title='bbox 3639 2183 4052 2251; x_wconf 72' lang='lat' dir='ltr'><strong><em>ministerium.</em></strong></span> 
     </span>
     <span class='ocr_line' id='line_1_13' title="bbox 1340 2290 4056 2391; baseline 0 -29"><span class='ocrx_word' id='word_1_64' title='bbox 1340 2290 1642 2384; x_wconf 83' lang='lat' dir='ltr'><strong><em>Dignare</em></strong></span> <span class='ocrx_word' id='word_1_65' title='bbox 1694 2306 1766 2365; x_wconf 92' lang='lat' dir='ltr'><strong><em>ut</em></strong></span> <span class='ocrx_word' id='word_1_66' title='bbox 1817 2294 1987 2366; x_wconf 90' lang='lat' dir='ltr'><strong><em>haec</em></strong></span> <span class='ocrx_word' id='word_1_67' title='bbox 2039 2295 2415 2366; x_wconf 91' lang='lat' dir='ltr'><strong><em>communio</em></strong></span> <span class='ocrx_word' id='word_1_68' title='bbox 2486 2290 2987 2365; x_wconf 85' lang='lat' dir='ltr'><strong><em>sacramentalis</em></strong></span> <span class='ocrx_word' id='word_1_69' title='bbox 3062 2295 3275 2387; x_wconf 82' lang='lat' dir='ltr'><strong><em>prosit</em></strong></span> <span class='ocrx_word' id='word_1_70' title='bbox 3339 2295 3535 2367; x_wconf 73' lang='lat' dir='ltr'><strong><em>nubis</em></strong></span> <span class='ocrx_word' id='word_1_71' title='bbox 3603 2295 3687 2367; x_wconf 80' lang='lat' dir='ltr'><strong><em>ad</em></strong></span> <span class='ocrx_word' id='word_1_72' title='bbox 3755 2299 4056 2391; x_wconf 64' lang='lat' dir='ltr'><strong><em>propitia-</em></strong></span> 
     </span>
     <span class='ocr_line' id='line_1_14' title="bbox 1340 2407 4052 2503; baseline 0.001 -26"><span class='ocrx_word' id='word_1_73' title='bbox 1340 2411 1589 2480; x_wconf 85' lang='lat' dir='ltr'><strong><em>tionem</em></strong></span> <span class='ocrx_word' id='word_1_74' title='bbox 1627 2407 2040 2501; x_wconf 81' lang='lat' dir='ltr'><strong><em>delictorum,</em></strong></span> <span class='ocrx_word' id='word_1_75' title='bbox 2082 2420 2150 2482; x_wconf 91' lang='lat' dir='ltr'><strong><em>et</em></strong></span> <span class='ocrx_word' id='word_1_76' title='bbox 2184 2411 2650 2481; x_wconf 87' lang='lat' dir='ltr'><strong><em>remissionem</em></strong></span> <span class='ocrx_word' id='word_1_77' title='bbox 2684 2418 3138 2503; x_wconf 80' lang='lat' dir='ltr'><strong><em>peccatorum,</em></strong></span> <span class='ocrx_word' id='word_1_78' title='bbox 3183 2407 3263 2480; x_wconf 84' lang='lat' dir='ltr'><strong><em>ad</em></strong></span> <span class='ocrx_word' id='word_1_79' title='bbox 3299 2411 3447 2479; x_wconf 76' lang='lat' dir='ltr'><strong><em>fidei</em></strong></span> <span class='ocrx_word' id='word_1_80' title='bbox 3495 2411 4052 2495; x_wconf 60' lang='lat' dir='ltr'><strong><em>*immisit-uinatisanam.J</em></strong></span> 
     </span>
     <span class='ocr_line' id='line_1_15' title="bbox 1344 2522 4052 2614; baseline 0 -20"><span class='ocrx_word' id='word_1_81' title='bbox 1344 2522 1429 2594; x_wconf 84' lang='lat' dir='ltr'><strong><em>ad</em></strong></span> <span class='ocrx_word' id='word_1_82' title='bbox 1467 2522 2010 2597; x_wconf 84' lang='lat' dir='ltr'><strong><em>observationem</em></strong></span> <span class='ocrx_word' id='word_1_83' title='bbox 2044 2525 2504 2597; x_wconf 90' lang='lat' dir='ltr'><strong><em>mandatorum</em></strong></span> <span class='ocrx_word' id='word_1_84' title='bbox 2541 2533 2800 2595; x_wconf 91' lang='lat' dir='ltr'><strong><em>tuorum</em></strong></span> <span class='ocrx_word' id='word_1_85' title='bbox 2840 2534 3243 2614; x_wconf 49' lang='lat' dir='ltr'><strong><em>sanctorum.</em></strong></span> <span class='ocrx_word' id='word_1_86' title='bbox 3295 2535 3363 2595; x_wconf 73' lang='lat' dir='ltr'><strong><em>et</em></strong></span> <span class='ocrx_word' id='word_1_87' title='bbox 3399 2527 3483 2595; x_wconf 76' lang='lat' dir='ltr'><strong><em>ad</em></strong></span> <span class='ocrx_word' id='word_1_88' title='bbox 3519 2535 3811 2599; x_wconf 67' lang='lat' dir='ltr'><strong><em>tutamen</em></strong></span> <span class='ocrx_word' id='word_1_89' title='bbox 3856 2551 4052 2599; x_wconf 73' lang='lat' dir='ltr'><strong><em>curam</em></strong></span> 
     </span>
     <span class='ocr_line' id='line_1_16' title="bbox 1341 2637 4056 2736; baseline -0 -27"><span class='ocrx_word' id='word_1_90' title='bbox 1341 2637 1579 2713; x_wconf 90' lang='lat' dir='ltr'><strong><em>throno</em></strong></span> <span class='ocrx_word' id='word_1_91' title='bbox 1634 2640 1932 2731; x_wconf 72' lang='lat' dir='ltr'><strong><em>terribili,</em></strong></span> <span class='ocrx_word' id='word_1_92' title='bbox 1987 2644 2311 2736; x_wconf 88' lang='lat' dir='ltr'><strong><em>unigeniti</em></strong></span> <span class='ocrx_word' id='word_1_93' title='bbox 2361 2640 2513 2712; x_wconf 92' lang='lat' dir='ltr'><strong><em>Filii</em></strong></span> <span class='ocrx_word' id='word_1_94' title='bbox 2566 2642 2685 2712; x_wconf 86' lang='lat' dir='ltr'><strong><em>tui:</em></strong></span> <span class='ocrx_word' id='word_1_95' title='bbox 2743 2663 2891 2711; x_wconf 86' lang='lat' dir='ltr'><strong><em>cum</em></strong></span> <span class='ocrx_word' id='word_1_96' title='bbox 2947 2662 3077 2735; x_wconf 91' lang='lat' dir='ltr'><strong><em>quo</em></strong></span> <span class='ocrx_word' id='word_1_97' title='bbox 3134 2648 3201 2712; x_wconf 85' lang='lat' dir='ltr'><strong><em>te</em></strong></span> <span class='ocrx_word' id='word_1_98' title='bbox 3255 2639 3451 2711; x_wconf 76' lang='lat' dir='ltr'><strong><em>decet</em></strong></span> <span class='ocrx_word' id='word_1_99' title='bbox 3503 2641 3719 2735; x_wconf 70' lang='lat' dir='ltr'><strong><em>gloria</em></strong></span> <span class='ocrx_word' id='word_1_100' title='bbox 3755 2651 3824 2711; x_wconf 77' lang='lat' dir='ltr'><strong><em>et</em></strong></span> <span class='ocrx_word' id='word_1_101' title='bbox 3860 2641 4056 2711; x_wconf 64' lang='lat' dir='ltr'><strong><em>honor.</em></strong></span> 
     </span>
    </p>

    <p class='ocr_par' dir='ltr' id='par_1_5' title="bbox 1551 2754 2222 2848">
     <span class='ocr_line' id='line_1_17' title="bbox 1551 2754 2222 2848; baseline 0.001 -24"><span class='ocrx_word' id='word_1_102' title='bbox 1551 2754 1876 2848; x_wconf 80' lang='lat' dir='ltr'><strong><em>Populus.</em></strong></span> <span class='ocrx_word' id='word_1_103' title='bbox 1984 2758 2222 2829; x_wconf 88' lang='lat' dir='ltr'><strong><em>Amen.</em></strong></span> 
     </span>
    </p>

    <p class='ocr_par' dir='ltr' id='par_1_6' title="bbox 1555 2870 2202 2943">
     <span class='ocr_line' id='line_1_18' title="bbox 1555 2870 2202 2943; baseline 0.002 -3"><span class='ocrx_word' id='word_1_104' title='bbox 1555 2870 1925 2942; x_wconf 87' lang='lat' dir='ltr'><strong><em>Sacerdos.</em></strong></span> <span class='ocrx_word' id='word_1_105' title='bbox 2032 2873 2202 2943; x_wconf 83' lang='lat' dir='ltr'><strong><em>Pax.</em></strong></span> 
     </span>
    </p>

    <p class='ocr_par' dir='ltr' id='par_1_7' title="bbox 1548 2985 2734 3080">
     <span class='ocr_line' id='line_1_19' title="bbox 1548 2985 2734 3080; baseline 0.002 -24"><span class='ocrx_word' id='word_1_106' title='bbox 1548 2985 1870 3079; x_wconf 79' lang='lat' dir='ltr'><strong><em>Populus.</em></strong></span> <span class='ocrx_word' id='word_1_107' title='bbox 1973 2988 2062 3059; x_wconf 89' lang='lat' dir='ltr'><strong><em>Et</em></strong></span> <span class='ocrx_word' id='word_1_108' title='bbox 2114 3008 2264 3058; x_wconf 90' lang='lat' dir='ltr'><strong><em>cum</em></strong></span> <span class='ocrx_word' id='word_1_109' title='bbox 2320 2988 2548 3080; x_wconf 86' lang='lat' dir='ltr'><strong><em>spiritu</em></strong></span> <span class='ocrx_word' id='word_1_110' title='bbox 2602 2996 2734 3058; x_wconf 89' lang='lat' dir='ltr'><strong><em>tuo.</em></strong></span> 
     </span>
    </p>

    <p class='ocr_par' dir='ltr' id='par_1_8' title="bbox 1552 3102 2406 3188">
     <span class='ocr_line' id='line_1_20' title="bbox 1552 3102 2406 3188; baseline 0.004 -16"><span class='ocrx_word' id='word_1_111' title='bbox 1552 3102 1929 3173; x_wconf 77' lang='lat' dir='ltr'><strong><em>Diaconus.</em></strong></span> <span class='ocrx_word' id='word_1_112' title='bbox 2037 3103 2222 3188; x_wconf 86' lang='lat' dir='ltr'><strong><em>Post,</em></strong></span> <span class='ocrx_word' id='word_1_113' title='bbox 2281 3112 2406 3175; x_wconf 86' lang='lat' dir='ltr'><strong><em>etc.</em></strong></span> 
     </span>
    </p>

    <p class='ocr_par' dir='ltr' id='par_1_9' title="bbox 1550 3215 2372 3309">
     <span class='ocr_line' id='line_1_21' title="bbox 1550 3215 2372 3309; baseline 0.002 -24"><span class='ocrx_word' id='word_1_114' title='bbox 1550 3215 1871 3309; x_wconf 78' lang='lat' dir='ltr'><strong><em>Populus.</em></strong></span> <span class='ocrx_word' id='word_1_115' title='bbox 1979 3215 2230 3290; x_wconf 83' lang='lat' dir='ltr'><strong><em>Coram</em></strong></span> <span class='ocrx_word' id='word_1_116' title='bbox 2284 3228 2372 3287; x_wconf 89' lang='lat' dir='ltr'><strong><em>te.</em></strong></span> 
     </span>
    </p>

    <p class='ocr_par' dir='ltr' id='par_1_10' title="bbox 1296 3331 4064 4004">
     <span class='ocr_line' id='line_1_22' title="bbox 1550 3331 4060 3427; baseline 0.001 -26"><span class='ocrx_word' id='word_1_117' title='bbox 1550 3331 1918 3404; x_wconf 87' lang='lat' dir='ltr'><strong><em>Sacerdos.</em></strong></span> <span class='ocrx_word' id='word_1_118' title='bbox 2028 3333 2199 3418; x_wconf 86' lang='lat' dir='ltr'><strong><em>Quid</em></strong></span> <span class='ocrx_word' id='word_1_119' title='bbox 2269 3341 2374 3403; x_wconf 86' lang='lat' dir='ltr'><strong><em>est</em></strong></span> <span class='ocrx_word' id='word_1_120' title='bbox 2440 3353 2607 3422; x_wconf 88' lang='lat' dir='ltr'><strong><em>ergo</em></strong></span> <span class='ocrx_word' id='word_1_121' title='bbox 2672 3332 2868 3405; x_wconf 89' lang='lat' dir='ltr'><strong><em>nobis</em></strong></span> <span class='ocrx_word' id='word_1_122' title='bbox 2938 3331 3117 3427; x_wconf 90' lang='lat' dir='ltr'><strong><em>quod</em></strong></span> <span class='ocrx_word' id='word_1_123' title='bbox 3188 3335 3631 3407; x_wconf 74' lang='lat' dir='ltr'><strong><em>retribuamus</em></strong></span> <span class='ocrx_word' id='word_1_124' title='bbox 3699 3339 3904 3407; x_wconf 72' lang='lat' dir='ltr'><strong><em>amori</em></strong></span> <span class='ocrx_word' id='word_1_125' title='bbox 3972 3343 4060 3403; x_wconf 73' lang='lat' dir='ltr'><strong><em>iun</em></strong></span> 
     </span>
     <span class='ocr_line' id='line_1_23' title="bbox 1296 3445 4064 3543; baseline -0 -27"><span class='ocrx_word' id='word_1_126' title='bbox 1296 3496 1302 3503; x_wconf 83' lang='lat'><em>-</em></span> <span class='ocrx_word' id='word_1_127' title='bbox 1346 3468 1514 3537; x_wconf 86' lang='lat' dir='ltr'><strong><em>erga</em></strong></span> <span class='ocrx_word' id='word_1_128' title='bbox 1568 3445 1907 3535; x_wconf 77' lang='lat' dir='ltr'><strong><em>homineS,</em></strong></span> <span class='ocrx_word' id='word_1_129' title='bbox 1980 3447 2244 3520; x_wconf 86' lang='lat' dir='ltr'><strong><em>Christe</em></strong></span> <span class='ocrx_word' id='word_1_130' title='bbox 2298 3447 2484 3518; x_wconf 89' lang='lat' dir='ltr'><strong><em>Deus</em></strong></span> <span class='ocrx_word' id='word_1_131' title='bbox 2537 3457 2806 3536; x_wconf 74' lang='lat' dir='ltr'><strong><em>noster,</em></strong></span> <span class='ocrx_word' id='word_1_132' title='bbox 2876 3451 2984 3543; x_wconf 91' lang='lat' dir='ltr'><strong><em>qui</em></strong></span> <span class='ocrx_word' id='word_1_133' title='bbox 3036 3471 3162 3521; x_wconf 89' lang='lat' dir='ltr'><strong><em>nos</em></strong></span> <span class='ocrx_word' id='word_1_134' title='bbox 3217 3451 3455 3519; x_wconf 47' lang='lat' dir='ltr'><strong><em>exules</em></strong></span> <span class='ocrx_word' id='word_1_135' title='bbox 3511 3475 3547 3519; x_wconf 78' lang='lat' dir='ltr'><strong><em>a</em></strong></span> <span class='ocrx_word' id='word_1_136' title='bbox 3603 3455 3816 3543; x_wconf 72' lang='lat' dir='ltr'><strong><em>patria</em></strong></span> <span class='ocrx_word' id='word_1_137' title='bbox 3868 3459 4064 3519; x_wconf 58' lang='lat' dir='ltr'><strong><em>nostra</em></strong></span> 
     </span>
     <span class='ocr_line' id='line_1_24' title="bbox 1344 3543 4060 3658; baseline 0 -27"><span class='ocrx_word' id='word_1_138' title='bbox 1344 3564 1648 3657; x_wconf 80' lang='lat' dir='ltr'><strong><em>pristina,</em></strong></span> <span class='ocrx_word' id='word_1_139' title='bbox 1704 3574 1772 3634; x_wconf 91' lang='lat' dir='ltr'><strong><em>et</em></strong></span> <span class='ocrx_word' id='word_1_140' title='bbox 1826 3562 1935 3635; x_wconf 90' lang='lat' dir='ltr'><strong><em>diu</em></strong></span> <span class='ocrx_word' id='word_1_141' title='bbox 1992 3588 2030 3636; x_wconf 85' lang='lat' dir='ltr'><strong><em>a</em></strong></span> <span class='ocrx_word' id='word_1_142' title='bbox 2086 3573 2154 3634; x_wconf 89' lang='lat' dir='ltr'><strong><em>te</em></strong></span> <span class='ocrx_word' id='word_1_143' title='bbox 2206 3562 2444 3658; x_wconf 89' lang='lat' dir='ltr'><strong><em>procul</em></strong></span> <span class='ocrx_word' id='word_1_144' title='bbox 2497 3562 2718 3636; x_wconf 85' lang='lat' dir='ltr'><strong><em>factos</em></strong></span> <span class='ocrx_word' id='word_1_145' title='bbox 2771 3566 3060 3653; x_wconf 78' lang='lat' dir='ltr'><strong><em>vocasti,</em></strong></span> <span class='ocrx_word' id='word_1_146' title='bbox 3116 3574 3185 3636; x_wconf 89' lang='lat' dir='ltr'><strong><em>et</em></strong></span> <span class='ocrx_word' id='word_1_147' title='bbox 3234 3543 3567 3635; x_wconf 59' lang='lat' dir='ltr'><strong><em>adduxisti</em></strong></span> <span class='ocrx_word' id='word_1_148' title='bbox 3623 3563 3703 3635; x_wconf 74' lang='lat' dir='ltr'><strong><em>ud</em></strong></span> <span class='ocrx_word' id='word_1_149' title='bbox 3743 3563 4060 3635; x_wconf 72' lang='lat' dir='ltr'><strong><em>familiari-</em></strong></span> 
     </span>
     <span class='ocr_line' id='line_1_25' title="bbox 1346 3678 4060 3770; baseline -0.001 -23"><span class='ocrx_word' id='word_1_150' title='bbox 1346 3687 1547 3749; x_wconf 85' lang='lat' dir='ltr'><strong><em>tatem</em></strong></span> <span class='ocrx_word' id='word_1_151' title='bbox 1600 3686 1670 3748; x_wconf 91' lang='lat' dir='ltr'><strong><em>et</em></strong></span> <span class='ocrx_word' id='word_1_152' title='bbox 1716 3678 2019 3750; x_wconf 86' lang='lat' dir='ltr'><strong><em>fiduciam</em></strong></span> <span class='ocrx_word' id='word_1_153' title='bbox 2073 3688 2331 3766; x_wconf 86' lang='lat' dir='ltr'><strong><em>tecum;</em></strong></span> <span class='ocrx_word' id='word_1_154' title='bbox 2388 3688 2456 3749; x_wconf 88' lang='lat' dir='ltr'><strong><em>et</em></strong></span> <span class='ocrx_word' id='word_1_155' title='bbox 2507 3678 2747 3770; x_wconf 87' lang='lat' dir='ltr'><strong><em>dignos</em></strong></span> <span class='ocrx_word' id='word_1_156' title='bbox 2790 3678 3011 3750; x_wconf 85' lang='lat' dir='ltr'><strong><em>fecisti</em></strong></span> <span class='ocrx_word' id='word_1_157' title='bbox 3050 3700 3174 3753; x_wconf 88' lang='lat' dir='ltr'><strong><em>nos</em></strong></span> <span class='ocrx_word' id='word_1_158' title='bbox 3221 3687 3431 3755; x_wconf 75' lang='lat' dir='ltr'><strong><em>vitam</em></strong></span> <span class='ocrx_word' id='word_1_159' title='bbox 3471 3703 3703 3751; x_wconf 67' lang='lat' dir='ltr'><strong><em>veram</em></strong></span> <span class='ocrx_word' id='word_1_160' title='bbox 3739 3691 3799 3751; x_wconf 75' lang='lat' dir='ltr'><strong><em>et</em></strong></span> <span class='ocrx_word' id='word_1_161' title='bbox 3848 3679 4060 3747; x_wconf 71' lang='lat' dir='ltr'><strong><em>laetam</em></strong></span> 
     </span>
     <span class='ocr_line' id='line_1_26' title="bbox 1343 3791 4060 3888; baseline -0.001 -26"><span class='ocrx_word' id='word_1_162' title='bbox 1343 3794 1412 3862; x_wconf 91' lang='lat' dir='ltr'><strong><em>in</em></strong></span> <span class='ocrx_word' id='word_1_163' title='bbox 1484 3791 1821 3864; x_wconf 88' lang='lat' dir='ltr'><strong><em>saeculum</em></strong></span> <span class='ocrx_word' id='word_1_164' title='bbox 1895 3817 1934 3864; x_wconf 94' lang='lat' dir='ltr'><strong><em>a</em></strong></span> <span class='ocrx_word' id='word_1_165' title='bbox 2010 3804 2079 3863; x_wconf 83' lang='lat' dir='ltr'><strong><em>te</em></strong></span> <span class='ocrx_word' id='word_1_166' title='bbox 2150 3794 2621 3888; x_wconf 89' lang='lat' dir='ltr'><strong><em>consequendi.</em></strong></span> <span class='ocrx_word' id='word_1_167' title='bbox 2732 3791 3063 3883; x_wconf 88' lang='lat' dir='ltr'><strong><em>Gloriam,</em></strong></span> <span class='ocrx_word' id='word_1_168' title='bbox 3117 3795 3439 3869; x_wconf 75' lang='lat' dir='ltr'><strong><em>honorem</em></strong></span> <span class='ocrx_word' id='word_1_169' title='bbox 3507 3807 3575 3867; x_wconf 76' lang='lat' dir='ltr'><strong><em>et</em></strong></span> <span class='ocrx_word' id='word_1_170' title='bbox 3643 3799 4060 3867; x_wconf 66' lang='lat' dir='ltr'><strong><em>adorationem</em></strong></span> 
     </span>
     <span class='ocr_line' id='line_1_27' title="bbox 1345 3905 2678 4004; baseline 0.002 -28"><span class='ocrx_word' id='word_1_171' title='bbox 1345 3905 1712 3980; x_wconf 86' lang='lat' dir='ltr'><strong><em>referemus</em></strong></span> <span class='ocrx_word' id='word_1_172' title='bbox 1766 3907 1920 3995; x_wconf 73' lang='lat' dir='ltr'><strong><em>tihi,</em></strong></span> <span class='ocrx_word' id='word_1_173' title='bbox 1974 3908 2289 4004; x_wconf 91' lang='lat' dir='ltr'><strong><em>Patrique</em></strong></span> <span class='ocrx_word' id='word_1_174' title='bbox 2344 3917 2494 3997; x_wconf 73' lang='lat' dir='ltr'><strong><em>tuo,</em></strong></span> <span class='ocrx_word' id='word_1_175' title='bbox 2551 3918 2678 3980; x_wconf 90' lang='lat' dir='ltr'><strong><em>etc.</em></strong></span> 
     </span>
    </p>

    <p class='ocr_par' dir='ltr' id='par_1_11' title="bbox 1553 4021 2694 4095">
     <span class='ocr_line' id='line_1_28' title="bbox 1553 4021 2694 4095; baseline 0.001 -4"><span class='ocrx_word' id='word_1_176' title='bbox 1553 4021 1930 4095; x_wconf 77' lang='lat' dir='ltr'><strong><em>Diaconas.</em></strong></span> <span class='ocrx_word' id='word_1_177' title='bbox 2037 4023 2335 4095; x_wconf 90' lang='lat' dir='ltr'><strong><em>Benedic</em></strong></span> <span class='ocrx_word' id='word_1_178' title='bbox 2386 4024 2694 4095; x_wconf 90' lang='lat' dir='ltr'><strong><em>Domine.</em></strong></span> 
     </span>
    </p>

    <p class='ocr_par' dir='ltr' id='par_1_12' title="bbox 1553 4136 2887 4226">
     <span class='ocr_line' id='line_1_29' title="bbox 1553 4136 2887 4226; baseline -0.001 -18"><span class='ocrx_word' id='word_1_179' title='bbox 1553 4138 1922 4209; x_wconf 84' lang='lat' dir='ltr'><strong><em>Sacerdos.</em></strong></span> <span class='ocrx_word' id='word_1_180' title='bbox 2029 4138 2325 4210; x_wconf 86' lang='lat' dir='ltr'><strong><em>Benedic</em></strong></span> <span class='ocrx_word' id='word_1_181' title='bbox 2381 4136 2706 4226; x_wconf 83' lang='lat' dir='ltr'><strong><em>omnibuS,</em></strong></span> <span class='ocrx_word' id='word_1_182' title='bbox 2763 4149 2887 4209; x_wconf 85' lang='lat' dir='ltr'><strong><em>etc.</em></strong></span> 
     </span>
    </p>
   </div>
   <div class='ocr_carea' id='block_1_5' title="bbox 2204 4476 3309 4526">
    <p class='ocr_par' dir='ltr' id='par_1_13' title="bbox 2204 4476 3309 4526">
     <span class='ocr_line' id='line_1_30' title="bbox 2204 4476 3309 4526; baseline 0 -1"><span class='ocrx_word' id='word_1_183' title='bbox 2204 4476 3309 4526; x_wconf 48' lang='grc' dir='ltr'>ψ</span> 
     </span>
    </p>
   </div>
   <div class='ocr_carea' id='block_1_6' title="bbox 4382 0 4396 5973">
    <p class='ocr_par' dir='ltr' id='par_1_14' title="bbox 4382 0 4396 5973">
     <span class='ocr_line' id='line_1_31' title="bbox 4382 0 4396 5973; baseline 0 0"><span class='ocrx_word' id='word_1_184' title='bbox 4382 0 4396 5973; x_wconf 95' lang='lat' dir='ltr'><strong><em> </em></strong></span> 
     </span>
    </p>
   </div>
  </div>
 </body>
</html>
