4525 6034
677 537 752 614 462
1065 543 1223 623 RITUS
1256 544 1664 625 ouolnnrtottls

782 729 865 802 Cum
893 742 1002 804 autem
1030 742 1155 805 certam
1181 735 1330 805 notitiam
1356 730 1535 805 habeamus
1562 733 1649 807 illius
1673 736 1844 831 proiectus
1867 741 1962 830 juxta
1987 748 2039 810 te·

677 848 864 919 stimonium
893 853 1035 921 omnium
1063 870 1179 921 senum
1208 852 1364 945 quisunt
1391 853 1423 921 in
1450 848 1605 939 deserto,
1642 863 1676 923 et
1710 857 1764 948 qui
1798 876 1874 924 enm
1910 854 1952 925 ad
1982 876 2040 927 nos

678 961 886 1036 adduxerunt
910 964 1014 1037 veluti
1040 964 1193 1058 dignum,
1228 969 1513 1060 testimoniumque
1547 966 1589 1038 de
1622 990 1665 1039 eo
1698 967 1934 1064 perhibuenmt
1966 982 2039 1044 tan-

677 1100 775 1172 quam
815 1080 956 1172 idoneo,
991 1086 1046 1177 qui
1084 1081 1126 1152 ad
1161 1081 1246 1154 hunc
1282 1081 1450 1174 dignitatis
1485 1082 1625 1175 gradum
1660 1093 1893 1158 assumeretur.
1945 1088 2040 1181 Igitur

677 1193 828 1285 adjutore
854 1198 929 1270 Deo
958 1208 1074 1270 autore
1101 1197 1264 1270 honorum
1293 1201 1437 1270 omnium
1464 1202 1519 1293 qui
1545 1199 1647 1291 elegit
1672 1224 1746 1274 eum
1770 1203 1948 1275 secundnm
1973 1227 2041 1276 vo·

677 1315 842 1385 cationem
869 1314 1069 1401 coelestem,
1095 1319 1325 1409 promovimus
1354 1337 1427 1385 eum
1455 1314 1498 1386 ad
1523 1311 1609 1386 hunc
1629 1317 1769 1409 gradum
1782 1316 1940 1390 illustrem
1955 1342 2038 1415 pon-

675 1428 833 1520 tificatus,
859 1440 895 1502 ut
921 1434 963 1502 sit
988 1431 1086 1503 nohis
1113 1442 1209 1525 pater
1235 1442 1268 1502 et
1294 1440 1429 1526 pastor,
1456 1439 1492 1502 ut
1516 1441 1635 1526 pascat
1659 1455 1724 1505 nos
1745 1436 1779 1504 in
1804 1440 1939 1529 pascuis
1954 1435 2036 1508 uhe-

675 1543 767 1616 ribus
805 1545 975 1618 doctrinae
1016 1571 1131 1620 verae.
1191 1547 1319 1619 ldcirco
1359 1544 1568 1620 elevavimus
1609 1572 1683 1620 eum
1724 1549 1766 1621 ad
1797 1553 2037 1623 successionem

674 1657 914 1754 Evangelistae
942 1663 1096 1737 divinitus
1122 1665 1286 1759 loquentis
1313 1667 1421 1735 sancti
1447 1662 1569 1752 Marci,
1602 1674 1636 1736 et
1661 1661 1807 1760 repletus
1841 1677 1894 1739 est
1928 1664 2036 1739 chari-
2150 1669 2152 1672 ’

677 1777 836 1851 smatihus
863 1779 1014 1852 omnihus
1042 1781 1279 1877 spiritualihus,
1306 1791 1340 1852 et
1366 1778 1581 1869 coelestibus,
1608 1803 1653 1852 ex
1673 1804 1738 1876 quo
1756 1784 1885 1876 accepit
1904 1785 2037 1873 gratiam

674 1893 827 1968 Paracliti
854 1919 916 1991 per
941 1919 1047 1969 voces
1073 1897 1310 1995 Apostolum,
1337 1919 1411 1969 cum
1438 1919 1513 1968 eum
1540 1895 1702 1969 induimus
1734 1895 1820 1969 stola
1852 1897 2037 1993 pontificali,

673 2020 753 2083 nutu
774 2011 849 2099 Dei,
877 2021 912 2083 et
933 2013 1172 2109 Apostolorum
1200 2016 1289 2106 ejus:
1317 2023 1506 2086 sanctorum
1534 2012 1781 2106 electorumque
1797 2011 2036 2106 discipulorum:

674 2126 849 2223 laetusque
877 2139 929 2201 est
953 2128 1131 2220 Pontifex,
1165 2140 1281 2226 pastor
1316 2139 1349 2199 et
1376 2128 1511 2216 doctor,
1545 2151 1619 2200 cum
1647 2130 1777 2223 accepit
1808 2126 1907 2199 talem
1939 2137 2035 2222 pote-

674 2254 793 2317 statem
821 2269 840 2316 a
867 2244 942 2319 Deo
968 2244 1067 2338 Rege
1093 2246 1181 2318 coeli
1207 2255 1242 2317 et
1267 2255 1395 2334 terrae,
1423 2243 1658 2336 adligandum
1685 2254 1719 2316 et
1744 2241 1953 2333 solvendum,
1978 2266 2037 2316 or-

675 2359 836 2432 dinandos
863 2360 1070 2457 Episcopus,
1097 2361 1413 2456 constituendosque
1447 2359 1598 2435 Clericos
1630 2361 1672 2433 ad
1706 2365 1778 2454 ejus
1811 2363 2037 2448 sanctuarium,

676 2473 719 2548 ad
750 2478 979 2550 consecranda
1011 2478 1144 2566 altaria,
1172 2489 1206 2550 ει
1232 2477 1275 2549 ad
1301 2477 1471 2550 Encoenia
1498 2477 1723 2552 Ecclesiarnm
1748 2475 2038 2572 Oratoriorumque

675 2590 890 2665 celebranda:
925 2595 1216 2691 exercendamque
1250 2603 1449 2690 potestatem
1476 2617 1574 2689 quarn
1600 2596 1760 2667 Dominus
1794 2601 1910 2664 noster
1944 2593 2037 2664 lesus
2082 2611 2089 2620 ·

675 2708 826 2782 Christus
854 2709 943 2782 dedit
968 2711 1143 2805 Apostolis
1170 2723 1204 2783 et
1230 2709 1398 2806 discipulis
1426 2713 1513 2783 suis:
1541 2722 1575 2783 ut
1602 2719 1789 2803 congreget
1807 2708 1935 2780 electos
1960 2733 2038 2805 my-

642 2828 784 2900 ,stertis
811 2825 987 2920 Ecclesiae
1013 2831 1177 2915 initiatos3
1212 2837 1248 2899 ut
1274 2836 1449 2899 consecret
1479 2827 1605 2924 Myron
1638 2830 1831 2922 mysticum,
1864 2824 2039 2897 secundum

673 2945 866 3038 mysterium
894 2944 1120 3016 venerandum
1148 2944 1277 3016 excelsi
1305 2954 1338 3015 et
1364 2942 1521 3018 coelestis
1548 2947 1714 3035 conjugii,
1746 2962 1810 3037 quo
1847 2951 1966 3013 ornata
1991 2950 2040 3013 est

673 3082 714 3131 ea
742 3082 829 3154 quae
855 3069 997 3132 vocatur
1024 3082 1149 3155 sponsa
1176 3057 1313 3133 Christi:
1340 3069 1376 3131 ut
1401 3059 1549 3132 celebret
1575 3062 1866 3152 regenerationem
1897 3060 1932 3128 in
1958 3058 2039 3153 Spi-

672 3179 736 3247 ritu
763 3188 880 3250 sancto
908 3175 1087 3250 secundum
1115 3188 1329 3274 praeceptum
1357 3175 1479 3250 Christi
1510 3178 1574 3248 Dei
1605 3179 1728 3265 nostri,
1765 3177 1859 3265 cujus
1895 3175 2038 3245 vicarium

671 3291 780 3366 factus
807 3302 877 3380 est,
904 3292 1131 3387 mediatorque
1158 3296 1243 3364 inter
1269 3315 1344 3363 eum
1371 3302 1405 3364 et
1430 3315 1508 3366 nos:
1536 3290 1716 3366 secundum
1743 3290 1893 3363 ordinem
1909 3288 2038 3385 Moysis

671 3411 737 3480 viri
762 3409 848 3498 Dei,
876 3412 930 3503 qui
956 3407 1067 3501 legem
1094 3411 1276 3482 coustituit:
1313 3418 1356 3507 et
1371 3411 1518 3483 Aaronis
1549 3409 1709 3499 Levitae,
1742 3411 1795 3504 qui
1828 3411 2038 3504 praepositus

673 3534 726 3596 est
751 3527 932 3597 ministerio
959 3522 1164 3597 tabernaculi
1190 3527 1378 3600 testimonii.
1431 3525 1636 3599 Constitutus
1652 3527 1777 3621 quippe
1793 3534 1845 3599 est
1859 3529 1894 3596 in
1908 3526 2039 3597 nomine

672 3644 806 3715 Domini
830 3641 912 3715 Jesu
940 3641 1080 3733 Christi5
1106 3642 1320 3738 repletusque
1346 3643 1471 3740 Spiritu
1494 3652 1628 3730 sancto,
1655 3641 1764 3713 lactus
1781 3650 1833 3713 est
1848 3639 1948 3714 homo
1971 3662 2038 3712 no-

672 3780 737 3830 vus
763 3780 825 3853 per
852 3756 1043 3850 dignitatem
1069 3780 1225 3851 magnum
1252 3782 1338 3853 quae
1364 3759 1411 3831 illi
1442 3783 1462 3832 a
1496 3761 1570 3832 Deo
1605 3758 1748 3851 benigne
1780 3780 1943 3830 concessa
1978 3766 2037 3843 est,

672 3879 747 3971 ipso
775 3875 829 3967 qui
855 3874 981 3946 exaltat
1006 3873 1163 3962 humiles,
1190 3878 1275 3948 sicut
1301 3876 1343 3947 de
1370 3887 1520 3949 stercore
1537 3878 1636 3966 erigit
1655 3896 1848 3971 pauperem,
1873 3885 1909 3945 ut
1921 3872 2039 3946 sedere

673 4015 749 4063 eum
775 3990 876 4063 iaciat
901 4014 974 4063 cum
1000 3990 1205 4088 principibus
1232 3994 1344 4090 populi
1378 3997 1439 4065 sui.
1498 3988 1630 4087 Repleti
1660 3993 1770 4084 itaque
1798 4011 1915 4063 sumus
1947 4011 2038 4081 gau·

672 4108 727 4180 dio
754 4118 916 4204 perpetuo
945 4117 978 4179 et
1003 4107 1126 4179 laetitia
1154 4120 1306 4198 aeterna,
1347 4108 1437 4205 quod
1464 4107 1624 4200 elegimus
1652 4128 1726 4178 eum
1760 4105 1925 4177 mediante
1956 4103 2038 4176 lesu

673 4224 805 4298 Christo
833 4222 947 4296 Verbo
975 4222 1101 4297 Patris:
1129 4229 1184 4320 qui
1210 4228 1399 4298 incarnatus
1426 4235 1478 4298 est
1504 4246 1550 4295 ex
1569 4223 1725 4315 Virgine,
1753 4233 1786 4293 et
1806 4220 1905 4293 homo
1931 4218 2038 4291 lachis

671 4352 742 4433 est,
769 4343 960 4437 passionem
993 4344 1164 4432 sustinuit,
1198 4353 1231 4414 et
1263 4354 1413 4415 mortuus
1446 4352 1497 4413 est
1530 4343 1563 4411 in
1589 4361 1708 4428 carne,
1742 4347 1776 4409 ει
1807 4340 2038 4411 resurrexita

670 4460 808 4531 mortuis
835 4460 931 4529 tertia
958 4456 1020 4529 die.
1072 4458 1117 4529 Et
1144 4460 1292 4531 ascendit
1319 4464 1351 4530 in
1378 4456 1509 4531 coelum
1536 4454 1686 4550 seditque
1713 4453 1755 4527 ad
1774 4454 1946 4526 dexteram
1964 4453 2037 4524 Pa-

669 4576 743 4645 tris:
771 4583 805 4644 et
830 4576 918 4646 misit
935 4572 1092 4668 Spiritum
1111 4575 1310 4647 Paraclitom
1337 4596 1439 4669 super
1463 4571 1649 4667 Apostolos
1676 4592 1756 4643 suos
1778 4580 1927 4659 sanctos,
1953 4591 2038 4664 per-

670 4689 817 4786 fecitque
843 4713 924 4779 eoS,
950 4698 986 4760 ut
1013 4692 1118 4762 sancti
1146 4693 1319 4764 essentia
1346 4689 1462 4763 ordine
1489 4688 1692 4761 coelestimn.
1746 4685 1795 4758 llli
1821 4708 1906 4758 vero
1942 4684 2039 4757 ordi-

670 4815 835 4880 naverunt
860 4805 1049 4879 Ecclesiam
1077 4809 1109 4877 in
1137 4829 1342 4902 quocumque
1368 4804 1445 4878 loco
1473 4808 1506 4875 in
1531 4805 1654 4876 unitate
1672 4801 1761 4893 fidei,
1787 4813 1821 4875 et
1843 4823 2039 4894 congrega-

672 4934 792 4994 verunt
818 4946 879 4995 eos
908 4926 962 5018 qui
989 4923 1131 5018 dispersi
1158 4932 1269 5013 erant,
1296 4922 1535 5017 elegeruntque
1561 4921 1697 5015 eosqui
1715 4918 1925 5012 digmeraut,
1951 4938 2037 5015 pro·

671 5037 818 5111 videntia
846 5037 1011 5112 laudabili.
