4525 6034
340 572 381 647 ΙΝ
400 568 583 647 ambitu
601 569 825 647 GENERALEll
841 569 925 646 SIVE
942 566 1149 644 LITURGLAM
1162 563 1428 643 mtfflbrtdtu.
1495 562 1569 637 507

619 843 680 914 12.
722 843 844 915 Oratio
867 864 934 935 pru
959 864 1067 935 pace,
1095 848 1159 912 etc.

309 1055 346 1132 ln
369 1066 509 1128 omnihus
532 1082 629 1146 prope
652 1062 813 1128 codicibus
835 1063 996 1146 Liturgicis
1023 1064 1128 1144 plures
1151 1059 1311 1142 ahquando
1334 1060 1487 1122 orationes
1511 1075 1575 1120 uc-

204 1177 325 1234 currunt
354 1188 412 1250 pro
440 1187 517 1250 pace
548 1167 661 1245 danda,
697 1186 753 1230 seu
782 1167 893 1230 Oscuio
918 1170 1008 1247 pacis
1026 1155 1224 1246 Ἀσπασμῷ,
1252 1171 1285 1226 ut
1314 1163 1422 1226 Graeci
1450 1170 1575 1241 vocant,

203 1289 288 1351 quarn
310 1287 421 1332 uocem
444 1286 505 1331 non
529 1267 667 1349 Coptitae
689 1267 786 1330 solum
808 1269 1014 1345 retinuerunt,
1043 1265 1099 1329 sed
1127 1263 1245 1327 Arabes
1276 1261 1437 1344 aliquando
1469 1261 1575 1324 eadem

203 1377 332 1437 utuntur.
380 1367 542 1431 Orationes
565 1375 664 1429 autem
686 1366 756 1429 illae
779 1384 840 1429 non
863 1384 968 1428 omnes
996 1365 1147 1443 dicuntur,
1171 1364 1225 1427 sed
1253 1380 1313 1426 una
1342 1362 1379 1424 ad
1401 1361 1575 1426 Sacerdotis

203 1468 367 1533 arbitrium.
412 1467 512 1548 Vulgo
542 1474 642 1529 autern
669 1467 768 1528 statim
801 1474 891 1547 atque
921 1463 1065 1527 Osculum
1092 1465 1176 1545 pacis
1204 1462 1305 1526 datum
1332 1469 1394 1539 est,
1426 1460 1576 1525 Praefatio

201 1569 312 1650 incipit,
336 1575 371 1630 et
392 1574 425 1629 ut
447 1567 540 1649 vulgo
562 1566 696 1628 Rituales
726 1565 889 1646 loquuntur
910 1563 1087 1644 Anupborm
1110 1562 1241 1639 Oblatio,
1265 1563 1330 1624 sive
1359 1579 1455 1623 sumu
1476 1560 1575 1624 Actio.

203 1668 274 1731 Cum
297 1674 401 1730 autem
423 1665 584 1728 Orationes
607 1683 663 1747 pro
686 1683 774 1746 pace,
797 1683 853 1746 pro
877 1662 1032 1742 Ecclesia,
1061 1671 1092 1725 et
1122 1663 1188 1745 ejus
1216 1660 1396 1735 Ordinibus,
1428 1668 1489 1723 tum
1518 1680 1576 1744 pro

203 1767 265 1830 aliis
288 1766 434 1848 personis
456 1773 486 1827 et
510 1765 614 1842 rebus,
636 1766 791 1847 proprium
814 1762 894 1842 abbi,
918 1771 949 1825 et
971 1763 1091 1843 quidem
1104 1762 1228 1825 aliarum
1243 1761 1444 1844 liturgiarum
1469 1780 1577 1824 erem-

202 1867 251 1949 plo
274 1866 507 1929 determinatum
530 1865 630 1928 locum
652 1863 792 1937 habeant,
816 1881 944 1945 eumque
972 1863 1138 1945 duplicem:
1169 1879 1277 1943 nempe
1300 1868 1370 1923 ante
1392 1859 1592 1924 oblationem·

203 1984 370 2039 munerum,
394 1973 426 2028 et
448 1972 519 2046 post
540 1964 766 2027 lnvocationem
788 1962 916 2045 Spiritus
939 1964 1047 2038 sancti,
1069 1971 1140 2025 ante
1163 1962 1413 2033 communionem
1436 1961 1577 2042 siugula-

202 2067 243 2128 ris
265 2073 312 2129 est
334 2065 394 2127 hac
417 2065 447 2126 in
470 2073 558 2145 parte
580 2062 780 2145 Aethiopicae
803 2062 916 2126 Missae
947 2062 1116 2143 dispositio,
1140 2062 1227 2144 qu'us
1248 2060 1357 2123 idonea
1387 2060 1465 2121 ratio
1495 2059 1576 2122 nulla

203 2165 344 2227 occurrit
393 2164 437 2226 lta
460 2163 492 2226 tit
513 2171 546 2224 ut
567 2180 629 2224 uon
651 2170 767 2225 temere
790 2161 939 2242 suspicari
961 2164 1122 2244 possimus,
1144 2160 1295 2223 turbatum
1322 2158 1371 2222 hic
1398 2157 1493 2221 fuisse
1519 2177 1577 2241 per

202 2263 410 2327 librariorum
432 2270 484 2326 aut
506 2262 653 2325 editorum
676 2262 830 2340 incuriam,
854 2263 939 2343 cujus
962 2262 1053 2324 multa
1076 2268 1254 2342 argumenta
1276 2267 1354 2321 sunt.

283 2363 341 2426 Est
365 2380 488 2444 quoque
510 2360 701 2424 observanda
723 2379 784 2423 non
808 2360 884 2423 levis
897 2360 1065 2424 differentia
1087 2363 1167 2427 inter
1182 2361 1338 2441 exemplar
1351 2357 1575 2438 Aethiopicum,

201 2462 399 2543 Latinumque
421 2462 600 2524 versionem
620 2463 652 2523 iu
674 2461 788 2523 sanctis
810 2461 1089 2525 commemorandis.
1130 2460 1205 2522 Nam
1227 2460 1258 2522 in
1279 2458 1331 2521 illo
1352 2457 1496 2543 leguntur
1516 2477 1577 2522 no-

203 2564 277 2624 mina
300 2560 434 2624 inlausta
457 2560 570 2643 aliquot
590 2560 811 2639 lacobiturum,
840 2569 874 2623 ut
902 2563 982 2624 inter
1005 2562 1080 2624 alios
1101 2561 1265 2625 barsumae
1287 2559 1417 2623 damnati
1443 2561 1475 2622 in
1503 2558 1578 2622 Cal-

204 2660 390 2735 chedoueusi
414 2660 561 2738 Concilio,
584 2669 615 2723 et
637 2660 751 2740 aliquot
768 2659 1000 2739 Monachorum,
1023 2662 1074 2743 qui
1098 2662 1130 2722 in
1152 2660 1257 2722 eadem
1282 2658 1403 2721 haeresi
1424 2659 1576 2723 vixerunt.

204 2761 261 2824 Sed
283 2760 359 2822 nihil
383 2761 488 2823 mum
511 2761 538 2822 si
561 2759 590 2822 id
620 2760 824 2822 commiseriat
845 2758 1023 2842 Aethiopes,
1046 2778 1113 2822 cum
1136 2758 1208 2821 illud
1230 2761 1309 2823 idem
1331 2759 1494 2822 Barsomae
1516 2775 1577 2820 no-

203 2878 286 2939 meu,
321 2868 357 2922 ut
391 2862 480 2923 etiam
514 2858 670 2922 Philoxeni
702 2866 734 2920 et
767 2857 880 2940 aliquot
913 2860 1039 2922 aliorum
1069 2857 1349 2942 ttonopbysiturum
1377 2859 1516 2937 uomina,
1546 2858 1577 2919 in

204 2958 317 3022 blissali
339 2958 570 3037 Maronitarum,
592 2960 645 3040 qui
666 2954 770 3020 Canon
793 2955 997 3022 orthodoxiae
1020 2976 1090 3021 esse
1113 2957 1252 3035 debehat,
1275 2958 1381 3021 relicta
1404 2958 1472 3021 sint.

231 3255 295 3326 13.·
323 3256 476 3349 Accepit
500 3260 719 3348 panchaeis.
744 3254 872 3342 dicens,
898 3254 967 3324 Hic
982 3250 1090 3346 'ponis
1111 3261 1163 3325 est
1188 3253 1321 3347 Corpus
1342 3275 1458 3342 muru,
1486 3260 1551 3324 etc.

314 3465 376 3543 [ru
399 3483 490 3538 totam
513 3474 590 3537 hanc
612 3483 728 3556 partem
751 3474 883 3539 Canonis
909 3478 940 3539 in
968 3492 1027 3556 qua
1058 3474 1247 3537 consecratio
1277 3474 1450 3555 perficitur,
1480 3476 1579 3537 inter-

205 3581 318 3662 pretari
345 3586 476 3660 oportet,
501 3597 541 3641 ex
564 3578 724 3641 Codicihus
747 3580 944 3662 Aethiopicis,
967 3578 1049 3642 edito
1072 3584 1103 3639 et
1125 3579 1344 3659 manuscriptis.
1381 3577 1414 3640 ln
1436 3578 1579 3641 versione

205 3682 307 3743 Latina
334 3696 423 3760 quam
445 3679 504 3759 ipsi
528 3677 695 3759 Aethiopes
718 3679 886 3755 ediderunt,
909 3680 1004 3742 sorma
1029 3677 1191 3741 verborum
1215 3676 1325 3738 Christi
1347 3676 1478 3741 reiertur
1500 3675 1579 3739 hunc

206 3782 235 3842 in
257 3779 392 3843 modum.
437 3777 503 3839 Hoc
525 3787 572 3840 est
594 3776 713 3858 Corpus
734 3798 841 3856 meum,
864 3780 945 3860 qnod
963 3798 1021 3859 pro
1042 3777 1130 3840 cubas
1153 3777 1291 3839 trudetur
1312 3779 1345 3838 in
1374 3779 1580 3839 recommonens

203 3888 411 3961 pcccatorum.
434 3876 538 3939 Amen.
563 3877 637 3939 Tum
660 3876 854 3961 subjecerunt
876 3879 970 3941 verba
986 3877 1178 3956 Aethiopica,
1202 3875 1323 3940 diversa
1346 3874 1476 3955 abillis,
1501 3895 1579 3957 quae

206 3980 364 4063 liturgiae
387 3975 542 4057 exemplar
564 3976 675 4038 editum
697 3985 919 4059 repraesentat,
942 3996 999 4040 nec
1021 3977 1135 4039 Latinis
1156 3974 1385 4056 respondentia:
1414 3993 1480 4038 naru
1504 3964 1580 4039 ver-

81 4112 86 4127 ·
206 4079 328 4142 lendum
354 4084 432 4138 erat:
455 4075 521 4138 Hoc
543 4083 589 4137 est
603 4073 722 4156 Corpus
742 4097 848 4153 meum,
871 4079 952 4158 quod
971 4097 1029 4157 pro
1046 4075 1301 4155 oobbsranpttnr
1322 4062 1361 4135 τὸ
1383 4065 1467 4162 ὑπὲρ
1489 4064 1581 4154 ὑμῶν

207 4166 384 4256 uiuiparos,
407 4185 439 4239 ut
463 4175 591 4239 hahetur
619 4177 649 4237 in
678 4176 813 4239 omnibus
842 4193 940 4257 prope
963 4174 1106 4258 Liturgiis
1137 4173 1261 4236 Graecis
1292 4182 1323 4236 et
1352 4173 1494 4255 Syriacis.
1546 4174 1581 4237 ln

208 4279 323 4360 aliquot
348 4273 572 4357 exemplaribus
596 4275 735 4338 editionis
758 4275 882 4338 Latinae
916 4275 1094 4337 addiderunt
1116 4274 1282 4355 Aethiopes
1312 4273 1454 4336 monitum
1484 4272 1580 4336 istud:

208 4378 275 4440 Non
297 4384 328 4437 te
350 4383 493 4438 moveant
513 4375 643 4436 candide
663 4373 775 4437 Lector
799 4376 986 4455 eacmpluria
1007 4374 1186 4454 Aethiopica
1215 4373 1295 4454 qaod
1315 4375 1347 4433 in
1368 4374 1408 4433 iis
1436 4374 1581 4453 scriptum

208 4481 249 4541 sit
268 4477 320 4538 hic
344 4476 429 4555 panis
452 4482 499 4537 est
521 4491 633 4554 corpus
660 4493 774 4553 meum,
805 4476 878 4554 qaia
907 4475 1102 4536 coactissimi
1130 4481 1160 4535 et
1187 4473 1424 4535 emendalissimi
1452 4471 1581 4535 Codices

209 4575 408 4657 Coptiturum,
430 4576 496 4639 siae
516 4572 728 4656 Acpyptiorum
749 4592 770 4636 c
792 4574 899 4655 quibua
920 4582 953 4635 ut
973 4575 1108 4635 dicimus
1127 4590 1269 4653 mupnum
1290 4573 1443 4652 reliqionis
1461 4578 1580 4650 purtem

209 4680 345 4756 majores
365 4675 465 4736 nosci
485 4680 676 4753 acceperant,
698 4673 808 4735 hubent
836 4673 901 4736 lloc
929 4680 977 4735 est
1005 4670 1123 4754 Corpus
1153 4689 1261 4735 meum.
1306 4671 1338 4733 ln
1370 4669 1578 4748 manuscriptis

210 4775 338 4838 aliarum
351 4777 553 4860 Liturgiarnm
576 4774 666 4836 lectio
690 4772 795 4835 eadem
818 4779 875 4849 est,
897 4790 933 4835 ac
956 4773 985 4834 in
1008 4772 1131 4856 vulgato
1147 4771 1258 4835 Codice
1281 4770 1372 4846 edito,
1395 4772 1488 4833 etita
1510 4768 1579 4833 illos

210 4893 289 4956 quos
313 4878 342 4939 in
364 4877 544 4959 Aethiopica
568 4873 707 4938 viderunt
728 4871 911 4935 Missionarii
933 4871 1027 4934 rerba
1049 4870 1161 4935 Christi
1182 4876 1429 4951 repraesentasse
1451 4876 1580 4932 testatur

211 4975 352 5039 Baltazar
374 4978 540 5042 'lelleziusz
570 4976 621 5055 qui
645 4973 755 5055 adjecit
785 4990 821 5034 ea
849 4972 1009 5035 occasione
1040 4972 1192 5036 dubitasse
1222 4969 1366 5051 quosdam
1397 4969 1579 5052 Theologus,
1626 4960 1688 5014 ΗΜ·
1708 4959 1826 5032 Wh-

211 5094 251 5138 au
274 5075 334 5139 illis
356 5078 457 5142 verbis
481 5075 672 5142 consecratio
694 5071 903 5155 perficeretur.
955 5071 1093 5156 Arripuit
1115 5089 1274 5136 censuram
1295 5071 1383 5133 istam
1403 5070 1579 5134 Albertinus

265 5214 380 5257 romu
1240 5190 1243 5195 ’
1322 5187 1373 5263 80
1491 5246 1493 5253 ,
