4525 6034
576 575 954 653 latitaturus
987 574 1262 683 aturricus.
1556 580 1608 653 65

227 761 315 824 'udus
336 761 482 824 mistionis
503 759 664 839 inventor,
691 777 710 821 a
739 757 933 822 Christodulo
955 760 1162 841 reprehensus
1191 768 1254 836 est,
1287 759 1344 823 sed
1377 759 1414 823 ad
1446 780 1514 824 eum
1536 770 1609 825 tan-

228 879 318 942 quam
339 861 550 940 Syllanorum,
573 857 633 920 hoc
655 866 703 921 est
726 857 873 940 Syrorum
894 857 1099 921 Jacobitarum
1129 877 1302 941 supremum
1332 859 1505 922 Antistitem
1528 879 1608 941 que-

227 960 292 1023 rcla
315 959 432 1037 delata,
456 977 545 1039 quam
567 959 593 1020 si
615 958 738 1020 viveme
761 956 858 1020 altero
882 957 1036 1040 neglexit,
1060 966 1168 1039 postea
1198 967 1232 1021 ιιι
1254 957 1295 1020 illi
1315 958 1506 1022 satisfaceret
1528 979 1608 1040 ope-

225 1078 293 1121 ram
315 1057 453 1137 dedisse,
476 1058 586 1143 probat
607 1076 646 1120 ea
668 1075 758 1137 quam
780 1056 909 1120 diximus
931 1057 1095 1140 Apologia.
1139 1057 1172 1118 Ιιι
1190 1057 1241 1120 illa
1260 1066 1396 1121 autorem
1411 1078 1446 1122 se
1459 1059 1607 1123 mistionis

226 1160 308 1223 illius
330 1175 393 1220 non
415 1159 571 1241 agnoscit,
594 1175 695 1238 nequo
717 1156 881 1220 versimile
905 1164 954 1219 est
974 1163 1045 1219 tuno
1068 1156 1147 1219 illam
1171 1158 1291 1220 noviter
1312 1156 1407 1220 fuisse
1430 1160 1606 1237 institutam,

227 1257 284 1321 sed
307 1257 498 1338 displicuisse
521 1256 734 1335 Christodulo,
756 1255 838 1338 quod
860 1255 1021 1319 Archiater
1043 1256 1095 1317 ille
1118 1274 1182 1318 rem
1205 1273 1313 1318 novam
1328 1264 1515 1337 attentasset,
1538 1277 1607 1321 cum

228 1357 382 1433 Oblatum,
419 1373 504 1419 moro
541 1355 578 1417 ab
610 1355 750 1418 Ecclesia
783 1354 990 1417 Alexandrina
1025 1354 1148 1417 divorso
1180 1362 1405 1435 praeparatam,
1436 1357 1604 1423 obtulisset.

227 1456 387 1519 Habebunt
409 1457 522 1538 quippo
544 1456 614 1537 Syri
635 1454 792 1517 Jacobitae
814 1455 844 1515 in
866 1452 1009 1535 Aegypto
1030 1454 1154 1515 stabiliti
1176 1452 1330 1517 Ecclesias
1353 1473 1428 1517 suae
1451 1458 1552 1539 gentis
1575 1465 1607 1521 et

228 1564 334 1619 sectae
356 1555 514 1636 proprias,
537 1556 568 1617 in
592 1555 700 1635 quibus
723 1571 810 1617 sacra
833 1570 890 1615 suo
913 1553 972 1614 ritu
995 1551 1160 1629 faciehant,
1183 1552 1367 1629 sinentibus,
1390 1562 1441 1616 aut
1463 1555 1606 1617 dissimu-

227 1655 360 1718 lantibus
383 1654 563 1716 Patriarohis
587 1653 812 1727 Alexandrinis,
835 1652 916 1733 quod
939 1652 978 1714 ob
1002 1653 1109 1716 Severi
1123 1651 1305 1714 Antiocheni
1321 1655 1503 1729 memoriam,
1525 1655 1607 1717 mal·

227 1761 291 1815 tum
313 1752 511 1816 Antiocheais
534 1753 719 1829 tribuerent,
742 1753 793 1833 qui
814 1749 991 1832 frequenter
1014 1753 1043 1812 in
1059 1751 1249 1832 Aegyptum,
1272 1750 1323 1813 ubi
1347 1753 1483 1833 sepultus
1496 1751 1605 1834 fuerat,

227 1850 388 1932 religionis
411 1870 503 1914 causa
526 1851 744 1914 commeabant
790 1849 974 1930 ignorabant
1003 1867 1124 1931 quoque
1157 1849 1295 1913 fortassis
1318 1850 1516 1914 Alexandrini
1545 1854 1607 1917 Pa·

229 1950 370 2013 riarchae
393 1949 521 2013 aliorum
546 1949 751 2012 Jacobitarum
773 1948 970 2030 disciplinam,
993 1958 1026 2012 ut
1048 1969 1088 2012 cx
1111 1949 1169 2012 alio
1193 1949 1343 2012 ilistoriae
1366 1950 1434 2014 loco
1458 1955 1605 2032 agnosci-

227 2069 305 2112 mus.
349 2050 424 2113 Nam
448 2050 615 2131 Gregorius
638 2048 759 2130 quidam
780 2047 982 2111 Armenomm
1005 2049 1189 2127 Patriarcba,
1212 2051 1242 2111 in
1259 2050 1432 2130 Aegyptum
1456 2068 1523 2113 cum
1546 2072 1605 2115 ve-
1670 2050 1733 2104 fflvt·
1760 2051 1832 2105 Pae.
1857 2050 1932 2104 Alea.

228 2151 340 2229 nisset,
363 2167 459 2231 seque
487 2149 691 2212 Jacobitarum
719 2147 807 2210 fidem
836 2148 972 2228 profiteri
995 2156 1123 2211 testatus
1154 2147 1275 2226 fuisset,
1303 2156 1443 2229 tanquam
1473 2148 1511 2211 ad
1541 2170 1605 2214 rem
1632 2154 1660 2205 Ρ·
1678 2136 1740 2188 ¹¹⁶⁰·
1758 2137 1820 2189 492.

228 2268 354 2327 novam,
378 2249 497 2329 sibique
519 2248 604 2328 prius
626 2247 841 2327 incompertam
861 2248 1081 2329 obstupuerunt
1096 2247 1251 2329 Aegyptii.
1285 2247 1367 2310 Fieri
1386 2249 1478 2330 igitur
1500 2251 1607 2331 potuit,

228 2356 260 2410 ut
283 2347 356 2428 quid
378 2348 408 2409 in
433 2346 581 2409 Ecclesiis
601 2347 797 2427 surianorum
819 2347 948 2423 illorum,
967 2347 1048 2408 circa
1070 2345 1245 2409 Oblatarum
1263 2350 1527 2430 praeparationem
1549 2351 1609 2413 ob·

229 2455 421 2526 servaretur,
451 2445 652 2509 Alexandrini
673 2444 866 2508 Patriarchae
887 2445 1072 2530 ignorarint,
1102 2465 1170 2508 cum
1192 2447 1224 2508 in
1254 2447 1322 2510 illos
1344 2450 1515 2529 precarium
1539 2458 1608 2513 tan-

229 2546 402 2625 tummodo,
425 2546 504 2608 siout
526 2545 557 2607 in
579 2545 745 2621 Armenos;
769 2562 831 2607 non
852 2545 974 2626 plenum
997 2551 1028 2606 et
1051 2544 1238 2625 ahsolutum,
1269 2555 1302 2609 ut
1324 2566 1401 2630 erga
1430 2548 1608 2630 Aethiopes,

225 2648 277 2729 jus
300 2646 460 2707 baberent.
506 2644 625 2725 Quippe
649 2645 769 2726 Syriani
791 2644 834 2706 illi
857 2653 887 2707 et
909 2643 1034 2707 Armeni
1069 2662 1129 2705 aon
1159 2653 1259 2707 mma
1287 2645 1485 2725 Patriarchis,
1519 2666 1609 2729 quam
1717 2676 1720 2685 ‚

230 2765 248 2808 a
276 2746 388 2807 Viziris
418 2751 449 2806 et
478 2740 608 2807 Sullanis
646 2743 859 2822 obtinuerunt,
898 2750 931 2805 ιιι
960 2759 1031 2804 suas
1065 2740 1123 2805 sibi
1152 2742 1308 2806 Ecclesias
1338 2744 1452 2808 habere
1485 2745 1607 2811 liceret:

229 2843 395 2907 subiciebat
417 2845 496 2905 enim
519 2861 590 2906 csse
613 2845 642 2905 in
667 2843 775 2906 Aulico
799 2842 965 2904 ministerio
988 2839 1121 2903 scribam
1145 2841 1285 2922 aliquem,
1309 2853 1360 2905 aut
1382 2843 1531 2907 Medicum
1550 2848 1609 2909 ad-

229 2962 356 3019 venam,
379 2943 431 3023 qui
453 2941 627 3005 facultatem
649 2960 667 3005 a
689 2941 876 3023 principibus
898 2940 1081 3021 postularet:
1111 2941 1163 3004 illa
1190 2942 1243 3003 vix
1270 2961 1400 3024 unquam
1429 2945 1608 3025 negabatur.

228 3043 354 3105 Armeni
377 3042 497 3104 Viziros
519 3042 633 3123 aliquot
654 3059 728 3104 suae
751 3042 851 3125 gentis
874 3040 1059 3117 habuerunt,
1086 3048 1119 3101 ut
1149 3040 1343 3119 Bchramum,
1366 3041 1607 3109 Beder-Gcma-
1672 3052 1734 3102 tter.
1761 3050 1834 3104 Patr.
1858 3048 1933 3102 Alce.

228 3142 300 3204 lium
324 3148 356 3203 el
378 3140 471 3217 alios,
495 3159 513 3203 a
536 3141 645 3221 quibus
668 3159 729 3203 non
752 3141 841 3204 modo
864 3148 898 3201 ιιι
918 3139 1073 3201 Ecclesiae
1102 3142 1242 3220 proprias
1271 3141 1434 3216 haberent,
1466 3142 1607 3208 obtinue—
1635 3156 1661 3206 a·
1681 3137 1742 3188 5⁰⁶·
1762 3146 1784 3188 θ’
1802 3152 1853 3203 seq.

228 3249 316 3315 runt;
338 3240 393 3302 sed
417 3240 531 3321 aliquas
553 3241 627 3321 ipsis
651 3239 778 3321 Coptitis
801 3241 988 3321 eripuerunt.
1033 3240 1146 3300 Verum
1170 3239 1246 3302 haec
1269 3240 1339 3303 alibi
1360 3240 1457 3303 fusius
1481 3248 1607 3308 tractata

230 3349 313 3403 sarit:
336 3339 375 3401 de
397 3339 551 3422 Apologia
571 3338 697 3402 loannis
719 3339 799 3401 illius
821 3337 1003 3419 Antiocheni
1028 3338 1090 3419 jam
1113 3356 1211 3419 pauca
1234 3339 1360 3403 dicenda
1383 3349 1464 3405 suat.

315 3438 362 3501 Dc
385 3437 521 3520 Azpmis,
544 3445 575 3500 et
598 3439 782 3501 necessitate
809 3438 896 3518 panis
924 3436 1094 3499 fermentati
1117 3440 1251 3500 continet
1274 3458 1310 3502 ea
1333 3457 1411 3521 quae
1441 3459 1458 3501 a
1481 3439 1606 3515 Graecis
1636 3455 1935 3529 DaAzymisqaidhaec

231 3538 383 3618 sequioris
405 3536 484 3614 aevi,
507 3554 569 3599 non
592 3540 689 3599 minus
721 3536 857 3618 prolixe,
888 3554 976 3616 quam
1004 3536 1131 3598 futiliter
1160 3538 1301 3619 exposita
1331 3547 1416 3617 sunt,
1447 3540 1477 3601 in
1508 3543 1607 3605 multis
1620 3543 1751 3613 Apologia
1769 3548 1907 3601 continear.

232 3638 380 3699 adversus
409 3634 533 3698 latinos
556 3637 693 3717 scriptis,
728 3636 816 3698 editis
847 3642 877 3697 et
905 3636 1124 3717 manuscriptis.
1170 3636 1364 3701 Collectanea
1391 3646 1461 3701 sunl
1491 3641 1609 3703 seilicet

230 3738 420 3800 diversorum
443 3752 550 3798 sacrae
579 3737 755 3815 Scripturas
785 3735 920 3796 locorum
951 3736 1098 3798 adversus
1127 3734 1272 3800 ludaicos
1301 3739 1391 3816 ritus,
1423 3745 1454 3801 et
1480 3739 1607 3820 Azyma,

229 3834 422 3899 dissimulatis
445 3835 515 3915 illis,
540 3838 672 3916 quaein
695 3835 816 3898 illorum
839 3835 1128 3898 commendationem
1151 3835 1188 3897 ab
1202 3836 1367 3899 llumberto
1390 3838 1501 3919 Sylvae
1524 3839 1609 3903 Can-

230 3935 319 3999 didae
342 3941 373 3996 et
395 3934 540 3997 similibus
564 3934 750 3997 Graecomm
774 3934 1001 3996 accusatoribus
1036 3933 1156 4015 objecta
1180 3935 1310 4014 fuerant,
1333 3955 1431 4017 aeque
1459 3939 1608 4020 imperite.

228 4034 445 4115 Adjunguntur
467 4034 638 4096 testimonia
662 4033 802 4117 Gregorii
820 4034 1013 4112 Nazianzeni,
1037 4031 1161 4096 loannis
1174 4033 1394 4116 chrysostomi,
1410 4038 1608 4118 Dionysiique

230 4133 441 4213 Atheniensis,
465 4152 543 4214 quae
566 4131 638 4195 nihil
661 4132 785 4196 adrem
808 4131 931 4197 iaciunt.
955 4131 1046 4195 Extat
1068 4132 1107 4195 de
1129 4132 1236 4195 eodem
1258 4143 1437 4215 argumento
1461 4136 1609 4217 prolixior

230 4233 394 4314 disputatio
416 4232 550 4295 Arabica
572 4234 686 4314 scripta
708 4234 739 4294 in
762 4233 876 4296 Codice
905 4233 1062 4307 Vaticano,
1089 4240 1160 4313 post
1182 4232 1385 4306 Quaestiones
1414 4242 1445 4296 et
1466 4234 1607 4315 Respon-

229 4334 335 4396 siones
359 4332 460 4396 vemas
484 4333 567 4396 circa
588 4331 824 4412 Eucharistiam,
853 4350 932 4413 quae
954 4332 1094 4394 dicuntur
1122 4330 1220 4394 factae
1247 4334 1410 4394 secundam
1440 4335 1609 4396 doctrinam

229 4431 390 4495 Ecclesiae
413 4429 567 4511 Coptiooe,
603 4433 738 4512 quamvis
768 4450 820 4495 ex·
839 4431 1017 4495 Orthodoxo
1047 4433 1148 4515 potius
1176 4431 1277 4512 aliquo
1307 4433 1458 4514 scriptore
1488 4434 1607 4496 Graeco

228 4531 395 4593 translatae
418 4530 586 4595 videantur.
632 4530 708 4591 Nam
729 4531 809 4594 inter
844 4532 1013 4594 testimonia
1042 4531 1123 4593 circa
1153 4530 1361 4595 Eucharistiae
1388 4531 1493 4609 fidem,
1523 4529 1609 4593 refe-

228 4636 339 4691 runtur
360 4629 464 4692 ultima
487 4631 586 4711 capita
610 4628 677 4691 libri
699 4629 825 4692 loannis
848 4629 1026 4692 Damasccni
1050 4629 1088 4692 de
1110 4629 1185 4692 Fide
1209 4629 1395 4693 Orthodoxa.
1428 4630 1477 4693 Aa
1500 4631 1609 4711 dispu-

228 4728 305 4790 tatio
329 4728 367 4791 de
381 4728 506 4810 Azymis
529 4727 567 4791 ad
591 4736 726 4791 autorem
749 4732 839 4792 totius
856 4729 969 4810 operis,
992 4736 1043 4790 aut
1057 4727 1232 4791 adulterum
1256 4731 1425 4811 quempiam
1447 4728 1609 4793 referenda

230 4830 287 4905 sit,
319 4829 392 4890 sciri
425 4830 477 4889 vix
510 4836 620 4909 polest.
675 4826 792 4890 Dicitur
821 4836 920 4891 autem
950 4827 1027 4891 facta
1057 4826 1322 4909 Constantinopoli
1352 4847 1408 4909 pro
1436 4828 1609 4891 Patriarcba

232 4925 391 5002 Michaele,
415 4944 494 4989 anno
517 4926 685 4991 Alexandri
707 4925 906 4993 mccctxv.
930 4928 1093 5008 Martyrum
1110 4925 1252 4992 DCCLX.
1269 4927 1400 5009 llegirac
1414 4916 1607 4992 CCCCXlV.

230 5028 283 5107 qui
306 5044 401 5088 annus
424 5026 592 5108 respondet
605 5044 692 5089 ‘anno
714 5026 743 5090 J.
761 5024 796 5090 C.
813 5026 916 5089 lllLlll.
939 5035 971 5089 ut
995 5025 1071 5087 alter
1089 5025 1268 5102 Alexandri,
1291 5044 1347 5088 seu
1370 5025 1608 5108 Seleucidarum,
1659 5068 1663 5073 -
