4525 6034
601 589 654 664 lu
672 587 878 663 luendum
895 585 1087 662 torriculi
1104 584 1135 660 S.
1157 501 1301 661 BASlill
1560 583 1638 657 207

266 782 386 837 vetusta
408 774 626 837 consuetudine
638 795 647 849 3
671 791 739 834 nam
760 774 831 836 olim
854 778 968 834 stantes
996 778 1027 834 et
1056 772 1200 851 expansis
1230 771 1367 834 manibus
1398 770 1524 833 orabant
1546 767 1638 833 Chri-

266 875 376 952 stiani,
399 882 432 935 ut
454 893 495 936 ex
515 874 615 936 multis
637 874 836 936 monumentis
858 879 985 952 apparet
1007 887 1085 951 quae
1107 871 1219 950 passim
1241 869 1354 933 Rornae
1376 877 1480 933 extant
1501 872 1533 931 in
1552 870 1640 933 blor-

268 983 371 1055 tprum
394 974 602 1051 caemeteriis,
627 991 753 1054 quorum
776 972 866 1034 multa
890 971 969 1053 typis
995 968 1146 1049 descripta
1169 977 1239 1031 sunt
1261 972 1291 1032 in
1313 971 1407 1033 Roma
1430 971 1638 1034 subterranea.

264 1073 316 1136 Ea
338 1075 453 1136 ratione
476 1074 600 1135 vetitum
623 1080 671 1134 est
692 1072 879 1153 Apostolicis
902 1077 932 1132 et
954 1069 1020 1130 aliis
1044 1069 1173 1149 antiquis
1201 1070 1382 1150 canonibus,
1410 1087 1450 1131 ne
1476 1068 1640 1132 Dominicis

267 1181 305 1236 et
326 1182 389 1235 toto
412 1171 547 1235 Pascbali
569 1179 705 1252 tempore
728 1190 830 1253 genua
847 1171 1052 1232 flecterentur.
1102 1166 1149 1230 De
1178 1170 1275 1231 veteri
1305 1187 1388 1231 more
1418 1169 1456 1230 ad
1485 1168 1641 1232 Orientem

266 1272 436 1353 aspiciendi
459 1273 537 1334 inter
559 1270 722 1348 orandum,
745 1279 873 1333 testatur
886 1268 1012 1331 Basilius
1025 1268 1064 1330 de
1081 1268 1193 1349 Spiritu
1211 1278 1334 1349 sancto,
1358 1277 1449 1349 atque
1468 1268 1550 1331 ilium
1564 1271 1642 1332 inter

267 1372 451 1434 traditiones
474 1388 535 1433 non
557 1372 687 1451 scriptas
710 1377 860 1433 recenset.
904 1370 1003 1431 Autor
1031 1368 1244 1441 Quaestionum
1275 1369 1312 1431 ad
1343 1367 1536 1430 Ortbodoxos
1564 1370 1643 1432 inter

269 1489 371 1551 opera
391 1471 500 1533 lustini
523 1479 639 1552 quaest.
665 1468 737 1533 118.
761 1467 962 1532 Tertullianus
985 1470 1015 1530 in
1037 1467 1251 1551 Apologetico.
1274 1467 1354 1550 Aug.
1379 1468 1399 1530 l.
1429 1471 1475 1534 1⁰.
1506 1469 1544 1532 de
1573 1488 1643 1532 ser-

266 1588 365 1632 mone
386 1570 503 1631 Domini
525 1570 555 1631 in
577 1577 696 1647 monte,
719 1589 787 1631 cum
808 1569 851 1630 ad
872 1567 1033 1630 Orationes
1054 1575 1185 1644 stamus,
1207 1569 1251 1630 ud
1263 1567 1414 1630 Orientem
1427 1571 1644 1631 convenimur:

268 1675 400 1750 praeter
425 1669 614 1731 recentiores
647 1670 842 1746 innumeros,
880 1675 1032 1749 totamque
1066 1668 1222 1748 utriusque
1249 1667 1407 1729 Ecclesiae
1443 1667 1642 1731 traditionem.

267 1768 343 1830 Vid.
367 1767 504 1850 Hugonis
526 1766 662 1830 blenardi
684 1775 772 1829 notas
799 1767 838 1829 ad
859 1766 981 1829 Librum
1009 1766 1270 1829 Sacramentorum
1298 1767 1329 1830 S.
1361 1766 1511 1847 Gregorii.
1555 1766 1645 1830 Adde

173 1926 179 1937 ,
264 1868 426 1950 Liturgias
448 1875 571 1929 veteres
602 1867 735 1930 Graecas
766 1885 891 1944 omnes,
920 1864 1044 1942 iacobi,
1073 1865 1189 1945 Basilii,
1219 1864 1446 1947 chrysostomi,
1479 1867 1585 1945 llarci,
1613 1873 1645 1928 et

268 1967 445 2030 Orientales
468 1967 683 2047 cujuscumque
706 1966 837 2047 linguae.
860 1965 906 2027 De
929 1983 967 2026 eo
989 1966 1049 2026 ritu
1071 1963 1253 2027 Ebnassalus
1270 1966 1313 2028 ‚in
1341 1963 1527 2027 Collectionc
1557 1967 1645 2046 prin-

268 2068 423 2147 cipiomm
453 2065 524 2128 fidei
552 2083 618 2146 cap.
650 2064 699 2127 13.
729 2073 759 2126 et
781 2063 866 2126 labia
896 2066 961 2127 sive
983 2063 1117 2126 loannes
1149 2063 1227 2126 lilius
1255 2064 1301 2127 lsa
1331 2062 1516 2145 Girjanensis
1547 2063 1583 2125 ab
1607 2081 1645 2127 eo

268 2166 436 2244 laudatus,
468 2164 640 2228 Abulledail
670 2164 855 2228 Ebnassslus
892 2164 1040 2246 praedicti
1074 2164 1170 2226 frater
1204 2166 1233 2226 in
1268 2163 1423 2227 Canonum
1460 2163 1647 2227 Collectione

269 2283 346 2346 cap.
370 2265 422 2327 15.
443 2265 575 2327 Antores
598 2266 739 2344 anonymi
761 2266 854 2342 varii,
882 2265 1076 2342 Abulbircat,
1105 2263 1270 2326 Abusebab
1293 2264 1437 2327 Tractatu
1460 2262 1498 2326 de
1521 2263 1648 2326 scientia

273 2364 517 2442 Ecclesiastico,
540 2365 651 2426 Amrus
673 2363 805 2426 blatbaei
826 2364 903 2426 lilius
925 2364 1134 2441 Nestorianus,
1157 2364 1208 2444 qui
1222 2364 1317 2426 fusius
1338 2365 1377 2426 dc
1392 2364 1450 2426 hoc
1471 2372 1649 2446 argrunento

271 2470 397 2525 tractat.
442 2463 598 2546 Originem
625 2482 700 2525 vero
729 2465 839 2544 repetit
866 2481 940 2526 usus
969 2463 1075 2526 orandi
1102 2464 1140 2526 ad
1169 2463 1338 2542 Orientem,
1367 2463 1405 2525 ab
1434 2462 1569 2541 Adamo,
1597 2463 1649 2542 qui

272 2562 421 2643 paradiso
444 2563 559 2644 pulsus,
582 2581 649 2626 curn
671 2563 728 2626 sub
751 2582 911 2644 vesperam
933 2571 1057 2645 pararet
1079 2581 1114 2625 se
1137 2562 1175 2625 ad
1197 2565 1374 2642 orationem,
1396 2563 1470 2626 vidit
1483 2563 1520 2625 nd
1534 2562 1648 2625 Orien-

277 2671 343 2724 tem
368 2664 447 2725 circa
471 2663 570 2726 locum
592 2662 740 2744 paradisi,
764 2663 861 2726 lucem
883 2680 1030 2746 magnam.
1074 2663 1263 2726 Patriarcbas
1293 2664 1402 2726 deinde
1431 2674 1546 2726 morem
1569 2664 1648 2725 bunc

273 2780 421 2824 servasse
443 2762 564 2841 scribit,
587 2771 693 2842 postea
713 2762 899 2843 ilpostolos:
923 2764 1020 2825 omnia
1050 2763 1155 2825 altaria
1185 2765 1274 2827 etiam
1304 2765 1507 2845 antiquissima
1535 2764 1649 2826 Antio-

274 2859 419 2925 obiacet
446 2862 605 2925 Modainse
634 2862 671 2925 ad
701 2862 854 2926 Orientem
885 2881 974 2925 versa
1004 2862 1107 2925 fuisse.
1138 2863 1182 2925 Ea
1212 2881 1304 2943 porro
1333 2863 1560 2945 qualiacumque
1589 2865 1650 2925 sint

272 2962 474 3041 reperiuntur
494 2963 606 3042 passirn
628 2963 659 3024 in
681 2961 765 3025 libris
788 2962 1007 3036 Orientalibns3
1034 2961 1091 3024 sed
1112 2962 1310 3048 Nestorianus
1339 2971 1428 3026 autor
1453 2964 1521 3046 plus
1551 2962 1649 3026 adbuc

275 3077 395 3140 operae
417 3061 577 3142 impendit,
601 3063 671 3141 quia
693 3080 760 3124 curn
782 3062 875 3145 vulgo
897 3062 1069 3125 Nestoriani
1091 3080 1125 3125 se
1144 3062 1332 3130 Christianos
1348 3064 1518 3126 Orientales
1541 3048 1651 3143 appel-

274 3160 338 3222 lari
360 3160 470 3239 velint,
492 3160 530 3224 ad
553 3180 626 3223 sune
655 3170 759 3224 sectae
786 3162 961 3245 dignitatem
989 3163 1145 3242 pertinere
1175 3163 1335 3227 arbitratus
1368 3172 1414 3226 est
1443 3164 1541 3226 omnia
1571 3179 1650 3244 quae

277 3258 322 3321 ad
340 3258 469 3322 Orientis
490 3259 636 3323 bonorem
658 3269 797 3342 spectare
820 3261 1003 3323 riderentur.
1738 3243 1740 3256 ’

698 3583 861 3672 Sanctus,
888 3584 1051 3674 Sanctus,
1078 3585 1235 3657 Sanctus.
1700 3613 1730 3667 Ρ.
1753 3615 1795 3666 13.
1814 3614 1831 3669 t
1848 3616 1894 3667 2⁵.

373 3825 503 3903 Hmmus
526 3839 697 3902 notissimus
721 3841 771 3920 qui
793 3841 824 3901 in
846 3841 982 3904 omnibus
1003 3842 1151 3906 Ecclesiis
1173 3843 1321 3907 hocloco
1344 3845 1476 3920 cauitm,
1504 3851 1535 3905 et
1562 3861 1650 3924 quem
1693 3838 1732 3893 ⁰⁰
1748 3838 1893 3908 ¹¹t¹¹¹¹¹⁰l⁶r
1906 3840 1976 3892 δω-

282 3941 395 4003 Graeci
416 3933 573 4004 ἐπινίκιον
601 3942 772 4024 appellant,
795 3951 827 4006 ut
847 3944 968 4008 Arabes
991 3947 1097 4024 etiam,
1121 3945 1229 4010 eodem
1251 3965 1352 4010 sensu.
1389 3947 1464 4009 Nam
1485 3955 1519 4009 ut
1540 3946 1651 4011 Goario
1665 3935 1727 3980 ω’·

280 4049 317 4104 et
339 4040 404 4102 aliis
427 4040 635 4121 observatum,
657 4052 785 4123 quatuor
808 4042 934 4125 hymnos
957 4045 1066 4108 Graeci
1087 4046 1289 4129 distinguunt,
1311 4047 1506 4131 Angelicum,
1531 4046 1652 4110 Cberu-

279 4141 404 4217 bicum,
429 4139 598 4223 Trisagium
620 4151 651 4204 et
680 4142 761 4204 illum
791 4143 1021 4226 Triumphalem.
1073 4145 1160 4224 Illos,
1190 4164 1258 4209 curn
1281 4149 1451 4210 accuratius
1478 4148 1652 4228 loquuntur,

281 4240 546 4321 distinguuntzita
567 4249 600 4303 ut
622 4241 789 4327 Angelicus
812 4245 851 4305 sit
873 4245 1031 4306 Gloriam
1054 4248 1202 4309 excelsis:
1226 4246 1431 4325 Cherubicus,
1454 4249 1505 4328 qui
1527 4246 1654 4309 babetur

281 4342 315 4401 in
338 4337 526 4420 Eucbologio
549 4359 578 4421 p.
603 4341 676 4405 106.
699 4343 862 4423 incipitque
885 4343 922 4405 ab
945 4344 1004 4406 illis
1026 4345 1129 4409 verbis
1164 4338 1204 4409 Oi
1231 4333 1274 4409 τὰ
1303 4343 1461 4433 χερουβ1μ
1487 4342 1654 4424 μυστικῶς

281 4430 501 4514 εἰκονίζονιες.
554 4439 614 4515 Orci
635 4439 786 4504 Cberrtbm
806 4446 930 4525 mystice
951 4435 1195 4525 repraesentabat:
1226 4447 1380 4529 trisagius
1402 4448 1428 4510 is
1451 4448 1575 4527 proprie
1604 4448 1653 4527 sit,

283 4538 337 4619 qui
366 4537 405 4598 ita
436 4539 620 4618 concipitur,
653 4541 785 4603 Sanctus
809 4539 910 4619 Deris,
938 4544 1070 4607 Sanctus
1095 4545 1201 4625 fortis,
1229 4555 1284 4610 etc.
1334 4546 1531 4627 Triumphalis
1562 4564 1653 4626 vero,

282 4639 312 4699 is
334 4637 366 4696 in
388 4654 449 4717 quo
472 4637 651 4720 explicueris
674 4658 786 4703 sumus.
831 4643 988 4723 Attamen,
1017 4653 1050 4706 ut
1080 4644 1145 4725 ipse
1170 4644 1297 4709 Goarius
1326 4648 1481 4729 agnoscit,
1507 4663 1569 4709 non
1594 4654 1655 4709 tam

283 4743 371 4797 certa
405 4744 454 4798 est
489 4737 538 4799 illa
568 4737 739 4818 distinctio,
776 4743 846 4822 quin
877 4744 966 4806 etiam
1003 4744 1129 4827 hymnus
1161 4738 1334 4822 ἕπινίκιος,
1370 4754 1401 4809 et
1428 4745 1594 4828 Angelicus
1624 4752 1656 4811 et

287 4835 498 4916 Cberubicus,
521 4839 581 4900 imo
605 4847 636 4901 et
664 4830 828 4925 τριςᾰγιος
850 4844 1059 4923 appellatura
1088 4845 1304 4926 probatissimis
1331 4847 1537 4928 scriptoribus.
1582 4851 1656 4913 Earn

285 4936 468 4998 sententiam
489 4938 646 5002 confirmat
676 4940 775 5004 multis
805 4950 940 5006 autorum
967 4945 1144 5007 testimoniis
1172 4945 1299 5010 Carolus
1327 4945 1494 5010 Fraxineus
1522 4947 1656 5033 Congius

284 5035 317 5094 in
341 5034 494 5098 Glossario
518 5038 805 5122 Graeco-barbaro,
829 5059 907 5106 voce
922 5031 1046 5121 Ὕμνος.
1070 5048 1131 5108 lnro
1155 5052 1185 5108 et
1207 5044 1388 5127 Serapbicus
1401 5047 1571 5130 appellatur
1590 5052 1657 5115 sive
