4525 6034
721 623 771 699 DE
787 621 931 698 LIIIGUA
949 617 1121 697 COPTICA.
1389 636 1392 642 ·
1502 614 1610 689 CXIII

245 810 476 902 inscrIbuntur,
504 811 589 883 adeo
614 807 784 883 Arabihus
810 812 917 901 ignoti
942 805 1094 895 luerunt,
1121 817 1157 878 ut
1181 829 1225 878 ne
1246 806 1376 903 quidem
1396 806 1509 878 literas
1531 828 1608 877 esse

245 931 446 1002 intellexisse
470 927 655 1001 videantur.
708 925 795 1015 Alii,
812 925 938 1019 ‘quales
964 922 1055 994 multi
1083 934 1260 996 occurrrmt
1292 927 1325 994 in
1356 922 1448 997 libris
1483 946 1609 995 receu-

244 1044 394 1135 h'oribus,
433 1053 467 1115 et
499 1042 616 1138 quihus
650 1047 835 1115 incantatus
871 1039 975 1114 luisse
1010 1041 1142 1113 videtur
1168 1040 1375 1131 libeberos,
1415 1064 1461 1111 ex
1492 1063 1607 1112 eorum

242 1184 368 1256 genere
394 1170 469 1233 sunt
495 1163 551 1255 qui
576 1163 611 1232 in
635 1159 752 1252 figuris
778 1156 1010 1229 Talismanicis
1038 1155 1250 1247 adhibentur,
1276 1157 1379 1228 fictitii
1404 1155 1554 1252 plerique
1575 1165 1609 1224 et

241 1287 410 1365 recentes,
437 1300 513 1348 cum
538 1278 754 1371 antiquissimi
782 1276 925 1346 omnium
953 1275 1035 1363 sint,
1062 1276 1117 1368 qui
1143 1275 1284 1364 gemmiS
1316 1284 1372 1344 aut
1396 1272 1525 1343 IaminIs
1552 1274 1609 1340 in-

241 1393 445 1483 scribuntur,
471 1402 505 1464 et
530 1392 577 1464 illi
601 1400 637 1463 ut
663 1391 835 1487 plurimum
862 1411 930 1460 non
956 1398 1107 1461 veterum
1133 1390 1396 1485 Aegyptiomm,
1424 1388 1483 1481 sed
1503 1388 1608 1460 Basi-

240 1510 434 1582 Iidiauorum
452 1519 535 1581 sunt
588 1510 625 1582 In
652 1507 702 1579 his
719 1506 916 1606 ’Ἁβραξας,
942 1502 1022 1595 idm,
1043 1506 1194 1601 χνοῦβι,
1222 1514 1256 1576 et
1283 1504 1347 1576 alia
1372 1506 1445 1596 ejus
1472 1508 1606 1598 generis

240 1624 384 1698 barbara
415 1628 564 1714 nomina,
598 1626 867 1718 superstitionem
899 1622 1086 1715 significant
1116 1624 1331 1717 Aegyptiace
1365 1625 1472 1693 veteri
1506 1621 1609 1713 longo

239 1738 471 1814 recentiorem.
524 1739 701 1812 Obeliscos
729 1760 772 1809 an
803 1749 897 1810 recte
930 1738 1152 1834 explicaverit
1184 1736 1330 1832 Oedipus
1363 1740 1609 1833 Aeggptiacus,
1656 1752 1685 1805 ι.
1702 1753 1743 1804 rr.
1758 1771 1785 1821 p.
1803 1753 1861 1804 ror.
1881 1754 1931 1804 ur.

238 1862 371 1930 nescire
397 1879 461 1930 uos
487 1855 629 1928 fatemur
653 1858 816 1947 ingenue,
844 1858 995 1948 quamvis
1023 1854 1198 1926 admodum
1225 1853 1354 1925 difficile
1381 1856 1553 1949 quisquam
1576 1858 1609 1924 in
1626 1838 1706 1890 Μ’·

240 1979 383 2046 animum
408 1972 560 2062 inducat,
589 1968 852 2043 Constantiniani
878 1972 1125 2065 inscriptionem
1156 1970 1272 2041 melius
1299 1968 1340 2040 ab
1360 1968 1521 2042 liirchero
1551 1974 1609 2040 in-

240 2097 455 2187 terpretatam
479 2087 604 2179 luisse,
639 2111 736 2183 mum
764 2087 805 2159 ab
834 2086 1059 2183 Hermapione
1093 2083 1270 2182 quodam,¹
1290 2089 1384 2178 cujus
1416 2088 1609 2159 versionem

240 2206 372 2279 Graece
420 2204 579 2276 historiae
613 2226 694 2277 suae
726 2206 863 2275 inseruit
897 2204 1091 2275 Ammianus
1130 2203 1354 2275 Marcellinus.
1415 2202 1539 2274 Verum
1581 2206 1609 2275 si

236 2321 367 2393 felicius
400 2319 563 2392 Kirchero
600 2324 787 2409 successit,
826 2342 948 2412 magna
982 2341 1122 2416 prorsus
1163 2323 1195 2391 ei
1237 2318 1310 2391 laus
1345 2317 1502 2409 debetur,
1544 2342 1611 2392 non

238 2436 403 2534 Copticac
429 2437 564 2530 linguae
591 2446 648 2508 aut
671 2434 827 2510 ArahIcis
855 2437 1092 2532 scriptoribus,
1118 2441 1153 2508 in
1175 2434 1291 2531 quihus
1305 2434 1504 2531 praesidium
1520 2457 1610 2507 uan-

240 2558 323 2627 cisci
349 2553 473 2626 nullum
498 2556 620 2649 potuit,
648 2563 684 2625 ut
704 2575 786 2627 sane
808 2552 916 2655 nullos
935 2553 1095 2649 appellat,
1123 2563 1258 2649 praeter
1274 2551 1470 2623 Barachiam
1489 2575 1611 2647 quom-

240 2672 315 2743 dam
329 2669 499 2760 Abenefi,
525 2670 708 2761 Judaeum,
734 2680 769 2741 ut
790 2669 942 2760 uldetur,
969 2673 1233 2766 superstitiosum
1250 2680 1284 2741 et
1305 2667 1489 2756 indoctum,
1518 2670 1611 2759 cujus

242 2788 332 2887 apud
358 2785 481 2859 nullum
508 2786 646 2879 alicujus
672 2789 814 2859 nominis
841 2796 990 2858 autorem
1019 2791 1164 2859 occurrit
1188 2788 1359 2858 memoria.

347 2902 445 2989 Quod
472 2913 582 2975 autem
606 2902 704 2975 Isaac
720 2902 865 2975 Vossius
891 2906 945 2973 vir
972 2902 1202 2994 doctissimus,
1229 2926 1304 2975 cum
1331 2902 1372 2975 ah
1390 2902 1612 2975 Orientalibus
1660 2904 1743 2959 rosor
1758 2905 1890 2972 justorum.

238 3021 346 3093 literis
372 3022 554 3115 imparatus
581 3030 688 3111 esset,
721 3019 763 3090 de
790 3015 931 3114 Coptica
966 3018 1078 3113 lingua
1101 3021 1259 3111 judIcium
1285 3023 1481 3116 interposuit
1507 3043 1611 3107 suum,

239 3160 359 3234 partun
385 3134 496 3206 famae
522 3157 604 3209 suae
630 3135 803 3209 consuluit.
830 3134 916 3207 Nam
945 3134 1032 3231 quod
1060 3159 1105 3208 ex
1123 3134 1404 3232 LIby-Arabum,
1431 3146 1487 3207 aut
1499 3137 1633 3233 Lihp-.

240 3255 490 3349 Aegyptiorum
517 3250 709 3325 colluvione
734 3263 845 3324 natam
871 3256 917 3324 ait
941 3252 1030 3323 ssiam
1056 3275 1153 3344 esse,
1181 3251 1223 3324 ab
1247 3254 1312 3325 alio
1334 3251 1434 3324 scribi
1454 3275 1522 3325 non
1542 3276 1612 3350 po-

238 3372 322 3456 tuit,
351 3390 449 3463 quam
475 3371 531 3463 qui
556 3369 791 3464 Aegyptiacae
818 3376 852 3439 et
876 3368 1046 3445 Arabicae
1078 3392 1185 3464 aeque
1219 3372 1387 3465 imperitus
1424 3380 1524 3442 esset.
1576 3367 1614 3439 In

238 3487 348 3581 prima
374 3486 461 3555 enim
494 3505 539 3554 ue
564 3485 723 3579 particula
758 3484 907 3579 quidem,
945 3495 1001 3557 aut
1026 3484 1093 3558 ulla
1118 3507 1191 3557 vox
1223 3486 1371 3559 Arabica
1403 3495 1515 3582 potest
1546 3486 1612 3557 de-

241 3599 423 3698 prehendi;
450 3598 535 3671 adeo
561 3611 596 3670 ut
623 3603 755 3673 cumin
782 3600 965 3672 Prodromo
992 3600 1171 3673 Ilircherus
1197 3623 1303 3675 voces
1330 3625 1376 3673 ex
1398 3602 1471 3675 aliis
1491 3602 1613 3695 linguis

244 3718 488 3813 quaesivisset,
515 3737 600 3810 quac
626 3716 862 3813 Aegyptiacae
888 3717 1031 3813 aliquam
1057 3718 1242 3790 affinitatem
1259 3718 1489 3815 praeferrent,
1515 3721 1612 3794 Ara-

243 3832 340 3905 bicas
358 3840 497 3927 qrratmr
514 3831 689 3905 admodum
708 3836 853 3929 reperit,
881 3857 1017 3930 quarum
1039 3833 1128 3906 nulla
1146 3834 1293 3908 Arabica
1316 3847 1387 3926 est,
1415 3837 1475 3910 sed
1497 3860 1613 3910 omnes

246 3948 401 4020 Graecae
428 3946 469 4019 ab
496 3947 666 4021 Arabibus
693 3958 881 4046 usurpatae.
914 3948 1103 4022 Verbomm
1130 3961 1165 4022 et
1189 3956 1357 4023 nominum
1376 3951 1510 4026 inIIexio
1529 3956 1614 4051 apud

245 4062 396 4161 Coptitas
428 4073 602 4161 tantopere
629 4089 649 4137 a
676 4063 808 4138 Graeca
835 4066 970 4139 diversa
1005 4077 1073 4157 est,
1113 4075 1148 4137 ut
1174 4067 1350 4141 Theotisca
1382 4068 1439 4141 vel
1474 4074 1613 4166 quaevis
1646 4126 1651 4138 ,

245 4182 328 4272 aha,
353 4202 423 4251 non
448 4184 555 4273 mugla
582 4181 741 4254 differant.

348 4295 626 4395 Liby-Aegyptii
657 4299 705 4370 illi
738 4297 924 4395 dequibus
954 4294 1027 4372 vtam
1062 4297 1265 4372 confidenter
1290 4302 1432 4375 Vossius
1458 4301 1614 4397 loquitur,
1653 4319 1937 4387 nroyemunururue·

244 4413 325 4486 nulli
349 4436 493 4508 unquam
518 4413 658 4487 fuerunt.
713 4416 842 4513 Quippe
876 4419 985 4489 staIIm
1021 4414 1062 4488 ab
1096 4400 1257 4513 Aegypto
1292 4417 1449 4508 subacta,
1479 4416 1693 4491 Arabosfll'·

245 4528 477 4602 Muhamedaui
498 4553 602 4627 usque
623 4535 656 4603 iu
678 4543 847 4604 extremas
862 4535 1054 4628 provincias
1068 4541 1346 4628 penetraverunt,
1363 4556 1472 4630 neque
1485 4537 1615 4633 Aegy-

246 4648 323 4741 ptiis
349 4646 536 4739 indigenis,
556 4646 619 4743 ‚vel
645 4647 802 4721 urbecula
828 4653 1007 4740 remansit,
1034 4672 1119 4744 quae
1147 4655 1247 4723 armis
1270 4662 1432 4746 occupata
1447 4675 1515 4724 non
1534 4652 1615 4725 Iue-

247 4765 311 4835 rit:
337 4763 430 4835 multi
457 4762 498 4834 ad
523 4762 797 4837 bluhamedanam
824 4768 1023 4861 impietatem
1050 4764 1261 4857 defecerunt,
1297 4777 1331 4839 et
1363 4770 1448 4839 inter
1479 4769 1615 4841 Arabes

249 4881 380 4949 censeri
406 4890 599 4976 coeperunt.
653 4881 725 4954 Soli
753 4879 929 4954 Christiani
954 4881 1098 4975 linguam
1124 4905 1198 4954 cum
1227 4885 1314 4955 avita
1343 4883 1508 4977 religione
1534 4910 1615 4961 ser-

248 5005 433 5085 vaverunt,
458 4999 633 5092 magisque
659 4999 692 5067 in
718 4997 889 5070 Thebaide
915 4997 1215 5095 remotioribusque
1242 4998 1396 5091 urbibus,
1424 5013 1457 5073 et
1483 5008 1516 5073 in
1533 5001 1614 5075 blo-

248 5114 402 5185 nasteriis
418 5112 516 5217 sedes
533 5115 778 5209 quaesiverunt.
805 5114 875 5187 lllic
891 5138 959 5188 non
975 5113 1016 5187 ab
1033 5119 1103 5188 istis
1117 5114 1412 5215 Liby-Aegyptia
1425 5118 1615 5210 VossianiS,

279 5249 393 5294 rammi.
1360 5234 1407 5306 15
