4525 6034
626 597 1161 676 nttxtdnttttto.
1497 594 1573 669 403

216 798 375 886 spectaret
399 810 480 860 cura
507 786 734 860 Ecclesiamm
759 783 846 858 illius
872 795 986 859 sectae
1014 788 1176 874 omnium,
1202 796 1310 858 tarum
1342 788 1375 856 in
1409 788 1482 880 ipsa
1515 806 1576 857 sua

215 909 409 979 institrrtione
443 907 597 999 proprius
630 913 703 976 erat
734 901 1038 977 Alexandrinorum
1068 901 1276 999 Episcopus,
1309 911 1409 997 atque
1441 898 1484 974 ad
1515 920 1576 972 eos

214 1022 353 1113 idcirco,
373 1012 534 1115 ‘tanquam
560 1019 603 1092 ad
629 1021 860 1093 Dioecesanos
886 1017 1095 1091 immediatos
1122 1018 1314 1114 spectabat,
1339 1027 1375 1089 ut
1402 1026 1577 1111 antequam

214 1141 452 1233 susciperetur,
485 1158 560 1208 cum
592 1159 634 1210 eo
672 1138 896 1229 transigerent
930 1135 972 1207 de
1003 1134 1246 1208 conditionibus
1282 1133 1462 1208 secundum
1495 1151 1578 1226 quas
1711 1183 1714 1190 -

215 1257 418 1326 autoritatem
444 1275 608 1325 exercere
635 1274 729 1326 suam
743 1252 891 1325 deberet
948 1251 1176 1325 observamus
1202 1249 1427 1324 tantummodo
1453 1248 1578 1321 iecisse

213 1370 244 1442 id
269 1367 411 1442 Cabirae
438 1374 551 1459 cives,
577 1369 709 1465 quarmo
741 1373 878 1466 propria
910 1391 992 1442 suae
1025 1370 1234 1442 Dioeceseos
1269 1364 1579 1463 Episcopornmque

210 1489 280 1578 jura
308 1485 474 1558 adversus
499 1485 765 1558 Patriarobarum
791 1484 1001 1559 ambitionem
1034 1483 1267 1558 conservanda
1300 1482 1441 1554 fuerunt
1492 1479 1578 1553 Nam

212 1625 283 1675 cnm
307 1606 365 1674 isti
391 1603 607 1693 negociorum
634 1600 947 1675 Ecclesiasticomm
980 1624 1083 1674 causa
1115 1624 1219 1697 saepe
1247 1599 1391 1674 Cabirae
1423 1618 1580 1670 connino-

211 1728 382 1808 rarentur,
408 1728 442 1790 et
469 1718 512 1789 ad
536 1717 725 1791 Ecclesiam
752 1719 980 1791 Maduducum
1006 1719 1144 1808 dictam,
1171 1740 1257 1813 quae
1284 1726 1357 1789 erat
1380 1719 1415 1787 in
1436 1715 1579 1785 liucar-

213 1835 441 1925 et-cteaaob,
466 1834 561 1923 loco,
588 1845 624 1906 ut
649 1839 857 1927 existimant,
888 1837 1014 1936 Pyraei
1047 1838 1191 1921 veteris,
1223 1833 1280 1906 ubi
1315 1835 1415 1905 etiam
1446 1834 1578 1926 antiqua

179 2031 182 2036 „
212 1951 366 2049 Babylon
390 1952 543 2048 Aegypti
568 1954 632 2023 sita
658 1963 749 2039 erat,
777 1950 953 2048 hospitium
980 1951 1155 2024 baberent:
1191 1974 1266 2022 earn
1292 1948 1479 2021 Ecclesiam
1506 1968 1579 2018 cum

213 2067 364 2141 domibus
390 2070 530 2156 vicinis,
555 2067 660 2142 bortis
687 2078 721 2140 et
745 2068 890 2165 praediis
918 2068 960 2140 ad
987 2091 1061 2144 eam
1095 2065 1339 2165 spectantibus,
1372 2063 1473 2158 aliqui
1505 2063 1580 2134 Pa-

212 2183 375 2257 triarchae
402 2186 454 2256 sui
476 2186 559 2275 juris
585 2183 700 2257 iacere
725 2188 835 2258 conati
862 2197 953 2274 sunt,
980 2195 1079 2281 atque
1105 2188 1191 2256 inter
1217 2183 1319 2270 alios,
1353 2178 1580 2254 Christodnlus

212 2301 330 2374 LXVI.
360 2302 415 2395 qui
441 2299 530 2370 illam
555 2300 741 2374 Ecclesiam
769 2313 803 2375 et
830 2302 912 2374 alias
939 2306 1075 2398 insuper
1101 2302 1184 2375 duas
1211 2300 1246 2372 S.
1274 2299 1448 2386 Mercurii,
1484 2304 1517 2366 et
1543 2293 1580 2366 S.

212 2418 342 2521 llariae
368 2419 402 2487 in
427 2420 505 2487 vieo
533 2415 737 2490 Graecorum
765 2431 992 2515 occupaverat
1017 2429 1094 2515 post
1128 2428 1270 2490 mortem
1301 2415 1461 2511 Episcopi
1491 2410 1580 2484 Phi-

212 2534 322 2607 lotbei.
375 2533 494 2627 ltaque
518 2531 673 2606 defuncto
706 2531 852 2629 Cyndo,
885 2539 940 2632 qui
973 2539 1128 2633 proxime
1161 2531 1371 2609 Christodnlo
1406 2530 1580 2616 successit,

213 2649 338 2722 ltIisrae
365 2652 461 2721 cives
487 2671 554 2721 non
587 2652 678 2744 prius
704 2649 903 2724 Micbaolem
937 2663 973 2725 ut
1006 2652 1233 2726 Patriarcham
1266 2672 1360 2724 suurn
1392 2653 1581 2741 acceptare,

211 2770 350 2861 ejusque
377 2768 542 2838 autoritati
570 2787 608 2838 se
635 2764 801 2861 subjicere
833 2769 1026 2861 voluerunt,
1061 2791 1159 2865 quam
1191 2766 1356 2863 pollicitus
1389 2762 1508 2836 fuisset
1542 2782 1581 2833 so

210 2883 282 2956 illas
307 2882 499 2969 Ecclesias,
528 2892 562 2954 et
595 2883 677 2956 alias
709 2885 869 2980 quasdam
904 2910 925 2958 a
959 2890 1028 2960 suis
1060 2885 1298 2960 decessoribus
1334 2888 1515 2976 occupatas
1546 2881 1580 2949 in

211 2997 355 3071 diversis
368 2999 608 3089 Dioecesibus,
634 2999 814 3099 Episcopis
831 3006 977 3099 propriis
991 3007 1225 3077 restituturum.
1268 3002 1434 3073 Dixerunt
1449 2997 1580 3090 quippe,

211 3114 438 3187 Patriarcbam
463 3137 531 3187 non
558 3119 701 3188 omnium
726 3116 966 3209 Ecclesiarum,
993 3118 1053 3193 sed
1079 3122 1193 3207 unius,
1221 3120 1273 3189 cui
1299 3137 1361 3211 per
1383 3111 1581 3184 Ordinatio-

209 3252 283 3302 nem
317 3253 414 3304 suam
448 3230 602 3323 alligatus
642 3245 752 3325 esset,
792 3235 1062 3325 Alexandrinae,
1101 3257 1180 3308 esse
1218 3234 1439 3329 Episcopum,
1471 3249 1580 3322 neque

209 3351 316 3438 magis
344 3346 390 3418 illi
416 3341 519 3419 licere
546 3368 714 3444 occupare
740 3350 878 3425 aliorum
905 3352 1151 3449 Episcoporum
1177 3350 1360 3436 Ecclesias,
1387 3368 1484 3441 quam
1504 3347 1580 3417 viro

211 3468 391 3556 conjugato
419 3464 554 3536 alterius
581 3487 723 3537 uxorem
747 3489 878 3563 rapere.
932 3468 1074 3541 Michael
1101 3491 1199 3558 vero,
1226 3470 1289 3540 etsi
1316 3465 1502 3558 subscripto
1522 3463 1580 3532 in-

211 3589 395 3652 strumento
421 3580 586 3676 pollicitus
621 3581 740 3655 luisset
772 3585 1016 3660 satisfacturum
1049 3610 1088 3659 so
1122 3586 1292 3682 Episcopo
1327 3581 1453 3655 Missae
1487 3578 1581 3650 San-

207 3693 306 3786 buto,
335 3719 408 3767 cum
435 3706 545 3768 tamen
570 3695 659 3769 illum
685 3699 865 3796 inauditum
891 3704 1165 3793 condemnasset,
1192 3713 1226 3774 et
1252 3701 1482 3797 deposuisset,
1496 3723 1500 3732 ¹
1514 3720 1581 3769 co-

209 3819 304 3884 natus
333 3824 384 3884 est
409 3835 471 3908 per
496 3816 570 3906 ejus
597 3814 800 3905 absentiam,
827 3840 902 3891 narn
928 3824 1001 3915 ipse
1015 3821 1095 3914 iuga
1116 3822 1254 3895 salntem
1271 3825 1445 3917 quaesivit,
1472 3843 1581 3892 occu-

210 3950 289 4022 pare
330 3928 520 4002 Ecclesiam
561 3929 596 4001 S.
631 3930 741 4025 Sergii
772 3955 879 4030 prope
919 3935 1158 4027 Muhallacaur3
1193 3940 1327 4032 jamque
1362 3942 1499 4011 miserat
1539 3935 1582 4009 ad

211 4043 441 4119 Oeconomum
467 4045 553 4117 illius
579 4045 775 4140 Ecclesiae,
803 4074 888 4146 quae
914 4058 1106 4127 necessaria
1142 4065 1238 4127 erant
1272 4055 1313 4126 ad
1347 4053 1580 4128 celebrandam

209 4162 242 4230 in
268 4184 312 4233 ea
339 4163 510 4235 salomem
536 4162 740 4257 Liturgiam,
767 4166 914 4243 infesto
940 4169 1168 4244 Pentecostes.
1220 4171 1427 4244 Promiserat
1445 4174 1581 4266 insuper

209 4281 376 4372 primariis
403 4278 594 4368 Laicorum,
621 4280 783 4356 iacturum
811 4308 850 4358 se
875 4296 910 4357 nt
936 4287 991 4358 illa
1023 4285 1179 4360 Ecclesia
1209 4288 1442 4361 Patriarcbalis
1477 4296 1580 4375 esset,

210 4393 366 4489 velleque
399 4416 437 4469 se
470 4418 549 4468 esse
573 4395 777 4496 Episcopum
804 4415 937 4475 eorum:
966 4403 1026 4477 sed
1053 4408 1164 4476 omnia
1192 4409 1264 4497 ejus
1298 4404 1437 4478 consilia
1473 4405 1580 4478 subita

210 4533 303 4585 mors
329 4516 524 4587 intervertit
576 4513 724 4590 Conatus
751 4528 804 4591 est
829 4525 929 4592 etiam
946 4519 1184 4617 Episcopatum
1208 4521 1352 4596 Gabinae
1375 4544 1436 4595 seu
1455 4518 1582 4591 Misrae

210 4628 387 4717 invadere,
416 4652 558 4727 eumque
581 4655 645 4729 per
671 4637 816 4709 vicarios
844 4660 940 4726 suos,
973 4649 1029 4710 aut
1058 4661 1120 4735 per
1148 4662 1186 4712 se
1211 4643 1318 4734 ipsum
1352 4638 1581 4710 administrare

211 4740 380 4817 Macarius
407 4745 527 4821 LXIX
556 4753 611 4844 qui
637 4749 790 4824 Michaeli
817 4766 1045 4846 successerat,
1073 4779 1180 4851 caque
1205 4758 1336 4827 ratione
1368 4752 1582 4850 protrahebat

211 4863 466 4936 nominationem
492 4863 654 4961 Episcopi
678 4877 757 4963 post
782 4868 919 4943 Sanbuti
946 4882 1104 4960 mortem,
1141 4871 1255 4944 dicens
1283 4867 1455 4944 Cabiranis
1483 4870 1580 4944 ordi-

124 5001 126 5005 ·
211 4985 363 5050 nattnnm
389 5002 428 5053 sc
456 5004 553 5075 quem
579 4986 644 5078 ipsi
670 4983 805 5057 vellent.
841 4988 909 5084 lpsi
935 4992 1061 5061 interea
1078 5011 1141 5085 por
1156 4999 1281 5061 sortem
1295 4986 1579 5081 Ecclesiasticam,
1669 5050 1677 5056 .

213 5090 276 5164 sibi
313 5092 516 5191 Episcopum
557 5099 749 5210 elegerunt,
784 5106 973 5197 rejicientes
1013 5105 1310 5178 extraordinariam
1342 5104 1431 5179 illam
1463 5106 1578 5179 Patri-
1647 5103 1652 5112 ’

240 5232 355 5277 nomast
1323 5226 1372 5302 67
