<?xml version="1.0" encoding="UTF-8"?>
<!DOCTYPE html PUBLIC "-//W3C//DTD XHTML 1.0 Transitional//EN"
    "http://www.w3.org/TR/xhtml1/DTD/xhtml1-transitional.dtd">
<html xmlns="http://www.w3.org/1999/xhtml" xml:lang="en" lang="en">
 <head>
  <title>
</title>
<meta http-equiv="Content-Type" content="text/html;charset=utf-8" />
  <meta name='ocr-system' content='tesseract 3.04.00' />
  <meta name='ocr-capabilities' content='ocr_page ocr_carea ocr_par ocr_line ocrx_word'/>
</head>
<body>
  <div class='ocr_page' id='page_1' title='image "./liturgiarumorie00unkngoog/liturgiarumorie00unkngoog_1050.png"; bbox 0 0 4525 6034; ppageno 0'>
   <div class='ocr_carea' id='block_1_1' title="bbox 674 565 1705 647">
    <p class='ocr_par' dir='ltr' id='par_1_1' title="bbox 674 565 1705 647">
     <span class='ocr_line' id='line_1_1' title="bbox 674 565 1705 647; baseline 0.004 -4"><span class='ocrx_word' id='word_1_1' title='bbox 674 568 751 643; x_wconf 82' lang='lat'><strong><em>340</em></strong></span> <span class='ocrx_word' id='word_1_2' title='bbox 1017 566 1234 646; x_wconf 78' lang='lat' dir='ltr'><strong><em>titutum</em></strong></span> <span class='ocrx_word' id='word_1_3' title='bbox 1265 565 1435 645; x_wconf 75' lang='lat' dir='ltr'><strong><em>ustos}</em></strong></span> <span class='ocrx_word' id='word_1_4' title='bbox 1459 567 1705 647; x_wconf 73' lang='lat' dir='ltr'><strong><em>statutus.</em></strong></span> 
     </span>
    </p>
   </div>
   <div class='ocr_carea' id='block_1_2' title="bbox 673 753 2041 1999">
    <p class='ocr_par' dir='ltr' id='par_1_2' title="bbox 673 753 2041 1999">
     <span class='ocr_line' id='line_1_2' title="bbox 673 753 2041 849; baseline 0.003 -24"><span class='ocrx_word' id='word_1_5' title='bbox 673 758 750 849; x_wconf 83' lang='lat' dir='ltr'><strong><em>quia</em></strong></span> <span class='ocrx_word' id='word_1_6' title='bbox 776 765 811 827; x_wconf 90' lang='lat' dir='ltr'><strong><em>tu</em></strong></span> <span class='ocrx_word' id='word_1_7' title='bbox 839 756 949 828; x_wconf 89' lang='lat' dir='ltr'><strong><em>omnia</em></strong></span> <span class='ocrx_word' id='word_1_8' title='bbox 976 762 1090 849; x_wconf 87' lang='lat' dir='ltr'><strong><em>pates,</em></strong></span> <span class='ocrx_word' id='word_1_9' title='bbox 1118 762 1218 849; x_wconf 88' lang='lat' dir='ltr'><strong><em>teque</em></strong></span> <span class='ocrx_word' id='word_1_10' title='bbox 1244 753 1343 826; x_wconf 87' lang='lat' dir='ltr'><strong><em>decet</em></strong></span> <span class='ocrx_word' id='word_1_11' title='bbox 1369 757 1476 829; x_wconf 89' lang='lat' dir='ltr'><strong><em>amnis</em></strong></span> <span class='ocrx_word' id='word_1_12' title='bbox 1502 753 1612 848; x_wconf 83' lang='lat' dir='ltr'><strong><em>gloria</em></strong></span> <span class='ocrx_word' id='word_1_13' title='bbox 1638 764 1673 827; x_wconf 88' lang='lat' dir='ltr'><strong><em>et</em></strong></span> <span class='ocrx_word' id='word_1_14' title='bbox 1698 753 1826 846; x_wconf 90' lang='lat' dir='ltr'><strong><em>bonor,</em></strong></span> <span class='ocrx_word' id='word_1_15' title='bbox 1852 755 1950 829; x_wconf 88' lang='lat' dir='ltr'><strong><em>simul</em></strong></span> <span class='ocrx_word' id='word_1_16' title='bbox 1975 779 2041 830; x_wconf 89' lang='lat' dir='ltr'><strong><em>cun</em></strong></span> 
     </span>
     <span class='ocr_line' id='line_1_3' title="bbox 673 869 1418 966; baseline 0 -25"><span class='ocrx_word' id='word_1_17' title='bbox 673 873 843 962; x_wconf 84' lang='lat' dir='ltr'><strong><em>unigenito</em></strong></span> <span class='ocrx_word' id='word_1_18' title='bbox 869 869 956 942; x_wconf 87' lang='lat' dir='ltr'><strong><em>Filio</em></strong></span> <span class='ocrx_word' id='word_1_19' title='bbox 982 877 1052 960; x_wconf 88' lang='lat' dir='ltr'><strong><em>tua,</em></strong></span> <span class='ocrx_word' id='word_1_20' title='bbox 1079 878 1113 941; x_wconf 89' lang='lat' dir='ltr'><strong><em>et</em></strong></span> <span class='ocrx_word' id='word_1_21' title='bbox 1138 869 1263 966; x_wconf 83' lang='lat' dir='ltr'>Spiritu</span> <span class='ocrx_word' id='word_1_22' title='bbox 1290 879 1418 942; x_wconf 89' lang='lat' dir='ltr'><strong><em>sancto.</em></strong></span> 
     </span>
     <span class='ocr_line' id='line_1_4' title="bbox 777 986 1115 1079; baseline -0.003 -23"><span class='ocrx_word' id='word_1_23' title='bbox 777 986 941 1079; x_wconf 83' lang='lat' dir='ltr'><strong><em>Papulas.</em></strong></span> <span class='ocrx_word' id='word_1_24' title='bbox 994 986 1115 1057; x_wconf 85' lang='lat' dir='ltr'><strong><em>Amen.</em></strong></span> 
     </span>
     <span class='ocr_line' id='line_1_5' title="bbox 778 1100 1102 1174; baseline 0 -3"><span class='ocrx_word' id='word_1_25' title='bbox 778 1100 964 1174; x_wconf 75' lang='lat' dir='ltr'><strong><em>Sacerdos.</em></strong></span> <span class='ocrx_word' id='word_1_26' title='bbox 1017 1102 1102 1173; x_wconf 85' lang='lat' dir='ltr'><strong><em>Pax.</em></strong></span> 
     </span>
     <span class='ocr_line' id='line_1_6' title="bbox 776 1215 1373 1311; baseline -0.002 -25"><span class='ocrx_word' id='word_1_27' title='bbox 776 1216 939 1309; x_wconf 84' lang='lat' dir='ltr'><strong><em>Populos.</em></strong></span> <span class='ocrx_word' id='word_1_28' title='bbox 991 1215 1036 1287; x_wconf 90' lang='lat' dir='ltr'><strong><em>Et</em></strong></span> <span class='ocrx_word' id='word_1_29' title='bbox 1062 1238 1136 1288; x_wconf 87' lang='lat' dir='ltr'><strong><em>cum</em></strong></span> <span class='ocrx_word' id='word_1_30' title='bbox 1164 1217 1279 1311; x_wconf 89' lang='lat' dir='ltr'><strong><em>spiritu</em></strong></span> <span class='ocrx_word' id='word_1_31' title='bbox 1305 1224 1373 1286; x_wconf 91' lang='lat' dir='ltr'><strong><em>tuo.</em></strong></span> 
     </span>
     <span class='ocr_line' id='line_1_7' title="bbox 771 1328 1536 1420; baseline 0 -18"><span class='ocrx_word' id='word_1_32' title='bbox 771 1329 962 1405; x_wconf 74' lang='lat' dir='ltr'><strong><em>Sacerdos.</em></strong></span> <span class='ocrx_word' id='word_1_33' title='bbox 1016 1330 1252 1404; x_wconf 85' lang='lat' dir='ltr'><strong><em>Miserationes</em></strong></span> <span class='ocrx_word' id='word_1_34' title='bbox 1279 1328 1342 1400; x_wconf 88' lang='lat' dir='ltr'><strong><em>Dei</em></strong></span> <span class='ocrx_word' id='word_1_35' title='bbox 1370 1332 1447 1420; x_wconf 90' lang='lat' dir='ltr'><strong><em>sint,</em></strong></span> <span class='ocrx_word' id='word_1_36' title='bbox 1473 1341 1536 1402; x_wconf 89' lang='lat' dir='ltr'><strong><em>etc.</em></strong></span> 
     </span>
     <span class='ocr_line' id='line_1_8' title="bbox 776 1446 1375 1541; baseline 0.002 -26"><span class='ocrx_word' id='word_1_37' title='bbox 776 1447 938 1539; x_wconf 82' lang='lat' dir='ltr'><strong><em>Populos.</em></strong></span> <span class='ocrx_word' id='word_1_38' title='bbox 991 1446 1137 1518; x_wconf 87' lang='lat' dir='ltr'><strong><em>Etcum</em></strong></span> <span class='ocrx_word' id='word_1_39' title='bbox 1164 1449 1281 1541; x_wconf 83' lang='lat' dir='ltr'><strong><em>spiribr</em></strong></span> <span class='ocrx_word' id='word_1_40' title='bbox 1307 1455 1375 1517; x_wconf 90' lang='lat' dir='ltr'><strong><em>tuo.</em></strong></span> 
     </span>
     <span class='ocr_line' id='line_1_9' title="bbox 776 1561 1259 1634; baseline -0.002 -2"><span class='ocrx_word' id='word_1_41' title='bbox 776 1561 965 1632; x_wconf 82' lang='lat' dir='ltr'><strong><em>Diaconos.</em></strong></span> <span class='ocrx_word' id='word_1_42' title='bbox 1019 1561 1104 1634; x_wconf 86' lang='lat' dir='ltr'><strong><em>Cum</em></strong></span> <span class='ocrx_word' id='word_1_43' title='bbox 1130 1563 1259 1633; x_wconf 90' lang='lat' dir='ltr'><strong><em>timore.</em></strong></span> 
     </span>
     <span class='ocr_line' id='line_1_10' title="bbox 777 1676 1311 1749; baseline -0.002 -2"><span class='ocrx_word' id='word_1_44' title='bbox 777 1676 962 1749; x_wconf 75' lang='lat' dir='ltr'><strong><em>Sacerdos.</em></strong></span> <span class='ocrx_word' id='word_1_45' title='bbox 1015 1677 1140 1749; x_wconf 88' lang='lat' dir='ltr'><strong><em>Sancta</em></strong></span> <span class='ocrx_word' id='word_1_46' title='bbox 1167 1676 1311 1748; x_wconf 88' lang='lat' dir='ltr'><strong><em>Sanctis.</em></strong></span> 
     </span>
     <span class='ocr_line' id='line_1_11' title="bbox 775 1790 1475 1885; baseline -0.004 -22"><span class='ocrx_word' id='word_1_47' title='bbox 775 1792 937 1885; x_wconf 75' lang='lat' dir='ltr'><strong><em>Papadus.</em></strong></span> <span class='ocrx_word' id='word_1_48' title='bbox 990 1790 1084 1863; x_wconf 88' lang='lat' dir='ltr'><strong><em>Unus</em></strong></span> <span class='ocrx_word' id='word_1_49' title='bbox 1109 1792 1213 1863; x_wconf 90' lang='lat' dir='ltr'><strong><em>Pater</em></strong></span> <span class='ocrx_word' id='word_1_50' title='bbox 1239 1799 1386 1878; x_wconf 87' lang='lat' dir='ltr'><strong><em>sauctus,</em></strong></span> <span class='ocrx_word' id='word_1_51' title='bbox 1413 1798 1475 1861; x_wconf 87' lang='lat' dir='ltr'><strong><em>etc.</em></strong></span> 
     </span>
     <span class='ocr_line' id='line_1_12' title="bbox 776 1906 1216 1999; baseline -0.005 -20"><span class='ocrx_word' id='word_1_52' title='bbox 776 1908 962 1981; x_wconf 85' lang='lat' dir='ltr'><strong><em>Sacerdos.</em></strong></span> <span class='ocrx_word' id='word_1_53' title='bbox 1015 1906 1122 1999; x_wconf 89' lang='lat' dir='ltr'><strong><em>Unus,</em></strong></span> <span class='ocrx_word' id='word_1_54' title='bbox 1153 1916 1216 1978; x_wconf 88' lang='lat' dir='ltr'><strong><em>etc.</em></strong></span> 
     </span>
    </p>
   </div>
   <div class='ocr_carea' id='block_1_3' title="bbox 897 2195 1820 2270">
    <p class='ocr_par' dir='ltr' id='par_1_3' title="bbox 897 2195 1820 2270">
     <span class='ocr_line' id='line_1_13' title="bbox 897 2195 1820 2270; baseline 0.003 -3"><span class='ocrx_word' id='word_1_55' title='bbox 897 2196 1074 2268; x_wconf 86' lang='lat' dir='ltr'><strong><em>Sacerdos</em></strong></span> <span class='ocrx_word' id='word_1_56' title='bbox 1100 2198 1187 2268; x_wconf 88' lang='lat' dir='ltr'><strong><em>dicit</em></strong></span> <span class='ocrx_word' id='word_1_57' title='bbox 1213 2195 1412 2267; x_wconf 76' lang='lat' dir='ltr'><strong><em>Orationem</em></strong></span> <span class='ocrx_word' id='word_1_58' title='bbox 1439 2195 1638 2266; x_wconf 75' lang='lat' dir='ltr'><strong><em>Gratiarum</em></strong></span> <span class='ocrx_word' id='word_1_59' title='bbox 1664 2200 1820 2270; x_wconf 85' lang='lat' dir='ltr'><strong><em>actionis.</em></strong></span> 
     </span>
    </p>
   </div>
   <div class='ocr_carea' id='block_1_4' title="bbox 667 2382 2041 3287">
    <p class='ocr_par' dir='ltr' id='par_1_4' title="bbox 667 2382 2041 3287">
     <span class='ocr_line' id='line_1_14' title="bbox 776 2382 2041 2486; baseline 0.004 -28"><span class='ocrx_word' id='word_1_60' title='bbox 776 2386 965 2458; x_wconf 79' lang='lat' dir='ltr'><strong><em>Gratiarum</em></strong></span> <span class='ocrx_word' id='word_1_61' title='bbox 993 2386 1159 2456; x_wconf 88' lang='lat' dir='ltr'><strong><em>actionem</em></strong></span> <span class='ocrx_word' id='word_1_62' title='bbox 1186 2382 1330 2456; x_wconf 90' lang='lat' dir='ltr'><strong><em>debitam</em></strong></span> <span class='ocrx_word' id='word_1_63' title='bbox 1358 2383 1526 2456; x_wconf 83' lang='lat' dir='ltr'><strong><em>offerimus</em></strong></span> <span class='ocrx_word' id='word_1_64' title='bbox 1552 2387 1718 2476; x_wconf 88' lang='lat' dir='ltr'><strong><em>majestati</em></strong></span> <span class='ocrx_word' id='word_1_65' title='bbox 1744 2394 1822 2456; x_wconf 90' lang='lat' dir='ltr'><strong><em>tuae</em></strong></span> <span class='ocrx_word' id='word_1_66' title='bbox 1848 2390 2041 2486; x_wconf 87' lang='lat' dir='ltr'><strong><em>incompre-</em></strong></span> 
     </span>
     <span class='ocr_line' id='line_1_15' title="bbox 669 2496 2041 2603; baseline 0.007 -34"><span class='ocrx_word' id='word_1_67' title='bbox 669 2496 843 2590; x_wconf 90' lang='lat' dir='ltr'><strong><em>bensibili,</em></strong></span> <span class='ocrx_word' id='word_1_68' title='bbox 876 2500 1037 2588; x_wconf 86' lang='lat' dir='ltr'><strong><em>Domine,</em></strong></span> <span class='ocrx_word' id='word_1_69' title='bbox 1070 2510 1209 2596; x_wconf 89' lang='lat' dir='ltr'><strong><em>propter</em></strong></span> <span class='ocrx_word' id='word_1_70' title='bbox 1236 2499 1375 2574; x_wconf 87' lang='lat' dir='ltr'><strong><em>salutem</em></strong></span> <span class='ocrx_word' id='word_1_71' title='bbox 1402 2497 1488 2571; x_wconf 91' lang='lat' dir='ltr'><strong><em>banc</em></strong></span> <span class='ocrx_word' id='word_1_72' title='bbox 1515 2521 1613 2593; x_wconf 68' lang='grc' dir='ltr'>ιιιιιιιι]</span> <span class='ocrx_word' id='word_1_73' title='bbox 1640 2503 1834 2595; x_wconf 79' lang='lat' dir='ltr'><strong><em>praestitisti</em></strong></span> <span class='ocrx_word' id='word_1_74' title='bbox 1859 2502 1960 2579; x_wconf 88' lang='lat' dir='ltr'><strong><em>nobis</em></strong></span> <span class='ocrx_word' id='word_1_75' title='bbox 1985 2529 2041 2603; x_wconf 87' lang='lat' dir='ltr'><strong><em>per</em></strong></span> 
     </span>
     <span class='ocr_line' id='line_1_16' title="bbox 669 2615 2041 2711; baseline 0.006 -28"><span class='ocrx_word' id='word_1_76' title='bbox 669 2616 874 2706; x_wconf 87' lang='lat' dir='ltr'><strong><em>unigenitum</em></strong></span> <span class='ocrx_word' id='word_1_77' title='bbox 907 2615 1026 2687; x_wconf 90' lang='lat' dir='ltr'><strong><em>Filium</em></strong></span> <span class='ocrx_word' id='word_1_78' title='bbox 1069 2626 1177 2705; x_wconf 83' lang='lat' dir='ltr'><strong><em>urum,</em></strong></span> <span class='ocrx_word' id='word_1_79' title='bbox 1216 2619 1270 2711; x_wconf 88' lang='lat' dir='ltr'><strong><em>qui</em></strong></span> <span class='ocrx_word' id='word_1_80' title='bbox 1307 2616 1349 2688; x_wconf 91' lang='lat' dir='ltr'><strong><em>ab</em></strong></span> <span class='ocrx_word' id='word_1_81' title='bbox 1383 2616 1475 2686; x_wconf 89' lang='lat' dir='ltr'><strong><em>initio</em></strong></span> <span class='ocrx_word' id='word_1_82' title='bbox 1509 2624 1587 2686; x_wconf 90' lang='lat' dir='ltr'><strong><em>ante</em></strong></span> <span class='ocrx_word' id='word_1_83' title='bbox 1624 2619 1894 2690; x_wconf 87' lang='lat' dir='ltr'><strong><em>constitutionem</em></strong></span> <span class='ocrx_word' id='word_1_84' title='bbox 1935 2619 2041 2691; x_wconf 87' lang='lat' dir='ltr'><strong><em>muudi</em></strong></span> 
     </span>
     <span class='ocr_line' id='line_1_17' title="bbox 668 2728 2039 2826; baseline 0.005 -27"><span class='ocrx_word' id='word_1_85' title='bbox 668 2728 893 2825; x_wconf 89' lang='lat' dir='ltr'><strong><em>praeparabat</em></strong></span> <span class='ocrx_word' id='word_1_86' title='bbox 918 2733 1112 2826; x_wconf 78' lang='lat' dir='ltr'><strong><em>mysterium</em></strong></span> <span class='ocrx_word' id='word_1_87' title='bbox 1139 2728 1204 2803; x_wconf 90' lang='lat' dir='ltr'><strong><em>boc</em></strong></span> <span class='ocrx_word' id='word_1_88' title='bbox 1231 2731 1460 2804; x_wconf 86' lang='lat' dir='ltr'><strong><em>absconditum</em></strong></span> <span class='ocrx_word' id='word_1_89' title='bbox 1487 2752 1508 2801; x_wconf 87' lang='lat' dir='ltr'><strong><em>a</em></strong></span> <span class='ocrx_word' id='word_1_90' title='bbox 1533 2730 1805 2820; x_wconf 79' lang='lat' dir='ltr'><strong><em>generationibus</em></strong></span> <span class='ocrx_word' id='word_1_91' title='bbox 1838 2743 1874 2804; x_wconf 90' lang='lat' dir='ltr'><strong><em>et</em></strong></span> <span class='ocrx_word' id='word_1_92' title='bbox 1910 2758 1930 2806; x_wconf 91' lang='lat' dir='ltr'><strong><em>a</em></strong></span> <span class='ocrx_word' id='word_1_93' title='bbox 1962 2757 2039 2809; x_wconf 87' lang='lat' dir='ltr'><strong><em>sae-</em></strong></span> 
     </span>
     <span class='ocr_line' id='line_1_18' title="bbox 670 2843 2039 2939; baseline 0.004 -23"><span class='ocrx_word' id='word_1_94' title='bbox 670 2843 773 2931; x_wconf 84' lang='lat' dir='ltr'><strong><em>culis,</em></strong></span> <span class='ocrx_word' id='word_1_95' title='bbox 810 2844 900 2939; x_wconf 90' lang='lat' dir='ltr'><strong><em>quod</em></strong></span> <span class='ocrx_word' id='word_1_96' title='bbox 932 2844 1068 2917; x_wconf 87' lang='lat' dir='ltr'><strong><em>infirmis</em></strong></span> <span class='ocrx_word' id='word_1_97' title='bbox 1102 2857 1138 2917; x_wconf 89' lang='lat' dir='ltr'><strong><em>et</em></strong></span> <span class='ocrx_word' id='word_1_98' title='bbox 1171 2844 1390 2918; x_wconf 88' lang='lat' dir='ltr'><strong><em>imbecillibus</em></strong></span> <span class='ocrx_word' id='word_1_99' title='bbox 1422 2844 1522 2917; x_wconf 87' lang='lat' dir='ltr'><strong><em>nobis</em></strong></span> <span class='ocrx_word' id='word_1_100' title='bbox 1555 2844 1741 2918; x_wconf 85' lang='lat' dir='ltr'><strong><em>revelatum</em></strong></span> <span class='ocrx_word' id='word_1_101' title='bbox 1768 2855 1837 2935; x_wconf 87' lang='lat' dir='ltr'><strong><em>est,</em></strong></span> <span class='ocrx_word' id='word_1_102' title='bbox 1863 2857 1900 2919; x_wconf 90' lang='lat' dir='ltr'><strong><em>et</em></strong></span> <span class='ocrx_word' id='word_1_103' title='bbox 1925 2850 2039 2922; x_wconf 77' lang='lat' dir='ltr'><strong><em>datum.</em></strong></span> 
     </span>
     <span class='ocr_line' id='line_1_19' title="bbox 671 2956 2039 3065; baseline 0.002 -34"><span class='ocrx_word' id='word_1_104' title='bbox 671 2956 845 3031; x_wconf 81' lang='lat' dir='ltr'><strong><em>Offerimus</em></strong></span> <span class='ocrx_word' id='word_1_105' title='bbox 877 2964 986 3056; x_wconf 90' lang='lat' dir='ltr'><strong><em>ipsum</em></strong></span> <span class='ocrx_word' id='word_1_106' title='bbox 1016 2967 1032 3007; x_wconf 83' lang='lat'>³</span> <span class='ocrx_word' id='word_1_107' title='bbox 1063 2960 1121 3032; x_wconf 90' lang='lat' dir='ltr'><strong><em>tibi</em></strong></span> <span class='ocrx_word' id='word_1_108' title='bbox 1150 2960 1403 3065; x_wconf 76' lang='lat' dir='ltr'><strong><em>deprecatorem</em></strong></span> <span class='ocrx_word' id='word_1_109' title='bbox 1437 2981 1500 3057; x_wconf 94' lang='lat' dir='ltr'><strong><em>pro</em></strong></span> <span class='ocrx_word' id='word_1_110' title='bbox 1533 2960 1653 3049; x_wconf 89' lang='lat' dir='ltr'><strong><em>nobis,</em></strong></span> <span class='ocrx_word' id='word_1_111' title='bbox 1688 2969 1724 3032; x_wconf 91' lang='lat' dir='ltr'><strong><em>ut</em></strong></span> <span class='ocrx_word' id='word_1_112' title='bbox 1755 2964 1789 3033; x_wconf 92' lang='lat' dir='ltr'><strong><em>in</em></strong></span> <span class='ocrx_word' id='word_1_113' title='bbox 1825 2985 1884 3049; x_wconf 89' lang='lat' dir='ltr'><strong><em>eo,</em></strong></span> <span class='ocrx_word' id='word_1_114' title='bbox 1918 2974 1953 3036; x_wconf 90' lang='lat' dir='ltr'><strong><em>et</em></strong></span> <span class='ocrx_word' id='word_1_115' title='bbox 1982 2987 2039 3059; x_wconf 87' lang='lat' dir='ltr'><strong><em>per</em></strong></span> 
     </span>
     <span class='ocr_line' id='line_1_20' title="bbox 674 3072 2039 3168; baseline 0.007 -24"><span class='ocrx_word' id='word_1_116' title='bbox 674 3095 749 3145; x_wconf 88' lang='lat' dir='ltr'><strong><em>eum</em></strong></span> <span class='ocrx_word' id='word_1_117' title='bbox 776 3072 957 3147; x_wconf 90' lang='lat' dir='ltr'><strong><em>liberemur</em></strong></span> <span class='ocrx_word' id='word_1_118' title='bbox 984 3098 1004 3146; x_wconf 91' lang='lat' dir='ltr'><strong><em>a</em></strong></span> <span class='ocrx_word' id='word_1_119' title='bbox 1026 3074 1143 3168; x_wconf 74' lang='lat' dir='ltr'><strong><em>iudicii</em></strong></span> <span class='ocrx_word' id='word_1_120' title='bbox 1169 3079 1302 3147; x_wconf 77' lang='lat' dir='ltr'><strong><em>venmri</em></strong></span> <span class='ocrx_word' id='word_1_121' title='bbox 1328 3078 1550 3164; x_wconf 88' lang='lat' dir='ltr'><strong><em>damnatione,</em></strong></span> <span class='ocrx_word' id='word_1_122' title='bbox 1578 3086 1612 3147; x_wconf 88' lang='lat' dir='ltr'><strong><em>et</em></strong></span> <span class='ocrx_word' id='word_1_123' title='bbox 1630 3075 1722 3168; x_wconf 78' lang='lat' dir='ltr'><strong><em>digni</em></strong></span> <span class='ocrx_word' id='word_1_124' title='bbox 1740 3078 1920 3151; x_wconf 87' lang='lat' dir='ltr'><strong><em>efficiamur</em></strong></span> <span class='ocrx_word' id='word_1_125' title='bbox 1936 3102 2039 3153; x_wconf 88' lang='lat' dir='ltr'><strong><em>coro-</em></strong></span> 
     </span>
     <span class='ocr_line' id='line_1_21' title="bbox 667 3188 2037 3287; baseline 0.007 -29"><span class='ocrx_word' id='word_1_126' title='bbox 667 3190 719 3260; x_wconf 89' lang='lat' dir='ltr'><strong><em>nis</em></strong></span> <span class='ocrx_word' id='word_1_127' title='bbox 752 3188 862 3280; x_wconf 87' lang='lat' dir='ltr'><strong><em>gloria</em></strong></span> <span class='ocrx_word' id='word_1_128' title='bbox 902 3188 1083 3285; x_wconf 83' lang='lat' dir='ltr'><strong><em>splendidis</em></strong></span> <span class='ocrx_word' id='word_1_129' title='bbox 1116 3189 1283 3264; x_wconf 88' lang='lat' dir='ltr'><strong><em>bominum</em></strong></span> <span class='ocrx_word' id='word_1_130' title='bbox 1318 3191 1512 3280; x_wconf 87' lang='lat' dir='ltr'><strong><em>beatorum,</em></strong></span> <span class='ocrx_word' id='word_1_131' title='bbox 1551 3200 1585 3262; x_wconf 88' lang='lat' dir='ltr'><strong><em>et</em></strong></span> <span class='ocrx_word' id='word_1_132' title='bbox 1623 3212 1698 3262; x_wconf 89' lang='lat' dir='ltr'><strong><em>cum</em></strong></span> <span class='ocrx_word' id='word_1_133' title='bbox 1733 3194 1817 3287; x_wconf 89' lang='lat' dir='ltr'><strong><em>ipsis</em></strong></span> <span class='ocrx_word' id='word_1_134' title='bbox 1856 3192 2037 3268; x_wconf 81' lang='lat' dir='ltr'><strong><em>referamus</em></strong></span> 
     </span>
    </p>
   </div>
   <div class='ocr_carea' id='block_1_5' title="bbox 563 3302 2034 4896">
    <p class='ocr_par' dir='ltr' id='par_1_5' title="bbox 668 3302 1897 3510">
     <span class='ocr_line' id='line_1_22' title="bbox 668 3302 1897 3401; baseline 0.007 -28"><span class='ocrx_word' id='word_1_135' title='bbox 668 3302 811 3393; x_wconf 84' lang='lat' dir='ltr'><strong><em>gloriam</em></strong></span> <span class='ocrx_word' id='word_1_136' title='bbox 839 3314 874 3375; x_wconf 90' lang='lat' dir='ltr'><strong><em>et</em></strong></span> <span class='ocrx_word' id='word_1_137' title='bbox 899 3304 1031 3376; x_wconf 88' lang='lat' dir='ltr'><strong><em>laudem</em></strong></span> <span class='ocrx_word' id='word_1_138' title='bbox 1056 3308 1227 3398; x_wconf 81' lang='lat' dir='ltr'><strong><em>unigenito</em></strong></span> <span class='ocrx_word' id='word_1_139' title='bbox 1255 3306 1340 3379; x_wconf 88' lang='lat' dir='ltr'><strong><em>Filio</em></strong></span> <span class='ocrx_word' id='word_1_140' title='bbox 1368 3316 1436 3397; x_wconf 91' lang='lat' dir='ltr'><strong><em>tuo,</em></strong></span> <span class='ocrx_word' id='word_1_141' title='bbox 1463 3315 1497 3377; x_wconf 93' lang='lat' dir='ltr'><strong><em>et</em></strong></span> <span class='ocrx_word' id='word_1_142' title='bbox 1521 3306 1659 3401; x_wconf 81' lang='lat' dir='ltr'><strong><em>Spiritui</em></strong></span> <span class='ocrx_word' id='word_1_143' title='bbox 1684 3316 1740 3379; x_wconf 88' lang='lat' dir='ltr'><strong><em>tuo</em></strong></span> <span class='ocrx_word' id='word_1_144' title='bbox 1768 3318 1897 3381; x_wconf 86' lang='lat' dir='ltr'><strong><em>sancto.</em></strong></span> 
     </span>
     <span class='ocr_line' id='line_1_23' title="bbox 771 3408 1700 3510; baseline 0.011 -23"><span class='ocrx_word' id='word_1_145' title='bbox 771 3418 935 3510; x_wconf 69' lang='lat' dir='ltr'><strong><em>repon.</em></strong></span> <span class='ocrx_word' id='word_1_146' title='bbox 986 3421 1108 3492; x_wconf 71' lang='lat' dir='ltr'><strong><em>Amen.</em></strong></span> <span class='ocrx_word' id='word_1_147' title='bbox 1693 3408 1700 3419; x_wconf 85' lang='lat'>&#39;</span> 
     </span>
    </p>

    <p class='ocr_par' dir='ltr' id='par_1_6' title="bbox 772 3531 1096 3607">
     <span class='ocr_line' id='line_1_24' title="bbox 772 3531 1096 3607; baseline 0.009 -5"><span class='ocrx_word' id='word_1_148' title='bbox 772 3531 958 3605; x_wconf 85' lang='lat' dir='ltr'><strong><em>Sacerdos.</em></strong></span> <span class='ocrx_word' id='word_1_149' title='bbox 1011 3536 1096 3607; x_wconf 81' lang='lat' dir='ltr'><strong><em>Pax.</em></strong></span> 
     </span>
    </p>

    <p class='ocr_par' dir='ltr' id='par_1_7' title="bbox 773 3647 1372 3744">
     <span class='ocr_line' id='line_1_25' title="bbox 773 3647 1372 3744; baseline 0.002 -26"><span class='ocrx_word' id='word_1_150' title='bbox 773 3648 937 3740; x_wconf 84' lang='lat' dir='ltr'><strong><em>Populos.</em></strong></span> <span class='ocrx_word' id='word_1_151' title='bbox 990 3647 1134 3722; x_wconf 85' lang='lat' dir='ltr'><strong><em>Etcum</em></strong></span> <span class='ocrx_word' id='word_1_152' title='bbox 1162 3651 1279 3744; x_wconf 90' lang='lat' dir='ltr'><strong><em>spiritu</em></strong></span> <span class='ocrx_word' id='word_1_153' title='bbox 1304 3657 1372 3720; x_wconf 85' lang='lat' dir='ltr'><strong><em>tuo.</em></strong></span> 
     </span>
    </p>

    <p class='ocr_par' dir='ltr' id='par_1_8' title="bbox 772 3761 1300 3859">
     <span class='ocr_line' id='line_1_26' title="bbox 772 3761 1300 3859; baseline 0.008 -28"><span class='ocrx_word' id='word_1_154' title='bbox 772 3761 961 3834; x_wconf 82' lang='lat' dir='ltr'><strong><em>Diaconos.</em></strong></span> <span class='ocrx_word' id='word_1_155' title='bbox 1015 3765 1209 3859; x_wconf 84' lang='lat' dir='ltr'><strong><em>Postquam,</em></strong></span> <span class='ocrx_word' id='word_1_156' title='bbox 1236 3773 1300 3836; x_wconf 88' lang='lat' dir='ltr'><strong><em>etc.</em></strong></span> 
     </span>
    </p>

    <p class='ocr_par' dir='ltr' id='par_1_9' title="bbox 769 3876 1436 3969">
     <span class='ocr_line' id='line_1_27' title="bbox 769 3876 1436 3969; baseline 0.006 -22"><span class='ocrx_word' id='word_1_157' title='bbox 769 3877 934 3969; x_wconf 84' lang='lat' dir='ltr'><strong><em>Populus.</em></strong></span> <span class='ocrx_word' id='word_1_158' title='bbox 988 3876 1111 3951; x_wconf 84' lang='lat' dir='ltr'><strong><em>Coram</em></strong></span> <span class='ocrx_word' id='word_1_159' title='bbox 1139 3890 1174 3951; x_wconf 92' lang='lat' dir='ltr'><strong><em>te</em></strong></span> <span class='ocrx_word' id='word_1_160' title='bbox 1199 3880 1351 3951; x_wconf 87' lang='lat' dir='ltr'><strong><em>Domine.</em></strong></span> <span class='ocrx_word' id='word_1_161' title='bbox 1426 3890 1436 3896; x_wconf 79' lang='grc'><strong>’</strong></span> 
     </span>
    </p>

    <p class='ocr_par' dir='ltr' id='par_1_10' title="bbox 563 3990 2034 4896">
     <span class='ocr_line' id='line_1_28' title="bbox 771 3990 2034 4087; baseline 0.006 -25"><span class='ocrx_word' id='word_1_162' title='bbox 771 3990 957 4065; x_wconf 88' lang='lat' dir='ltr'><strong><em>Sacerdos.</em></strong></span> <span class='ocrx_word' id='word_1_163' title='bbox 1011 3995 1085 4067; x_wconf 84' lang='lat' dir='ltr'><strong><em>Tibi</em></strong></span> <span class='ocrx_word' id='word_1_164' title='bbox 1120 3993 1166 4066; x_wconf 87' lang='lat' dir='ltr'><strong><em>lili</em></strong></span> <span class='ocrx_word' id='word_1_165' title='bbox 1198 3996 1368 4087; x_wconf 85' lang='lat' dir='ltr'><strong><em>unigenite</em></strong></span> <span class='ocrx_word' id='word_1_166' title='bbox 1400 3994 1509 4065; x_wconf 89' lang='lat' dir='ltr'><strong><em>Patris</em></strong></span> <span class='ocrx_word' id='word_1_167' title='bbox 1522 4073 1526 4083; x_wconf 28' lang='lat'><strong><em>¹</em></strong></span> <span class='ocrx_word' id='word_1_168' title='bbox 1541 3995 1628 4065; x_wconf 91' lang='lat' dir='ltr'><strong><em>unici</em></strong></span> <span class='ocrx_word' id='word_1_169' title='bbox 1665 3992 1748 4065; x_wconf 83' lang='lat' dir='ltr'><strong><em>lesu</em></strong></span> <span class='ocrx_word' id='word_1_170' title='bbox 1784 3992 1919 4067; x_wconf 84' lang='lat' dir='ltr'><strong><em>Christe</em></strong></span> <span class='ocrx_word' id='word_1_171' title='bbox 1946 3995 2034 4069; x_wconf 89' lang='lat' dir='ltr'><strong><em>Deus</em></strong></span> 
     </span>
     <span class='ocr_line' id='line_1_29' title="bbox 667 4108 2034 4203; baseline 0.001 -23"><span class='ocrx_word' id='word_1_172' title='bbox 667 4111 917 4202; x_wconf 89' lang='lat' dir='ltr'><strong><em>superomnia,</em></strong></span> <span class='ocrx_word' id='word_1_173' title='bbox 945 4113 1072 4200; x_wconf 86' lang='lat' dir='ltr'><strong><em>gratias</em></strong></span> <span class='ocrx_word' id='word_1_174' title='bbox 1100 4114 1252 4202; x_wconf 82' lang='lat' dir='ltr'><strong><em>agimus,</em></strong></span> <span class='ocrx_word' id='word_1_175' title='bbox 1286 4108 1525 4203; x_wconf 84' lang='lat' dir='ltr'><strong><em>laudamusque</em></strong></span> <span class='ocrx_word' id='word_1_176' title='bbox 1559 4130 1720 4181; x_wconf 90' lang='lat' dir='ltr'><strong><em>summam</em></strong></span> <span class='ocrx_word' id='word_1_177' title='bbox 1751 4118 1841 4181; x_wconf 89' lang='lat' dir='ltr'><strong><em>tuam</em></strong></span> <span class='ocrx_word' id='word_1_178' title='bbox 1869 4133 1950 4202; x_wconf 84' lang='lat' dir='ltr'><strong><em>erga</em></strong></span> <span class='ocrx_word' id='word_1_179' title='bbox 1976 4132 2034 4181; x_wconf 87' lang='lat' dir='ltr'><strong><em>nos</em></strong></span> 
     </span>
     <span class='ocr_line' id='line_1_30' title="bbox 666 4219 2033 4319; baseline 0.001 -27"><span class='ocrx_word' id='word_1_180' title='bbox 666 4219 905 4314; x_wconf 78' lang='lat' dir='ltr'><strong><em>benignitatem</em></strong></span> <span class='ocrx_word' id='word_1_181' title='bbox 932 4245 995 4319; x_wconf 92' lang='lat' dir='ltr'><strong><em>pra</em></strong></span> <span class='ocrx_word' id='word_1_182' title='bbox 1022 4222 1174 4299; x_wconf 89' lang='lat' dir='ltr'><strong><em>omnibus</em></strong></span> <span class='ocrx_word' id='word_1_183' title='bbox 1200 4224 1373 4297; x_wconf 88' lang='lat' dir='ltr'><strong><em>beneficiis</em></strong></span> <span class='ocrx_word' id='word_1_184' title='bbox 1400 4227 1482 4310; x_wconf 76' lang='lat' dir='ltr'><strong><em>tuiS,</em></strong></span> <span class='ocrx_word' id='word_1_185' title='bbox 1517 4227 1572 4318; x_wconf 89' lang='lat' dir='ltr'><strong><em>qui</em></strong></span> <span class='ocrx_word' id='word_1_186' title='bbox 1597 4245 1661 4297; x_wconf 87' lang='lat' dir='ltr'><strong><em>uos</em></strong></span> <span class='ocrx_word' id='word_1_187' title='bbox 1688 4225 1948 4312; x_wconf 85' lang='lat' dir='ltr'><strong><em>contemtibiles,</em></strong></span> <span class='ocrx_word' id='word_1_188' title='bbox 1980 4227 2033 4293; x_wconf 91' lang='lat' dir='ltr'><strong><em>in-</em></strong></span> 
     </span>
     <span class='ocr_line' id='line_1_31' title="bbox 666 4335 2032 4437; baseline 0.001 -30"><span class='ocrx_word' id='word_1_189' title='bbox 666 4335 795 4425; x_wconf 89' lang='lat' dir='ltr'><strong><em>firmos,</em></strong></span> <span class='ocrx_word' id='word_1_190' title='bbox 822 4337 985 4432; x_wconf 91' lang='lat' dir='ltr'><strong><em>perditos,</em></strong></span> <span class='ocrx_word' id='word_1_191' title='bbox 1013 4349 1177 4437; x_wconf 57' lang='lat' dir='ltr'><strong><em>emanas,</em></strong></span> <span class='ocrx_word' id='word_1_192' title='bbox 1204 4362 1351 4432; x_wconf 84' lang='lat' dir='ltr'><strong><em>egenos,</em></strong></span> <span class='ocrx_word' id='word_1_193' title='bbox 1379 4361 1523 4430; x_wconf 86' lang='lat' dir='ltr'><strong><em>aegras,</em></strong></span> <span class='ocrx_word' id='word_1_194' title='bbox 1550 4343 1728 4427; x_wconf 69' lang='lat' dir='ltr'><strong><em>scamma,</em></strong></span> <span class='ocrx_word' id='word_1_195' title='bbox 1756 4344 1930 4435; x_wconf 89' lang='lat' dir='ltr'><strong><em>captivos,</em></strong></span> <span class='ocrx_word' id='word_1_196' title='bbox 1955 4341 2032 4409; x_wconf 83' lang='lat' dir='ltr'><strong><em>vin-</em></strong></span> 
     </span>
     <span class='ocr_line' id='line_1_32' title="bbox 667 4451 2032 4547; baseline -0.001 -25"><span class='ocrx_word' id='word_1_197' title='bbox 667 4460 759 4541; x_wconf 87' lang='lat' dir='ltr'><strong><em>ctos,</em></strong></span> <span class='ocrx_word' id='word_1_198' title='bbox 793 4456 988 4546; x_wconf 89' lang='lat' dir='ltr'><strong><em>passionum</em></strong></span> <span class='ocrx_word' id='word_1_199' title='bbox 1027 4457 1178 4527; x_wconf 85' lang='lat' dir='ltr'><strong><em>servituti</em></strong></span> <span class='ocrx_word' id='word_1_200' title='bbox 1213 4453 1406 4547; x_wconf 87' lang='lat' dir='ltr'><strong><em>subjectos,</em></strong></span> <span class='ocrx_word' id='word_1_201' title='bbox 1446 4453 1625 4526; x_wconf 88' lang='lat' dir='ltr'><strong><em>adorantes</em></strong></span> <span class='ocrx_word' id='word_1_202' title='bbox 1661 4453 1854 4541; x_wconf 87' lang='lat' dir='ltr'><strong><em>daemonia,</em></strong></span> <span class='ocrx_word' id='word_1_203' title='bbox 1895 4451 2032 4524; x_wconf 88' lang='lat' dir='ltr'><strong><em>tenebris</em></strong></span> 
     </span>
     <span class='ocr_line' id='line_1_33' title="bbox 667 4563 2030 4665; baseline 0.001 -30"><span class='ocrx_word' id='word_1_204' title='bbox 667 4563 798 4638; x_wconf 84' lang='lat' dir='ltr'><strong><em>obsitos</em></strong></span> <span class='ocrx_word' id='word_1_205' title='bbox 825 4576 860 4638; x_wconf 90' lang='lat' dir='ltr'><strong><em>et</em></strong></span> <span class='ocrx_word' id='word_1_206' title='bbox 886 4565 1014 4663; x_wconf 86' lang='lat' dir='ltr'><strong><em>absque</em></strong></span> <span class='ocrx_word' id='word_1_207' title='bbox 1040 4570 1128 4656; x_wconf 81' lang='lat' dir='ltr'><strong><em>lieo,</em></strong></span> <span class='ocrx_word' id='word_1_208' title='bbox 1156 4591 1218 4664; x_wconf 87' lang='lat' dir='ltr'><strong><em>per</em></strong></span> <span class='ocrx_word' id='word_1_209' title='bbox 1243 4572 1504 4641; x_wconf 87' lang='lat' dir='ltr'><strong><em>incarnationem</em></strong></span> <span class='ocrx_word' id='word_1_210' title='bbox 1531 4569 1814 4665; x_wconf 86' lang='lat' dir='ltr'><strong><em>supernaturalem</em></strong></span> <span class='ocrx_word' id='word_1_211' title='bbox 1840 4579 1928 4640; x_wconf 74' lang='lat' dir='ltr'><strong><em>mam</em></strong></span> <span class='ocrx_word' id='word_1_212' title='bbox 1960 4566 2030 4637; x_wconf 82' lang='lat' dir='ltr'><strong><em>bs-</em></strong></span> 
     </span>
     <span class='ocr_line' id='line_1_34' title="bbox 563 4681 2031 4782; baseline 0.003 -34"><span class='ocrx_word' id='word_1_213' title='bbox 563 4762 568 4773; x_wconf 92' lang='lat'><strong><em>.</em></strong></span> <span class='ocrx_word' id='word_1_214' title='bbox 666 4687 739 4750; x_wconf 89' lang='lat' dir='ltr'><strong><em>tres</em></strong></span> <span class='ocrx_word' id='word_1_215' title='bbox 766 4689 841 4753; x_wconf 91' lang='lat' dir='ltr'><strong><em>tuos</em></strong></span> <span class='ocrx_word' id='word_1_216' title='bbox 868 4690 903 4752; x_wconf 91' lang='lat' dir='ltr'><strong><em>et</em></strong></span> <span class='ocrx_word' id='word_1_217' title='bbox 928 4681 1014 4755; x_wconf 89' lang='lat' dir='ltr'><strong><em>filios</em></strong></span> <span class='ocrx_word' id='word_1_218' title='bbox 1040 4684 1151 4756; x_wconf 90' lang='lat' dir='ltr'><strong><em>Patris</em></strong></span> <span class='ocrx_word' id='word_1_219' title='bbox 1177 4687 1239 4773; x_wconf 91' lang='lat' dir='ltr'><strong><em>tui,</em></strong></span> <span class='ocrx_word' id='word_1_220' title='bbox 1274 4688 1521 4782; x_wconf 87' lang='lat' dir='ltr'><strong><em>participesque</em></strong></span> <span class='ocrx_word' id='word_1_221' title='bbox 1555 4685 1696 4781; x_wconf 89' lang='lat' dir='ltr'><strong><em>Spiritus</em></strong></span> <span class='ocrx_word' id='word_1_222' title='bbox 1729 4685 1836 4757; x_wconf 90' lang='lat' dir='ltr'><strong><em>sancti</em></strong></span> <span class='ocrx_word' id='word_1_223' title='bbox 1870 4682 2031 4777; x_wconf 82' lang='lat' dir='ltr'><strong><em>perfecisti</em></strong></span> 
     </span>
     <span class='ocr_line' id='line_1_35' title="bbox 666 4793 2027 4896; baseline 0.003 -33"><span class='ocrx_word' id='word_1_224' title='bbox 666 4815 731 4865; x_wconf 86' lang='lat' dir='ltr'><strong><em>nos</em></strong></span> <span class='ocrx_word' id='word_1_225' title='bbox 756 4816 820 4889; x_wconf 91' lang='lat' dir='ltr'><strong><em>per</em></strong></span> <span class='ocrx_word' id='word_1_226' title='bbox 846 4793 1044 4891; x_wconf 88' lang='lat' dir='ltr'><strong><em>baptismum</em></strong></span> <span class='ocrx_word' id='word_1_227' title='bbox 1072 4798 1235 4890; x_wconf 76' lang='lat' dir='ltr'><strong><em>ffivinum,</em></strong></span> <span class='ocrx_word' id='word_1_228' title='bbox 1270 4809 1304 4871; x_wconf 88' lang='lat' dir='ltr'><strong><em>et</em></strong></span> <span class='ocrx_word' id='word_1_229' title='bbox 1330 4803 1466 4896; x_wconf 90' lang='lat' dir='ltr'><strong><em>corpori</em></strong></span> <span class='ocrx_word' id='word_1_230' title='bbox 1492 4810 1527 4871; x_wconf 90' lang='lat' dir='ltr'><strong><em>et</em></strong></span> <span class='ocrx_word' id='word_1_231' title='bbox 1548 4801 1705 4891; x_wconf 42' lang='lat' dir='ltr'><strong><em>,sanarat</em></strong></span> <span class='ocrx_word' id='word_1_232' title='bbox 1730 4809 1787 4871; x_wconf 88' lang='lat' dir='ltr'><strong><em>tuo</em></strong></span> <span class='ocrx_word' id='word_1_233' title='bbox 1815 4809 1930 4871; x_wconf 89' lang='lat' dir='ltr'><strong><em>sancto</em></strong></span> <span class='ocrx_word' id='word_1_234' title='bbox 1955 4798 2027 4867; x_wconf 87' lang='lat' dir='ltr'><strong><em>uni·</em></strong></span> 
     </span>
    </p>
   </div>
   <div class='ocr_carea' id='block_1_6' title="bbox 666 4909 2026 5121">
    <p class='ocr_par' dir='ltr' id='par_1_11' title="bbox 666 4909 2026 5121">
     <span class='ocr_line' id='line_1_36' title="bbox 666 4909 2026 5008; baseline -0.001 -28"><span class='ocrx_word' id='word_1_235' title='bbox 666 4911 747 4980; x_wconf 89' lang='lat' dir='ltr'><strong><em>visti</em></strong></span> <span class='ocrx_word' id='word_1_236' title='bbox 773 4932 847 4983; x_wconf 91' lang='lat' dir='ltr'><strong><em>nos.</em></strong></span> <span class='ocrx_word' id='word_1_237' title='bbox 901 4910 1029 4987; x_wconf 91' lang='lat' dir='ltr'><strong><em>Idcirco</em></strong></span> <span class='ocrx_word' id='word_1_238' title='bbox 1056 4918 1199 5008; x_wconf 87' lang='lat' dir='ltr'><strong><em>petimus</em></strong></span> <span class='ocrx_word' id='word_1_239' title='bbox 1226 4938 1246 4986; x_wconf 88' lang='lat' dir='ltr'><strong><em>a</em></strong></span> <span class='ocrx_word' id='word_1_240' title='bbox 1273 4927 1306 4988; x_wconf 87' lang='lat' dir='ltr'><strong><em>te</em></strong></span> <span class='ocrx_word' id='word_1_241' title='bbox 1333 4916 1475 5007; x_wconf 75' lang='lat' dir='ltr'><strong><em>Domine</em></strong></span> <span class='ocrx_word' id='word_1_242' title='bbox 1502 4925 1536 4986; x_wconf 87' lang='lat' dir='ltr'><strong><em>et</em></strong></span> <span class='ocrx_word' id='word_1_243' title='bbox 1561 4915 1654 4987; x_wconf 88' lang='lat' dir='ltr'><strong><em>Deus</em></strong></span> <span class='ocrx_word' id='word_1_244' title='bbox 1679 4923 1814 5002; x_wconf 88' lang='lat' dir='ltr'><strong><em>noster,</em></strong></span> <span class='ocrx_word' id='word_1_245' title='bbox 1840 4912 1941 4999; x_wconf 89' lang='lat' dir='ltr'><strong><em>bone,</em></strong></span> <span class='ocrx_word' id='word_1_246' title='bbox 1963 4909 2026 4980; x_wconf 88' lang='lat' dir='ltr'><strong><em>be·</em></strong></span> 
     </span>
     <span class='ocr_line' id='line_1_37' title="bbox 666 5025 2026 5121; baseline -0.002 -26"><span class='ocrx_word' id='word_1_247' title='bbox 666 5025 790 5115; x_wconf 78' lang='lat' dir='ltr'><strong><em>aigne,</em></strong></span> <span class='ocrx_word' id='word_1_248' title='bbox 827 5036 861 5096; x_wconf 88' lang='lat' dir='ltr'><strong><em>et</em></strong></span> <span class='ocrx_word' id='word_1_249' title='bbox 896 5029 1017 5099; x_wconf 85' lang='lat' dir='ltr'><strong><em>veniae</em></strong></span> <span class='ocrx_word' id='word_1_250' title='bbox 1048 5029 1208 5121; x_wconf 84' lang='lat' dir='ltr'><strong><em>largitor,</em></strong></span> <span class='ocrx_word' id='word_1_251' title='bbox 1241 5040 1276 5101; x_wconf 92' lang='lat' dir='ltr'><strong><em>ut</em></strong></span> <span class='ocrx_word' id='word_1_252' title='bbox 1309 5051 1377 5101; x_wconf 91' lang='lat' dir='ltr'><strong><em>nou</em></strong></span> <span class='ocrx_word' id='word_1_253' title='bbox 1409 5034 1444 5101; x_wconf 92' lang='lat' dir='ltr'><strong><em>in</em></strong></span> <span class='ocrx_word' id='word_1_254' title='bbox 1474 5040 1602 5102; x_wconf 85' lang='lat' dir='ltr'><strong><em>reatum</em></strong></span> <span class='ocrx_word' id='word_1_255' title='bbox 1634 5038 1668 5100; x_wconf 90' lang='lat' dir='ltr'><strong><em>et</em></strong></span> <span class='ocrx_word' id='word_1_256' title='bbox 1700 5032 1944 5102; x_wconf 86' lang='lat' dir='ltr'><strong><em>accusationem</em></strong></span> <span class='ocrx_word' id='word_1_257' title='bbox 1966 5025 2026 5093; x_wconf 87' lang='lat' dir='ltr'><strong><em>siut</em></strong></span> 
     </span>
    </p>
   </div>
   <div class='ocr_carea' id='block_1_7' title="bbox 0 0 2268 6034">
    <p class='ocr_par' dir='ltr' id='par_1_12' title="bbox 0 0 2268 6034">
     <span class='ocr_line' id='line_1_38' title="bbox 0 0 2268 6034; baseline 0 4"><span class='ocrx_word' id='word_1_258' title='bbox 0 0 2268 6034; x_wconf 95' lang='lat' dir='ltr'><strong><em> </em></strong></span> 
     </span>
    </p>
   </div>
  </div>
 </body>
</html>
