4525 6034
707 573 783 649 452
1032 575 1253 653 LITURGIA
1278 574 1491 654 DIONYSII
1515 576 1770 655 Bltsnulsst

705 783 767 858 par
793 760 872 834 illud
898 783 1053 858 corpora,
1080 773 1115 835 at
1142 765 1269 835 animas
1295 771 1443 854 nostras,
1470 773 1505 837 ot
1530 764 1716 840 referemus
1742 764 1800 838 tihi
1826 767 1968 860 gloriam,
1984 725 2044 840 lau-

706 876 794 966 dam,
821 888 855 949 et
879 881 1062 970 gratiarum
1089 879 1265 951 actionem.

812 1011 974 1105 Popnlns.
1026 1012 1148 1084 Amen.

809 1127 995 1199 Sacerdos.
1048 1129 1132 1199 Pax.

811 1243 973 1336 Populos.
1026 1242 1171 1315 Etcum
1198 1245 1314 1337 spiritu
1338 1253 1406 1314 tuo.

811 1358 997 1431 Sacerdos.
1049 1358 1307 1431 Benedictionos
1332 1357 1398 1429 Dei
1424 1361 1498 1430 sint.

812 1474 973 1566 Populos.
1025 1473 1169 1547 Etcum
1197 1478 1313 1570 spiritu
1339 1483 1406 1545 tuo.

811 1589 1002 1662 Diaconos.
1055 1589 1300 1686 Unusquisque.

811 1704 995 1778 Sacerdos.
1047 1695 1172 1779 Sancta
1200 1710 1335 1779 sanctis.

810 1821 971 1915 Populos.
1025 1821 1118 1896 Unus
1145 1825 1246 1896 Pater
1273 1830 1418 1896 sanctus.

936 2184 1112 2256 Sacerdos
1138 2187 1224 2257 dicit
1251 2184 1449 2254 Orationem
1474 2186 1664 2275 oratiarum
1690 2190 1847 2258 actionis.

809 2407 1012 2497 Adamana,
1040 2420 1073 2481 ot
1099 2413 1227 2502 gratias
1254 2416 1385 2505 agimus
1410 2424 1467 2485 tuo
1494 2429 1578 2501 arga
1611 2408 1761 2481 hominos
1794 2414 1903 2481 amori
1929 2411 2056 2482 Domina.

705 2520 759 2593 'lu
785 2544 903 2598 omnes
930 2527 1032 2616 igitur
1059 2526 1193 2619 adjuva,
1220 2537 1254 2599 et
1280 2530 1455 2618 confirma,
1482 2536 1517 2598 tn
1549 2548 1612 2599 nos
1646 2547 1763 2600 omnes
1804 2530 1839 2597 in
1870 2525 1961 2599 bono
1991 2533 2059 2598 sun

706 2637 879 2729 confirma,
906 2641 1069 2738 uobisque
1095 2646 1249 2736 ignosce,
1278 2649 1485 2735 atramitis,
1513 2644 1589 2738 qiua
1621 2646 1654 2714 iu
1680 2641 1743 2714 hnc
1775 2643 1939 2738 spirituali
1964 2661 2056 2713 menso

707 2754 827 2849 epulati
855 2779 979 2845 sumus,
1007 2766 1041 2829 et
1066 2758 1251 2832 referemus
1280 2762 1338 2834 titi
1364 2761 1518 2855 gloriam,
1544 2758 1685 2846 laudem,
1713 2768 1782 2829 etc.

812 2885 972 2978 Popnlno.
1025 2887 1146 2959 Amen.

809 3000 994 3073 Sacerdos.
1046 3004 1130 3075 Pax.

810 3117 970 3211 Populos.
1022 3116 1166 3192 Etcum
1194 3125 1311 3217 spiritu
1337 3132 1406 3195 tuo.

807 3232 996 3307 Diaconos.
1048 3236 1171 3307 lterum
1199 3247 1298 3332 atqua
1324 3241 1452 3310 iterum.
1586 3229 1591 3232 ’

810 3365 996 3437 Sacerdos.
1051 3364 1184 3438 Christe
1212 3369 1267 3460 qui
1294 3389 1331 3439 es
1358 3372 1454 3463 panis
1481 3389 1584 3441 verns
1612 3368 1666 3461 qui
1703 3364 1745 3437 dc
1772 3367 1870 3439 coelo
1900 3364 2062 3451 descendit

704 3493 738 3553 ct
772 3481 834 3554 luit
868 3479 967 3554 nobis
1000 3484 1032 3550 in
1066 3480 1175 3553 cibum
1208 3483 1510 3579 incorruptibilem,
1543 3481 1671 3556 custodi
1705 3483 1833 3554 animas
1867 3493 1903 3554 ct
1938 3501 2064 3578 corpora

704 3608 819 3670 nostra
859 3622 879 3670 a
911 3596 1065 3690 gehenna
1100 3598 1343 3691 inextinguibili
1376 3611 1410 3671 et
1442 3622 1558 3671 verme
1591 3598 1785 3686 immortali,
1826 3609 1860 3670 et
1896 3599 2063 3670 reseremus

704 3713 764 3785 tibi
791 3712 942 3804 gloriam,
966 3723 999 3784 et
1024 3710 1168 3802 laudem,
1195 3725 1229 3785 ct
1255 3714 1346 3786 Patri
1373 3724 1428 3788 tuo
1456 3714 1567 3803 beato,
1595 3726 1629 3787 et
1655 3714 1790 3810 Spiritui
1816 3725 1872 3786 tuo
1902 3717 2063 3788 sanctoet

703 3849 787 3902 vivo
813 3851 910 3902 nuuc.

807 3962 970 4055 Populos.
1022 3965 1142 4038 Amen.

807 4079 995 4150 Diaconos.
1048 4077 1195 4150 Benedio
1221 4078 1375 4150 Domine.

809 4192 994 4266 Sacerdos.
1046 4194 1195 4265 Benedic
1222 4195 1385 4267 omnihus.

807 4307 997 4382 Diaconos.
1050 4309 1306 4400 BenedicnmuS‚
1332 4322 1396 4385 eto.
1533 4389 1536 4396 .

1134 4669 1651 4714 ψ
