4525 6034
341 552 385 627 ou
402 550 660 629 mmonaou
675 549 931 657 onmnmrun
944 551 1097 630 carana
1109 555 1158 630 nr
1170 554 1420 633 1111111111.
1473 554 1587 628 cmx

217 734 387 811 seruiebat
423 735 503 809 Pari
529 758 662 832 quoque
688 739 819 808 ratione
844 736 935 810 licuit
959 740 1123 831 majorem
1148 741 1183 810 in
1209 751 1494 815 sacramentorum
1517 766 1584 815 ce-

215 851 392 924 lebratione
418 873 576 947 pompam
603 850 785 940 adbibere,
812 850 1023 950 diversisque
1040 858 1264 928 caeremoniis
1283 855 1450 929 inculcare
1471 857 1583 950 iidem,

216 978 249 1039 et
273 971 492 1039 reverentiam
518 970 717 1041 sanctissimi
742 970 914 1062 mysterii3
940 991 1051 1064 neque
1077 973 1165 1042 enim
1191 970 1269 1043 ibae
1296 994 1379 1067 quas
1402 971 1524 1045 Graeci
1549 983 1583 1046 et

215 1082 395 1156 Orientales
421 1093 583 1177 usurpant
609 1082 652 1155 ad
679 1082 779 1155 alium
805 1080 903 1156 tinem
930 1084 1104 1157 ordinatae
1130 1095 1226 1175 sunt,
1252 1096 1309 1158 aut
1335 1087 1378 1161 ab
1406 1091 1446 1161 iis
1466 1087 1581 1160 bomi-

212 1198 308 1270 nibus
331 1201 518 1290 excogitari
543 1207 717 1293 poterunt,
745 1200 801 1292 qui
826 1220 895 1270 non
920 1199 1053 1295 plenam
1080 1198 1122 1271 de
1149 1222 1234 1272 vera
1261 1205 1414 1297 corporis
1441 1212 1475 1275 et
1492 1225 1581 1276 san-

213 1317 318 1406 guinis
344 1311 527 1425 Cbristiiq
562 1312 721 1386 altaribus
753 1316 943 1409 praesentia
979 1312 1078 1385 fidem
1107 1312 1314 1393 habuissent.
1373 1314 1470 1390 Unde
1505 1340 1581 1391 curu

213 1429 365 1502 Claudius
392 1431 426 1501 in
452 1432 621 1501 contraria
647 1429 723 1503 illos
750 1431 910 1524 opinione
934 1427 1039 1501 brisso
1065 1426 1213 1523 probare
1241 1443 1515 1522 aggressusest,
1537 1456 1581 1506 eo

213 1544 299 1640 quod
321 1547 403 1616 ritus
431 1554 465 1616 et
491 1566 666 1616 sacrorum
692 1543 790 1636 leges
821 1543 983 1617 Romanis
1017 1543 1143 1617 similes
1176 1547 1393 1635 ignorarent:
1426 1548 1583 1643 quando-

213 1659 338 1755 quidem
363 1682 426 1756 par
453 1669 507 1731 est
533 1662 695 1755 utrimque
721 1669 789 1731 tam
814 1662 849 1731 iu
862 1658 999 1732 Oriente
1026 1680 1124 1753 quam
1145 1662 1178 1730 in
1198 1658 1381 1732 Occidente
1397 1662 1583 1759 disciplina,

213 1775 358 1847 eamdem
384 1797 519 1870 qunque
545 1773 643 1847 fidem
671 1795 751 1848 esse
777 1785 811 1847 et
837 1774 960 1863 luisse,
994 1776 1109 1844 verius
1137 1782 1171 1844 ει
1196 1779 1320 1847 certius
1347 1776 1583 1850 concludimus.

211 1889 269 1961 111ε
281 1912 378 1984 quae
404 1899 495 1961 1111111
522 1889 722 1961 confidentia
750 1888 950 1980 affirmavit,
982 1887 1130 1984 probare
1157 1888 1231 1961 aliis
1259 1890 1488 1966 autoritatibus
1515 1914 1584 1966 non

211 2008 330 2101 potuit,
356 2028 455 2099 quam
481 2004 702 2079 obscurorum
729 2006 855 2099 aliquot
867 2008 1065 2099 scriptorum
1088 2006 1304 2094 testimoniis,
1331 2009 1478 2078 maxime
1496 2029 1583 2103 per-

214 2122 446 2211 egrinantium,
477 2123 563 2192 inter
596 2141 681 2214 quos
715 2120 919 2192 mediocrem
945 2117 1154 2210 'l'beologum
1188 2141 1256 2191 non
1288 2119 1386 2192 facile
1417 2125 1582 2217 reperias,

211 2257 332 2328 paucos
357 2239 427 2307 imo
453 2235 686 2308 blissionarios
714 2234 832 2329 quibus
859 2257 900 2306 ε11
925 2232 999 2306 laus
1026 2237 1144 2305 merito
1171 2232 1269 2307 tribui
1296 2235 1427 2310 debeat.
1453 2238 1503 2309 At
1528 2239 1582 2308 si-

211 2349 329 2421 milium
360 2352 494 2423 testium
525 2360 643 2422 contra
669 2348 774 2422 libros
801 2352 856 2443 qui
882 2347 1014 2445 publice
1040 2351 1074 2419 in
1087 2347 1251 2424 Ecclesiis
1273 2350 1316 2423 ad
1336 2351 1454 2425 altaria
1476 2374 1580 2453 usur-7

211 2476 342 2560 pantur,
369 2468 531 2538 autoritas
556 2464 647 2537 nulla
674 2474 743 2555 est,
778 2463 881 2536 multo
907 2466 1015 2535 minus
1048 2473 1165 2536 contra
1198 2475 1336 2539 veteres
1372 2467 1582 2560 Theologos,

212 2590 265 2652 aut
287 2584 407 2654 rituum
432 2583 668 2676 expositores,
696 2606 715 2653 a
744 2580 863 2675 quibus
900 2578 1071 2674 disciplina
1104 2581 1326 2656 confirmatur.
1380 2580 1491 2656 lldant
1524 2582 1584 2655 vel

212 2719 306 2769 mam
322 2697 508 2788 Limrgiam
525 2696 777 2786 Protestantes,
805 2716 891 2790 quae
905 2694 1138 2790 Apostolicam
1165 2706 1199 2768 et
1214 2696 1456 2790 Evangelicam
1476 2721 1584 2791 suum,

211 2823 244 2883 ut
267 2814 330 2909 ipsi
356 2816 569 2901 existimant,
597 2810 736 2885 Coenae
762 2809 904 2883 formam
931 2808 1078 2901 referat,
1105 2811 1247 2885 verbum
1273 2814 1358 2886 ultra
1385 2837 1453 2887 non
1471 2812 1583 2887 iacie-

211 2948 289 2999 mus.
340 2927 378 2999 ld
413 2949 500 3000 vero
537 2925 579 2999 ab
613 2925 677 2999 illis
710 2928 876 3022 praestari
911 2949 979 2999 non
1005 2948 1109 3021 posse
1136 2938 1203 2999 tarn
1230 2939 1357 3001 certum
1384 2938 1457 3018 est,
1485 2953 1584 3024 quam

214 3043 295 3136 quod
321 3045 477 3114 mammo.
505 3043 590 3116 Cum
618 3046 705 3114 enim
732 3043 885 3115 diversas
903 3040 1085 3113 habeamus
1105 3040 1255 3117 Graecas
1280 3048 1440 3117 etvarias
1456 3043 1584 3116 Orien-

212 3157 290 3229 tales
317 3158 390 3252 plus
419 3180 516 3252 quam
543 3161 740 3250 sexaginta:
777 3157 861 3230 alias
898 3180 984 3252 quae
1018 3156 1184 3229 diversam
1219 3162 1350 3255 penitus
1386 3162 1583 3231 sententiam

213 3280 264 3342 aut
287 3271 493 3369 disciplinam
520 3276 729 3363 contineant,
757 3275 897 3368 reperiri
924 3271 1129 3368 impossibile
1157 3283 1218 3346 est.

311 3387 437 3463 Omnes
473 3411 577 3484 porro
604 3388 684 3484 illae¹
707 3411 775 3461 non
801 3397 837 3459 ut
866 3398 986 3460 vetera
1022 3387 1186 3482 quaedam
1220 3387 1349 3480 officia,
1378 3413 1465 3484 quae
1498 3412 1582 3462 sus·
1640 3415 1734 3470 omnes
1763 3417 1909 3475 orientales

213 3515 303 3600 cepto
337 3504 494 3578 Romano
530 3505 669 3593 Conone
703 3506 828 3577 omissa
864 3514 956 3594 sunt,
991 3514 1027 3574 ut
1060 3503 1167 3577 blissa
1201 3503 1391 3595 Gallicana,
1427 3503 1581 3597 Gothico,
1595 3502 1668 3555 ffi‘ffl
1684 3504 1710 3555 ⁵¹¹
1727 3513 1854 3557 niueum

211 3631 303 3693 renus
329 3620 513 3712 Francica,
540 3623 573 3691 in
600 3619 682 3694 solis
710 3620 842 3715 quidem
869 3617 1040 3692 codicibus
1061 3619 1297 3715 blanuscriptis
1324 3633 1581 3713 conservantur,

213 3736 267 3806 sed
293 3735 422 3808 illarum
449 3759 530 3808 usus
556 3744 668 3809 certus
696 3745 765 3824 cst,
792 3745 827 3805 ut
854 3734 942 3830 apud
970 3733 1123 3808 Graecos
1149 3734 1372 3828 Liturgiarum
1399 3737 1515 3809 Basilii
1548 3746 1583 3810 et

214 3848 461 3947 Cbrysostomi,
488 3860 523 3922 et
547 3851 633 3925 illius
658 3873 745 3947 quae
771 3849 1140 3923 Praesanctilioatorum
1175 3851 1301 3923 dicitur.
1359 3851 1486 3925 Saltem
1513 3854 1582 3925 ali-

213 3966 337 4059 qnando
364 3989 445 4041 usus
471 3967 600 4039 illarum
628 3965 708 4059 fnit,
735 3976 769 4039 et
795 3966 927 4061 quidem
953 3965 1142 4061 permulta
1169 3967 1323 4056 saecula,
1349 3977 1385 4039 11ι
1402 3966 1521 4039 Jacobi
1548 3971 1583 4037 in

212 4078 364 4155 llioecesi
403 4083 731 4179 Hierosolymitana,
774 4081 882 4153 Marci
912 4085 953 4185 in
991 4081 1241 4172 Alexandrina,
1284 4084 1339 4178 qui
1373 4103 1454 4157 usus
1495 4082 1583 4178 apud

214 4196 422 4271 Ortbodoxos
441 4200 572 4295 Syros,
599 4201 801 4272 conminus
828 4220 927 4292 quum
954 4195 1042 4291 apud
1057 4194 1230 4269 Jacobitas
1257 4196 1408 4288 ejusdem
1433 4197 1580 4289 linguae,

213 4323 243 4384 et
266 4312 419 4411 Coptitas
445 4314 509 4387 buc
536 4336 643 4409 usque
668 4323 877 4409 perseverat.

308 4429 408 4501 Nulla
435 4440 545 4501 autem
572 4440 642 4518 est,
678 4440 735 4501 aut
759 4429 821 4501 iuit
848 4438 904 4502 aut
930 4449 1008 4501 esse
1034 4437 1146 4524 polest
1179 4428 1330 4502 similium
1355 4426 1580 4520 liturgiarum
1606 4442 1906 4515 nequanovaerormas

212 4540 334 4635 forma,
363 4568 449 4640 quae
475 4547 705 4618 coeremonias
732 4545 903 4637 adjunctas
929 4565 997 4617 non
1029 4547 1196 4639 requirat,
1229 4567 1304 4615 cum
1336 4546 1436 4614 etiam
1468 4564 1582 4614 novoe
1595 4528 1905 4669 rrqoeunuunuamqua

213 4658 302 4749 illac,
330 4664 481 4756 quamvis
509 4659 550 4732 ob
579 4664 721 4756 antiquis
748 4660 884 4733 multum
917 4660 1115 4750 dissimiles,
1153 4683 1235 4754 quas
1266 4659 1494 4731 Protestantes
1535 4680 1581 4729 ex
1594 4625 1787 4772 qqqsqqponnu
1808 4632 1829 4668 ¹⁸
1846 4630 1906 4668 ⁰⁸⁸⁸

213 4774 404 4868 imaginario
437 4776 493 4849 illo
527 4775 714 4872 exemplari
747 4774 885 4849 Coeum
910 4775 1142 4868 Evangelicae
1177 4784 1211 4845 et
1236 4773 1455 4869 Apostolicac
1491 4773 1580 4846 deli·

214 4901 414 4980 neaverunt,
442 4892 565 4988 aliquid
591 4891 734 4966 babeant
761 4889 934 4984 ejusmodi.
987 4889 1035 4963 lta
1068 4893 1101 4961 in
1127 4889 1317 4982 Angboana
1343 4888 1581 4986 praescribitur

215 5005 286 5097 quid
312 5005 463 5082 Ministro
489 5007 676 5082 iaciendum
712 5012 773 5103 sit,
814 5031 888 5080 cum
915 5010 1011 5104 panis
1044 5008 1235 5103 propositus
1276 5008 1583 5079 communicantium
