4525 6034
521 657 523 663 .
600 597 631 675 S.
658 596 876 676 uiosouiti
906 596 1138 694 llPlSCOPl,
1166 612 1217 676 uc.
1532 602 1607 678 503

336 784 498 878 Populus.
551 783 595 857 Et
621 808 694 857 cum
722 789 839 882 spiritu
864 795 931 859 tuo.
967 859 969 862 ,

337 902 527 974 Diaconos.
581 900 664 974 Cum
691 905 820 976 timore.

337 1018 523 1091 Sacerdos.
576 1017 702 1091 Sancta
728 1023 862 1092 sanctis.

337 1134 499 1227 Populus.
552 1133 646 1206 Unus
673 1136 774 1207 Pater
800 1147 947 1209 sanctus.

337 1250 522 1324 Sacerdos.
576 1249 710 1323 Gratias
737 1255 879 1344 agimus,
915 1253 1106 1342 adoramus,
1133 1252 1325 1343 laudamus,
1360 1264 1394 1327 at
1419 1254 1607 1332 exaltamus

119 1417 123 1426 ·
233 1379 280 1457 te,
307 1369 363 1463 qui
389 1389 427 1439 es
454 1376 624 1457 aeternus,
652 1377 685 1439 et
712 1368 939 1459 absconditus,
966 1373 1022 1465 qui
1057 1368 1179 1462 dignos
1206 1370 1294 1442 dono
1321 1369 1386 1443 hoc
1412 1370 1606 1462 admirabili,

234 1492 268 1557 et
299 1482 625 1580 incomprebensibili
656 1506 720 1556 nos
750 1484 880 1575 iecisti,
914 1508 980 1580 qno
1012 1489 1156 1577 unxisti,
1190 1497 1224 1558 et
1255 1485 1445 1560 abstersisti
1479 1492 1607 1576 animas

233 1600 439 1673 adorantium
465 1610 510 1690 te,
538 1610 572 1672 et
598 1624 618 1673 a
645 1605 870 1699 corruptione,
897 1612 931 1674 et
956 1602 1153 1698 perditione,
1182 1611 1341 1698 quaeper
1358 1606 1607 1698 separationem

233 1740 252 1787 a
280 1726 314 1788 te
341 1717 521 1808 acciderat,
547 1739 610 1790 nos
637 1717 798 1808 liberasti,
824 1721 1021 1813 vocastique
1042 1742 1125 1793 uos:
1154 1719 1331 1811 adjunxisti
1359 1719 1403 1793 ad
1428 1731 1462 1793 te
1489 1731 1522 1793 et
1548 1720 1606 1794 lu-

231 1835 321 1905 mine
348 1836 548 1927 cognitionis
575 1838 621 1906 tui
648 1835 829 1931 implevisti
856 1835 959 1909 corda
984 1845 1111 1913 nostra.
1142 1835 1282 1909 Praesta
1308 1835 1421 1927 nobis,
1447 1847 1484 1909 ut
1509 1849 1607 1910 extra

212 1952 341 2022 ‘omnis
367 1956 484 2023 ruinae
509 1951 692 2046 periculum
719 1962 881 2047 perpetuo
916 1954 1071 2025 vivamus
1097 1955 1131 2023 in
1158 1961 1201 2040 te,
1230 1962 1264 2024 et
1290 1975 1496 2048 quacumque
1523 1952 1607 2028 hora

234 2089 455 2162 appareamus
482 2091 597 2140 coram
623 2079 657 2140 te
682 2071 757 2165 puri
785 2078 819 2139 et
844 2067 972 2164 absque
1006 2067 1147 2141 macula,
1208 2068 1261 2140 Da
1288 2068 1387 2142 nobis
1414 2090 1546 2165 quoque
1572 2080 1608 2144 ut

232 2186 443 2280 participatio
470 2182 553 2256 haec
580 2189 734 2281 corporis
761 2194 796 2256 et
826 2187 997 2277 sanguinis
1023 2184 1147 2259 Christi
1172 2187 1333 2277 unigeniti
1366 2183 1442 2257 Filii
1477 2189 1523 2258 tui
1549 2186 1607 2260 fiat

232 2299 329 2372 nobis
357 2300 398 2372 ad
426 2301 705 2390 emundationem,
732 2311 767 2372 et
796 2300 1077 2396 purificationem,
1109 2323 1178 2373 non
1205 2299 1248 2373 ad
1274 2304 1522 2374 accusationem
1551 2313 1607 2375 ant

233 2416 463 2489 confusionem
490 2427 649 2491 nostram.
702 2418 755 2491 Da
783 2421 882 2489 etiam
903 2417 1001 2490 nobis
1019 2428 1056 2490 ιιι
1069 2420 1159 2490 omni
1176 2429 1328 2512 tompore
1346 2420 1438 2490 vitae
1454 2428 1605 2510 nostrae,

232 2544 396 2630 perpetuo
423 2534 588 2607 sacrificia
614 2538 796 2627 gratiarnm
823 2538 964 2607 actionis
993 2532 1171 2607 offeramus
1198 2555 1314 2606 coram
1340 2543 1384 2623 te,
1411 2542 1446 2606 et
1471 2557 1606 2631 semper

149 2678 156 2693 ‚
232 2651 266 2720 in
294 2645 476 2722 domestica
503 2649 725 2723 familiaritate
753 2659 807 2722 tua
825 2660 869 2726 ,et
899 2652 1113 2722 consistentia
1142 2648 1228 2745 apud
1254 2659 1299 2738 te,
1315 2653 1605 2731 ‚contineantnos

234 2764 477 2861 quodammodo
504 2770 665 2864 mysteria
691 2766 939 2840 haecvivilica:
966 2777 1002 2838 ut
1028 2766 1070 2838 ad
1095 2775 1224 2862 partem
1251 2763 1338 2836 illam
1366 2765 1453 2863 apud
1480 2776 1513 2839 te
1540 2790 1604 2842 se-

232 2892 393 2977 paratam,
421 2883 462 2955 ad
489 2906 586 2955 unam
614 2883 854 2978 aequalemque
880 2882 1093 2955 concordiam
1124 2904 1189 2955 uos
1224 2881 1391 2973 adducas,
1427 2894 1462 2956 et
1495 2895 1603 2958 tecum

230 3001 329 3090 regui
355 3003 401 3070 tui
427 3003 607 3096 participes
633 2999 758 3088 iacias,
785 2998 1037 3094 referamusque
1070 2998 1128 3071 tibi
1155 2999 1310 3091 gloriam,
1336 3009 1371 3071 et
1395 2997 1543 3090 landem,
1571 3011 1605 3073 et

231 3118 403 3207 unigenito
430 3116 516 3190 Filio
542 3128 599 3189 tuo
626 3124 660 3188 et
686 3116 820 3211 Spiritui
846 3124 963 3187 sancto
991 3125 1058 3188 tuo.

334 3232 496 3326 Populus.
548 3235 668 3305 Amen.

337 3348 522 3421 Sacerdos.
575 3350 659 3421 Pan.

335 3464 497 3558 Populos.
549 3466 693 3538 Etcum
720 3467 836 3561 spiritu
861 3477 929 3538 tuo.

334 3580 523 3655 Diocooua.
575 3582 668 3673 Post,
695 3594 758 3655 etc.

335 3696 496 3791 Populus.
551 3698 674 3772 Coram
701 3710 735 3770 te
767 3699 919 3772 Domine.

336 3812 521 3887 Sacerdos.
575 3814 651 3887 Tibi
677 3815 820 3886 Domine
846 3823 881 3886 et
906 3814 999 3885 Deus
1026 3822 1142 3885 noster
1157 3810 1341 3902 adorande,
1368 3815 1494 3905 gratias
1521 3815 1603 3905 agi·

231 3952 315 4016 mus,
341 3952 531 4026 nomenque
557 3942 647 4003 tunm
674 3929 848 4003 excelsum
882 3953 965 4025 prae
992 3929 1162 4016 omnibus,
1196 3928 1376 4002 adoramus
1409 3938 1444 4000 et
1469 3929 1603 4021 glorifi-

232 4068 359 4134 camus,
385 4051 635 4144 gratiarumque
662 4050 813 4120 actiones
840 4046 956 4142 quales
984 4054 1127 4141 oportet,
1153 4045 1213 4118 tibi
1238 4046 1416 4133 reddimus,
1444 4067 1511 4118 non
1539 4068 1603 4118 se-

231 4162 372 4235 cundnm
399 4155 536 4236 munera
563 4174 619 4235 tua
646 4185 729 4255 erga
756 4184 832 4252 nos,
859 4161 920 4235 sed
936 4160 1115 4246 secundum
1129 4164 1284 4234 virtutem
1311 4171 1469 4234 nostram.
1504 4161 1602 4235 Con-

231 4278 362 4351 fitemur
388 4289 497 4352 numm
525 4280 614 4374 quod
648 4283 758 4352 omnia
782 4301 879 4375 quae
912 4276 1072 4351 habemns
1106 4286 1163 4350 aut
1196 4278 1425 4374 possidemus,
1461 4300 1506 4349 ex
1538 4280 1602 4348 tuis

231 4405 320 4482 sunt,
348 4406 381 4468 et
406 4400 440 4467 in
468 4405 501 4469 te
526 4418 701 4468 movemur
727 4405 761 4468 et
787 4415 910 4468 surnns,
961 4396 996 4469 A
1028 4402 1062 4466 te
1096 4394 1244 4467 firmatur
1279 4393 1478 4467 abundantia
1511 4396 1603 4465 vitae

230 4521 386 4585 nostrae:
414 4536 435 4583 a
461 4523 496 4584 te
523 4516 652 4584 animae
680 4520 713 4584 et
739 4533 884 4608 corpora
910 4520 1026 4584 nostra
1052 4519 1143 4600 sunt,
1171 4511 1303 4607 quarmo
1332 4510 1461 4606 quidem
1488 4517 1603 4582 creata

232 4640 323 4702 sunt:
351 4650 393 4701 ac
419 4652 480 4724 per
506 4637 540 4699 te
566 4632 762 4719 constituta,
795 4640 829 4702 et
854 4627 1062 4702 conformata
1089 4636 1142 4701 est
1168 4630 1275 4700 omnis
1301 4637 1440 4701 naturae
1465 4636 1603 4699 nosbaa

232 4766 427 4840 compages.
479 4745 574 4817 Haec
600 4767 662 4842 per
688 4745 892 4818 voluntatem
920 4755 1019 4832 tuam,
1046 4743 1210 4818 voluntati
1231 4752 1369 4818 nostrae
1395 4765 1493 4838 quam
1520 4765 1603 4815 cre-

125 4951 130 4955 ,
234 4864 309 4951 asti,
336 4870 491 4957 tanquam
517 4861 648 4936 custodi
674 4862 858 4935 domestico
885 4860 1058 4948 tradidisti,
1086 4871 1122 4934 ut
1149 4882 1356 4956 quocumque
1382 4858 1487 4933 vellet
1512 4882 1603 4933 oon-

232 4998 353 5066 versa,
386 4979 522 5052 arbitrio
555 5001 617 5053 suo
652 4977 759 5051 libere
790 4988 992 5051 moveretur.
1044 4977 1141 5052 Hanc
1174 4979 1274 5070 igitur
1301 4976 1505 5050 voluntatem
1531 4998 1602 5050 uo·-

233 5102 335 5168 stram
362 5104 552 5191 motumque
577 5105 740 5188 nostrum,
767 5103 801 5167 et
824 5096 1046 5188 cogitationes
1071 5105 1206 5170 nostras
1232 5093 1276 5165 ad
1302 5102 1353 5185 te,
1387 5096 1442 5191 qui
1472 5093 1602 5169 habitas
