4525 6034
590 603 631 678 Ill
645 601 853 679 tirunculi
869 598 1063 678 coelicis
1078 601 1108 677 S.
1126 600 1312 678 diaconii.
1564 604 1640 677 285

264 789 383 851 Graeco
406 787 505 849 textui
527 785 667 867 adjuncta
690 785 768 848 illam
791 793 933 848 accurate
955 793 987 846 et
1004 783 1151 847 verbatim
1173 792 1392 866 repraesentat
1416 786 1532 866 ltaque,
1555 787 1638 868 quod

263 886 363 949 obiter
384 884 619 961 observandm
642 892 770 967 rogatur
792 882 941 962 Christus,
963 891 995 945 ut
1026 884 1120 944 mittat
1142 883 1283 963 Spiritum
1313 902 1399 946 suurn
1429 892 1580 961 sanctorm
1609 887 1640 948 in

263 984 372 1066 quibus
394 983 499 1046 serbis
522 990 692 1065 agnoscunt
714 983 852 1063 Coptitae
877 981 1019 1062 Spiritum
1041 988 1178 1044 sanctum
1200 999 1270 1043 esse
1294 982 1435 1062 Spiritum
1458 982 1535 1060 Filii,
1558 992 1588 1045 et
1604 984 1641 1047 ab

263 1102 301 1146 eu
322 1082 408 1144 mitti.
451 1082 580 1175 blittitur
601 1099 677 1144 vero
700 1081 830 1163 Spiritus
852 1088 975 1143 sanctus
1003 1079 1041 1141 ad
1071 1097 1149 1160 opus
1172 1078 1291 1160 aliquod
1314 1080 1457 1152 divinum,
1480 1088 1512 1143 ct
1534 1079 1643 1145 buma-

262 1184 309 1243 nis
332 1180 450 1243 viribus
472 1182 625 1261 superius,
648 1180 729 1261 quod
753 1181 791 1244 de
815 1179 885 1259 alio,
909 1197 998 1260 quam
1020 1177 1059 1241 de
1073 1180 1322 1241 transmutatione
1345 1180 1492 1243 donorum
1515 1180 1546 1241 in
1568 1198 1643 1243 cor-

260 1298 330 1360 pus,
355 1287 388 1341 et
408 1281 588 1360 sanguinem
612 1278 741 1356 Christi,
771 1278 898 1360 intelligi
930 1295 991 1340 non
1013 1284 1125 1356 potest.
1171 1276 1276 1357 ltaque
1306 1277 1378 1340 nibil
1408 1277 1465 1340 hac
1493 1281 1641 1342 sententia

259 1380 358 1462 magis
383 1379 589 1459 perspicuum,
613 1385 664 1441 aut
686 1380 783 1461 inagis
805 1376 945 1459 simplex,
969 1384 1060 1456 atque
1083 1376 1120 1438 ad
1144 1383 1278 1438 veterem
1300 1376 1459 1439 Ecclesiae
1478 1375 1642 1442 Orientalis

170 1517 173 1520 -
260 1477 431 1540 doctrinm
453 1479 551 1558 magis
580 1476 854 1555 accommodatum,
885 1495 952 1539 eum
982 1493 1087 1538 omnes
1114 1474 1272 1559 Liturgiae
1299 1474 1454 1553 Graecae,
1486 1477 1641 1557 Syriacae,

261 1576 410 1658 Copticae
433 1577 649 1657 cujuscumque
670 1578 747 1638 ritus
770 1585 820 1638 aut
842 1584 957 1655 sectae,
981 1576 1088 1638 iisdem
1110 1593 1209 1656 prope
1233 1576 1335 1637 verbis
1359 1581 1532 1637 contextam
1555 1593 1641 1637 eam-

259 1675 328 1737 dem
351 1675 520 1737 orationem
542 1682 785 1755 repraesentent.
829 1674 875 1738 De
898 1692 1027 1738 censura
1051 1676 1193 1755 quanin
1216 1691 1299 1764 earn,
1316 1681 1349 1735 ut
1372 1692 1389 1735 a
1412 1673 1538 1735 Graecis
1562 1691 1640 1736 oon-

259 1781 413 1852 servatur,
437 1774 570 1835 tulerunt
591 1775 779 1836 recentiores
802 1775 947 1853 nonnulli,
970 1772 1037 1835 inse
1059 1774 1089 1834 in
1112 1773 1192 1835 notis
1215 1772 1252 1834 ad
1275 1772 1454 1834 basilianum
1476 1772 1641 1855 liturgiam

260 1873 403 1950 diximus,
427 1890 506 1953 quae
529 1890 683 1952 reponere
706 1890 836 1936 necesse
864 1891 926 1935 non
956 1881 1013 1935 est.
1059 1871 1091 1933 ld
1114 1870 1213 1934 solum
1244 1870 1432 1951 adjiciemus:
1464 1869 1545 1951 quod
1573 1888 1641 1933 cum

259 1971 311 2032 isti
333 1987 481 2033 censores
503 1970 672 2050 inofficiosi,
695 1973 776 2033 orari
800 1989 859 2033 non
882 1990 975 2053 posse
1005 1971 1175 2032 existiment
1205 1987 1261 2050 pro
1284 1968 1370 2030 donis
1391 1969 1452 2050 jam
1474 1986 1643 2032 conseera-

258 2070 309 2146 tis,
333 2077 442 2132 contra
464 2071 557 2132 totius
580 2069 738 2132 Ecclesiae
761 2072 875 2132 veteris
899 2069 1063 2134 Orientalis
1086 2075 1116 2129 et
1128 2066 1332 2129 Occidentalis
1356 2067 1538 2148 exemplum,
1562 2084 1641 2147 quae

258 2168 407 2231 similibus
437 2168 625 2232 orationibus
647 2170 746 2232 deteri
769 2169 931 2232 verboram
955 2168 1068 2232 Christi
1090 2165 1252 2229 ellicaciam
1275 2183 1426 2247 nunquam
1448 2165 1640 2241 existimavit,

259 2287 300 2330 ex
323 2268 381 2329 ista
411 2267 615 2351 intelligimus,
645 2267 782 2349 Coptitas
812 2287 926 2349 corpus
956 2267 1067 2331 Christi
1094 2267 1156 2346 jam
1185 2282 1333 2346 praesens
1364 2282 1548 2347 agnoscere,
1571 2280 1638 2324 cuin

257 2363 358 2440 illam,
389 2373 420 2427 et
448 2363 671 2429 luvocationem
700 2384 779 2447 quae
809 2369 960 2448 sequitur,
990 2369 1200 2447 pronunciant.
1253 2368 1293 2429 Αι
1323 2367 1401 2430 haec
1430 2365 1640 2429 controversia

258 2464 471 2554 Protestantes
493 2464 566 2527 nihil
584 2465 684 2546 juvat;
708 2483 807 2546 neque
830 2466 993 2543 autoritati,
1017 2484 1104 2547 quam
1135 2466 1275 2528 Ecclesia
1298 2465 1446 2529 adversus
1475 2481 1530 2526 eos
1552 2481 1639 2527 com-

258 2571 359 2644 parat,
383 2581 425 2626 ex
447 2565 641 2644 conspirante
664 2565 694 2626 iu
717 2563 776 2625 bde
798 2564 890 2626 realis
918 2568 1110 2645 praesentiae
1142 2563 1339 2627 Orientalium
1363 2564 1550 2640 testimonio,
1580 2560 1639 2624 de·

260 2664 434 2724 trimenlum
456 2662 549 2725 ullum
573 2661 674 2726 affert:
697 2680 766 2725 curn
789 2663 827 2726 ad
849 2662 918 2726 hdei
941 2681 1028 2745 quarn
1052 2664 1164 2726 habent
1184 2662 1403 2742 certitudinem,
1427 2661 1499 2723 nibil
1522 2660 1641 2722 intersit

260 2761 394 2842 meando,
418 2770 470 2824 aut
492 2760 600 2841 quibus
623 2762 727 2824 verbis
761 2765 952 2826 consecratio
975 2765 1167 2844 perficiatur,
1199 2762 1289 2825 modo
1320 2779 1385 2824 eam
1413 2779 1487 2822 vere
1517 2759 1583 2822 lieri
1610 2759 1641 2820 in
1755 2803 1758 2810 -

259 2859 410 2941 Liturgia,
432 2862 473 2922 ita
494 2861 702 2943 profiteantur,
726 2869 759 2922 ut
780 2879 888 2943 panem
911 2872 942 2925 et
965 2864 1066 2925 vinum
1095 2864 1126 2923 iu
1149 2861 1246 2937 altari,
1270 2879 1306 2922 ea
1330 2858 1465 2941 perlecta
1489 2877 1560 2921 esse
1582 2875 1641 2919 ue·

260 2967 347 3041 gent,
370 2960 426 3022 sed
449 2978 562 3042 corpus
585 2968 616 3023 et
639 2962 818 3044 sanguinem
849 2960 969 3025 Christi.
1019 2961 1106 3034 Quod
1136 2977 1230 3041 porro
1260 2959 1291 3020 in
1322 2958 1380 3020 bac
1407 2958 1474 3038 ipsa
1504 2958 1642 3018 oratione

260 3058 382 3135 dicitur,
407 3058 558 3121 amun
577 3067 767 3139 praesentem
788 3078 855 3122 esse
877 3068 908 3122 et
928 3078 1032 3122 corum
1053 3060 1224 3122 Sacerdote
1242 3058 1391 3137 ροιίιιιιιι,
1421 3055 1501 3117 idem
1522 3056 1552 3116 iu
1575 3053 1642 3116 llo-

259 3156 351 3219 miliis
374 3156 413 3220 de
436 3155 559 3220 Circulo
581 3158 651 3220 anni
674 3156 713 3220 ad
735 3157 922 3239 Coptitarum
944 3176 1048 3236 usum,
1077 3159 1108 3220 in
1140 3156 1330 3218 tractatibus
1361 3153 1467 3216 Severi
1496 3152 1641 3233 Episcopi

258 3255 461 3335 Asclimonio,
485 3264 517 3318 et
538 3256 569 3318 iu
591 3256 691 3319 multis
715 3256 792 3332 aliis,
816 3258 906 3320 toties
920 3256 1096 3334 inculcatur,
1120 3263 1154 3317 ut
1170 3252 1355 3336 ambiguitati
1378 3252 1464 3314 locus
1477 3270 1548 3315 esse
1569 3250 1641 3313 nul-

258 3353 309 3415 las
331 3362 434 3434 queat.

350 3452 398 3515 Ex
422 3453 472 3515 illa
493 3460 594 3515 umen
617 3454 683 3534 ipsa
713 3455 868 3531 oratione,
898 3452 1040 3517 Claudius
1069 3451 1232 3515 Salmasius
1263 3450 1309 3512 vir
1337 3467 1411 3512 saue
1438 3447 1640 3525 doctissimus,
1704 3462 1820 3515 silmmit
1838 3463 1903 3516 tana
1921 3465 1964 3517 ia-

258 3551 316 3615 sed
340 3554 392 3632 qui
415 3551 613 3633 Theologiam
635 3553 785 3634 attingere
808 3571 869 3616 non
902 3553 1066 3631 debuisset,
1090 3551 1205 3613 habere
1227 3569 1262 3612 se
1281 3549 1424 3631 jactavit,
1454 3547 1533 3610 unde
1563 3547 1639 3608 blis-
1652 3548 1964 3615 terpretatiohnjmcra·

258 3652 412 3714 sionarios
436 3650 582 3732 quosdam
606 3668 646 3712 er
668 3650 793 3714 Oriente
816 3668 979 3729 reversos,
1004 3652 1055 3731 qui
1077 3648 1248 3712 Orientales
1271 3647 1350 3709 idem
1373 3665 1410 3709 ac
1431 3664 1487 3709 nos
1510 3636 1736 3709 crederemi-

259 3752 344 3812 circa
366 3749 584 3812 Eucbar‘stiam
608 3748 801 3828 ablrrnabant,
831 3749 1115 3831 plenoreielleret.
1169 3747 1212 3810 lta
1240 3745 1393 3808 scribebat
1426 3744 1465 3808 ad
1491 3744 1639 3808 loannem

258 3849 428 3924 Deliacum,
452 3855 482 3911 et
504 3866 572 3910 cum
594 3847 729 3930 Episiola
752 3856 823 3930 post
845 3848 982 3913 Salmasii
1004 3847 1116 3916 obitum
1139 3849 1220 3928 typis
1243 3844 1394 3926 publicata
1417 3843 1517 3922 luerit,
1541 3860 1640 3905 excu-

259 3951 325 4013 sari
346 3955 469 4030 poterat
491 3947 572 4027 quod
595 3949 734 4010 incautus
756 3949 787 4009 in
809 3950 906 4010 sinum
935 3949 1022 4010 amici
1053 3953 1168 4009 temere
1198 3944 1376 4021 effudisset,
1404 3960 1484 4023 quaa
1512 3943 1639 4023 primum

259 4050 294 4111 in
315 4056 447 4110 meatem
468 4055 627 4126 venerant,
650 4048 709 4109 nisi
731 4047 842 4110 bellum
872 4047 943 4111 illud
967 4065 1053 4109 suum
1076 4050 1277 4108 commentam
1306 4041 1383 4104 libro
1413 4040 1452 4103 de
1483 4038 1640 4102 Transub-

261 4148 459 4210 stantiatione
488 4147 675 4209 inseruisset.
733 4145 815 4207 lllam
844 4147 939 4228 igitur
968 4163 1056 4226 quarn
1086 4144 1241 4207 retulimus
1270 4140 1456 4222 particulam,
1479 4157 1578 4220 quam,
1601 4157 1639 4200 ne

260 4246 335 4328 qnid
358 4246 519 4308 testimonii
541 4245 692 4307 autoritati
716 4244 846 4323 deforet,
870 4244 1001 4308 Arabica
1016 4244 1189 4324 descripsit,
1213 4244 1253 4304 ita
1277 4242 1494 4321 interpretatus
1518 4245 1573 4300 cst.
1598 4236 1639 4297 Tu

261 4347 409 4425 confirmas
430 4347 463 4406 in
484 4344 574 4406 nobis
596 4346 908 4406 connumerationem
929 4345 1091 4406 ministerii
1112 4345 1157 4405 tui
1178 4343 1294 4403 suncti:
1317 4347 1349 4401 tu
1369 4340 1451 4400 mide
1472 4354 1563 4415 nuper
1582 4353 1640 4396 nos
1685 4329 1734 4419 sp
1752 4350 1795 4402 32.
1811 4367 1837 4418 p.
1857 4351 1901 4402 72.

259 4447 396 4527 praetem
425 4443 628 4523 Spiritu-titi
655 4446 764 4518 murti,
792 4450 826 4504 ut
848 4445 1052 4523 puitieenmr,
1089 4450 1120 4503 et
1151 4447 1363 4502 concertamus
1388 4437 1445 4498 lias
1474 4435 1641 4497 oblationes

258 4546 338 4607 viles
359 4545 392 4604 in
414 4560 525 4622 corpur
546 4549 576 4604 et
596 4543 773 4621 serapam
794 4541 970 4603 Semctcris
990 4543 1096 4602 metri.
1144 4539 1178 4601 lu
1201 4539 1267 4619 ipsa
1289 4535 1426 4618 Epistola
1448 4533 1642 4597 vernaculam

262 4642 401 4725 ejusdem
423 4642 569 4703 orationis
591 4641 764 4702 versionem
786 4639 926 4722 legimus,
955 4641 984 4702 in
1008 4657 1067 4720 qua
1089 4638 1272 4701 discriminis
1294 4653 1355 4698 non
1377 4633 1449 4696 nihil
1472 4639 1528 4695 est.
1573 4628 1642 4708 Afin

260 4742 414 4823 pa’estont
434 4741 599 4819 sanctifica,
621 4749 699 4801 naus
716 4740 875 4819 patiam
896 4741 1050 4802 concerni
1071 4757 1123 4800 cea
1139 4737 1297 4799 Oblations
1318 4735 1394 4797 viles
1415 4741 1444 4795 et
1465 4732 1642 4802 teriam

260 4859 307 4902 aa
328 4857 420 4918 corps
441 4845 471 4900 et
491 4857 534 4899 cu
554 4857 632 4918 scnp
664 4840 703 4900 de
723 4846 827 4900 norae
848 4837 996 4913 Scuoeur,
1019 4857 1060 4898 oc
1080 4838 1119 4898 de
1140 4842 1244 4897 corbe
1265 4833 1361 4896 Sciet.
1412 4826 1643 4910 Interpretatio-

259 4957 333 5002 nem
356 4938 572 5000 commentario
600 4937 734 5016 munivit,
759 4938 844 5017 cujus
867 4936 942 4998 haec
964 4919 1114 4998 sectantis
1138 4940 1200 4996 est:
1224 4931 1298 4995 satis
1321 4930 1449 5013 agnosci
1470 4925 1643 4991 luvocatio-

258 5057 333 5101 nem
356 5054 418 5099 nun
440 5035 516 5114 lieri,
539 5043 572 5098 ut
594 5037 693 5118 gratia
715 5037 813 5097 sancti
837 5033 967 5114 Spiritus
989 5033 1130 5097 illabatur
1159 5050 1255 5113 super
1284 5046 1393 5110 panem
1423 5034 1454 5090 ct
1476 5027 1588 5102 vinum,
1611 5029 1644 5084 ut

1357 5141 1437 5217 52*
