4525 6034
673 567 724 641 66
1053 564 1673 643 csssuhtntlortus

672 752 723 831 qui
745 756 793 813 est
814 749 989 831 Martyrum,
1013 768 1074 814 non
1095 749 1228 813 DCCLX
1250 749 1306 812 sed
1335 747 1520 814 DCCLXlX.
1565 749 1663 813 Autor
1690 750 1909 831 Disputationis
1940 750 2036 814 dicitu

671 850 767 913 fuisse
790 849 928 912 hluchtar
948 849 1207 927 Ebu-El-Hacen,
1234 848 1522 926 Elin-El-Ahdoun,
1551 848 1801 912 Ebn-El-Botlan
1829 850 2035 932 Bagdadensis,

382 940 445 992 Hid-
469 938 534 1008 oya.
549 958 576 1009 Ρ·
595 940 808 1011 934·Μθᾱὶουε
832 951 905 1012 satis
929 948 1077 1028 celebris,
1108 948 1147 1011 dc
1177 965 1237 1029 quo
1268 947 1487 1028 Abullaragios
1517 949 1547 1010 in
1579 948 1709 1010 Historia
1739 947 1969 1029 Dynastiarum,
1998 950 2035 1030 uui

671 1055 771 1109 tamen
796 1066 863 1109 eum
887 1047 1000 1110 obiisse
1023 1065 1101 1109 anno
1124 1047 1342 1127 praecedente,
1366 1045 1481 1110 scribit.
1535 1046 1665 1109 Occasio
1689 1046 1859 1128 disputandi
1880 1046 1945 1124 luit,
1968 1047 2035 1127 quod

672 1146 805 1208 misisset
827 1147 908 1227 Papa
929 1145 1080 1209 Romanus
1103 1146 1238 1208 Nuncios
1260 1145 1298 1207 ad
1320 1145 1498 1208 Michaelem
1521 1145 1894 1226 Constantinopolitanum,
1918 1146 2035 1209 Cerrda·

672 1246 749 1307 rium
777 1245 909 1323 scilicet,
943 1254 1082 1327 tempore
1116 1244 1307 1308 Constantini
1341 1243 1547 1321 llonomachi,
1585 1261 1652 1305 cum
1685 1245 1780 1307 literis
1809 1245 1985 1307 hortatoriis
2008 1245 2034 1306 ad

673 1343 820 1423 Graecos,
843 1351 876 1405 ut
899 1344 989 1406 inulta
1013 1344 1189 1424 disciplinae
1211 1362 1286 1405 suae
1315 1345 1415 1423 capita
1437 1342 1657 1422 reformarent,
1690 1344 1770 1406 inter
1792 1343 1850 1405 alia
1872 1362 1960 1405 usum
1983 1344 2033 1406 ler-

671 1444 795 1505 mentati
823 1428 909 1524 panis
940 1445 971 1505 in
1001 1443 1208 1506 Oblationihus
1240 1443 1313 1504 suis.
1369 1442 1401 1503 ln
1431 1462 1467 1508 ea
1502 1444 1594 1526 igitur
1623 1443 1833 1525 Disputatione
1870 1451 2033 1526 argumenta

672 1544 757 1606 varia
780 1551 884 1604 contra
908 1541 1025 1624 Azyma
1047 1544 1254 1623 reperiuntur,
1286 1560 1364 1623 qnae
1394 1540 1494 1605 Actor
1515 1541 1705 1625 Apologiae,
1734 1549 1768 1603 ut
1797 1542 1961 1604 verisimile
1991 1550 2032 1620 est,

592 1653 596 1657 ’
672 1642 743 1705 inde
766 1642 883 1720 sumsit,
908 1660 974 1703 cum
998 1640 1107 1704 eodem
1129 1643 1248 1704 viveret
1270 1648 1418 1721 tempore.
1470 1640 1546 1702 lllud
1570 1641 1689 1703 undem
1712 1640 1967 1722 praetereundum
1989 1660 2032 1703 non

674 1749 738 1804 est:
761 1740 842 1822 quod
864 1740 1028 1821 Dionysius
1052 1741 1199 1802 Barsalihi
1222 1742 1272 1821 qui
1290 1747 1360 1820 post
1389 1748 1526 1820 tempora
1554 1740 1739 1803 Christoduli
1761 1740 1961 1802 Alexandrini
1991 1742 2031 1803 Pa·

674 1839 823 1901 triarchae
847 1841 931 1916 vixit,
956 1849 1026 1902 tunc
1039 1834 1117 1902 'cum
1139 1841 1248 1902 Franci
1270 1839 1487 1921 Hierosolymis
1517 1848 1693 1920 regnarent,
1717 1857 1826 1920 nempe
1848 1847 1919 1920 post
1942 1859 2032 1901 annm

673 1938 809 2004 MXClX.
832 1940 975 2001 misturae
999 1939 1059 2001 olei
1082 1947 1113 2001 et
1135 1938 1208 2001 salis
1230 1956 1292 2001 non
1315 1940 1456 2014 meminit,
1479 1940 1510 1999 in
1523 1938 1666 2002 Tractatu
1689 1958 1777 2019 quem
1800 1940 1968 2018 citavimus,
1989 1954 2030 1999 nec

674 2037 951 2116 insCommentario
975 2037 1012 2099 ad
1036 2038 1210 2119 Liturgiam.

761 2135 835 2200 Curn
858 2155 934 2199 vero
957 2136 1083 2199 Graecis
1106 2155 1167 2199 non
1190 2138 1286 2198 minus
1315 2154 1404 2217 quarn
1427 2135 1554 2218 Coptitis
1581 2137 1680 2199 mistio
1710 2137 1782 2199 salis
1805 2144 1836 2198 et
1859 2138 1920 2201 olei
1943 2136 2030 2217 displi-

674 2245 770 2317 ceret,
794 2255 860 2299 earn
881 2236 1013 2299 Joannes
1037 2237 1216 2299 confirmare
1238 2237 1349 2317 satagit
1371 2236 1508 2298 inanibus
1531 2234 1717 2315 ratiunculis,
1741 2238 1966 2316 comparatione
1988 2237 2029 2297 d-

675 2343 722 2396 cta
746 2355 786 2398 ex
808 2326 937 2415 quatuor
959 2334 1136 2398 elementis:
1160 2343 1220 2397 tum
1243 2337 1412 2417 scripturae
1434 2335 1521 2414 locis,
1545 2335 1596 2397 uhi
1618 2334 1690 2397 salis
1713 2343 1743 2397 ct
1764 2336 1916 2397 unctionis
1939 2335 2029 2397 mentio

673 2434 721 2496 lit:
746 2453 823 2516 quae
846 2433 974 2515 quidem,
991 2435 1067 2496 adeo
1090 2433 1199 2496 frivola
1222 2443 1301 2512 sunt,
1327 2434 1432 2496 utilia
1460 2433 1555 2497 fusius
1578 2434 1714 2513 referre,
1739 2452 1833 2515 opera
1856 2435 1938 2496 abuti
1961 2434 2028 2495 soret

675 2533 754 2596 Sane
777 2534 889 2596 nullum
912 2534 999 2616 hujus
1022 2532 1208 2596 admistionis
1232 2535 1376 2611 occurrit,
1400 2542 1469 2596 ante
1500 2533 1549 2595 illa
1579 2533 1730 2595 undecimi
1757 2534 1873 2596 saeculi
1901 2541 2027 2613 tempora,

563 2676 567 2683 -
673 2634 705 2695 in
734 2633 818 2696 lihris
846 2632 1048 2695 Orientalibus
1082 2634 1254 2716 vestigium.
1310 2631 1446 2695 Consulti
1480 2632 1550 2694 olim
1586 2650 1602 2693 a
1640 2631 1727 2694 nohis
1756 2632 1938 2695 Sacerdotes
1969 2633 2027 2713 Syn,

674 2739 764 2812 atque
794 2735 873 2794 inter
907 2732 981 2795 alios
1010 2731 1091 2794 Elias
1128 2731 1335 2815 Bagdadensis
1366 2734 1417 2812 qui
1453 2739 1522 2793 ante
1552 2749 1648 2793 annos
1680 2730 1877 2812 quadraginta
1903 2731 2029 2794 Lutetiam

553 2818 556 2827 ¹
672 2833 772 2908 venit,
802 2833 827 2894 is
858 2850 946 2912 quem
980 2831 1128 2894 Ricardus
1166 2832 1269 2895 Simon
1302 2828 1495 2912 saepiuscule
1527 2830 1702 2911 loquentem
1731 2829 1860 2910 inducit,
1890 2832 1929 2894 de
1956 2830 2027 2892 rebus

383 3497 560 3555 Rham

674 2929 880 3011 Theologicis,
904 2948 1030 3010 quarum
1053 2930 1294 3011 imperitissimus
1317 2938 1400 3009 erat,
1437 2931 1642 3013 interrogatus
1673 2929 1711 2992 de
1740 2929 1790 2992 illa
1819 2948 1942 2993 suorum
1971 2946 2029 2991 coa·

673 3029 834 3092 suetudine
857 3031 896 3093 ita
919 3029 1134 3110 respondebat.
1169 3030 1277 3092 Micam
1300 3029 1372 3090 salis
1395 3028 1484 3110 adjici
1507 3029 1537 3090 in
1560 3047 1659 3091 massa
1681 3028 1872 3116 tormentata,
1895 3030 1947 3091 sed
1970 3044 2026 3109 quae

672 3136 765 3210 gustu
787 3131 903 3210 percipi
915 3148 976 3192 non
999 3137 1117 3210 posset:
1142 3128 1241 3191 oleum
1265 3146 1358 3191 cavae
1380 3128 1480 3190 manui
1499 3127 1670 3191 Sacerdotis
1694 3128 1786 3207 altini,
1809 3147 1849 3191 ne
1873 3129 1941 3191 dum
1953 3126 2027 3190 Obla-

674 3236 733 3290 tam
756 3227 876 3309 lormat,
900 3247 998 3291 massa
1021 3228 1199 3291 adhaereat:
1227 3246 1333 3290 verum
1355 3246 1418 3291 non
1440 3230 1513 3291 tanti
1536 3236 1583 3291 est
1605 3228 1723 3291 illorum
1745 3229 1897 3291 hominum
1920 3228 1995 3291 tides.

743 3489 885 3582 Accipit
910 3496 1074 3582 mojorem
1100 3490 1236 3560 hostica
1258 3495 1395 3582 partem
1422 3495 1456 3559 et
1483 3489 1632 3560 collocet
1658 3493 1694 3558 in
1721 3490 1834 3577 diaco,
1863 3490 1974 3560 diceas

1168 3606 1351 3698 Tamquam
1379 3606 1465 3692 ovis,
1494 3615 1557 3675 etc.

383 3842 441 3908 Syri
463 3844 605 3897 lanceatam
628 3848 661 3898 au
771 3815 903 3894 Drcnua
930 3824 1011 3906 apud
1039 3824 1174 3887 Graecos
1198 3824 1303 3886 eadem
1326 3842 1432 3887 sacrae
1456 3827 1630 3907 Scripturae
1653 3825 1818 3906 particula,
1849 3843 1914 3888 curn
1936 3826 2025 3887 Sacar-

349 3926 513 3981 dividendam
549 3932 660 3984 abraam
675 3929 730 3991 dos
754 3929 836 3992 terro
859 3931 1037 4008 acuminato,
1061 3928 1141 4008 qood
1170 3914 1279 4008 Ἀγίαν
1301 3914 1418 4011 λόγχην
1446 3928 1610 4010 appellant,
1634 3930 1741 4012 pungit
1772 3936 1802 3990 et
1831 3936 1915 3991 secat
1938 3943 2024 4009 panau

348 4029 402 4065 nou
420 4015 522 4069 hahent.

674 4028 924 4106 Eucharisticum,
948 4027 1096 4109 adjunctis
1121 4025 1256 4089 formulis
1287 4025 1364 4105 aliis,
1389 4045 1406 4088 a
1428 4028 1563 4090 Diacono
1595 4037 1646 4090 aut
1668 4029 1736 4107 ipso
1758 4028 1919 4090 sacerdote
1939 4028 2024 4089 dicen·

676 4127 732 4209 dis,
756 4148 833 4211 quae
856 4129 886 4190 in
908 4127 1098 4209 Euchologio
1121 4126 1274 4208 leguntur.
1328 4126 1429 4188 Verba
1458 4126 1496 4189 ad
1524 4127 1773 4208 significationem
1807 4126 1916 4189 Christi
1939 4126 2024 4187 lancea

675 4228 922 4307 transverberati,
947 4234 977 4288 et
1000 4225 1066 4288 aliis
1088 4226 1244 4307 suppliciis
1267 4225 1392 4286 lacerati
1423 4226 1597 4306 referenda,
1621 4226 1787 4288 Germanus
1819 4224 1977 4315 l’atriarcha
1999 4227 2024 4281 et

673 4329 723 4391 alii
753 4329 909 4412 Litnrgiae
936 4325 1128 4406 expositores
1158 4333 1323 4401 testantur,
1353 4332 1385 4385 et
1414 4323 1482 4387 fuse
1512 4328 1643 4407 Symeon
1673 4324 1955 4387 Thessalonicensis
1991 4319 2024 4380 ht

673 4427 753 4509 Syri,
777 4438 809 4491 ut
832 4431 921 4491 etiam
945 4425 1094 4507 Coptitae,
1118 4444 1204 4490 usum
1226 4415 1344 4509 λόγχης
1365 4445 1426 4490 non
1450 4425 1571 4505 hahent,
1594 4444 1694 4506 neque
1721 4425 1800 4487 illius
1824 4425 1955 4488 indicium
1978 4435 2024 4481 oc·

673 4530 776 4592 currit.
820 4528 978 4609 Mysticam
1001 4527 1251 4606 significationem
1274 4533 1460 4609 agnoscunt,
1489 4525 1544 4587 sed
1567 4544 1633 4587 eam
1655 4524 1729 4586 satis
1759 4525 1888 4605 exprimi
1911 4520 2024 4604 judicant

672 4646 730 4709 per
751 4628 837 4708 panis
860 4627 1047 4704 tractionem,
1071 4633 1131 4687 tum
1154 4628 1279 4707 primam
1302 4643 1380 4706 quae
1410 4624 1469 4687 hoo
1499 4625 1568 4687 loco
1592 4626 1634 4702 lit,
1657 4641 1724 4685 cum
1748 4624 1836 4704 panis
1859 4624 1889 4684 in
1909 4616 2023 4702 parhen-

671 4726 717 4789 las
740 4727 865 4805 fractus,
889 4727 974 4788 disco
997 4727 1172 4806 imponitur:
1196 4734 1258 4787 tum
1281 4725 1443 4788 secundam
1467 4742 1545 4804 quaa
1569 4724 1693 4801 litante
1716 4723 1953 4785 communionem
1987 4711 2024 4772 lit

672 4825 788 4888 scilicet
810 4825 982 4907 intelligunt
1003 4825 1098 4887 verba
1122 4823 1245 4903 Christi,
1267 4834 1299 4887 ut
1329 4827 1360 4887 in
1390 4825 1533 4907 liturgiis
1562 4823 1748 4899 reseruntur,
1769 4821 1837 4884 Hoc
1866 4828 1910 4883 eat
1931 4825 2024 4891 tow

673 4943 770 4985 meum
792 4927 872 5005 quod
890 4945 950 5005 pro
971 4924 1059 4987 volam
1078 4924 1244 5004 frcapitar,
1266 4924 1357 5005 idque
1383 4925 1479 5005 ipsum
1502 4923 1704 5007 significasse,
1728 4940 1795 4984 curn
1818 4937 1921 5003 panem
1938 4908 2023 4991 [rapt

675 5020 749 5084 Cum
768 5023 871 5104 frepit,
894 5025 989 5106 inquit
1012 5025 1176 5106 Dionysius
1197 5022 1356 5103 Barsalibi,
1379 5027 1411 5087 in
1433 5026 1575 5107 mysterio
1598 5024 1783 5103 aiqnificooa't
1804 5021 1900 5098 nota,
1916 5009 2025 5098 tta-555⁰·
