4525 6034
685 577 760 652 380
1071 576 1675 657 ournrnlnudun

682 763 907 838 Patriarobam
939 768 1077 860 proprie
1109 770 1297 861 pertinent,
1333 774 1367 836 et
1399 788 1485 860 quae
1518 764 1615 839 aliter
1647 790 1744 863 quam
1780 765 1921 864 Coptice
1957 771 2050 845 scribi

682 903 750 953 non
777 881 894 953 solent.
922 879 1024 953 Tales
1052 891 1148 952 eraut
1175 881 1254 954 olim
1279 879 1454 976 Epistulae
1485 861 1686 974 Paschales,
1718 908 1801 981 quas
1828 887 2049 960 Heortasticas

682 1007 819 1086 vocant,
847 1000 908 1070 etsi
929 996 1035 1085 simul,
1062 996 1168 1069 veluti
1186 1001 1219 1069 iu
1243 996 1316 1070 aliis
1333 998 1496 1086 omnibus,
1518 998 1755 1094 adjungeretur
1774 1001 1922 1076 Arabica
1941 1013 2049 1076 trans-

683 1115 772 1188 latio.
820 1113 946 1185 Verum
973 1115 1028 1207 qui
1057 1112 1098 1186 ab
1125 1114 1222 1188 Actis
1250 1123 1284 1184 et
1316 1113 1465 1209 epistolis
1491 1117 1706 1189 Putriarchae
1734 1129 1845 1209 erant,
1880 1141 1939 1190 eus
1965 1124 2049 1193 scri·

681 1231 816 1321 bebant,
844 1242 877 1303 et
902 1229 1094 1302 Patriurcba
1121 1229 1365 1304 subscribebat.

410 1363 565 1419 nominem
599 1365 669 1419 rum
785 1348 859 1420 LX.
892 1344 990 1419 Nona
1026 1346 1190 1434 conditio,
1237 1371 1333 1442 quarn
1371 1357 1406 1419 ut
1441 1337 1666 1419 necessariam
1699 1347 1804 1421 refert
1837 1347 2051 1442 Ebuassalus,

377 1452 510 1518 professio.

565 1698 575 1738 l

682 1476 755 1539 erat
780 1463 987 1537 Monastioae
1013 1462 1071 1534 vel
1095 1461 1365 1536 Anacboreticae
1391 1467 1503 1552 vitae,
1535 1487 1554 1535 a
1580 1467 1686 1560 prima
1709 1470 1885 1559 Juventnte
1917 1466 2049 1563 proies-

680 1588 742 1657 sio.
786 1580 842 1654 Ab
870 1584 962 1654 initio
989 1578 1066 1650 nibil
1093 1577 1160 1651 tale
1187 1579 1398 1672 exigebatur.
1438 1578 1652 1653 Andronicus
1679 1581 1851 1655 XXXVII.
1879 1585 1934 1679 qui
1960 1585 2050 1656 Ben-

677 1702 847 1795 jaminum,
874 1696 935 1769 sub
963 1719 1029 1791 quo
1056 1694 1288 1767 Mubamedani
1312 1695 1506 1792 Aegyptum
1530 1698 1734 1787 invaserunt,
1760 1703 1959 1794 praecessit,
1984 1714 2050 1774 erat

679 1815 849 1888 Diaconus
875 1811 1052 1884 Ecclesiae
1078 1811 1188 1884 dictum
1214 1811 1406 1907 Ampeliou,
1433 1815 1468 1884 in
1493 1810 1579 1885 urbe
1604 1812 1844 1887 Alexandrina.
1896 1817 2050 1908 Agathou

678 1932 874 2025 Beujamino
911 1930 1090 2016 sulleetus,
1128 1928 1300 2019 loannes,
1339 1929 1454 2017 Isaac,
1493 1928 1644 2001 Joannes
1676 1929 1827 2003 XLVIII.
1887 1930 2050 2029 prraem

678 2048 781 2121 LXII.
808 2045 990 2119 Zacharias
1017 2044 1137 2117 LXIV.
1193 2044 1333 2118 Gabriel
1356 2046 1394 2117 F.
1422 2044 1543 2117 Taricb
1569 2044 1674 2118 LXX.
1701 2045 1837 2121 Marcus
1864 2047 1902 2120 F.
1923 2047 2050 2122 Zaraae

678 2162 829 2237 LXXllI.
871 2164 1020 2236 loannes
1055 2165 1128 2255 ejus
1161 2183 1353 2250 successor,
1396 2160 1553 2235 Monaobi
1584 2183 1654 2234 nou
1685 2162 1836 2254 fuerunt,
1880 2174 2051 2261 antequam

679 2280 920 2353 ordinarentur.
979 2277 1113 2373 Reliqui
1146 2279 1252 2351 terme
1288 2283 1403 2352 omnes
1439 2300 1486 2350 ex
1521 2277 1646 2351 Ordine
1679 2278 1866 2354 Monastico
1906 2283 2048 2367 assumti,

678 2399 878 2494 praesertim
913 2418 998 2469 vero
1034 2417 1080 2467 ex
1115 2394 1247 2469 famoso
1283 2394 1489 2468 Monasterio
1524 2393 1561 2467 S.
1593 2393 1751 2486 Macarii,
1792 2395 1898 2469 Valbs
1932 2394 2049 2484 Habib,

681 2523 847 2608 quaeest
874 2514 1007 2605 antiqua
1033 2510 1147 2582 Scete.
1176 2509 1259 2583 Cum
1287 2531 1371 2582 vero
1394 2513 1465 2603 jam
1492 2533 1511 2581 a
1537 2509 1647 2583 multis
1674 2509 1817 2583 saeculis
1845 2509 2047 2585 consuetudo

678 2628 875 2715 invaluerit,
902 2636 937 2697 ut
963 2626 1026 2701 soli
1052 2626 1219 2719 Religiosi
1246 2626 1289 2698 ad
1305 2624 1565 2700 Patriarcbatum
1588 2635 1812 2716 assumantur,
1839 2627 1916 2699 inde
1930 2626 2048 2699 factum

679 2755 731 2816 est
756 2756 792 2818 ut
819 2747 851 2814 iu
877 2741 1021 2816 formula
1047 2746 1254 2815 instrumenti
1280 2741 1322 2815 de
1347 2742 1436 2815 lacta
1462 2746 1544 2816 novi
1569 2742 1785 2815 Patriarchae
1817 2745 1984 2817 electione
2017 2753 2049 2815 et

678 2864 961 2965 consecratione,
980 2859 1122 2954 legatur.
1176 2860 1269 2930 Mitti
1299 2862 1404 2953 igitur
1437 2861 1646 2933 decrevimus
1678 2860 1725 2930 ud
1756 2852 1895 2933 deserto
1931 2867 2048 2932 suuctu

678 2976 810 3065 Seetis,
838 2999 926 3071 quae
951 2982 1029 3047 suut
1054 2977 1101 3047 ud
1125 2975 1275 3047 Moralem
1300 2976 1441 3048 Nitriae
1474 3031 1482 3048 .
1516 3031 1525 3048 .
1559 3030 1568 3049 .
1607 2983 1643 3047 et
1674 2979 1899 3048 convertimus
1935 2977 2047 3049 oculos

677 3101 814 3168 nostros
839 3098 875 3164 in
901 3093 979 3164 Deo
1006 3093 1161 3163 deuotum
1187 3099 1222 3163 et
1242 3093 1429 3185 piissimum
1454 3092 1676 3182 Mouucbum,
1702 3092 1912 3164 dubitantem
1930 3097 1967 3164 iu
1986 3116 2046 3164 ee-

677 3212 767 3283 lebri
792 3213 913 3282 Luuru
938 3233 999 3282 seu
1024 3209 1238 3282 Monosterio
1264 3207 1302 3279 S.
1329 3208 1450 3280 Putris
1474 3212 1585 3281 nostri
1610 3209 1763 3280 Mueurii
1789 3212 1826 3279 in
1850 3208 1966 3297 Secti,
1992 3209 2048 3279 ubi

556 3349 558 3356 ⁸
677 3329 840 3399 educatus
864 3335 917 3399 est
942 3350 966 3397 u
987 3328 1144 3420 pueritia
1168 3348 1250 3413 suu,
1282 3324 1343 3395 urb
1376 3325 1558 3418 disciplina
1589 3332 1784 3396 sauctorum
1809 3324 1955 3396 Petrum
1988 3334 2046 3397 etc.

676 3444 796 3540 Neque
821 3443 888 3515 ulla
915 3441 1098 3515 differentia
1125 3452 1199 3513 erat
1223 3443 1310 3512 inter
1336 3463 1397 3515 eos
1432 3443 1487 3537 qui
1517 3444 1551 3513 in
1579 3437 1754 3515 coenomo
1787 3443 1965 3534 vixerant,
1995 3452 2048 3514 aut

677 3582 738 3632 eos
766 3562 881 3656 quiin
908 3558 1010 3633 Celbis
1036 3559 1174 3631 remotis
1210 3579 1230 3628 a
1263 3556 1465 3653 rebquorum
1498 3556 1739 3631 Monaoborum
1772 3560 1962 3648 consortio,
1996 3562 2047 3654 qui

676 3680 812 3775 proprie
843 3674 1080 3749 Auaoboretae
1115 3683 1230 3764 erant,
1264 3684 1298 3745 et
1333 3697 1417 3770 quos
1452 3674 1564 3746 Hatris
1593 3673 1743 3748 Arabioe
1777 3685 1919 3764 vocant3
1956 3677 2046 3770 quasi

675 3790 835 3865 reclusos.
888 3791 973 3865 Earn
999 3813 1123 3865 vocem
1148 3813 1215 3863 non
1242 3790 1462 3881 intellectam,
1498 3789 1674 3886 aliquando
1707 3793 1741 3861 in
1767 3790 1904 3862 historia
1940 3791 2047 3864 Sara-

676 3910 791 3980 cenica
817 3931 995 4005 perperam
1021 3911 1180 4004 exposuit
1204 3905 1392 4003 llrpenius,
1427 3909 1624 3980 existimans
1656 3907 1845 4000 significare
1879 3911 2046 4001 captim

675 4026 731 4120 qui
758 4028 887 4096 carceri
913 4027 1119 4121 mancipatus
1146 4022 1263 4096 iuerat.
1316 4021 1477 4098 Rationes
1505 4034 1614 4096 autem
1641 4045 1700 4094 our
1721 4021 1877 4095 Monacbi
1902 4027 2045 4119 potissi-

675 4162 763 4212 mum
789 4139 1012 4233 eligerentur,
1039 4138 1162 4212 multae
1189 4150 1223 4211 et
1249 4139 1379 4234 quidem
1407 4143 1638 4233 gravissimae
1655 4137 1796 4212 fuerunt.
1849 4137 1937 4211 Nam
1973 4164 2044 4214 cum

673 4258 840 4350 virginem
868 4255 948 4349 eligi
975 4266 1165 4353 oporteret,
1197 4277 1341 4330 necesse
1367 4264 1441 4329 erat
1471 4266 1508 4328 ut
1537 4260 1566 4330 is
1598 4267 1794 4352 caperetur,
1826 4277 1924 4350 quem
1961 4281 2044 4353 pro-

674 4372 779 4449 iessio
806 4376 968 4446 castitatis
994 4395 1015 4445 a
1041 4377 1147 4470 prima
1173 4375 1333 4471 pueritia,
1365 4373 1464 4445 talem
1496 4395 1575 4447 esse
1610 4369 1787 4444 suadebat:
1823 4379 1889 4442 tum
1916 4373 1950 4443 in
1977 4375 2043 4443 uita

674 4488 824 4562 solitaria
856 4493 964 4583 major
999 4493 1132 4563 omniuo
1167 4513 1265 4586 mam
1300 4491 1334 4561 in
1367 4489 1504 4562 saeculo
1539 4510 1617 4562 esse
1649 4486 1827 4559 videbatur
1861 4488 2044 4558 sanctitatis

674 4606 805 4701 opinio,
832 4615 866 4677 et
893 4627 913 4676 a
939 4606 1028 4679 euris
1055 4605 1181 4678 saeculi
1206 4604 1345 4679 liberior
1371 4608 1516 4693 animus;
1549 4609 1617 4676 tum
1652 4603 1740 4698 quod
1771 4606 1877 4695 ignoti
1909 4602 2043 4693 mundo,

672 4723 781 4814 magis
809 4724 876 4818 apti
909 4722 952 4794 ad
984 4725 1198 4797 ministerium
1226 4720 1453 4794 Patriarobale
1484 4721 1694 4810 videremur,
1725 4721 1924 4816 praesertim
1959 4740 2041 4792 vero

670 4835 831 4909 carebant
856 4841 972 4911 suricis
999 4837 1063 4911 illis
1091 4849 1124 4911 et
1150 4840 1299 4934 patronis
1327 4861 1374 4912 ex
1401 4836 1475 4910 aula
1494 4838 1705 4912 Sullanorum
1733 4835 2042 4923 etPraeleotorum,

670 4973 807 5047 quorum
833 4952 1037 5027 familiaritas
1063 4975 1169 5051 saepe
1193 4976 1318 5050 magno
1343 4951 1572 5028 Ecclesiarum
1597 4953 1686 5027 malo
1713 4950 1877 5026 uertebat.
1921 4953 2041 5022 Acce-

669 5067 771 5142 debat
796 5072 894 5143 etiam
922 5074 1057 5168 opinio,
1084 5071 1174 5168 quod
1200 5074 1234 5143 in
1260 5070 1474 5146 Monasteriis
1502 5069 1669 5146 doctiores
1697 5091 1794 5164 quam
1822 5070 1855 5138 in
1882 5066 2039 5139 Clericu-
