4525 6034
703 543 777 619 114
1079 544 1702 626 obsuavntlottus

411 845 441 900 Ρ.
459 846 504 898 to.
521 846 539 902 ι
558 847 601 898 aa.
1247 834 1382 905 Sancta
1407 838 1546 906 concita

416 1053 535 1105 talavatio
559 1053 689 1106 Euchari—
793 1026 861 1103 er
883 1037 943 1100 ulla
967 1039 1224 1102 caeremoniarum
1250 1036 1471 1120 liturgicarum
1500 1054 1572 1118 pars
1601 1045 1665 1113 cst,
1695 1056 1773 1119 quae
1800 1056 1868 1101 cum
1892 1039 1944 1101 ista
1968 1042 2047 1121 possit

377 1141 443 1191 auae
462 1149 488 1192 et
506 1139 629 1191 adoratio.
703 1139 742 1203 de
765 1140 940 1220 antiquitate
964 1138 1161 1214 contendere,
1184 1137 1362 1217 praesertim
1386 1138 1416 1197 in
1438 1136 1585 1199 Ecclesiis
1609 1136 1822 1202 Orientalibus.
1869 1139 1938 1202 Nam
1957 1141 1989 1202 de
2007 1141 2048 1202 illa

405 1228 483 1326 ,ΗΜ
507 1228 552 1278 ⁵¹·
576 1228 613 1278 aa
628 1227 689 1297 Pep.
703 1239 842 1318 termula,
866 1256 935 1319 qua,
957 1245 990 1299 ut
1014 1239 1054 1299 ait
1077 1237 1325 1318 chrysostomus,
1347 1235 1443 1296 sancti
1466 1234 1503 1296 ad
1526 1235 1735 1300 Eucharistiae
1757 1241 1979 1301 communionem
2002 1239 2048 1302 soli

376 1312 436 1364 Μ·
454 1311 484 1364 ¹⁶
502 1313 573 1365 ΗΜ·
592 1313 636 1365 ⁶⁰·
656 1314 692 1365 αα
702 1345 869 1416 vocantur,
907 1344 937 1398 ot
973 1335 1051 1398 illius
1081 1343 1112 1398 et
1142 1334 1272 1397 omnium
1302 1332 1428 1395 aliorurn
1457 1335 1576 1397 Petrum
1606 1335 1792 1398 Graecorum
1829 1338 1936 1399 infinita
1964 1343 2049 1399 artaud

377 1389 438 1450 Μ’
458 1399 500 1450 ¹⁷¹
702 1437 883 1499 testimonia.
929 1434 1011 1497 lllam
1034 1434 1222 1515 disciplinam
1243 1434 1375 1495 imitatae
1397 1440 1467 1494 sunt
1490 1441 1521 1495 et
1544 1432 1602 1495 huc
1631 1453 1727 1515 usque
1755 1435 1939 1498 retinuerunt
1964 1453 2049 1498 omues

703 1535 875 1599 Orientales
898 1533 1075 1610 Ecclesiae,
1107 1551 1175 1595 curn
1202 1532 1337 1613 liturgia
1367 1530 1449 1592 nulla
1479 1534 1517 1593 sit
1540 1532 1674 1609 Graeca,
1705 1532 1849 1614 Syriaca,
1877 1534 2049 1615 Aegyptiace,

702 1632 883 1714 Aethiopica
906 1641 957 1696 aut
986 1633 1108 1696 alterius
1137 1632 1353 1712 cujuscumque
1380 1629 1519 1713 linguae,
1548 1649 1626 1712 quae
1656 1631 1737 1693 illam
1765 1649 1828 1693 nou
1857 1641 2049 1712 repraesentet

703 1732 749 1794 De
772 1732 951 1813 Aethiopica
974 1732 1112 1794 fortassis
1136 1730 1217 1792 litem
1240 1728 1403 1791 movebunt
1425 1729 1567 1791 erudituli
1590 1730 1720 1812 quidam,
1744 1732 1795 1811 qui
1809 1729 1918 1792 nullum
1929 1731 2048 1794 derebus

703 1829 905 1912 Aethiopicis,
928 1830 1151 1893 Ecclesiasticis
1174 1830 1273 1906 etiam,
1297 1836 1432 1891 autorem
1454 1830 1565 1892 habent
1589 1837 1713 1910 praeter
1734 1828 1902 1906 Ludollum,
1928 1830 1962 1892 de
1982 1832 2050 1912 cujus

702 1931 851 2010 imperitia
873 1948 975 1993 rerum
998 1947 1164 2006 sacrarum,
1187 1936 1218 1990 et
1241 1928 1318 1990 mala
1340 1927 1416 2006 fide,
1444 1929 1566 1990 nimium
1588 1928 1720 1993 tortasse
1742 1929 1834 1991 multa
1858 1929 1992 2009 aliquibus
2012 1929 2050 1990 di·

702 2029 786 2091 xisse
808 2028 991 2091 videbimur:
1019 2046 1134 2110 pauca,
1163 2035 1196 2089 ut
1220 2026 1379 2108 apparebit
1402 2046 1443 2089 ex
1464 2028 1733 2090 Dissertationibus
1756 2030 1795 2091 de
1817 2028 1878 2091 hoc
1900 2035 2050 2110 argumento

702 2128 827 2205 nostris,
851 2126 966 2191 dixisse
988 2145 1045 2190 nos
1069 2134 1264 2209 agnoscetur.
1316 2126 1390 2187 Nam
1423 2126 1579 2188 formulam
1609 2127 1687 2189 illam
1719 2129 1758 2190 ita
1787 2129 1990 2208 interpretatus
2014 2132 2051 2187 est

702 2229 911 2288 acmentarium
940 2227 1071 2301 conctis,
1106 2225 1187 2306 quod
1210 2225 1455 2287 absurdissimum
1478 2235 1541 2303 est,
1568 2226 1700 2307 nihilque
1721 2227 1891 2310 significat,
1920 2236 1950 2288 ut
1974 2224 2051 2285 fusius

704 2325 900 2389 ostendemus
922 2326 953 2387 in
975 2324 1063 2388 Notis
1086 2325 1124 2387 ad
1146 2324 1310 2405 liturgiam
1333 2324 1552 2405 Aethiopicam.

414 2445 547 2508 Quomodo
564 2446 615 2499 aar.
792 2423 866 2486 Cum
888 2432 998 2486 concta
1019 2426 1147 2498 canetis,
1170 2423 1345 2502 abiacono,
1369 2431 1420 2485 aut
1443 2441 1460 2485 a
1483 2423 1649 2487 Sacerdote
1671 2424 1862 2487 inclamatum
1886 2431 1939 2499 est,
1960 2423 2052 2486 Sacer-

703 2523 759 2586 dos
789 2522 890 2586 elevat
916 2522 1155 2585 Eucharistiam:
1186 2523 1352 2601 praemissa
1382 2521 1550 2584 secundum
1578 2522 1727 2585 Graecum
1756 2523 1894 2585 codicem
1922 2542 1955 2585 ea
1981 2536 2050 2601 quau

702 2622 830 2686 diximus
854 2623 999 2685 oratioue.
1036 2610 1127 2704 ‘'Ayte
1150 2611 1169 2683 ὁ
1190 2615 1224 2683 e'v
1252 2610 1360 2704 eiyt'ote
1390 2609 1657 2699 ἅναπαυόμενοςε
1687 2623 1798 2683 Sancte
1825 2623 1879 2701 qui
1904 2623 1934 2682 in
1959 2620 2053 2682 soam’t

703 2723 878 2803 requiescis.
922 2721 956 2783 ln
985 2720 1129 2802 liturgiis
1158 2719 1360 2803 Aegyptiacis
1389 2728 1419 2781 et
1446 2719 1572 2782 Graecis
1601 2720 1800 2784 Alexandrini
1828 2720 1920 2791 ritus,
1947 2717 2052 2781 elevatio

702 2820 841 2883 similiter
863 2820 1100 2899 praescribitur,
1129 2837 1208 2899 quae
1236 2820 1262 2880 si
1285 2838 1325 2881 ex
1347 2819 1534 2881 rubricarum
1558 2818 1679 2882 deiectu
1700 2838 1762 2882 non
1783 2819 1900 2899 legitur
1919 2819 1948 2879 in
1967 2817 2053 2897 Syria·

704 2920 747 2983 cis
770 2920 937 3001 plerisque,
961 2918 1143 2982 observatur
1164 2927 1275 2994 tamen,
1292 2926 1325 2979 ut
1348 2938 1387 2980 ex
1409 2919 1527 2981 Rituum
1542 2920 1759 3000 lnterpretibus
1782 2927 1813 2981 et
1828 2917 1985 2999 Theologis
2003 2913 2053 2975 dc-

702 3026 896 3082 moustratur.
940 3016 973 3080 ln
996 3016 1218 3080 Commentario
1241 3018 1278 3080 ad
1301 3017 1401 3080 Basilii
1422 3017 1586 3101 liturgiam
1614 3019 1706 3082 multa
1733 3018 1771 3081 de
1800 3017 1861 3080 hac
1890 3013 2053 3079 caeremonia

700 3120 763 3200 jam
785 3119 865 3180 dicta
887 3124 968 3195 sunt,
992 3134 1052 3179 nou
1076 3116 1166 3180 modo
1189 3135 1267 3198 quae
1290 3116 1327 3178 ad
1344 3117 1481 3196 Coptitas
1503 3119 1627 3198 proprie
1651 3125 1799 3199 spectant,
1822 3116 1978 3180 sedetiam
1991 3126 2053 3191 quc

704 3217 811 3299 Syros,
841 3235 968 3297 quorum
992 3216 1051 3278 illic
1074 3215 1217 3278 nonnudla
1238 3216 1408 3278 testimonia
1430 3217 1525 3278 relata
1547 3224 1626 3279 sunt.
1675 3217 1750 3279 Cum
1780 3218 1863 3279 euim
1892 3215 1928 3277 ad
1955 3211 2053 3273 illorum

703 3316 870 3399 Liturgiam
894 3314 1102 3396 explicandam
1126 3314 1341 3396 adjecissemus
1363 3316 1501 3391 animum,
1523 3315 1656 3378 noandum
1672 3314 1813 3397 Syriacas
1835 3309 2014 3395 interpretari
2028 3311 2054 3367 el

704 3416 860 3495 publicare
883 3415 1074 3477 constitutum
1096 3415 1183 3476 nobis
1206 3413 1313 3477 luerat.
1348 3416 1452 3496 ltaque
1475 3433 1535 3477 non
1558 3415 1751 3477 revolvemus
1765 3414 1817 3477 illa
1831 3416 1974 3495 quaejam
1990 3408 2053 3469 dicta

704 3521 774 3577 suut
796 3533 834 3576 eo
857 3514 938 3591 loco,
961 3520 992 3575 et
1015 3511 1053 3574 ad
1077 3530 1182 3576 omnes
1206 3512 1336 3576 Orientis
1360 3514 1514 3577 Ecclesiae
1537 3531 1634 3593 aeque
1657 3516 1820 3594 pertinent,
1850 3533 1887 3576 ea
1910 3513 1971 3576 sola
1991 3521 2053 3587 quat

703 3613 789 3694 Syris
810 3613 936 3692 propria
958 3619 1039 3687 sunt,
1062 3613 1254 3694 attingemus.
1278 3612 1323 3674 Ee
1336 3613 1405 3676 loco
1425 3612 1531 3675 Jacobi
1544 3613 1703 3690 Edessam,
1719 3613 1918 3694 Dionysiique
1932 3601 2053 3674 Bmsdihi

703 3712 798 3773 verba
820 3711 917 3773 relata
940 3718 1028 3785 sunt,
1059 3728 1138 3791 quae
1162 3711 1361 3775 elevationem
1385 3713 1570 3775 sacramenti
1593 3712 1807 3791 praescribunt
1838 3718 1990 3783 accurate,
2015 3698 2054 3781 titi

705 3810 812 3874 Severi
835 3826 955 3890 quoque
977 3809 1160 3876 Antiocheni
1182 3812 1342 3873 autoritate
1365 3810 1551 3891 disciplinam
1573 3829 1657 3872 suam
1681 3811 1869 3875 confirmant.
1892 3810 1991 3889 Sipoot
2004 3803 2054 3863 Sd‘

704 3911 814 3971 cerdea
833 3915 882 3969 'ter
903 3911 989 3988 eiquo
1012 3912 1113 3971 cancie
1130 3910 1284 3988 papalum,
1308 3911 1403 3990 inquit
1423 3910 1556 3971 lacobus
1578 3909 1770 3988 Edessenus,
1794 3930 1919 3990 eamque
1939 3906 2056 3968 adeam

704 4007 786 4088 qood
807 4014 916 4068 concta
937 4007 1025 4082 boec,
1045 4009 1135 4086 patris
1157 4013 1187 4068 et
1204 4011 1321 4070 sanctie
1341 4010 1416 4070 colia
1437 4010 1556 4072 dantur.
1603 4008 1674 4070 liam
1695 4009 1794 4070 elevet
1814 4017 1846 4072 et
1866 4005 1988 4070 ostendit
2005 3999 2055 4059 St·

704 4112 862 4168 momento
888 4108 971 4167 omni
994 4106 1121 4185 popvlo,
1155 4114 1296 4186 tanquam
1322 4110 1355 4168 in
1383 4109 1601 4169 testimonium:
1635 4114 1666 4168 et
1693 4108 1845 4169 clement.-
1881 4106 1958 4168 Unus
1984 4101 2056 4162 Patet

704 4212 842 4282 sanctus,
866 4212 925 4268 etc.
949 4205 1081 4269 Severus
1105 4204 1329 4280 Antiochenus,
1352 4205 1461 4286 Siqnot
1478 4207 1620 4286 poprdum
1642 4207 1763 4269 dicaam
1786 4206 1892 4268 Gratia
1913 4204 1950 4265 sit
1970 4197 2055 4260 robb-

704 4320 790 4382 cum,
821 4311 879 4365 eto.
902 4303 1068 4366 Diaconos.
1115 4303 1191 4366 Cum
1213 4304 1321 4367 timore
1344 4307 1530 4384 aspiciamus.
1565 4304 1729 4367 Sacerdos.
1752 4304 1912 4367 Accedant
1932 4300 1978 4381 qui
1996 4312 2056 4358 sau·

704 4402 824 4463 ctificati
847 4410 926 4465 suut.
972 4403 1083 4465 Sancta
1104 4403 1235 4465 sanctis:
1264 4413 1294 4465 et
1320 4404 1418 4465 elaoot
1438 4404 1648 4467 Sacramenta.
1693 4404 1835 4483 Popadus.
1882 4401 1959 4463 Unus
1984 4397 2056 4457 Patet

704 4508 837 4565 sanctus.
897 4501 989 4564 Addit
1017 4501 1181 4564 Barsalibi:
1214 4504 1410 4565 Sacerdotem
1444 4505 1564 4565 elevare
1596 4512 1627 4566 et
1655 4502 1851 4582 decumbere
1880 4498 2057 4561 Secromcatt

705 4601 865 4662 clamando
881 4601 991 4665 Sancta
1012 4602 1140 4663 sanctis:
1164 4601 1338 4664 circumfert
1351 4609 1459 4674 autem,
1483 4603 1572 4665 itaut
1591 4603 1660 4665 loco
1678 4620 1738 4664 non
1751 4621 1785 4663 sc
1802 4605 1938 4664 moveat:
1950 4595 2056 4669 ‘Quam-

703 4698 750 4760 vis
773 4700 803 4760 in
825 4698 980 4779 plerisque
1003 4698 1131 4777 Officiis,
1166 4700 1204 4762 de
1233 4700 1403 4763 elevatione
1432 4700 1536 4763 calicis
1566 4701 1638 4763 nihil
1667 4702 1891 4782 praescriptum
1913 4697 1966 4768 sit,
1990 4692 2056 4753 illum

704 4795 824 4859 tandem
846 4799 961 4879 pariter
983 4816 1049 4860 curn
1073 4797 1158 4860 disco
1181 4800 1275 4861 attolli
1297 4806 1425 4861 testatur
1446 4800 1477 4861 in
1493 4798 1714 4863 Commentario
1738 4818 1793 4862 suo
1816 4794 1969 4861 Barsalibi.
2005 4789 2055 4850 Tt-

705 4903 764 4956 tam
788 4899 1022 4972 caeremoniam,
1046 4897 1143 4976 qualis
1166 4898 1246 4978 apud
1269 4896 1406 4978 Coptitas
1429 4897 1618 4976 observatur,
1642 4900 1804 4982 diligenter
1826 4894 1986 4977 explicarit
2005 4888 2055 4948 Ga·

704 4993 783 5057 briel
805 4995 1030 5061 Alexandrinus
1053 4997 1226 5060 Patriaroba
1249 4998 1335 5078 cujus
1357 4996 1453 5059 verba
1474 4998 1630 5061 retulimus
1652 5000 1684 5061 in
1706 4995 1943 5074 Commentario,
1961 5002 2055 5054 secuu-
