4525 6034
718 547 802 652 Ι566
1158 547 1661 635 ntsstt'rltto

724 737 937 831 habuissent,
972 763 1037 835 qua
1072 762 1134 814 eos
1167 745 1337 829 caruisse,
1370 740 1492 838 ubique
1524 742 1731 818 manifestum
1766 756 1827 818 est
1877 745 1949 820 Nan
1976 753 2039 847 quod
2094 759 2104 782 ι

724 858 834 929 statim
860 856 1015 930 Missales
1042 854 1166 947 libros,
1193 861 1268 953 qnia
1295 857 1384 956 apud
1409 857 1632 934 Nestorianos
1658 866 1806 957 usurpati
1831 875 1919 936 erant
1939 863 1973 938 ab
1993 883 2041 940 tn·

723 976 775 1044 nis
801 973 890 1046 mille
917 974 1079 1063 ducentis,
1106 973 1284 1066 tollendos,
1309 975 1515 1072 flammaque
1533 976 1715 1050 tradendos
1732 977 1919 1068 censebant,
1941 984 1965 1054 si
1981 982 2041 1055 aius

724 1088 922 1164 Chaldaicos
948 1090 1105 1165 Pontifex
1130 1091 1302 1166 Romanus
1329 1091 1371 1165 ad
1397 1115 1459 1167 eos
1485 1095 1647 1181 misisset,
1679 1091 1841 1166 abnorme
1866 1110 2045 1192 promati

722 1206 765 1279 ab
794 1206 946 1294 omnibns
970 1207 1164 1304 disciplinae
1186 1207 1312 1300 regulis
1333 1209 1474 1282 alienum
1491 1210 1650 1304 judicium
1667 1208 1820 1300 tulerunt,
1847 1216 1933 1306 cujas
1951 1236 2044 1287 enen-

722 1323 812 1420 plum
837 1324 958 1395 nullum
983 1322 1136 1397 Ecclesia
1161 1323 1314 1397 Romana
1341 1324 1439 1399 dedit
1473 1325 1554 1399 lnde
1580 1328 1668 1398 enim
1694 1338 1889 1420 sequeretur
1915 1333 2044 1402 conuul-

720 1443 794 1511 nari
818 1439 860 1512 ab
887 1440 951 1512 illis
978 1444 1033 1536 qui
1059 1452 1156 1513 extra
1187 1440 1375 1516 Ecclesiam
1407 1455 1482 1516 sunt
1515 1467 1557 1515 aa
1592 1466 1679 1538 quae
1712 1442 1817 1535 longo
1850 1467 1909 1518 usn
1936 1445 2046 1519 bdelinn

720 1566 919 1629 consecrata
944 1555 1086 1645 buerant,
1113 1556 1374 1631 sacramentalia
1396 1558 1525 1632 Officia:
1554 1557 1650 1631 aliter
1664 1559 1904 1655 baptisandnm,
1928 1563 2045 1634 oham·

719 1672 862 1769 dumqne
889 1673 1103 1764 sacrificium,
1138 1696 1214 1746 cum
1246 1677 1280 1746 in
1312 1676 1396 1770 ipsis
1422 1698 1509 1770 quae
1534 1679 1621 1747 inter
1645 1674 1835 1750 haereticos
1863 1670 2048 1751 administra

718 1798 794 1864 sunt
821 1788 1068 1880 sacramentis,
1103 1793 1209 1864 sancti
1243 1791 1362 1863 Patres
1395 1801 1431 1864 et
1457 1789 1607 1865 Concilio
1635 1791 1864 1866 characterem
1888 1793 2050 1868 dominicum

719 1908 926 1999 agnoverint.
980 1906 1064 1980 Cum
1091 1909 1191 2000 igitur
1217 1907 1408 1981 Nestoriani
1434 1911 1466 1980 in
1496 1908 1714 2001 Litnrgiarnm
1741 1907 1974 2001 celebratione,
1992 1912 2050 1981 riti·

718 2020 781 2095 hus
808 2032 840 2094 et
866 2021 1023 2118 precihus
1050 2026 1102 2095 usi
1128 2026 1193 2095 sint
1212 2024 1253 2096 ab
1279 2022 1434 2097 Ecclesia
1455 2023 1651 2098 Orthodoxa
1669 2029 1850 2121 usurpatis,
1877 2025 1972 2122 qualis
1986 2049 2052 2122 pro-

717 2139 772 2212 cul
798 2137 897 2212 dnbio
925 2149 998 2212 erat
1021 2139 1209 2227 Edessena,
1239 2151 1415 2236 antequam
1441 2139 1530 2213 illam
1556 2153 1773 2236 occuparent:
1801 2142 1963 2216 vacabant
1983 2144 2052 2214 unni

716 2255 928 2351 corruptelae
953 2258 1164 2352 suspicione,
1196 2279 1260 2329 nec
1286 2256 1412 2330 aboleri
1439 2260 1546 2349 magis
1574 2256 1756 2346 debebant,
1788 2280 1886 2353 qnam
1912 2257 2052 2351 Litnrgiae

715 2372 954 2459 Jaeohitarnm,
981 2370 1099 2467 quibus
1126 2372 1313 2446 Maronitae
1338 2377 1392 2446 nsi
1418 2394 1496 2464 esse
1521 2376 1748 2469 reperiuntur,
1778 2374 1822 2447 ab
1852 2397 1894 2447 eo
1920 2383 2054 2471 tempore,

715 2511 782 2584 quo
810 2487 852 2561 ad
878 2491 1034 2561 unitatem
1062 2487 1267 2563 Catholicam
1293 2491 1426 2563 reversi
1452 2498 1543 2578 sunt,
1580 2498 1614 2562 et
1649 2487 1737 2561 aliae
1770 2489 1974 2564 diversarum
2000 2488 2053 2559 lin·

714 2628 854 2698 gnarum
881 2627 967 2701 quae
993 2605 1157 2699 indigenis
1183 2606 1321 2680 relictae
1346 2605 1452 2696 fuere,
1481 2608 1634 2702 quanm
1660 2610 1693 2679 in
1720 2606 1805 2678 locis
1831 2605 1989 2702 aliquibus
2007 2627 2055 2676 rc-

714 2722 878 2795 formatae
905 2725 976 2794 sint
1009 2721 1082 2794 Nec
1109 2734 1182 2797 erat
1207 2722 1437 2819 postulandum
1464 2721 1657 2795 aldemano
1677 2720 1849 2815 Pontibus,
1875 2734 1911 2796 ut
1926 2719 2056 2795 timue

713 2837 819 2913 libros
846 2838 952 2913 editos
978 2841 1012 2911 iu
1038 2838 1163 2911 lndiam
1189 2842 1348 2929 mitteret;
1379 2863 1488 2936 neque
1516 2842 1603 2911 enim
1630 2838 1686 2911 alii
1712 2849 1806 2911 eraut
1834 2862 1934 2935 qnam
1956 2838 2056 2910 ttuu-
2174 2905 2175 2910 ,

714 2957 821 3028 nitici:
848 2965 882 3027 et
907 2978 967 3027 cur
991 2955 1062 3028 lndi
1088 2954 1135 3028 illi
1162 2954 1339 3030 Christiani
1365 2960 1462 3028 ritum
1488 2955 1727 3028 Maronitarum
1754 2977 1815 3028 suo
1845 2958 1985 3042 omisso,
2008 2976 2057 3025 ac-

716 3078 830 3171 cipere
856 3082 1074 3165 cogerentur,
1101 3094 1204 3145 causa
1228 3072 1375 3166 legitima
1401 3071 1491 3164 pulla
1518 3080 1601 3145 erat.

428 3185 702 3259 anteprosopon
818 3191 875 3263 lX.
903 3187 986 3263 cnm
1012 3192 1113 3282 igitur
1139 3189 1224 3263 tales
1249 3189 1325 3262 libri
1354 3188 1470 3262 haberi
1503 3210 1570 3260 non
1605 3197 1762 3286 possent,
1797 3187 1843 3266 ad
1875 3209 1986 3260 eorum
2016 3186 2057 3278 qui

392 3275 601 3419 ¹1&qu
612 3293 701 3333 Μ’
712 3315 747 3384 in
772 3307 934 3381 Ecclesiis
960 3304 1175 3379 hlalaharicis
1201 3305 1444 3403 usurpabantnr
1472 3305 1742 3379 reformationem
1773 3302 1971 3396 adjecerant
1998 3301 2058 3373 ani·

713 3451 814 3516 mum,
834 3427 928 3516 cnjus
949 3445 1079 3496 omnem
1099 3422 1350 3519 dispositionem
1365 3422 1485 3495 Latina
1507 3425 1622 3496 versio
1641 3421 1807 3493 multoties
1825 3419 1916 3491 edita
1936 3439 2057 3514 reprae-

712 3554 830 3618 sentat.
883 3540 965 3634 Ejus
992 3542 1171 3636 praecipua
1204 3544 1315 3636 capita
1348 3541 1380 3610 in
1413 3542 1501 3611 notis
1534 3536 1781 3634 expendemuS,
1815 3559 1928 3633 pauca
1957 3544 2058 3607 tantm

710 3659 876 3734 hocloco
904 3656 1050 3729 delibare
1076 3678 1203 3751 operae
1229 3659 1369 3752 pretium
1395 3653 1541 3742 videtur,
1575 3678 1623 3726 err
1657 3652 1775 3749 quibus
1807 3643 1951 3746 intelligi
1980 3647 2057 3722 facie

708 3779 848 3871 poterit,
890 3796 987 3870 mam
1021 3796 1138 3869 pamm
1174 3773 1284 3845 idonei
1326 3772 1457 3866 judices
1492 3793 1602 3843 rerum
1644 3770 1937 3843 sacramentalium
1969 3767 2059 3839 ferent

709 3890 947 3964 reformatores
980 3888 1037 3962 illi
1096 3889 1214 3962 Statim
1247 3893 1370 3985 quippe
1403 3889 1545 3961 formam
1579 3886 1760 3960 verborum
1797 3883 1945 3975 Christi,
1977 3884 2058 3956 utin

709 4009 918 4082 Nestorianis
957 4015 991 4078 et
1023 4003 1247 4079 Orientalibus
1286 4003 1438 4079 omnibus
1472 4004 1632 4097 Litnrgiis
1669 4001 1810 4096 legitur,
1847 4002 2057 4084 condemnant

709 4127 808 4218 quio,
845 4125 1011 4219 inquiunt,
1052 4121 1227 4194 &cardea
1264 4144 1334 4194 aoa
1367 4124 1455 4211 auia,
1486 4121 1548 4192 sed
1580 4119 1708 4192 Christi
1736 4118 1855 4192 verba
1889 4120 2057 4198 comedat,

708 4246 812 4335 atquc
850 4240 938 4311 odeo
972 4238 1058 4311 nihii
1091 4239 1161 4311 illia
1195 4238 1276 4312 iicet
1304 4219 1449 4309 'addere
1508 4236 1688 4332 Excipiunt
1721 4246 1833 4308 tumen
1870 4232 2058 4334 particulata,

708 4361 812 4444 caim,
840 4359 988 4445 aeterni,
1022 4363 1057 4427 et
1080 4359 1272 4448 mysterius
1295 4354 1396 4448 fidei,
1429 4358 1504 4449 qnia
1530 4335 1694 4449 inquiunt,
1726 4353 1897 4425 Ecclesia
1921 4354 2058 4425 Bonna

707 4497 754 4546 ec
780 4472 967 4544 hoditioae
992 4471 1199 4565 Apostolicc
1224 4470 1363 4559 didicit,
1395 4469 1562 4543 Christano
1595 4468 1657 4540 illo
1680 4467 1789 4540 cerba
1811 4474 2057 4564 promanat

705 4588 815 4662 Utitur
841 4610 924 4662 sane
954 4587 1018 4662 illis
1050 4585 1167 4659 verbis
1192 4585 1347 4660 Ecclesia
1374 4585 1545 4675 Romana,
1580 4607 1689 4682 neque
1720 4590 1843 4659 vocari
1878 4591 1915 4660 in
1947 4584 2057 4659 dnbinn

705 4705 824 4798 religio
852 4706 925 4796 ejus
950 4713 1080 4801 potest,
1114 4726 1188 4775 uum
1222 4701 1278 4775 illa
1311 4707 1428 4776 recitet
1461 4727 1507 4775 ex
1538 4703 1762 4797 antiquissima
1786 4703 1979 4776 hadihone.
2021 4695 2058 4768 tt

706 4821 870 4896 Christum
896 4820 952 4894 illa
979 4823 1052 4916 ipsa
1079 4824 1318 4916 pronunciasse
1344 4842 1510 4916 nunqnam
1537 4818 1658 4909 docuit,
1687 4839 1797 4913 neque
1824 4823 1859 4892 si
1888 4822 1934 4892 ita
1959 4814 2058 4889 stec-

704 4936 794 5030 logis
821 4937 1015 5034 quibusdam
1040 4937 1282 5011 recentioribus
1309 4940 1418 5009 visum
1445 4946 1516 5026 est,
1546 4934 1675 5007 illoram
1701 4932 1867 5025 judicium
1903 4936 2058 5007 summoti

705 5077 766 5127 sna
793 5054 1007 5128 confirmavit.
1059 5054 1201 5126 Tantum
1228 5051 1333 5126 abfuit
1357 5075 1444 5127 varo
1471 5052 1513 5126 ab
1541 5050 1798 5125 illa.censorum
1828 5057 2006 5150 opinione,
2032 5051 2060 5115 ut
