4525 6034
456 590 505 665 DE
521 587 764 666 GOPllTARUll
777 587 1125 666 ALEXANDRINORUII
1138 590 1333 668 tumens.
1412 574 1590 662 LXXXIX

223 777 346 850 nullus:
379 777 447 848 imo
481 776 582 874 paulo
610 798 708 871 qnam
734 779 875 873 scriptus
903 785 955 848 est
981 775 1103 867 codex,
1139 777 1224 849 adeo
1251 780 1366 870 ignota
1393 789 1465 850 erat
1491 782 1590 850 etiam

222 896 307 964 inter
323 891 476 965 Graecos
502 896 595 989 ipsos
610 892 716 965 Marci
742 892 906 985 Librrgia,
932 902 968 965 nt
984 892 1164 967 Balsamon
1191 916 1265 965 eam
1292 896 1352 966 vix
1378 898 1589 987 cognoverit.

221 1010 369 1081 Antores
397 1008 583 1082 Ortbodoxi
598 1009 817 1098 Possevinns,
832 1008 1063 1098 Bellarminus,
1091 1020 1124 1081 et
1151 1018 1200 1082 ιοι
1218 1009 1332 1083 Critici
1358 1016 1474 1106 nuperi
1502 1035 1589 1108 spu-

220 1128 316 1215 riam,
343 1129 614 1223 suppositamque
639 1125 823 1218 Liturgiam
848 1125 937 1197 illam
962 1125 1070 1199 Marci
1105 1148 1185 1199 esse
1220 1137 1434 1199 censuerunt:
1472 1138 1528 1199 ant
1561 1130 1591 1200 si

220 1241 311 1314 illam
337 1241 573 1314 commendare
599 1241 699 1336 aliqui
724 1251 953 1331 tentavemnt,
986 1252 1023 1313 ut
1046 1241 1120 1314 Leo
1147 1242 1304 1332 Allatius,
1343 1266 1417 1315 eam
1445 1266 1531 1339 qnae
1559 1250 1590 1317 S.

219 1356 340 1429 Jacobi
368 1358 495 1448 dicitnr,
520 1361 561 1431 iis
587 1359 771 1431 rationibus
797 1369 1049 1454 pugnaverunt,
1086 1380 1172 1452 qnae
1198 1370 1265 1431 tam
1290 1358 1434 1432 frivolae
1462 1358 1590 1455 depre-

217 1472 415 1563 henduntur,
441 1484 476 1546 nt
502 1474 543 1546 de
569 1473 634 1545 illis
661 1478 791 1571 penitus
811 1474 943 1547 siluisse
968 1477 1198 1571 praestitisset.
1227 1474 1368 1548 Sirletus
1396 1486 1431 1547 et
1456 1475 1588 1549 Perre-

217 1592 293 1663 nins
329 1590 523 1666 cardinales
557 1594 681 1663 rectius
714 1594 846 1662 omnino
881 1600 1083 1683 statuerunt,
1120 1592 1177 1663 ille
1204 1591 1336 1687 quidem
1361 1592 1588 1664 venerandum

217 1728 297 1778 esse
325 1711 521 1803 antiquitatis
548 1718 809 1780 monumentum:
837 1706 890 1777 bic
916 1730 1002 1782 vero
1029 1707 1170 1782 sormam
1196 1731 1369 1781 sacrorum
1387 1712 1507 1780 rituum
1535 1711 1590 1804 qui

216 1823 470 1896 Alexandrinae
484 1822 660 1896 Ecclesiae
685 1827 811 1920 proprii
835 1823 978 1915 fuerant,
1007 1824 1123 1897 eadem
1139 1823 1289 1917 Lituugia
1316 1828 1477 1896 contineri
1493 1836 1589 1897 acute

217 1939 314 2031 vidit,
341 1963 425 2036 qnae
451 1944 641 2033 conjectura
669 1945 833 2035 quantivis
860 1945 968 2037 pretii,
996 1945 1091 2037 quasi
1116 1942 1235 2014 nullius
1255 1946 1414 2014 momenti
1441 1940 1540 2032 foret,
1568 1964 1587 2010 a

215 2060 363 2127 maxima
387 2055 585 2129 criticorum
612 2066 707 2153 parte
732 2057 886 2149 neglecta
915 2067 975 2130 est.
1015 2057 1234 2131 Verissimum
1261 2068 1371 2130 autem
1396 2056 1484 2129 illam
1512 2079 1589 2129 esse

217 2177 322 2245 certis
343 2175 413 2264 jam
439 2176 641 2266 argumentis
668 2171 975 2246 demonstrabimus.

320 2289 427 2361 XXII.
454 2289 528 2361 Huc
554 2311 660 2383 nsque
687 2288 815 2362 scilicet
840 2313 939 2363 nemo
967 2269 1135 2364 Graecam
1161 2293 1251 2364 illam
1270 2292 1377 2363 lllarci
1402 2291 1587 2381 Liturgiam
1618 2296 1782 2394 Proprtatutt
1796 2297 1908 2366 nrrurga

216 2429 287 2477 cmn
316 2405 536 2502 Aegyptiacis
563 2409 782 2502 comparavit,
810 2428 893 2501 qnas
913 2415 1023 2479 tamen
1049 2407 1089 2480 ab
1118 2409 1221 2480 altera
1242 2410 1406 2500 originem
1432 2407 1587 2479 babuisse
1600 2381 1731 2521 ffssg¹⁰⁵¹⁸⁰
1752 2381 1908 2435 *¹⁰¹²nd‘⁵‘

217 2534 286 2594 erat
315 2521 534 2633 manifestum.
577 2522 663 2594 Nam
690 2546 765 2594 cum
791 2512 972 2596 Arabicam
999 2526 1212 2615 versionem,
1245 2548 1343 2619 quam
1370 2524 1475 2596 solam
1503 2524 1585 2595 lla-
1651 2508 1658 2523 ⁹

215 2644 338 2731 ronita,
365 2661 432 2735 quo
458 2642 639 2735 interprete
662 2639 824 2712 Velserns
851 2662 931 2713 usus
959 2650 1027 2729 est,
1054 2649 1188 2713 secutus
1216 2645 1279 2731 sit,
1294 2638 1434 2712 Graecis
1462 2663 1586 2713 exem-

214 2757 363 2854 plaribus
397 2761 616 2828 vetustiorem
647 2756 809 2847 judicavit
839 2755 1013 2849 Scaliger,
1044 2760 1173 2829 erravit
1206 2756 1442 2847 vehementem
1476 2779 1585 2850 neque

179 2964 186 2973 ,
216 2877 334 2970 opinor
370 2872 534 2947 Graecam
561 2873 740 2945 editionem
771 2872 920 2963 viderat,
952 2878 1015 2945 etsi
1048 2884 1125 2945 ante
1161 2874 1285 2968 aliquot
1312 2896 1416 2947 annos
1453 2872 1583 2944 editam.

215 2987 372 3064 Attamen
407 2992 505 3061 etiam
545 2989 672 3084 absque
708 2989 794 3061 illins
834 2988 1001 3078 subsidio,
1035 2992 1230 3086 perspicere
1266 2992 1404 3085 quisque
1442 2998 1586 3085 poterat,

215 3105 397 3180 Arabicam
421 3110 615 3178 versionem
641 3108 787 3201 primarii
813 3106 1015 3201 exemplaris
1040 3109 1204 3178 rationem
1229 3105 1355 3178 babere
1375 3128 1444 3178 non
1469 3128 1585 3202 posse,

217 3245 287 3294 cnm
316 3246 362 3294 ex
374 3222 589 3319 Aegyptiaco
616 3222 733 3295 codice
759 3222 848 3295 foret
869 3244 1042 3318 expressa.
1069 3222 1101 3294 Is
1122 3226 1223 3315 igitur
1241 3232 1314 3297 erat
1335 3222 1583 3317 componendus

216 3362 286 3409 cnm
308 3337 452 3427 Graeco,
480 3362 544 3434 qna
571 3362 617 3410 ex
633 3343 882 3435 comparatione
909 3342 1019 3412 statim
1046 3342 1192 3433 agnitum
1218 3338 1347 3429 luisset,
1374 3343 1408 3410 in
1434 3337 1490 3411 illo
1517 3361 1584 3410 non

216 3465 353 3545 textum,
380 3465 416 3526 ut
432 3465 568 3545 vocant,
596 3455 802 3548 originalem,
830 3455 892 3527 sed
918 3459 1111 3528 versionem
1138 3458 1309 3528 contineri.
1336 3455 1388 3527 De
1415 3455 1472 3527 illo
1498 3476 1583 3527 vero

216 3595 255 3643 ne
280 3573 425 3645 verbnm
453 3571 582 3666 quidem
609 3571 764 3664 Scaliger
781 3571 874 3663 fecit,
894 3594 958 3643 nec
984 3572 1150 3645 Maronita
1185 3574 1368 3668 interpres,
1404 3570 1521 3667 quibus
1555 3574 1584 3643 si

216 3691 294 3761 vitio
329 3710 502 3761 essenon
534 3687 646 3760 debuit
680 3688 812 3780 linguae
846 3690 1080 3784 Aegyptiacae
1118 3692 1328 3782 ignorantia,
1365 3699 1399 3760 at
1427 3688 1582 3780 judicium

219 3828 260 3877 ex
293 3808 455 3877 versione
488 3827 592 3900 saepe
626 3827 693 3877 non
719 3805 821 3895 bona,
848 3816 913 3877 tam
940 3828 1104 3902 praeceps
1139 3804 1229 3877 serre
1255 3810 1362 3879 minus
1390 3803 1581 3877 debuerant.

220 3920 373 4018 Quisquis
401 3924 487 3992 enim
510 3925 574 3993 etsi
599 3920 733 4014 linguae
760 3925 909 4013 ignarus,
929 3944 976 3992 ex
1002 3921 1074 3995 sola
1100 3919 1290 4012 literarum,
1315 3944 1401 4016 qnae
1421 3924 1583 4013 maiorem

218 4045 344 4129 partem
359 4034 511 4108 Graecae
538 4047 624 4127 smrt,
651 4040 857 4133 inspectione
882 4060 954 4108 rem
967 4046 1202 4134 pertentasset,
1229 4060 1275 4109 ex
1288 4060 1409 4130 magna
1426 4036 1582 4109 Graeca-

218 4172 286 4223 mm
299 4175 425 4224 vocum
445 4157 543 4250 copia
562 4151 726 4225 Graecam
746 4156 909 4245 originem
929 4153 1159 4229 intellexisset.
1199 4153 1285 4226 Nam
1300 4156 1529 4249 Aegyptiacos
1549 4158 1584 4225 in

220 4267 381 4340 Graecam
406 4268 512 4341 nullas
538 4272 739 4362 migravisse
767 4272 901 4359 scimus,
929 4268 1077 4343 Graecas
1103 4274 1137 4342 in
1163 4271 1409 4367 Aegyptiacam
1435 4270 1582 4362 lingnam

218 4386 404 4477 permultas.
497 4394 500 4399 ’

317 4502 440 4601 XXIII.
477 4501 529 4575 Ea
564 4506 664 4595 igitur
702 4505 808 4599 prima
841 4505 926 4575 ratio
955 4503 1074 4575 dudum
1105 4526 1169 4577 nos
1202 4506 1236 4575 in
1272 4526 1347 4576 earn
1386 4507 1580 4575 sententiam
1617 4510 1778 4562 Priscorum
1796 4510 1904 4561 aliarum

220 4616 403 4709 induxerat,
431 4642 516 4715 qnae
542 4619 726 4717 Liturgiam
752 4620 859 4691 lllarci
892 4623 1025 4692 nomme
1051 4619 1261 4717 publicatam,
1297 4629 1353 4692 ant
1379 4622 1475 4691 trium
1502 4621 1581 4691 Ae·
1595 4595 1904 4665 ⁰⁰⁹¹³⁰³f¹¹¹¹¹⁰¹⁰⁰¹¹³¹²¹⁶

220 4739 446 4830 gyptiacarnm
457 4737 662 4830 primaevum
679 4737 851 4833 exemplar
863 4758 953 4825 esse,
981 4748 1037 4808 ant
1052 4759 1165 4808 carum
1189 4737 1306 4809 saltem
1322 4737 1472 4828 alicujus
1499 4734 1581 4808 exi-

221 4853 434 4926 stimaremus.
486 4851 573 4923 Nam
617 4877 708 4945 cnm,
740 4864 777 4925 ut
808 4852 887 4926 allbi
926 4852 1032 4927 fusius
1074 4852 1275 4948 explicatum
1317 4862 1389 4941 est,
1433 4853 1581 4926 Officium

219 4964 429 5061 Liturgicnm,
456 4969 545 5065 quod
571 4971 764 5064 Aonpborn
790 4970 893 5062 vulgo
922 4970 963 5043 ab
979 4968 1213 5057 Orientalibus,
1239 4991 1327 5041 voce
1354 4968 1486 5041 Graeca
1513 4995 1581 5067 ap-

221 5086 373 5178 pellatur,
406 5089 573 5158 contineat
598 5096 712 5181 partes
740 5086 841 5178 duas3
875 5109 972 5159 unam
1007 5110 1092 5183 quae
1125 5112 1145 5159 a
1178 5089 1432 5182 praeparatione
1467 5086 1579 5159 altaris

245 5222 351 5269 nomn
1326 5202 1375 5276 12
