4525 6034
690 583 762 670 142
1260 589 1491 669 Notati

788 778 1027 871 Aclp‘nnqnntnr
1051 780 1088 849 in
1114 778 1246 874 aliquot
1272 778 1447 851 codieibnc
1473 784 1649 853 orationes
1676 781 1873 854 Grotionan
1904 783 2045 855 acano

685 894 862 987 dicerene,
890 917 978 989 qnae
1004 917 1071 966 non
1096 895 1278 989 moyland
1301 895 1391 966 lonc
1416 897 1606 991 Litnrqion
1632 921 1731 993 qnam
1757 900 1804 970 od
1821 899 1911 972 olias
1932 902 2045 992 perti-

684 1018 782 1082 nent:
808 1033 949 1106 qnorum
974 1011 1158 1083 nonnullae
1185 1017 1306 1082 entant
1321 1015 1358 1082 in
1369 1014 1526 1108 pennalt
1543 1016 1678 1110 Officio,
1704 1016 1798 1089 oliae
1820 1022 1902 1111 post
1927 1016 2046 1087 Mun-

683 1132 776 1219 piom
801 1128 936 1199 Jocolri.

866 1845 915 1936 Ill
961 1842 1334 1937 LITURGIAM
1385 1843 1625 1938 suncti
1670 1846 1871 1941 XYSTI

913 2053 915 2058 ’
1269 2052 1470 2138 attat.

1144 2284 1171 2356 l.
1215 2285 1375 2378 Litnrpa'o
1404 2283 1441 2356 S.
1474 2284 1584 2378 Xysti.

795 2561 831 2640 ln
853 2573 967 2636 ilissali
990 2573 1116 2656 Syriaco
1138 2573 1252 2639 Romae
1280 2574 1362 2638 edito
1391 2574 1505 2656 inquo
1528 2576 1753 2658 quatuordecim
1773 2575 1928 2658 Liturgiae
1951 2577 2050 2639 conti-

683 2686 803 2757 nentur,
826 2681 954 2741 omniurn
976 2680 1070 2760 prima
1092 2680 1226 2741 occurrit
1247 2679 1315 2758 ista,
1338 2677 1428 2741 etad
1450 2679 1530 2741 illam
1554 2679 1794 2743 accommodatus
1816 2686 1864 2741 est
1882 2678 1967 2742 Ordo
1991 2699 2050 2762 ge-

683 2779 804 2841 neralis.
861 2779 1013 2860 suspicari
1042 2779 1141 2842 statim
1169 2782 1296 2862 quisque
1326 2787 1431 2862 posset
1461 2777 1571 2841 lactum
1599 2780 1630 2842 id
1659 2799 1677 2842 a
1704 2779 1878 2858 Maronitis,
1910 2799 1952 2841 ex
1982 2781 2049 2843 zelo

683 2879 783 2961 potius
807 2877 1002 2942 orthodoxae
1023 2878 1109 2957 lidei,
1145 2880 1421 2960 communionisque
1450 2896 1518 2941 cum
1546 2878 1678 2941 Romana
1708 2878 1860 2956 Ecclesia,
1892 2897 1982 2960 quam
2012 2898 2050 2942 ex

685 2977 829 3042 Codicum
851 2978 1123 3059 Manuscriptorum
1145 2980 1314 3041 autoritate.
1358 2980 1470 3041 Verum
1497 2988 1571 3058 tres,
1594 2997 1720 3060 quorum
1742 2978 1801 3041 duo
1832 2980 1906 3042 satis
1937 2980 2050 3061 antiqui

683 3086 769 3154 sunt,
801 3076 936 3141 eamdem
965 3077 1077 3141 habent
1106 3077 1350 3160 dispositionem,
1381 3079 1466 3161 cujus
1495 3087 1595 3141 tamen
1622 3078 1703 3142 nulla
1733 3079 1805 3141 satis
1836 3077 1944 3141 idonea
1973 3080 2049 3141 ratio

683 3185 786 3259 potest
808 3177 1004 3259 deprehendi.
1049 3177 1125 3240 Nam
1146 3179 1229 3241 multi
1260 3178 1387 3244 Codices
1410 3180 1592 3241 vetustiores
1614 3177 1777 3261 Liturgiam
1799 3180 1886 3241 istam
1909 3197 1969 3240 nou
1994 3178 2049 3241 ba-

682 3277 766 3356 bent,
789 3296 889 3358 neque
911 3276 949 3339 ad
970 3277 1051 3339 illam
1073 3275 1326 3341 commentarium
1354 3297 1440 3341 suum
1463 3277 1696 3341 accommodarit
1718 3277 1880 3360 Dionysius
1902 3278 2048 3351 Barsalibi

683 3375 810 3440 Amidae
831 3377 1013 3459 Episcopus,
1036 3376 1092 3440 sed
1115 3376 1153 3439 ad
1183 3375 1346 3460 Liturgiam
1373 3377 1478 3441 Jacobi
1506 3397 1583 3459 quae
1612 3378 1741 3440 omnium
1768 3379 1973 3440 vetustissima
2001 3378 2049 3440 ri-

683 3477 787 3541 detur:
818 3485 879 3539 tum
902 3475 982 3557 quod
1005 3474 1140 3542 Graecae
1163 3476 1298 3558 ejusdem
1327 3476 1401 3540 tituli
1425 3496 1499 3559 prae
1519 3476 1644 3558 reliquis
1667 3477 1769 3539 similis
1792 3477 1848 3557 sit,
1877 3485 1940 3539 tum
1969 3479 2048 3559 quod

684 3576 759 3639 alias
782 3577 971 3658 simplicitate
993 3584 1135 3658 superet,
1165 3596 1243 3659 quae
1273 3595 1333 3640 non
1362 3563 1438 3640 levis
1461 3585 1508 3640 est
1531 3577 1713 3658 antiquitatis
1736 3584 1815 3639 nota.
1867 3577 1930 3640 Cur
1956 3596 2047 3659 porro

684 3676 771 3757 Xysti
793 3676 923 3755 nomine,
946 3674 1102 3739 Jacobitae
1124 3674 1290 3759 liturgiam
1311 3677 1450 3755 habeant,
1475 3696 1566 3740 causa
1588 3678 1645 3739 alia
1667 3677 1718 3738 vix
1733 3678 1876 3755 occurrit,
1899 3696 1988 3759 mam
2010 3694 2045 3739 ea

683 3783 810 3858 propter
832 3793 919 3856 quam
937 3775 1018 3838 Julio
1040 3776 1141 3858 Papae
1163 3777 1250 3839 aliam
1272 3777 1512 3860 adscripserunt:
1535 3796 1643 3858 nempe
1664 3775 1743 3857 quod
1766 3779 1931 3840 sententias
1954 3795 2045 3859 quas·

685 3877 753 3938 dnm
787 3893 827 3936 ex
855 3874 1126 3957 pseudepigraphis
1150 3876 1365 3939 transtulerunt
1391 3879 1422 3939 in
1445 3875 1637 3940 Collectanea
1661 3894 1733 3954 sua,
1762 3896 1803 3939 ex
1832 3877 1940 3958 quibus
1964 3895 2046 3939 com·

683 3974 789 4037 modas
811 3974 924 4055 aliquot
945 3976 1008 4037 suis
1031 3975 1198 4052 erroribus,
1222 3975 1459 4039 animadvertere
1482 3976 1538 4039 sibi
1559 3977 1617 4039 visi
1640 3982 1719 4040 sunt.
1763 3976 1849 4038 Nulla
1872 3995 1948 4039 sane
1970 3974 2044 4057 apud

685 4075 758 4139 alias
780 4073 932 4136 Ecclesias
954 4076 1106 4156 reperitur
1116 4074 1251 4158 Liturgia
1272 4075 1359 4157 Xysti
1381 4077 1511 4153 nomine,
1534 4096 1573 4138 ex
1596 4094 1654 4157 qua
1678 4077 1804 4157 exprimi
1825 4077 1882 4140 ista
1906 4077 2043 4158 potuerit,

685 4173 794 4238 autad
817 4174 884 4255 ejus
908 4172 1032 4235 formam
1055 4174 1163 4258 ellingi.
1208 4175 1255 4237 Ad
1278 4176 1440 4239 Maronitas
1470 4175 1623 4256 pertinere
1654 4175 1821 4239 nullatenus
1850 4173 2044 4239 existimanda

685 4282 744 4348 est,
766 4273 901 4354 quamvis
924 4275 955 4335 in
977 4274 1090 4355 aliquot
1111 4275 1326 4337 recentissimis
1353 4274 1574 4357 exemplaribus
1596 4293 1707 4338 nomen
1728 4276 1824 4338 sancti
1845 4276 1978 4338 Maronis
1998 4273 2044 4336 le-

684 4383 775 4457 gatur
797 4372 963 4454 praecipuo
985 4374 1015 4434 in
1037 4373 1193 4455 Diptycbis
1216 4374 1294 4453 loco,
1317 4374 1457 4455 adjuncto
1471 4374 1582 4458 elogio,
1605 4374 1686 4455 quod
1708 4374 1813 4438 laudes
1835 4393 1941 4439 omnes
1963 4391 2044 4435 com-

685 4475 837 4556 plectitur,
862 4480 1029 4553 perpetuae
1052 4491 1118 4534 cum
1140 4472 1272 4536 Romana
1294 4474 1431 4538 Ecclesia
1454 4474 1679 4556 conjunctionis.
1708 4473 1817 4537 Addita
1839 4476 1952 4556 quippe
1973 4472 2044 4534 haec

685 4574 781 4637 luisse
805 4572 841 4634 ab
865 4571 1032 4635 hominibus
1054 4573 1169 4653 patriae
1192 4590 1266 4635 suae
1289 4574 1453 4636 amantibus
1474 4572 1661 4637 manifestum
1684 4582 1745 4636 est:
1769 4584 1798 4637 at
1809 4572 1922 4637 Romae
1945 4589 2042 4654 parum

686 4671 814 4754 probata
836 4672 967 4746 luerunt,
990 4688 1057 4733 cum
1080 4690 1119 4733 ex
1141 4674 1209 4753 ipso
1222 4671 1376 4757 Liturgiae
1400 4680 1544 4736 contextu
1565 4674 1682 4736 sublata
1704 4673 1825 4753 iirerint,
1849 4681 1879 4736 ct
1900 4670 2042 4755 praelatio

686 4769 792 4835 Latine
815 4773 939 4854 scripta,
963 4789 1040 4854 quae
1061 4770 1194 4835 blaronis
1215 4771 1351 4834 laudibus
1368 4772 1485 4853 plenior
1507 4779 1581 4852 erat,
1605 4773 1718 4853 pariter
1740 4780 1890 4855 expuncta
1897 4793 1907 4850 ;
1929 4771 2041 4834 namin

687 4873 875 4951 paucissimis
899 4870 1120 4952 exemplaribus
1143 4872 1303 4952 reperitur.
1352 4871 1515 4935 Enimvero
1538 4873 1564 4934 si
1586 4872 1690 4954 quales
1720 4874 1849 4955 maj0res
1879 4891 1952 4935 snos
1979 4870 2042 4933 bla-

685 4971 803 5032 ronitac
825 4970 1013 5032 recentiores
1036 4969 1130 5034 fuisse
1144 4970 1259 5050 volunt,
1281 4972 1357 5034 tales
1374 4971 1554 5047 extitissent,
1573 4973 1713 5053 perpetui
1723 4974 1838 5036 scilicet
1847 4971 2038 5035 Jacobitarum

687 5076 718 5131 ct
740 5069 985 5132 Nestorianorum
1012 5071 1257 5155 impugnatores,
1286 5069 1559 5152 Onhodoxaequae
1589 5071 1659 5136 tidei
1687 5071 1865 5136 defensores
1894 5067 2036 5135 acerrimi:
