4525 6034
607 630 1236 709 sanctituttlttt.
1533 637 1605 709 221

237 818 323 914 pulis
350 824 475 892 erroris
502 818 708 892 multiformis
735 819 926 911 dogmatum
953 818 1256 915 reprobandorum:
1290 842 1408 892 verum
1444 843 1506 917 per
1539 820 1609 892 do-

236 938 375 1007 ctrinam
402 946 531 1031 patrum
558 934 688 1007 illorum
714 945 905 1008 nostrorum
931 934 1123 1016 beatorum,
1150 934 1308 1007 confirma
1335 955 1414 1022 nos,
1452 946 1485 1007 et
1510 935 1608 1008 tidem

236 1051 364 1123 illorum
391 1051 490 1122 fundu
518 1054 553 1121 in
578 1050 692 1137 nobis,
718 1048 882 1145 bonisque
911 1072 1025 1123 eorum
1054 1073 1115 1123 eos
1143 1050 1264 1144 dignos
1290 1050 1383 1123 effice
1397 1063 1431 1124 et
1452 1075 1526 1123 cum
1547 1050 1609 1124 illis

234 1166 419 1239 referemus
446 1166 504 1238 tibi
530 1166 674 1258 gloriam
700 1177 734 1237 et
758 1169 940 1258 gratiarum
968 1170 1142 1238 actionem.

341 1282 503 1375 Populus.
554 1283 675 1354 Amen.

340 1398 515 1469 Sacerdos
541 1395 731 1468 inclinatus.
786 1394 830 1469 Ut
856 1401 955 1469 etiam
989 1418 1105 1469 eorum
1139 1401 1347 1488 memineris,
1381 1402 1434 1494 qui
1467 1422 1513 1470 ex
1548 1398 1612 1471 hac

234 1519 304 1586 vita
332 1513 373 1584 ad
400 1524 434 1585 te
448 1515 689 1604 migraverunt,
717 1520 750 1582 te
776 1511 1012 1606 deprecamur,
1039 1514 1200 1601 Domine,
1227 1513 1447 1587 sacerdotum
1466 1524 1500 1585 ct
1522 1512 1610 1585 Dia-

235 1649 415 1714 conorum‚
442 1630 497 1722 qui
524 1648 638 1698 coram
667 1625 865 1716 alteriue,
892 1625 1091 1700 Sacerdotio
1119 1639 1153 1701 et
1178 1632 1360 1704 ministerio
1387 1629 1488 1701 burcii
1522 1641 1610 1718 sunt,

234 1766 309 1816 cnm
336 1745 478 1840 puritate
504 1752 538 1814 et
563 1744 753 1814 sanctitate:
780 1741 1088 1830 Subdiaconorum,
1115 1743 1313 1832 hectorem,
1346 1745 1610 1838 Religiosorum‚

233 1857 494 1948 blonacborum‚
521 1868 555 1928 et
582 1861 725 1929 omnium
761 1881 898 1946 eorum,
927 1881 1011 1954 quos
1048 1864 1274 1955 unusquisque
1310 1866 1420 1934 animo
1454 1884 1515 1934 suo
1542 1863 1609 1935 de-

234 1977 356 2064 signat.

339 2090 502 2183 Populos.
555 2090 661 2187 llyrie
691 2089 829 2164 eleison.

339 2206 514 2277 Sacerdos
548 2207 687 2277 elevans
719 2227 845 2276 vocem.
904 2204 1041 2277 Placide
1079 2216 1113 2277 et
1154 2206 1328 2302 tranquille
1368 2211 1503 2303 suscipe
1548 2231 1610 2303 pcr

232 2318 472 2411 benignitatem
499 2333 606 2408 tuam,
634 2324 797 2409 Domine,
825 2324 951 2393 animas
978 2331 1011 2392 et
1038 2324 1173 2416 spiritus
1201 2343 1376 2394 servorum
1412 2335 1446 2395 et
1479 2323 1609 2396 adora-

232 2443 338 2505 torum
366 2448 513 2508 tuorum:
541 2441 597 2532 qui
623 2459 669 2508 ex
694 2434 757 2506 bac
783 2440 952 2538 praesenti
979 2440 1049 2508 vita
1077 2437 1120 2508 ad
1137 2448 1170 2509 te
1190 2441 1435 2530 migraverunt:
1465 2442 1609 2511 maxime

231 2573 318 2621 vero
345 2551 475 2625 illorum
501 2575 564 2648 pro
592 2552 710 2647 quibus
738 2562 771 2623 et
798 2563 936 2648 propter
963 2575 1047 2647 quos
1075 2554 1272 2625 sacrificium
1304 2555 1370 2627 hoc
1401 2553 1548 2627 oblatum
1575 2565 1609 2627 et

231 2665 416 2763 perfectum
448 2680 510 2741 est.
572 2670 741 2742 Memento
775 2690 909 2756 eorum,
945 2671 1089 2761 quletem
1122 2668 1186 2741 illis
1219 2681 1376 2765 praesta,
1409 2681 1444 2742 et
1478 2669 1608 2744 colloca

232 2805 294 2856 eos
321 2787 355 2854 in
379 2782 575 2858 habitaculis
602 2783 706 2871 lucis,
733 2788 766 2854 in
801 2782 885 2857 locis
921 2787 1091 2879 spirituum
1127 2783 1320 2874 beatorum,
1354 2789 1387 2858 in
1418 2787 1608 2859 Jerusalem

232 2900 393 2991 coelesti,
419 2904 454 2971 in
479 2899 634 2973 Ecclesia
659 2903 957 2996 primogenitorum
985 2881 1226 2996 descriptorum
1254 2904 1286 2972 in
1314 2902 1440 2993 coelis,
1472 2925 1607 2976 memo-

231 3018 382 3111 riamque
409 3028 443 3088 et
470 3020 612 3111 quietem
642 3019 786 3088 maxime
813 3014 962 3110 felicem,
995 3039 1057 3111 per
1085 3038 1235 3111 amorem
1269 3026 1356 3089 ῑιιιιιιι
1385 3041 1467 3110 erga
1493 3016 1607 3091 homi-

231 3153 293 3202 nes
319 3142 494 3227 praestans
521 3132 602 3221 illis,
629 3135 789 3222 Domine,
816 3132 966 3203 concede
991 3131 1055 3204 illis
1080 3135 1184 3203 vitam
1203 3134 1287 3204 senii
1303 3143 1488 3226 expertem,
1517 3133 1608 3208 bona

232 3261 300 3317 non
327 3253 549 3338 transeuntia,
585 3259 619 3320 et
640 3248 791 3320 (delicias
825 3248 923 3319 finem
950 3269 1017 3318 non
1044 3246 1215 3319 babentes.
1269 3246 1409 3318 Veniam
1437 3247 1609 3323 obtineant

233 3384 296 3458 per
321 3364 530 3436 clementiam
556 3375 659 3437 tuam:
687 3368 831 3458 quietem
858 3373 1105 3458 consequantur
1130 3384 1191 3457 per
1217 3364 1477 3436 misericordiam
1504 3375 1607 3437 tuam:

233 3477 480 3554 abscondantur
503 3481 564 3554 sub
593 3481 653 3551 alis
672 3483 802 3572 gratiae
828 3489 918 3567 tuae,
944 3501 1053 3573 neque
1073 3478 1349 3550 condemnentur:
1377 3484 1453 3573 quia
1482 3504 1608 3578 spera-

232 3605 355 3666 verunt
380 3600 413 3667 in
440 3608 491 3680 teq
519 3607 553 3668 et
578 3601 611 3668 in
638 3598 839 3688 unigenitum
866 3595 985 3666 Filium
1012 3603 1122 3683 tuum,
1157 3615 1218 3689 per
1250 3617 1348 3689 quem
1382 3617 1446 3665 nos
1474 3618 1607 3690 quoque

232 3732 407 3806 speramus
434 3712 695 3785 misericordiam
723 3715 900 3805 consequi,
929 3719 991 3781 etc.

338 3828 497 3920 Populus.
552 3831 704 3915 Quietem
732 3838 877 3923 praesta.

267 3987 272 3992 -
335 3943 511 4015 Sacerdos
542 3945 734 4015 inclinatus.
787 3945 915 4030 Parce,
948 3942 1091 4013 Domine
1117 3942 1229 4027 Deus,
1262 3951 1295 4011 ct
1329 3938 1453 4010 dimitte
1488 3964 1605 4014 omnes

111 4125 123 4142 ,
230 4063 421 4154 iniquitates
449 4071 594 4150 nostras,
622 4071 656 4132 et
682 4059 830 4149 illorum,
857 4080 966 4152 neque
994 4057 1067 4129 illas
1093 4059 1252 4152 imputes,
1289 4060 1458 4151 quianon
1482 4057 1606 4148 justiti-

231 4184 326 4246 catur
352 4179 384 4247 in
412 4188 598 4272 conspectu
626 4188 682 4248 tuo
708 4175 794 4248 ullus
821 4178 957 4260 vinem,
984 4195 1094 4266 neque
1119 4171 1205 4243 ullus
1232 4182 1285 4243 est
1310 4194 1413 4267 purus
1441 4197 1460 4243 a
1488 4174 1605 4245 sordi-

229 4289 305 4378 bus,
334 4303 369 4363 et
395 4294 531 4366 maculis
558 4297 701 4388 peccati,
728 4294 792 4362 nisi
817 4302 862 4378 tu,
889 4290 1042 4361 Domine.
1072 4286 1299 4359 Obsecramus
1326 4298 1360 4360 et
1388 4288 1606 4383 deprecamur

231 4405 393 4502 abyssum
420 4407 739 4504 imperscrutabilem
766 4407 962 4494 clementiae
988 4416 1081 4491 tuae,
1115 4413 1150 4474 ut
1183 4404 1279 4475 nobis
1310 4405 1463 4492 infirmis,
1496 4416 1529 4476 et
1563 4406 1606 4477 ad

230 4533 406 4617 peccatum
432 4530 624 4620 propensis,
650 4527 783 4595 veniam
812 4520 979 4595 concedas
1007 4543 1068 4616 per
1090 4520 1352 4592 misericordiam
1369 4531 1469 4607 tuam,
1495 4542 1606 4614 neque

231 4640 374 4713 dimittas
402 4664 465 4714 nos
492 4643 525 4712 in
552 4639 704 4712 manibus
732 4663 752 4710 a
780 4638 898 4733 quibus
926 4636 1127 4730 abripiamur
1145 4639 1177 4705 in
1198 4657 1349 4707 errorem
1369 4638 1604 4731 perniciosum,

232 4759 287 4850 qni
314 4778 377 4829 nos
404 4758 446 4829 ad
473 4760 639 4829 interitum
666 4756 817 4827 deducat.
844 4753 914 4825 Sed
941 4751 1091 4824 concede
1117 4762 1153 4824 ut
1179 4751 1370 4844 gradiamur
1387 4753 1420 4821 in
1436 4754 1501 4822 viis
1528 4751 1605 4840 tuis,

231 4880 265 4942 et
299 4871 462 4947 iaciamus
497 4872 704 4947 voluntatem
736 4882 843 4956 tuam,
884 4872 1159 4962 inveniamusqua
1192 4865 1471 4953 misericordiam,
1507 4865 1606 4937 finem

232 4989 451 5083 tranquillum,
479 4988 695 5082 fiduciamque
721 4986 779 5058 tibi
805 4985 1003 5082 placentem,
1031 4994 1065 5056 et
1092 4986 1340 5057 consistentiam
1368 4981 1494 5077 absque
1515 5004 1605 5053 con-

229 5102 362 5176 fusione
389 5127 503 5179 coram
531 5104 617 5181 solio
645 5102 782 5176 terribili
807 5104 968 5194 unigeniti
993 5100 1068 5173 Filii
1094 5104 1152 5192 tui,
1179 5108 1215 5171 ut
1240 5103 1274 5172 in
1301 5096 1376 5186 hoc,
1404 5102 1488 5170 sicut
1515 5101 1605 5169 etin

1323 5217 1369 5291 31
1386 5215 1405 5250 *
