4525 6034
698 576 1137 660 DIVIMARGL
1546 586 1621 663 123

224 786 277 855 τῳ
264 760 468 888 παναγίρ,
486 788 547 834 και
536 758 710 862 ἀγαθῷ,
728 762 790 838 καί
804 762 902 855 ζωο-
943 790 1031 840 nunc
1058 778 1093 842 et
1117 791 1253 868 semper
1278 780 1314 843 et
1338 773 1371 843 in
1384 771 1521 847 soeculo
1534 794 1621 849 soc-

223 870 318 959 τιοιῴ
342 861 541 995 πναίματι,
570 872 642 942 νῦν
668 866 785 941 καί
760 866 814 942 aei
840 868 902 944 καί
943 871 1104 946 culorum.

222 970 269 1051 είς
284 965 370 1053 τούς
385 971 518 1053 αἰῶνας
534 975 613 1047 ταῖν
628 969 784 1048 αίιόνιον.

270 1076 307 1149 ‘O
326 1077 431 1162 Λοός.
461 1069 584 1171 Ἀμήν
994 1081 1157 1174 Populus.
1208 1080 1329 1155 Amen.

269 1180 307 1253 0
325 1178 451 1273 Ἱερεός.
489 1174 624 1309 Εἰρήνη
639 1183 761 1253 πᾶσιν.
994 1182 1180 1257 Sacerdos.
1232 1186 1307 1258 Pax
1334 1186 1497 1260 omnihus.

269 1283 306 1355 ‘0
326 1280 431 1369 Λαός.
467 1280 542 1356 Καί
557 1289 609 1376 τῷ
625 1278 803 1376 πνεύματί
819 1304 897 1358 σου.
992 1287 1154 1381 Populos.
1206 1288 1251 1361 Et
1276 1292 1403 1386 spiritui
1430 1301 1497 1366 tuo.

992 1391 1182 1465 Diaconos.
1223 1391 1280 1467 Ad
1306 1397 1493 1467 orationem
1520 1404 1617 1469 stote.

271 1592 308 1668 ‘O
329 1592 432 1680 Λοός.
469 1588 582 1694 Κύριε
596 1597 749 1691 disticon
771 1602 853 1695 τρίς.
991 1597 1154 1693 Ρομαίαι.
1206 1598 1313 1695 Kyme
1340 1599 1478 1674 eleison
1505 1607 1569 1674 ter.

216 1755 295 1811 ‘Odi
283 1756 481 1827 Ἶιεῦἕπευρε
454 1758 559 1843 ningen
577 1758 658 1829 ‘tili'
674 1761 836 1829 τῆςτίεόδου
854 1766 897 1816 καί
960 1754 1593 1830 &cordetwdjmyiioratt'onembttroim

445 1830 529 1887 εἵως
521 1828 678 1898 'emmim
1148 1842 1407 1905 etodincmm.

271 1948 818 2078 Διἰτποτακύριεόθεόςὴμῶν,“
797 1951 897 2051 ovio
991 1958 1136 2031 Domine
1153 1957 1287 2032 Christe
1299 1959 1393 2034 Deus
1409 1967 1615 2060 noster‚1qui

217 2052 493 2154 δωδεκάφαιταν
516 2053 692 2149 λαμπάδα
717 2064 793 2133 ταῖν
817 2055 897 2134 διό-
940 2058 1114 2161 δωδτκόφ
1115 2089 1232 2152 ωτον,
1263 2061 1327 2135 hoc
1362 2074 1432 2154 est,
1460 2064 1615 2139 duodeno

221 2158 308 2234 δεκα
331 2156 546 2235 ἀποστόλων
567 2157 813 2253 ἐκλεξάμενος,
833 2161 895 2236 καί
937 2166 1013 2239 luce
1038 2165 1202 2238 lucentem
1228 2165 1416 2263 lampadem
1438 2167 1612 2243 duodecim

220 2263 468 2347 ἐξαποστείλας
500 2259 651 2353 αὐτούς,
676 2267 716 2339 ἐν
740 2263 815 2361 ὅλῳ
842 2292 896 2362 τῳ
937 2268 1178 2366 Apostolorum
1196 2267 1344 2363 elegisti,
1364 2278 1398 2342 et
1411 2294 1472 2345 eos
1485 2275 1612 2346 inuni-

220 2365 348 2461 κόσμῳ
378 2363 553 2463 κηρύξαι,
580 2394 641 2441 και
631 2346 818 2448 ’διδάξαι
850 2367 894 2443 τό
936 2395 1074 2447 versum
1099 2372 1254 2445 mundum
1280 2375 1418 2464 misisti,
1444 2383 1480 2447 ut
1503 2399 1612 2471 pree·

221 2469 431 2570 εόαγγελιον
455 2477 516 2566 τῆς
530 2471 713 2566 βασιλείας
734 2496 816 2562 σου,
832 2471 894 2546 καί
938 2476 1088 2549 dicerent
1122 2484 1156 2548 et
1194 2475 1355 2550 docerent
1385 2427 1611 2572 iivongclium

220 2571 436 2671 θεραπεύειν
451 2571 577 2664 νόσον,
591 2573 653 2649 καί
673 2581 796 2651 πᾶσαν
816 2605 894 2703 μα-
936 2583 1034 2673 regni
1060 2581 1123 2667 tui,
1149 2587 1183 2652 et
1196 2590 1351 2652 curarent
1364 2603 1496 2655 omnem
1509 2606 1611 2655 mor-

219 2678 350 2805 λακίαγ
366 2681 406 2752 ἐν
421 2706 474 2773 τῳ
458 2683 582 2774 λαῷ,
603 2677 664 2751 καί
684 2676 893 2779 ἐμφυσήσεις
935 2683 1013 2757 hum
1039 2692 1074 2755 et
1098 2682 1360 2756 infirmitatem
1349 2707 1384 2755 ιιι
1415 2684 1540 2782 populo
1576 2696 1611 2760 et

219 2784 264 2866 είς
283 2779 330 2855 τά
353 2778 523 2877 πρόςωπα
545 2778 678 2872 αὐτῶν,
702 2782 763 2857 καί
783 2782 893 2913 eineis(
935 2785 1144 2859 insufflasti
1134 2809 1168 2857 ιιι
1192 2784 1299 2858 iacies
1331 2809 1465 2879 eorum,
1492 2799 1527 2862 et
1553 2789 1610 2861 di-

219 2884 358 2974 αότοῖς,
383 2883 511 2981 λάβετε
531 2893 672 2981 πνεῦμα
695 2885 820 2987 ἀγιον,
846 2914 889 2962 το
935 2893 1059 2962 xisti
1028 2913 1096 2980 eis,
1123 2890 1276 2986 Accipite
1288 2888 1446 2985 Spiritum
1460 2902 1610 2966 sanctum

217 2986 466 3086 παράκλητον·
496 2986 656 3065 όίντινων
684 2988 804 3090 ἀφίετε
829 2988 893 3076 τάς
935 2993 1158 3090 paracletum:
1171 2997 1608 3092 quommrcmiscritispec-

217 3093 397 3191 ἁμαρτίας
411 3090 576 3192 ἀφίενται
589 3091 721 3184 αὐτοῖς,
724 3092 894 3226 όίντιναιν
937 3099 1609 3192 eeto‚remitt1mtureisquot·umre-

217 3210 389 3326 κρατεῖτε,
412 3195 666 3295 κεκρότηιοαι·
697 3198 810 3284 οὕτως
832 3196 894 3273 καί
936 3202 1114 3289 dedentio,
1141 3209 1272 3272 retenta
1299 3208 1390 3275 sunt:
1417 3203 1462 3273 ite
1489 3202 1556 3274 ct*
1575 3205 1609 3274 in

216 3300 317 3400 to‘
293 3308 389 3397 ημᾶς
408 3299 492 3385 τοάς
517 3299 772 3399 περιστηκότας
800 3299 894 3376 δυό-
936 3327 999 3377 nos
1026 3301 1157 3375 insufflo
1183 3305 1503 3377 circumassistentes
1527 3328 1609 3378 scr-

216 3412 303 3489 λους
323 3428 405 3495 σου,
422 3408 461 3479 ἐν
476 3433 520 3500 τῃ
504 3402 657 3499 είςόδῳ
673 3416 733 3501 τῆς
749 3407 892 3506 ίερουρ-
936 3430 1002 3480 vos
1021 3418 1097 3481 tuos
1117 3409 1151 3479 in
1165 3410 1299 3480 introitu
1317 3411 1404 3480 socri
1424 3411 1608 3500 ministerii,

215 3510 313 3611 γίας,
331 3502 435 3592 τός*
456 3517 531 3592 τοῖς
550 3506 773 3599 ἐπισκόποις,
803 3538 892 3607 πρε-
932 3509 1145 3608 Ερίειοροι,
1160 3508 1405 3608 Ριοοίιγῑαιοο,
1420 3512 1606 3602 Diaconos,

217 3615 420 3709 σβυτέροις,
430 3608 655 3703 διακόνοις,
631 3609 892 3713 αναγναίσταις,
934 3614 1116 3736 Lectores,
1134 3612 1319 3705 Caeteros,
1333 3625 1368 3686 et
1379 3613 1517 3706 Lenos,
1533 3639 1607 3688 cum

215 3714 373 3815 ψόλταις
394 3744 431 3790 τε·
457 3715 518 3790 καί
540 3721 676 3800 λαικοῖς
692 3714 763 3793 σόν
782 3714 893 3793 παντί
935 3720 1024 3790 omni
1049 3716 1251 3815 plenitudine
1283 3729 1420 3791 sanctae
1448 3716 1604 3792 Catholi-

216 3829 268 3912 τεῦ
291 3816 507 3917 πληρώματι
529 3830 591 3917 τῆς
612 3819 715 3921 ἁγίας
732 3822 893 3896 καθολι-
935 3844 997 3893 coe
1024 3829 1058 3893 et
1083 3821 1302 3917 Apostolicoe
1326 3820 1512 3895 Ecclesiae.
1540 3822 1606 3895 Li-

216 3931 280 4020 κῆς
293 3922 356 3998 καί
360 3921 603 4052 ἀποστολτκῆς
617 3923 815 4020 ἐκκλησίας·
828 3930 893 4019 ρῦ-
934 3922 1017 3997 itera
1034 3946 1116 4017 nos,
1142 3923 1304 4013 Domine,
1321 3924 1363 3997 ab
1378 3927 1606 4016 execratione,

218 4053 279 4102 σαι
296 4027 391 4177 ἡμᾶς
410 4024 511 4127 κύριε
532 4024 604 4102 ἀπό
626 4025 715 4124 ἀρᾶς
737 4026 797 4103 καί
819 4055 890 4102 κα-
935 4038 970 4100 et
994 3982 1243 4120 meledictione,
1271 4038 1306 4100 et
1325 4028 1367 4101 ob
1384 4027 1606 4151 anathemate,

218 4188 370 4329 δεσμοό,
386 4233 447 4308 καί
466 4232 688 4334 ἀφορισμοῦ,
704 4262 765 4309 και
754 4189 891 4331 ’ἀκτῆς
935 4245 969 4307 et
995 4258 1015 4306 a
1041 4245 1137 4330 parte
1151 4235 1355 4323 adversarii,
1382 4214 1604 4331 etpurgolo·

216 4337 364 4434 μερίδος
384 4344 452 4413 τοῦ
466 4335 727 4434 ἀντικειμένου·
743 4337 805 4413 καί
820 4366 891 4412 κα·
933 4339 989 4413 hia
1015 4347 1131 4412 nostro
1159 4350 1192 4411 et
1218 4361 1279 4412 cor
1297 4337 1497 4411 nosmmm
1515 4340 1605 4411 omni

217 4441 381 4539 θόρισον
408 4440 514 4538 ἤμων
536 4440 582 4516 coi
608 4442 708 4539 χείλη
738 4441 799 4517 καί
823 4439 891 4540 τὴν
933 4444 1197 4539 inquinamento,
1231 4451 1265 4514 et
1296 4440 1337 4513 oh
1365 4444 1455 4514 omni
1479 4445 1604 4537 nequi-

217 4545 376 4644 καρδίαν
387 4543 459 4620 ἀπό
470 4543 604 4630 παντός
614 4544 892 4643 μολυσμοῦ,καί
934 4549 1003 4618 tias
1025 4545 1070 4618 Ut
1096 4548 1130 4617 in
1156 4545 1259 4618 corde
1273 4567 1358 4643 puro
1372 4554 1406 4616 et
1419 4566 1604 4640 puracon-

216 4649 286 4725 ἀπό
300 4648 418 4746 πόσης
433 4646 680 4750 ῥαδιουργίας·
698 4653 758 4726 ἵνα
774 4654 813 4725 ἐν
827 4677 892 4724 κα-
935 4651 1071 4723 seientio
1083 4647 1143 4721 tibi
1154 4649 1218 4722 hoc
1232 4652 1402 4722 incensum
1415 4646 1605 4738 offeramus,

220 4751 698 4853 θαρᾴκαρδίᾳκαίκαθαρῴ
710 4751 892 4830 συνειδότι
934 4755 967 4824 in
995 4752 1132 4826 odorem
1159 4755 1351 4842 suavitate„
1378 4754 1438 4822 et
1428 4775 1462 4823 ιιι
1479 4755 1604 4824 remis-

218 4861 475 4988 προςιρέραγαν
488 4882 547 4931 σοι
559 4883 603 4931 το
593 4854 792 4953 θυμιαμα
804 4885 894 4933 του-
936 4859 1064 4930 sionem
1091 4866 1305 4952 peccatorum
1330 4864 1539 4947 nostrorum,
1572 4865 1607 4927 et

217 4989 272 5051 το,
286 4964 334 5046 είς
354 4958 476 5056 ὀσμήν
492 4958 652 5090 αιἰοδίας,
664 4959 726 5036 καί
740 4963 786 5046 είς
801 4956 895 5062 όίφε-
936 4962 1036 5034 totius
1062 4959 1177 5056 popuii
1202 4963 1258 5032 tui.
1285 4956 1419 5050 Gratia,
1446 4968 1480 5031 et
1505 4981 1605 5031 com-

218 5089 280 5142 σιν
306 5065 497 5167 αμαρτιῶν
520 5063 642 5162 timim,
673 5063 735 5141 καί
762 5063 895 5150 παντός
935 5062 1227 5157 miserationibus,
1248 5072 1282 5136 et
1303 5059 1507 5157 benignitate
1523 5066 1606 5137 uni-
