4525 6034
458 1238 905 1362 illuserit
959 1246 1194 1364 PETRI
1246 1247 1304 1366 ll.

690 1514 811 1589 Oratio
838 1525 918 1590 ante
945 1519 1083 1590 Pacem

297 1809 482 1884 Sacerdos.
518 1786 615 1890 'fter
631 1820 664 1885 et
679 1836 793 1886 coram
808 1822 853 1903 te,
876 1812 1032 1902 Domine,
1050 1811 1246 1884 inclinamus
1262 1809 1349 1884 oolla
1369 1814 1563 1904 animarum,
1611 1831 1640 1883 a·
1650 1829 1699 1883 aa
1712 1832 1783 1888 aa„
1795 1851 1821 1903 ρ.
1837 1832 1882 1885 aa,

198 1949 441 2024 corporumque
466 1941 672 2016 nostrorum,
699 1941 734 2003 ut
761 1954 781 2002 a
807 1939 840 2002 te
866 1932 1064 2026 accipiamus
1091 1927 1372 2016 benedictionem,
1399 1940 1432 2002 et
1459 1933 1561 2004 auxi-
1576 1915 1635 1971 &d
1653 1920 1709 1986 Sa·
1728 1918 1757 1971 0·
1777 1919 1819 1971 ¹¹·

196 2044 272 2116 lium
298 2045 475 2118 infirmitati
501 2058 654 2136 nostram
690 2050 766 2143 quia
792 2058 827 2118 tu
853 2045 984 2138 adjutor
1010 2056 1044 2118 et
1068 2044 1234 2138 refugium
1261 2049 1404 2118 omnium
1439 2069 1495 2136 es,
1528 2060 1563 2121 et

196 2161 253 2234 tibi
278 2162 422 2255 gloriam
449 2172 484 2235 et
508 2164 639 2238 laudem
665 2162 840 2236 referimus
867 2172 901 2235 et
932 2165 1102 2255 unigenita
1131 2162 1217 2235 Filio
1250 2173 1325 2254 tun,
1359 2172 1393 2235 et
1426 2163 1563 2260 Spiritui

198 2287 324 2351 sancto.

297 2394 474 2469 Sacerdos
500 2397 637 2468 elaeone
662 2418 787 2470 aecem.
840 2395 892 2468 Tu
918 2398 1113 2487 etiamnum,
1147 2397 1308 2486 Domine,
1334 2396 1477 2470 illumina
1503 2396 1562 2470 la-

197 2514 279 2585 ciem
307 2522 396 2584 tuam
424 2536 524 2610 super
549 2535 632 2604 nos,
659 2522 693 2586 et
719 2512 760 2586 ab
787 2510 938 2586 amnibus
964 2516 1125 2600 inimicis,
1154 2517 1209 2610 qui
1234 2513 1312 2587 adin
1338 2536 1402 2589 nos
1427 2512 1562 2604 babent,

195 2625 299 2703 libem
327 2653 407 2704 uns:
436 2631 529 2721 dele,
557 2638 590 2702 et
617 2629 740 2702 dimitte
767 2632 943 2704 universas
969 2632 1157 2726 iniquitates
1184 2641 1334 2723 nocuas,
1367 2641 1400 2703 et
1425 2629 1562 2704 refere-

196 2766 287 2836 mus,
316 2755 380 2818 etc.

298 2862 460 2955 Popolos.
514 2863 631 2935 Amen.

298 2978 484 3051 Sacerdos.
538 2978 631 3050 Deus
660 2980 772 3073 pacis,
804 2986 837 3048 et
869 2978 1030 3051 Dominus
1061 2975 1302 3072 tranquillitatis
1328 2976 1488 3068 Domine,
1521 2980 1564 3051 da

196 3093 293 3167 uobis
322 3095 491 3182 omnibus,
524 3093 711 3189 dignosque
736 3115 799 3166 nas
831 3089 941 3182 allice,
975 3104 1012 3165 ut
1043 3096 1159 3188 spiritu
1194 3116 1214 3164 a
1250 3092 1474 3167 misericordia
1507 3105 1562 3166 tua

194 3230 262 3282 non
289 3212 420 3300 mulso,
447 3210 683 3308 amplectamur
708 3214 869 3299 invicem,
900 3214 933 3282 in
961 3209 1078 3282 osculo
1105 3209 1174 3282 doli
1200 3221 1341 3307 experte
1367 3219 1402 3282 et
1427 3210 1563 3283 relere-

195 3349 268 3402 mns
296 3327 355 3402 tibi
381 3328 542 3422 gloriam,
568 3338 630 3400 etc.

301 3446 462 3541 Populos.
514 3445 633 3518 Amen.

297 3564 485 3660 Diaconos.
537 3561 670 3634 Stemus
698 3560 864 3633 decenter.
917 3559 1004 3632 Date
1030 3581 1158 3655 pacem.

297 3679 481 3753 Sacerdos.
536 3679 687 3769 Caritas,
713 3687 776 3751 etc.

297 3797 458 3891 Popolao.
511 3796 631 3869 Arnen.

296 3913 481 3986 Sacerdos.
535 3913 673 3985 Sursum
700 3910 813 3984 corda.

298 4030 459 4124 Populos.
511 4028 681 4102 Habemus
709 4028 752 4104 ad
776 4028 964 4102 Dominum.

297 4147 479 4220 Sacerdos.
535 4147 667 4219 Gratias
695 4166 832 4238 agamus
858 4144 1013 4216 Domino.

297 4263 458 4358 Popoloa.
510 4263 655 4357 Dignum
683 4270 717 4334 et
737 4266 862 4356 justum
889 4269 949 4334 est.

298 4378 473 4452 Sacerdos
498 4381 690 4452 iociiontos.
742 4379 835 4451 Vere
862 4400 1024 4473 aequum,
1059 4388 1092 4450 et
1114 4382 1238 4472 justum
1266 4388 1334 4468 est,
1361 4387 1395 4449 ut
1422 4387 1454 4450 te
1479 4375 1561 4449 lau-

192 4493 324 4586 demus,
350 4506 384 4567 et
409 4495 622 4585 extollamus,
648 4496 799 4591 opificem
826 4497 971 4567 omnium
997 4505 1234 4584 creatmarum,
1261 4501 1327 4565 tam
1355 4496 1560 4590 superiomm

192 4595 293 4706 duam
324 4611 525 4685 inferiorum.

298 4729 448 4802 Εἰευαω
472 4751 597 4801 coeam.
650 4727 838 4801 Laudamus
865 4737 916 4816 te,
943 4728 1104 4818 Domine,
1131 4753 1205 4802 cum
1231 4725 1391 4820 Angelis,
1426 4738 1460 4799 et
1484 4729 1560 4801 Ar-

192 4843 430 4939 changelorum
456 4845 663 4940 legionibus,
697 4848 752 4940 qui
783 4845 923 4918 vocibus
954 4846 1061 4920 landis
1093 4846 1289 4932 inclamant,
1321 4841 1561 4938 uociferantur,

193 4971 228 5034 et
254 4962 374 5038 dicunt

299 5078 460 5175 Popolos.
512 5078 673 5173 Sanetus,
699 5079 852 5154 Sanctus.

219 5217 345 5263 amr.
1302 5198 1353 5274 23
