4525 6034
688 576 760 649 aaa
1167 572 1609 673 conuuunnarus¹

684 781 740 843 que
762 761 804 822 ud
824 760 974 822 motionis
992 760 1089 838 finan.
1135 758 1188 820 llla
1210 775 1285 820 vero
1307 775 1367 820 non
1390 755 1532 819 absimilis
1546 766 1593 819 est
1610 758 1743 820 formulis
1759 758 1816 821 illis
1831 759 2033 824 absolutionum

684 859 894 942 generalibus,
919 860 1049 939 quaein
1075 857 1181 920 Latina
1208 857 1345 919 Ecclesia
1374 864 1558 937 usurpantur
1587 856 1625 918 ad
1655 856 1791 919 Officium
1821 859 1924 921 Furiae
1951 861 1982 924 ll.
2007 864 2034 923 iu

685 958 787 1021 Coena
809 957 941 1019 Domini:
966 965 1026 1018 tum
1049 959 1138 1018 etiam
1169 956 1304 1036 proxime
1334 956 1500 1037 respondet
1530 956 1707 1018 absolutioni
1737 957 1780 1019 illi
1808 959 1939 1041 generali
1967 978 2034 1040 quae

685 1058 764 1142 apud
788 1074 843 1119 nos
866 1065 935 1137 post
958 1055 1108 1138 Confiteor
1130 1057 1324 1136 pronunciari
1346 1056 1432 1119 solet.
1476 1056 1571 1118 Porro
1594 1057 1728 1136 quamvis
1757 1058 1833 1120 baec
1860 1059 1952 1121 oratio
1985 1058 2035 1121 ab·

684 1158 843 1221 solutionis
867 1155 1096 1219 Sacramentalis
1119 1155 1219 1217 locum
1242 1154 1355 1217 habere
1377 1163 1525 1236 nequeat,
1547 1155 1652 1217 valere
1674 1163 1772 1218 tamen
1800 1157 1978 1219 existimatur
2003 1157 2035 1219 ad

626 1250 631 1257 ’
684 1257 763 1320 levia
795 1265 825 1318 et
853 1256 1025 1337 quotidiana
1055 1263 1182 1336 peccata
1212 1254 1385 1336 purganda,
1419 1256 1478 1318 imo
1513 1252 1595 1316 dedit
1630 1254 1821 1318 Occasionem
1848 1258 2036 1336 superstitioni

684 1357 832 1419 maximae
855 1354 932 1436 apud
955 1353 1127 1438 Aegyptios
1151 1361 1182 1416 et
1203 1353 1383 1435 Aethiopes,
1407 1353 1526 1435 quaudo
1548 1353 1785 1415 Patriarobarum
1809 1354 1920 1434 aliquot
1948 1355 2037 1439 negl-

684 1456 804 1534 gentia,
829 1463 860 1518 et
882 1455 1006 1518 aliorum
1029 1455 1197 1516 temeritate
1220 1453 1332 1516 factum
1354 1462 1418 1532 est,
1440 1461 1473 1516 ut
1496 1451 1655 1516 Confessio
1677 1460 1872 1533 peccatorum
1898 1454 1972 1534 apud
1991 1471 2037 1516 eos

685 1554 868 1617 aboleretur.
892 1555 977 1616 Tunc
1000 1555 1079 1615 enim
1101 1553 1184 1615 multi
1207 1552 1307 1616 audita
1329 1553 1518 1616 absolutione
1534 1571 1611 1632 quae
1622 1552 1743 1634 publice
1754 1554 1951 1632 recitabatur,
1971 1571 2038 1635 peo-

688 1661 754 1715 cata
777 1672 832 1716 sua
854 1661 974 1716 secreto
998 1652 1077 1714 iutra
1100 1670 1135 1715 se
1157 1653 1223 1715 Deo
1247 1652 1467 1715 confitebantur
1497 1669 1594 1732 eaque
1623 1653 1751 1714 maxime
1781 1653 2036 1732 immurmurabant,

575 1790 581 1805 ι
688 1769 755 1814 cum
778 1754 933 1815 incensum
955 1752 1148 1831 adoleretur,
1170 1759 1203 1813 ut
1224 1770 1295 1815 mox
1316 1751 1500 1826 videbimus,
1523 1758 1612 1832 atque
1635 1754 1675 1814 ita
1698 1751 1853 1816 absolutos
1881 1772 1915 1816 se
1936 1773 1952 1815 a
1973 1770 2039 1834 gra-

687 1852 817 1914 vissimis
840 1852 987 1932 peccatis,
1015 1851 1130 1933 absque
1154 1850 1347 1914 confessione
1369 1859 1401 1914 et
1421 1851 1605 1933 poenitentia
1632 1852 1721 1915 stulte
1747 1852 1961 1917 existimabant.
2000 1853 2039 1914 lle

380 1953 455 2025 Pop.
476 1956 500 2007 T.
519 1958 544 2008 5.
558 1957 657 2025 pm.
687 1970 724 2014 ea
747 1970 781 2014 re
805 1951 922 2014 dicetur
943 1949 1038 2013 fusius
1061 1952 1092 2013 iu
1113 1951 1331 2014 Dissertatioue
1354 1950 1393 2013 de
1415 1950 1615 2031 poenitentia,
1639 1952 1750 2033 etjam
1775 1949 1887 2015 dictum
1908 1962 1953 2016 est
1970 1952 2039 2014 alibi.
2153 2011 2157 2020 ,
2216 2024 2217 2037 ,

686 2050 720 2112 ln
743 2050 1010 2113 Constitutionibus
1034 2048 1140 2133 Cyrilli
1163 2050 1348 2131 praecipitur
1369 2071 1407 2112 ne
1429 2050 1505 2112 bace
1527 2051 1626 2111 oratio
1655 2051 1771 2137 lepotur
1798 2071 1890 2134 snper
1913 2052 2040 2132 papulam

685 2151 777 2212 Faria
804 2150 851 2214 Vl.
874 2151 1001 2229 majoris
1022 2150 1238 2213 hebdomadae.

398 2266 491 2320 Borma
510 2270 674 2335 ejuaoratto-
772 2249 805 2311 ln
828 2247 941 2312 Codice
965 2247 1082 2311 Graeco
1105 2248 1200 2311 blanci
1223 2248 1360 2330 Liturgia
1382 2248 1432 2329 qui
1455 2247 1598 2329 majorem
1621 2248 1828 2330 antiquitatem
1851 2268 1924 2332 prae
1945 2268 1978 2312 se
1990 2249 2041 2311 lert

363 2354 444 2406 atain
458 2355 572 2426 liturgia
586 2355 773 2430 anteaquam
796 2348 993 2429 antiquissimi
1016 2347 1151 2428 Coptici,
1174 2348 1299 2411 brevior
1319 2349 1439 2410 omnino
1454 2346 1530 2410 haec
1547 2348 1643 2410 oratio
1661 2356 1724 2427 est,
1747 2348 1887 2432 iactaque
1905 2351 2040 2413 mentione

684 2448 843 2530 potestatis
865 2447 1036 2510 remittendi
1057 2456 1183 2528 peccata
1211 2448 1298 2512 datae
1327 2447 1499 2529 Apostolis,
1526 2450 1639 2528 petitur
1661 2467 1783 2529 quoque
1811 2450 1948 2513 remissio
1969 2449 2039 2520 τοῖς

686 2534 889 2625 ἐπισκόποις,
903 2541 1150 2633 πρεσβυτέροις,
1165 2548 1337 2630 Episcopis,
1352 2547 1552 2629 Presbyteris,
1575 2548 1735 2626 Diaconis,
1750 2555 1809 2614 etc.
1818 2567 1887 2611 eum
1898 2548 2042 2630 omniple-

685 2648 818 2710 mitudine
840 2654 963 2709 sanctae
992 2646 1203 2729 Apostolicae
1218 2647 1389 2711 Ecclesiae:
1420 2665 1488 2710 narn
1514 2666 1574 2719 τας
1601 2646 1652 2710 ubi
1680 2646 1778 2710 hiatus
1808 2657 1858 2712 est
1886 2650 1917 2712 in
1944 2648 2039 2712 codice
2086 2656 2092 2671 '

687 2747 805 2825 Sirleti,
829 2764 888 2828 quo
911 2765 984 2809 usus
1007 2754 1054 2810 est
1077 2745 1115 2808 ad
1138 2747 1299 2810 editionem
1321 2765 1406 2809 suam
1428 2744 1630 2808 adornandam
1659 2743 1792 2810 loannes
1825 2766 1842 2810 a
1873 2750 1902 2813 S.
1931 2747 2041 2812 Andrea

687 2845 857 2910 Canonicus
880 2847 1007 2929 insignis
1029 2847 1186 2910 Ecclesiae
1208 2847 1404 2925 Parisieusis,
1427 2834 1607 2931 ἄμαρτίας,
1637 2845 1684 2909 vel
1716 2847 1813 2911 simile
1844 2847 1915 2930 quid
1943 2848 2042 2931 exigit:

686 2947 759 3010 nibil
780 2965 856 3009 vcro
883 2947 995 3026 minus,
1019 2965 1106 3028 quam
1129 2965 1167 3009 ea
1188 2946 1282 3008 verba
1307 2945 1413 3028 quibus
1435 2945 1517 3007 illurn
1539 2945 1684 3027 supplere
1706 2954 1833 3011 conatus
1863 2956 1926 3028 est,
1954 2951 2043 3010 itaet

685 3051 719 3110 im
738 3068 796 3111 nos
817 3045 938 3126 insufflo
960 3047 1249 3109 circumassistemtea
1271 3065 1378 3108 seruos
1399 3053 1466 3108 tuos
1487 3047 1519 3107 in
1540 3047 1663 3108 innodo
1688 3048 1774 3109 sacri
1798 3050 1956 3111 mammarii
1973 3046 2042 3126 Epi-

687 3167 813 3227 scopcs,
845 3146 1058 3228 Presbyteros,
1093 3155 1151 3209 etc.
1196 3145 1275 3207 Nihil
1298 3146 1376 3208 euim
1398 3145 1524 3207 alienius
1547 3162 1636 3225 quam
1659 3145 1850 3227 interpositio
1878 3147 2041 3221 sententiae,

688 3249 736 3310 cui
757 3265 862 3329 parem
883 3264 973 3307 nemo
996 3245 1027 3307 in
1049 3254 1112 3308 tota
1134 3245 1348 3308 Ecclesiastico
1371 3246 1545 3325 antiquitate
1567 3244 1711 3325 reperiet.
1758 3244 1826 3307 Non
1850 3247 1927 3308 enim
1947 3265 1964 3308 a
1984 3245 2041 3307 lieo

687 3346 871 3426 postulatur,
895 3354 926 3408 ut
950 3346 999 3408 det
1021 3345 1181 3427 Episcopis
1205 3354 1235 3407 et
1257 3344 1488 3421 Sacerdotibus,
1512 3342 1593 3424 quod
1613 3341 1768 3425 Apostolis
1792 3344 1893 3423 dedit,
1916 3364 1979 3407 curn
1999 3346 2041 3405 in·

687 3444 816 3508 sufflavit
838 3453 868 3507 et
891 3445 965 3507 dixit
986 3445 1122 3525 Accipite
1143 3445 1288 3524 Spiritum
1309 3452 1453 3506 sanctum.
1477 3443 1596 3525 Quippe
1618 3450 1732 3506 certum
1755 3451 1802 3506 est
1825 3445 1916 3508 talem
1937 3443 2043 3508 esseio

687 3544 825 3608 Ecclesia
845 3552 1046 3627 potestatem,
1070 3563 1157 3626 quarn
1179 3544 1322 3625 Episcopi
1345 3551 1375 3605 et
1403 3543 1585 3606 Sacerdotes
1614 3544 1644 3604 in
1674 3561 1805 3624 persona
1836 3544 2041 3625 Apostolorum

689 3653 889 3728 acceperunt:
913 3652 944 3707 et
966 3647 1061 3708 oratio
1085 3647 1150 3727 ipsa
1173 3644 1211 3707 ad
1233 3643 1446 3725 plenitudinem
1468 3641 1820 3733 EcclesianCatbolicae
1845 3643 1903 3709 hoo
1925 3652 2042 3707 estnon

688 3743 783 3806 minus
807 3746 843 3808 ad
865 3744 975 3809 laicos
998 3763 1086 3827 quam
1109 3744 1147 3807 ad
1170 3744 1351 3810 Sacerdotes
1372 3745 1524 3824 pertinet:
1551 3760 1665 3827 rogare
1686 3750 1719 3805 ut
1741 3743 1779 3805 ad
1801 3743 1873 3807 illos
1902 3745 1967 3807 talis
1992 3761 2040 3805 au·

687 3845 792 3905 toritas
814 3847 1003 3924 perveniret,
1027 3864 1089 3908 uon
1110 3853 1170 3907 tam
1194 3846 1290 3907 oratio
1311 3842 1408 3920 foret,
1432 3860 1519 3923 quam
1541 3842 1666 3905 ridicula
1689 3841 1887 3924 blasphemia.
1917 3844 2043 3906 Genera-

686 3942 724 4005 lis
753 3944 846 4027 igitur
874 3944 923 4005 bic
950 3945 1039 4007 venia
1067 3952 1098 4006 ct
1128 3942 1277 4006 absolutio
1304 3942 1473 4022 postulatur
1500 3959 1557 4022 per
1580 3942 1769 4005 autoritatem
1791 3943 1997 4025 Apostolicam
2016 3948 2042 4003 et

687 4042 863 4106 Sanctorum
884 4044 1005 4121 merita,
1035 4062 1094 4126 qua
1117 4045 1278 4107 occasione
1302 4040 1481 4105 addiderunt
1504 4040 1642 4123 Coptitae
1665 4043 1703 4105 de
1732 4060 1805 4124 suo,
1836 4061 2043 4108 commemora-

687 4144 798 4204 tionem
822 4146 917 4206 sancti
938 4145 1033 4205 Marci
1055 4153 1195 4224 tanquam
1216 4142 1304 4223 primi
1325 4141 1597 4203 Alexandrinorum
1622 4142 1781 4224 Episcopi,
1810 4144 1863 4224 qui
1885 4144 2042 4227 Aegyptios

687 4261 745 4324 pen
765 4243 963 4328 Evangelium
985 4245 1014 4305 in
1039 4241 1159 4304 Christo
1182 4248 1346 4325 genuerat:
1375 4250 1434 4302 tum
1461 4239 1637 4304 Sanctorum
1659 4245 1852 4324 propriorum
1874 4251 1974 4306 sectae
1994 4241 2043 4303 Ja-

688 4342 846 4422 cobiticae,
869 4341 927 4404 boc
950 4352 997 4406 est
1018 4341 1238 4405 baereticorum
1262 4340 1377 4420 Severi,
1401 4341 1539 4403 Dioscori
1562 4349 1592 4403 et
1615 4341 1756 4405 aliorum:
1778 4341 2043 4425 tandemSynodo-

687 4462 763 4507 rum.
808 4444 904 4505 Porro
927 4442 1088 4525 singularis
1112 4444 1186 4505 ritus
1209 4443 1294 4504 istius
1318 4441 1396 4523 apud
1418 4441 1658 4519 Alexandrinos,
1680 4449 1712 4505 ut
1735 4450 1803 4505 ante
1818 4442 2043 4507 inchoatambi-

687 4544 805 4625 turgiae
826 4550 941 4624 partem
964 4561 1041 4624 quae
1072 4541 1187 4605 Camoni
1215 4541 1400 4623 respondet,
1430 4543 1726 4606 commemorationes
1755 4543 1883 4625 iaciant,
1913 4552 2044 4624 tanquam

688 4645 752 4705 noti
774 4642 830 4705 sibi
851 4641 982 4704 meminit
1003 4640 1135 4704 lacobus
1157 4641 1330 4704 Edessenus
1353 4643 1438 4723 cujus
1460 4641 1554 4704 verba
1581 4641 1675 4721 celent
1696 4641 1910 4725 Abullaragius
1936 4644 1966 4705 in
1985 4641 2044 4703 llo-

688 4761 857 4806 moeanone
879 4749 957 4823 part.
983 4741 1010 4806 l.
1036 4761 1101 4835 cap.
1127 4746 1156 4806 7.
1180 4741 1215 4803 lm
1237 4740 1382 4817 Graecia,
1404 4741 1516 4822 inquit,
1546 4742 1626 4803 idem
1648 4744 1727 4822 qaod
1747 4762 1821 4819 aas,
1844 4743 1958 4805 Graeci
1974 4755 2044 4821 quo·

689 4861 746 4921 qma
773 4842 951 4904 observant:
982 4842 1191 4904 Atexanumoe
1216 4860 1290 4902 vero
1313 4843 1413 4920 primo
1438 4841 1557 4921 sociam
1585 4844 1892 4904 commemorationem
1919 4841 2043 4910 Parnm,

688 4941 844 5019 Fratrum,
866 4942 996 5024 Reponi,
1018 4950 1074 5005 etc.
1097 4941 1206 5003 deinde
1225 4940 1372 5018 incipiant
1391 4940 1586 5004 oblationem.
