4525 6034
608 612 640 689 S.
672 609 888 689 bruscum
919 608 1151 704 EPISCOPI,
1178 624 1229 685 bc.
1522 612 1599 686 403

223 796 449 887 celebrabitis,
476 798 602 870 credite
631 809 665 869 et
690 800 772 870 certi
799 807 919 885 estote,
947 795 1036 890 quod
1062 818 1110 866 ex
1137 817 1282 892 corpore
1302 799 1600 872 meomanducatis

224 927 258 988 et
283 917 413 987 vivitis:
440 925 546 987 etex
573 918 736 1007 sanguine
764 934 839 984 meo
870 912 993 1001 bibitis,
1021 912 1064 983 ad
1091 917 1318 1008 expiationem
1346 914 1539 988 delictorum
1568 927 1602 987 et

224 1033 456 1102 remissionem
481 1039 705 1125 peccatorum.
759 1028 803 1100 Et
835 1028 917 1099 baec
949 1032 1060 1098 omitia
1085 1027 1297 1123 perficientes
1331 1042 1534 1104 mementote
1569 1042 1602 1118 et

224 1149 572 1218 commemorationem
605 1144 707 1218 facite
725 1148 874 1230 mortis,
908 1143 1100 1239 sepulturae
1132 1156 1167 1216 et
1200 1150 1456 1221 resurrectionis
1491 1170 1612 1234 meae,-

223 1263 332 1334 donec
357 1264 501 1332 veniam.

328 1376 490 1469 Populus.
543 1376 662 1450 Mortis
689 1386 766 1448 tuae
792 1376 935 1446 Domine
961 1377 1158 1445 memoriam
1186 1378 1326 1466 agimus.

328 1492 504 1565 Sacerdos
531 1494 669 1565 elevans
694 1513 820 1562 accen.
880 1489 952 1563 Nos
980 1499 1099 1570 autem,
1116 1501 1316 1592 peccatores
1343 1502 1377 1564 et
1403 1496 1599 1590 insipientes

225 1614 317 1682 servi
344 1614 402 1699 tui,
425 1612 522 1701 juxta
551 1608 706 1681 mandata
733 1618 788 1679 tua
815 1618 943 1696 sancta,
971 1609 1323 1679 commemorationem
1340 1608 1598 1704 dispensationis

224 1735 302 1797 tuae
330 1748 432 1821 super
458 1724 588 1797 tabulas
616 1728 735 1797 mentis
762 1734 898 1798 nostrae
919 1725 1130 1817 suscipimus,
1158 1731 1192 1794 et
1218 1728 1327 1795 omnia
1355 1724 1475 1796 ibidem
1503 1738 1600 1819 gesta

226 1845 336 1913 animo
362 1822 593 1930 revolventes,
620 1853 773 1936 tanquam
808 1838 1048 1911 medicamenta
1082 1843 1232 1934 peccatis
1266 1841 1501 1933 extinguendis
1536 1866 1599 1914 sa-

224 1958 355 2048 lutaria,
382 1957 577 2029 vulneribus
600 1960 724 2030 nostris
744 1957 958 2053 imponimus:
986 1960 1240 2051 conceptionem
1253 1966 1340 2028 tuam
1360 1957 1598 2045 admirabilem,

225 2082 258 2144 et
285 2096 372 2167 quae
397 2071 512 2145 verbis
539 2076 707 2145 enunciari
734 2095 801 2144 non
836 2082 963 2167 potest:
997 2093 1213 2167 praecursum
1241 2072 1375 2164 Angeli‚
1404 2085 1438 2145 et
1465 2097 1598 2147 annun-

225 2192 392 2261 tiationem
420 2191 602 2261 nativitatis
635 2199 728 2260 tuae:
763 2189 995 2261 tornationem
1031 2199 1119 2259 tuam
1153 2187 1356 2276 mirabilem,
1391 2194 1598 2263 nativitatem

225 2328 311 2400 quae
338 2315 507 2400 stuporem
536 2304 625 2376 dedit
650 2302 878 2397 superioribus
906 2313 940 2374 et
966 2301 1192 2391 interioribus,
1218 2324 1327 2398 neque
1354 2308 1598 2400 aperitissimis

224 2418 486 2522 quibuscumque
514 2420 677 2517 explicari
704 2421 831 2515 potuit3
863 2430 1001 2515 propter
1028 2443 1124 2515 quarn
1151 2419 1275 2512 Angeli
1302 2442 1376 2492 cum
1403 2422 1598 2495 Pastoribus
1693 2409 1697 2422 ’

223 2535 397 2610 laudantes
424 2536 673 2609 exultaverunt:
707 2535 801 2627 Magi
833 2535 1037 2608 adorationis
1065 2546 1099 2607 et
1124 2558 1296 2608 munerum
1325 2537 1431 2609 officia
1460 2537 1597 2611 obtule-

223 2663 316 2741 runt3
342 2652 484 2726 infantes
512 2651 640 2749 absque
666 2633 795 2725 macula
819 2655 1014 2744 sanguinem
1031 2674 1125 2723 suum
1153 2673 1283 2747 purum,
1312 2663 1465 2749 tanquam
1494 2654 1597 2727 obla·
1637 2731 1643 2740 ,

224 2773 348 2841 tionem
382 2769 639 2864 acceptabilem,
683 2773 716 2839 in
750 2791 792 2840 ea
828 2768 1028 2843 effuderunt:
1069 2766 1225 2860 legalium
1261 2770 1358 2839 etiam
1395 2768 1598 2844 oblationum

222 2886 421 2959 illationem:
449 2889 673 2977 gestationem
701 2905 804 2980 super
828 2905 946 2955 manus
973 2887 1063 2956 senis
1092 2885 1215 2978 antiqui
1242 2884 1378 2972 dierum,
1407 2896 1441 2956 et
1467 2889 1597 2960 confir-

224 3006 405 3074 mationem
432 3023 547 3074 eorum
575 3005 720 3073 omnium
748 3023 834 3096 quoe
868 3000 910 3072 de
946 3010 980 3071 te
1007 3022 1027 3069 a
1052 2999 1230 3094 Prophetis
1266 3000 1352 3073 diota
1385 3002 1533 3091 lucrant,
1564 3015 1599 3076 et

223 3130 347 3191 eventu
373 3117 603 3213 comprobata,
631 3129 730 3211 atque
757 3115 922 3212 completa
941 3125 1032 3188 sunt:
1058 3113 1256 3210 baptismum
1284 3126 1373 3188 tunm
1402 3121 1433 3188 in
1447 3119 1597 3191 Jordane

223 3245 372 3306 sanctum
400 3242 434 3305 et
460 3235 718 3306 sanctificantem
745 3236 854 3305 omnia
870 3235 1033 3328 mysteria
1046 3254 1133 3326 qaae
1157 3254 1220 3327 per
1247 3231 1335 3302 illam
1363 3232 1461 3306 nobis
1488 3256 1597 3307 reve-

222 3350 288 3422 lata
316 3358 406 3422 sunt:
438 3353 597 3443 jejunium
631 3360 719 3422 tuum
754 3331 926 3435 divinum,
953 3349 1197 3442 victoriamque
1232 3347 1274 3417 de
1311 3347 1446 3421 diabolo
1479 3351 1597 3423 rebelli

225 3476 333 3560 mam,
369 3465 602 3541 miraculorum
628 3477 758 3538 tuorum
786 3465 974 3535 divinorum
1001 3467 1243 3558 operationem,
1271 3487 1357 3558 quae
1383 3464 1498 3538 verbis
1527 3489 1597 3538 ex-

224 3581 341 3678 plicari
367 3593 550 3677 nequeunt:
585 3583 769 3654 Husannae
795 3591 922 3668 cantus,
955 3579 1139 3675 laudesque
1165 3589 1239 3650 tuas
1267 3601 1312 3650 ex
1338 3602 1400 3653 ore
1426 3580 1598 3656 infantium

222 3719 380 3792 purorum
408 3698 600 3772 decantatas
627 3709 678 3769 ter
704 3721 778 3770 curn
815 3696 973 3784 clamore,
1000 3718 1180 3792 puerorum
1206 3693 1389 3784 infantium,
1416 3707 1451 3767 et
1477 3719 1597 3770 recens

221 3824 383 3901 natorum,
411 3815 570 3888 Hosanna
597 3818 633 3886 in
668 3813 832 3900 excelsiS,
865 3813 1025 3885 Hosanna
1052 3813 1118 3885 filio
1146 3812 1273 3900 David,
1309 3812 1504 3885 benedictus
1542 3818 1597 3908 qui

221 3934 372 4001 venitin
400 3934 534 4004 nomine
560 3931 706 4021 Domini,
734 3929 894 4003 Hosanna
923 3932 956 4000 in
984 3928 1141 4001 excelsis.
1176 3926 1390 4002 Postmodum
1418 3941 1526 4001 autem
1555 3929 1597 4001 ad

222 4050 414 4141 passionem
442 4047 601 4120 adductus
629 4069 678 4135 eS,
706 4068 768 4141 per
794 4068 892 4140 quam
913 4047 1066 4132 Domine,
1093 4049 1270 4140 passiones
1296 4055 1430 4117 nostras
1457 4045 1596 4116 destru-

223 4166 323 4235 xisti:
350 4167 533 4235 sustinuisti
559 4185 693 4258 crucem
719 4185 782 4257 pro
809 4160 916 4233 salute
942 4171 1077 4232 nostra:
1105 4160 1308 4233 descendisti
1335 4164 1368 4230 in
1395 4159 1596 4255 sepulcrum,

223 4288 258 4349 nt
285 4279 433 4374 sepultos
461 4279 707 4366 consolareris,
740 4277 938 4371 solvistique
965 4280 1109 4371 eosqui
1136 4278 1240 4347 vincti
1267 4284 1362 4346 erant
1390 4300 1410 4348 a
1436 4276 1594 4346 saeculo:

223 4396 398 4465 surrexisti
425 4400 521 4483 tertia
549 4394 615 4484 die,
642 4392 823 4488 discipulos
842 4390 1056 4480 coufirmasti,
1084 4392 1263 4464 ascendisti
1280 4395 1312 4461 in
1329 4392 1479 4464 eoelum:
1507 4390 1594 4463 dona

223 4510 377 4598 divisisti,
404 4511 529 4607 Spiritu
555 4520 672 4584 sancto
700 4509 886 4605 Apostolos
921 4519 996 4581 tuos
1024 4508 1221 4604 implevisti,
1257 4519 1291 4580 et
1323 4511 1440 4580 iterum
1470 4512 1501 4578 in
1528 4509 1594 4581 fine

221 4635 382 4698 venturus
409 4650 447 4699 es
474 4627 516 4698 ad
542 4630 723 4700 universae
742 4628 851 4698 carnis
871 4647 1015 4697 examen
1034 4624 1281 4714 instituendum,
1308 4637 1341 4696 et
1368 4600 1420 4695 ad¹
1433 4622 1592 4715 judican-

221 4741 296 4813 dum
325 4740 441 4815 orbem
470 4745 707 4836 inaequitate.
748 4740 960 4814 Convertere
986 4741 1129 4813 Domine
1158 4742 1200 4812 ad
1225 4740 1381 4837 populum
1410 4751 1511 4831 tuum,
1539 4745 1593 4836 qui

221 4860 320 4951 impie
347 4862 417 4949 egit
443 4880 557 4930 coram
585 4868 629 4945 te,
657 4868 691 4929 et
717 4860 933 4929 reminiscere
968 4860 1227 4950 promissionum
1255 4868 1383 4929 tuarum
1410 4860 1594 4946 veracium,

222 4995 284 5068 pro
312 4971 410 5044 vobis
438 4996 528 5068 pono
557 4978 698 5045 animam
725 4996 844 5045 meam.
904 4971 975 5044 Nos
1002 4976 1024 5044 ii
1051 4995 1165 5044 sumus
1191 4974 1355 5060 Domine,
1391 4977 1446 5067 qui
1471 4996 1595 5044 nomen
1682 4977 1687 4986 '

223 5100 311 5160 tuum
339 5099 490 5161 sanctum
515 5112 583 5163 rnna
611 5089 872 5183 abnegavimus:
900 5092 956 5184 qui
983 5088 1157 5183 signaculo
1184 5097 1239 5161 bro
1257 5092 1406 5185 pretioso
1427 5087 1595 5181 obsignati

1308 5208 1358 5279 65
1374 5207 1392 5241 ⁴*
