4525 6034
717 599 794 676 394
1221 598 1244 674 Ι,
1270 597 1284 671 Ι
1311 597 1336 672 Τ
1362 597 1389 674 t]
1414 598 1439 673 tt
1465 597 1492 673 d
1516 598 1531 673 1
1556 596 1585 670 Α

819 786 969 857 Electrae
994 807 1121 856 coeam
1149 783 1301 878 Eamque
1326 784 1360 853 in
1385 781 1580 856 fortitudine
1606 792 1640 853 et
1671 780 1781 873 gloria
1812 788 1939 874 quaete
1956 779 2050 872 dignae

717 912 795 976 sunt
820 923 1043 991 conservans,
1071 900 1232 986 Domine,
1260 901 1359 970 etiam
1387 919 1514 971 omnes,
1532 896 1692 970 haereses
1724 900 1892 990 impietate
1921 896 2053 991 plenaso

716 1017 827 1091 medio
855 1018 941 1089 illius
968 1015 1111 1112 depelle,
1140 1025 1173 1086 et
1199 1012 1298 1085 fidem
1324 1012 1553 1085 Ortbodoxam
1587 1017 1620 1083 in
1656 1035 1696 1084 ea
1728 1013 1941 1100 confirmans,
1969 1012 2053 1084 etab

716 1133 864 1226 illisqui
897 1155 971 1204 eam
1006 1129 1157 1201 dividunt
1191 1138 1226 1199 et
1257 1127 1427 1216 lacerant,
1461 1150 1536 1199 eam
1561 1126 1727 1215 liberans,
1759 1132 1793 1198 in
1827 1126 2055 1200 doctrinarum
2189 1219 2190 1232 ἵ

719 1269 792 1320 eam
820 1246 1011 1335 stabiliens,
1044 1255 1080 1316 ut
1112 1247 1156 1315 ita
1192 1242 1235 1315 ab
1270 1245 1343 1335 ejus
1370 1242 1444 1315 liliis
1470 1242 1636 1315 referatur
1661 1242 1718 1314 tibi
1744 1241 1856 1334 gloria
1881 1252 1914 1313 et
1935 1241 2057 1330 laus,et
2189 1243 2190 1308 ι

717 1365 888 1453 unigenito
914 1345 1001 1434 Filio
1028 1370 1094 1432 tuo.
1311 1356 1320 1366 '

821 1477 998 1548 Sacerdos
1024 1475 1216 1546 toetteoao.
1269 1473 1450 1558 Memento,
1475 1474 1640 1562 Domine,
1667 1495 1729 1568 per
1760 1474 1980 1545 miserationes
2001 1482 2057 1543 uas

719 1592 851 1681 multas,
877 1613 996 1663 eorum
1023 1594 1078 1685 qui
1105 1589 1265 1682 adJuvant
1297 1585 1484 1660 Ecclesiam
1519 1599 1608 1661 mam
1635 1599 1807 1676 sanctam,
1842 1597 1876 1659 et
1904 1588 2058 1658 communi·

719 1717 797 1778 eant
822 1704 1078 1778 necessitatibus
1110 1726 1295 1801 pauperum
1327 1713 1362 1775 et
1393 1705 1604 1792 afflictorum,
1636 1715 1671 1776 et
1704 1703 1828 1798 adjuva
1865 1723 1923 1775 cos
1955 1701 2057 1795 quaudo

718 1832 752 1893 te
779 1825 946 1893 invocant.

824 1937 975 2008 Elcaooa
1009 1957 1136 2006 aecem
1189 1933 1324 2006 Fideles
1361 1937 1459 2005 etiam
1494 1956 1598 2007 veros
1631 1937 1686 2028 qui
1721 1946 1796 2006 sunt
1829 1938 1865 2007 in
1894 1946 1958 2009 toto
1987 1931 2059 2020 orbe,

719 2074 1035 2126 commemoramus:
1062 2061 1224 2143 rogantes
1252 2059 1286 2121 et
1312 2050 1532 2146 deprecantes
1558 2059 1592 2121 te
1617 2049 1779 2137 Domine,
1807 2062 1842 2123 ut
1869 2074 1929 2148 per
1951 2051 2059 2122 miseri·

719 2168 852 2241 cordius
879 2177 914 2238 et
939 2169 1081 2259 gratiam
1106 2175 1206 2252 tuam,
1234 2164 1309 2238 illos
1337 2169 1474 2252 visites,
1508 2174 1542 2235 et
1573 2163 1765 2236 fortitudine
1796 2167 1922 2239 brachii
1954 2168 1995 2238 tui
2014 2182 2060 2232 eos

719 2283 872 2378 adjuves.
924 2281 978 2356 Ab
1007 2281 1161 2354 omnibus
1188 2284 1350 2372 angustiis
1381 2279 1487 2353 libera
1514 2302 1594 2353 eos:
1625 2305 1646 2353 a
1671 2281 1926 2355 necessitatibus
1955 2289 1984 2351 et
2008 2298 2059 2370 op-

716 2395 947 2494 pressionibus
974 2400 1068 2492 eripe
1095 2418 1169 2486 eos,
1196 2394 1402 2486 oblationes,
1436 2396 1583 2469 decimas
1615 2407 1648 2468 et
1679 2401 1841 2490 primitias
1869 2419 1976 2469 eoram
1999 2415 2060 2466 sus·

708 2517 794 2608 ¹cipe
824 2511 866 2583 ab
895 2512 982 2601 illis,
1011 2510 1220 2605 dexteraque
1248 2522 1302 2583 tua
1329 2512 1459 2584 custodi
1485 2511 1573 2599 illos,
1600 2521 1636 2581 ut
1662 2516 1786 2607 pariter
1820 2515 1996 2586 referamus
2017 2507 2060 2578 tibi
2189 2505 2190 2514 ’

717 2627 998 2814 landentbbcerdoo
1029 2742 1222 2813 inclinatus.
1263 2742 1446 2831 Memento,
1471 2742 1628 2831 Domine,
1654 2765 1716 2838 per
1742 2749 1888 2836 gratiam
1914 2738 2060 2815 tuamlla-

716 2881 795 2950 gurm
822 2857 965 2929 fidebam
992 2861 1048 2952 qui
1075 2858 1118 2929 ad
1144 2867 1178 2929 te
1204 2856 1408 2950 confugiunt,
1436 2867 1470 2929 et
1494 2856 1685 2930 fortitudine
1710 2858 1842 2932 brachii
1869 2865 1914 2933 tui
1939 2857 2060 2931 conlortu
2189 2849 2190 2912 ι

716 2973 801 3061 illos,
829 2981 863 3044 et
887 2972 976 3045 bella
1003 2972 1222 3046 barbarorum
1249 2972 1290 3044 ab
1317 2972 1394 3061 illis,
1421 2984 1454 3046 et
1481 2974 1524 3046 ab
1552 2978 1641 3046 omni
1668 2976 1790 3047 mundo
1819 2976 1957 3071 depelle.

821 3088 973 3159 Eteeaao
998 3112 1124 3160 uocem.
1179 3088 1298 3162 Omnia
1325 3091 1425 3159 etiam
1451 3111 1559 3181 regna
1587 3113 1672 3184 quae
1700 3095 1842 3187 imperio
1870 3103 1926 3166 mo
1942 3088 2062 3179 subiecit

717 3215 811 3292 sunt,
839 3213 874 3274 et
899 3224 1016 3277 omnes
1043 3214 1228 3298 potestates
1255 3226 1342 3299 quae
1369 3208 1401 3275 in
1429 3209 1551 3276 virtute
1579 3215 1633 3276 tua
1659 3205 1812 3280 fiduciam
1841 3207 1976 3292 habent,
2004 3201 2061 3271 Re·

716 3342 847 3414 gesqne
873 3317 990 3391 fideles
1018 3319 1158 3412 adjuva:
1185 3320 1358 3415 Principes
1386 3318 1602 3393 Ortbodoxos
1628 3323 1750 3394 virtute
1776 3327 1923 3412 instrue,
1950 3318 2063 3392 seditio-

716 3458 843 3531 sosque
876 3442 910 3505 ct
936 3433 1082 3507 rebelles
1109 3456 1156 3506 ex
1182 3439 1343 3508 universo
1372 3436 1494 3508 mundo
1519 3459 1715 3533 compesce:
1743 3448 1846 3533 atque
1868 3441 1901 3509 in
1928 3429 2062 3527 nanqud·
2187 3523 2188 3542 ἢ

716 3551 809 3623 litate
837 3561 870 3622 et
896 3574 981 3646 pace
1007 3573 1091 3642 rege
1109 3573 1253 3644 gregem
1268 3561 1357 3624 tuum
1373 3551 1589 3647 spiritualem,
1615 3562 1650 3624 ut
1667 3552 1859 3626 reseramus
1878 3552 1932 3624 tibi
1950 3550 2064 3643 gloriam
2095 3615 2097 3622 .

717 3679 752 3740 et
777 3666 927 3756 laudem,
954 3677 1018 3738 etc.

821 3781 998 3853 Sacerdos
1017 3781 1210 3853 inclinatus.
1250 3781 1431 3870 Memento,
1456 3784 1612 3870 Domine,
1636 3785 1809 3873 genitricis
1839 3783 1993 3873 unigeniti
2008 3774 2064 3847 Fili

717 3901 784 3984 tui,
812 3905 846 3967 et
872 3900 1018 3969 omnium
1044 3897 1244 3980 Sanctorum
1271 3903 1326 3992 qui
1353 3897 1546 3994 placuerunt
1572 3900 1737 3989 majestati
1763 3908 1854 3969 tuae.

825 4012 975 4083 Eteonos
1006 4034 1131 4083 ccccm.
1185 4013 1311 4084 Perta
1338 4017 1440 4101 enim,
1467 4015 1628 4102 Domine,
1653 4016 1825 4085 vaticinati
1844 4023 1922 4087 sunt
1938 4008 2064 4105 Prophe-
2185 4017 2186 4022 ’

715 4141 786 4203 tue:
813 4150 876 4225 per
901 4130 1079 4201 veritatem
1106 4138 1194 4200 tuam
1223 4133 1341 4200 armati
1369 4139 1444 4200 sunt
1470 4128 1642 4225 Apostoli:
1670 4129 1854 4200 secundum
1883 4151 1975 4223 spem
1998 4136 2065 4194 tuam

716 4242 958 4316 dimicaverunt
984 4244 1173 4339 Martyres:
1201 4266 1262 4340 per
1289 4247 1462 4316 caritatem
1477 4259 1565 4318 tuam
1584 4249 1739 4318 vicerunt
1757 4243 1998 4318 Confessores:
2020 4257 2065 4334 per

715 4369 749 4430 te
776 4358 920 4432 illustres
947 4358 1024 4430 lacti
1052 4371 1128 4431 suut
1150 4362 1246 4451 justi:
1274 4362 1468 4432 innomine
1496 4373 1550 4434 tuo
1567 4361 1783 4456 proiecerunt
1794 4364 1997 4454 jejunantes:
2019 4372 2064 4450 per

715 4484 750 4546 te
777 4483 959 4547 coronatae
986 4484 1062 4547 sunt
1087 4475 1265 4567 Virgines,
1293 4486 1327 4547 et
1352 4476 1499 4549 Sancti..
1531 4477 1581 4548 Te
1608 4475 1827 4549 obsecramus
1863 4488 1898 4547 et
1924 4476 2064 4568 depreca·
2184 4481 2185 4484 ’

716 4612 806 4677 mur,
833 4599 869 4662 ut
895 4590 1101 4663 orationibus
1129 4614 1245 4664 eorum
1272 4591 1547 4687 acceptabilibus,
1585 4615 1773 4665 mereamur
1804 4603 1932 4665 sortem
1965 4585 2065 4659 babere

717 4726 793 4776 cum
818 4705 899 4796 iltis,
927 4715 961 4778 ct
986 4716 1115 4801 partem
1143 4729 1228 4801 quae
1256 4706 1318 4779 illis
1346 4720 1515 4797 servatur,
1541 4717 1577 4779 ut
1603 4731 1677 4780 cum
1710 4707 1792 4796 illis,
1827 4717 1863 4779 et
1897 4711 1979 4776 inter
2008 4700 2064 4771 illos

715 4819 901 4893 referamus
929 4820 985 4893 tibi
1012 4820 1154 4913 gloriam
1182 4832 1217 4894 et
1242 4813 1394 4912 laudem,
1420 4834 1456 4895 ut
1481 4826 1579 4896 etiam
1606 4827 1777 4915 unigenito
1803 4823 1893 4895 Filio
1921 4832 1983 4892 tuo.

818 4937 995 5010 Sacerdos
1021 4939 1213 5011 inclinatas.
1266 4937 1452 5030 Memento,
1478 4940 1639 5029 Domine,
1665 4937 1852 5011 Doctorum
1875 4933 2062 5010 eruodonc

714 5051 808 5140 lidei,
835 5052 966 5126 illorum
1000 5058 1055 5148 qai
1087 5076 1171 5127 vere
1203 5053 1484 5152 praedicaverunt
1520 5066 1553 5128 et
1587 5055 1771 5128 docuerunt
1796 5054 1953 5151 populum
1986 5058 2064 5126 mun,
