4525 6034
665 586 696 662 S.
723 582 980 661 clementiis
1006 581 1193 660 bonini.
1538 583 1612 656 189

242 771 336 846 Deus
364 771 456 846 solus
483 782 517 843 et
542 781 677 844 sanctus
705 794 754 860 es,
782 773 814 842 in
840 781 972 843 natura:
1000 774 1054 866 qui
1081 773 1115 842 in
1141 771 1297 866 personis
1323 767 1427 841 tribus
1449 769 1613 859 adorariS,

245 898 279 959 et
305 890 338 958 in
364 891 488 959 unitate
514 886 719 960 substantiae
746 885 953 980 glorificaris.
982 886 1019 958 ln
1047 884 1308 981 quibuscumque
1333 883 1417 957 locis
1445 883 1614 956 elmundi

243 1000 405 1100 partibus,
431 1026 498 1076 non
526 1003 688 1077 sufficiurit
715 1002 756 1075 ad
784 1001 1008 1075 extollendam
1033 1006 1189 1075 virtutem
1214 1005 1400 1096 majestatis
1427 1011 1513 1073 tuae.
1551 1001 1616 1088 Qui

243 1120 416 1216 plasmasti
450 1119 615 1193 bominem
650 1119 690 1191 ad
724 1122 902 1211 imaginem
934 1121 1118 1211 majestatis
1157 1130 1252 1207 tuae,
1291 1123 1520 1214 rationemque
1551 1119 1616 1212 ipsi

242 1235 398 1323 indidisti,
426 1239 737 1334 praescripsistique
765 1246 917 1330 tanquam
943 1234 1078 1306 limitem
1106 1259 1125 1306 a
1150 1233 1295 1307 Domino
1323 1240 1544 1323 constitutum
1570 1256 1614 1306 ne

242 1362 459 1449 praeceptum
486 1363 575 1425 tuum
601 1351 909 1444 transgrederetur:
937 1355 992 1446 qui
1019 1373 1093 1422 curn
1121 1361 1288 1440 errasset,
1316 1354 1614 1446 contemsissetque

242 1467 354 1562 legem
382 1480 484 1558 mam,
512 1471 709 1542 sententiam
734 1470 851 1541 mortis
877 1469 1025 1556 incurrit,
1053 1476 1087 1537 et
1111 1470 1145 1538 in
1173 1465 1307 1539 exilium
1334 1469 1528 1540 infirmitatis
1547 1466 1614 1536 de-
1738 1561 1741 1574 Ι

242 1585 358 1681 pulsus
386 1595 447 1657 est.
480 1585 534 1658 Tu
559 1606 643 1657 vero
671 1595 805 1657 creator
832 1586 917 1676 ejus,
943 1580 1052 1655 bonus
1078 1593 1113 1655 et
1139 1586 1339 1673 misericors,
1367 1607 1435 1657 non
1462 1583 1614 1676 abjecisti

242 1724 357 1774 curam
384 1706 469 1795 ejus,
497 1724 594 1797 quam
619 1700 782 1789 habebas,
809 1699 870 1774 sed
897 1702 1007 1771 omnia
1035 1698 1076 1771 ad
1104 1699 1245 1772 salutem
1272 1703 1344 1792 ejus
1365 1703 1544 1786 instituisti,
1571 1720 1613 1770 eo

241 1840 349 1914 usque
375 1829 410 1890 ut
435 1817 534 1890 lilium
561 1827 650 1890 tuum
679 1828 850 1890 aeternum
878 1826 912 1886 et
942 1819 1145 1908 unigenitum
1178 1826 1267 1888 tirum
1295 1819 1425 1888 miseris
1452 1819 1485 1887 in
1512 1837 1613 1886 mun-

243 1934 332 2024 dum,
360 1940 415 2030 qui
442 1934 722 2031 dispensationem
750 1954 842 2005 suam
870 1933 1049 2005 salutarem
1075 1943 1215 2029 propter
1242 1955 1315 2003 eum
1343 1932 1504 2029 explevit.

348 2051 499 2122 dlcoone
524 2071 650 2122 vocem.
685 2049 769 2122 Cum
797 2070 880 2141 ergo
907 2059 1044 2144 paratus
1071 2060 1173 2138 esset,
1200 2048 1381 2123 secundum
1407 2047 1614 2121 volumtatem

243 2190 337 2240 suam
366 2168 408 2240 ad
434 2166 616 2260 gustandas
642 2169 831 2263 passiones,
859 2163 900 2234 ad
928 2163 1174 2238 ascendendum
1200 2169 1233 2237 in
1260 2185 1394 2237 crucem
1421 2176 1454 2238 et
1473 2160 1614 2260 patibu-

242 2283 328 2372 lum,
362 2295 568 2379 mortemque
602 2281 807 2357 subeundam
833 2301 895 2375 pro
922 2283 991 2351 vita
1018 2284 1115 2353 totius
1143 2282 1272 2368 mundi,
1308 2305 1349 2355 ea
1376 2305 1522 2378 vespera
1550 2301 1614 2374 qua

243 2403 561 2473 consummationem
588 2401 842 2494 mysteriorum,
869 2407 903 2468 et
927 2394 1124 2469 mirabilium
1151 2398 1310 2493 perfecit,
1336 2421 1457 2495 panem
1485 2397 1615 2491 accepit

242 2519 279 2588 in
306 2538 420 2588 manus
448 2538 527 2588 suas
554 2539 655 2612 puras
683 2525 717 2586 et
749 2523 900 2600 sanctas,
934 2523 968 2585 et
999 2518 1127 2606 gratias
1161 2538 1287 2608 agens,
1320 2523 1341 2598 †
1371 2514 1561 2602 benedixit,
1584 2517 1614 2595 τ

245 2632 484 2723 sanctificavit,
510 2640 531 2716 †
556 2631 669 2724 fregit,
697 2630 850 2725 deditque
876 2633 1009 2702 initiatis
1035 2629 1099 2703 boc
1125 2636 1198 2726 ejus
1226 2635 1408 2728 mysterio,
1440 2629 1615 2728 Apostolis

244 2752 369 2820 sanctis
396 2747 527 2821 dicens:
553 2749 728 2842 Accipite,
760 2756 794 2818 et
820 2747 1015 2818 manducate
1042 2770 1089 2819 ex
1115 2769 1176 2837 eo,
1211 2751 1287 2843 quia
1313 2750 1388 2821 Hoc
1414 2757 1466 2821 est
1492 2767 1615 2844 corpus

243 2887 372 2954 meum,
399 2863 487 2959 quod
515 2887 576 2960 pro
605 2863 703 2937 vobis
730 2862 893 2955 frangitur
919 2862 1090 2952 eiciatur,
1127 2864 1328 2938 adveniam
1356 2870 1499 2938 omnium
1525 2863 1615 2936 lide-

241 2980 334 3070 lium,
360 2979 574 3076 plurimorum
590 3004 652 3077 pro
675 2979 792 3075 quibus
815 2979 1012 3069 immolatur,
1040 2990 1074 3051 et
1095 2980 1261 3068 dividitur,
1289 2981 1330 3052 ad
1348 2981 1614 3077 propitiationem

244 3095 452 3186 delictorum,
479 3099 711 3169 remissionem
737 3105 953 3192 peccatorum
981 3106 1015 3167 et
1040 3099 1144 3168 vitam
1171 3107 1351 3169 aeternam.

348 3213 510 3306 Populos.
564 3214 683 3284 Amen.

349 3328 532 3401 Socerdoa.
585 3329 668 3400 Post
695 3350 834 3400 coenam
860 3325 949 3398 illam
975 3331 1170 3423 mysticam,
1204 3330 1334 3401 miscuit
1360 3328 1498 3400 calicem
1524 3332 1616 3402 vitae

246 3468 294 3516 ex
319 3448 399 3517 vino
428 3453 461 3516 et
488 3467 589 3539 aqua:
622 3455 657 3515 et
684 3444 726 3515 ad
753 3454 787 3516 te
813 3443 906 3516 Deus
932 3442 1034 3515 Pater
1061 3444 1175 3516 oculos
1202 3443 1355 3532 elevans,
1382 3449 1507 3537 gratias
1534 3449 1616 3539 egit,

244 3568 265 3645 †
292 3560 475 3650 benedixit,
501 3567 522 3644 †
549 3559 785 3650 sanctificavit,
817 3567 838 3642 †
870 3571 903 3632 et
939 3558 1028 3632 dedit
1061 3559 1178 3632 turbae
1212 3560 1445 3657 discipulorum
1481 3584 1615 3636 suorum

245 3678 444 3765 electorum,
478 3676 784 3774 Apostolorumque
810 3686 999 3748 sanctorum
1027 3686 1061 3747 et
1096 3675 1194 3748 dixit:
1227 3678 1400 3774 Accipite,
1433 3677 1536 3752 bibite
1569 3703 1616 3751 ex

246 3818 290 3866 eo
317 3818 383 3868 vos
418 3818 555 3869 omnes:
590 3796 652 3867 llic
685 3805 738 3865 est
773 3796 908 3885 sanguis
941 3815 1055 3883 meus,
1090 3797 1145 3888 qui
1179 3794 1352 3867 confirmat
1386 3803 1616 3869 testamentum

244 3914 362 3984 mortis
389 3933 499 3982 meae:
527 3915 583 4005 qui
609 3934 670 4007 pro
697 3908 796 3984 vobis
824 3909 994 3982 effunditur
1020 3919 1054 3981 et
1080 3932 1142 4005 pro
1169 3908 1278 3983 multis
1306 3910 1412 4000 datur,
1440 3923 1473 3984 et
1488 3912 1615 3984 dividi-

244 4037 299 4098 tur
326 4025 367 4097 ad
393 4030 663 4123 propitiationem
689 4027 901 4114 delictorum,
932 4027 1163 4098 remissionem
1189 4037 1422 4120 peccatorum,
1455 4037 1489 4099 et
1513 4009 1615 4100 vitam

246 4153 426 4215 aeternam.

350 4259 511 4352 Populus.
563 4260 683 4331 Amen.

351 4375 536 4447 Sacerdos.
590 4374 731 4461 Quando
760 4385 868 4447 autem
895 4373 969 4445 huic
994 4376 1072 4468 pani
1099 4375 1394 4465 communicabitis,
1422 4386 1455 4448 et
1476 4375 1614 4448 calicem

246 4489 333 4564 bunc
360 4496 451 4579 vitae
478 4491 689 4589 usurpabitis‚
717 4493 1066 4565 commemorationem
1091 4495 1208 4564 mortis
1233 4516 1331 4565 meae
1356 4492 1503 4582 iacietis,
1536 4514 1615 4563 me-

246 4612 453 4705 moriamque
478 4613 734 4682 resurrectionis
761 4631 857 4680 meae
884 4608 1061 4703 perficietis
1089 4609 1199 4682 donec
1224 4613 1368 4682 veniam.

351 4725 512 4818 Populus.
564 4727 682 4799 Mortis
710 4736 787 4797 tuae
813 4724 956 4798 Domine
981 4729 1173 4798 memoriam
1202 4729 1340 4819 agmus.

352 4841 527 4913 Sacerdos
553 4842 690 4912 alaeam
715 4863 839 4912 uocem.
889 4840 994 4915 Oculo
1021 4841 1234 4915 intellectuali
1261 4842 1372 4915 cordis
1398 4840 1615 4915 describimus

248 4957 422 5053 periodum
449 4958 705 5054 dispensationis
731 4968 809 5029 tuae
836 4963 1116 5055 sapientissimae,
1150 4957 1282 5032 Christe
1316 4959 1458 5030 Domine
1489 4969 1615 5046 noster,

248 5084 283 5145 et
309 5098 350 5147 ea
378 5078 488 5147 omnia
515 5098 600 5171 quae
626 5084 783 5171 operatus
810 5095 848 5148 es
874 5099 936 5172 per
962 5080 1219 5148 incarnationem
1246 5086 1332 5147 tuam
1354 5075 1532 5150 salutarem
1551 5098 1614 5172 pro

1336 5194 1419 5268 27*
