4525 6034
693 584 767 662 mc
1039 549 1044 558 ’
1191 585 1549 662 birunain

793 773 954 867 Populus.
1008 772 1143 846 Omnes.

793 890 980 961 Diaconos.
1032 889 1124 961 Post.

794 1006 977 1077 Sacerdos.
1028 1005 1275 1078 inclinationem
1308 1003 1467 1077 collorum
1498 1013 1688 1077 nostrorum
1723 1004 1779 1077 tibi
1812 1015 1847 1078 et
1877 1027 1989 1078 coram
2015 1018 2046 1079 ta

691 1122 874 1214 oderimuS,
908 1130 943 1193 ut
975 1123 1194 1218 percipiamus
1225 1145 1245 1193 a
1277 1130 1310 1192 te
1336 1119 1617 1211 benedictionem,
1649 1143 1734 1216 quae
1765 1131 1965 1217 praeparata
1999 1132 2048 1194 est

689 1237 863 1312 humilibus
890 1236 1007 1326 corde,
1043 1240 1118 1333 quia
1146 1247 1179 1308 tu
1206 1260 1244 1309 es
1268 1236 1374 1329 judex
1400 1239 1654 1329 cogitationum,
1689 1244 1723 1309 et
1757 1248 1921 1311 scrutator
1952 1260 2048 1310 men-

690 1359 769 1428 tium
795 1358 947 1442 Domine,
974 1366 1008 1426 et
1034 1354 1092 1426 tibi
1118 1352 1259 1445 gloriam
1285 1351 1477 1444 referimus,
1509 1363 1543 1425 et
1576 1356 1746 1446 unigenito
1779 1351 1866 1426 Filio
1894 1363 1963 1445 tuo,
1990 1365 2049 1427 etc.

797 1469 957 1565 Populos.
1008 1472 1127 1546 Amen.

796 1587 979 1658 Sacerdos.
1035 1587 1119 1673 Quia
1153 1607 1215 1682 per
1254 1584 1486 1657 abundantiam
1525 1585 1635 1659 divitis
1677 1586 1927 1659 misericordiae
1967 1599 2052 1675 tuae,

693 1707 786 1778 Deus
813 1706 925 1790 Pater,
953 1700 994 1774 ad
1021 1702 1160 1774 salutem
1185 1712 1333 1774 nostram
1360 1704 1477 1774 misisti
1502 1701 1602 1774 filium
1623 1713 1722 1788 tuum,
1748 1711 1784 1773 ut
1810 1725 1884 1774 eum
1913 1707 1967 1798 qui
1993 1726 2052 1775 er-

695 1843 775 1893 rore
800 1823 931 1918 peccati
958 1818 1113 1892 seductus
1139 1818 1249 1891 fuerat
1272 1819 1444 1891 volomtate
1470 1839 1540 1912 sua,
1567 1816 1761 1890 deduceret:
1795 1828 1829 1890 et
1854 1818 2012 1892 liberaret
2036 1844 2055 1890 a

693 1936 796 2011 fovea
828 1938 944 2009 mortis
978 1944 1012 2006 ct
1043 1933 1209 2007 Satanae:
1246 1943 1280 2006 et
1311 1939 1384 2030 ipse
1419 1957 1481 2031 per
1507 1957 1545 2007 se
1580 1939 1686 2030 ipsum
1721 1938 1954 2030 purgationem
1979 1936 2055 2007 iecit

690 2051 807 2149 leprae
831 2051 933 2126 illius:
966 2062 1001 2123 tu
1034 2055 1211 2124 etiamnum
1244 2050 1388 2123 Domine
1427 2050 1572 2124 illumina
1604 2050 1731 2123 vultum
1756 2061 1864 2137 mum,
1904 2062 1939 2123 et
1971 2050 2054 2124 salvi

691 2169 868 2241 efficiamur
894 2167 958 2241 boc
984 2178 1153 2263 tempore,
1180 2190 1245 2261 quo
1280 2166 1376 2242 simul
1407 2190 1481 2239 cum
1507 2169 1674 2262 mysteriis
1700 2168 1771 2239 istis
1799 2170 1943 2254 sanctis,
1971 2187 2054 2261 quae

563 2335 568 2342 ·
689 2284 749 2358 tibi
776 2285 967 2368 offeruntur,
994 2282 1247 2379 deprecationes
1273 2292 1404 2355 nostras
1431 2283 1489 2354 tibi
1508 2283 1687 2372 oderimus,
1714 2294 1748 2355 ut
1773 2279 1871 2354 nobis
1896 2303 1965 2353 non
1992 2283 2053 2354 siut

692 2405 725 2473 in
752 2401 1071 2490 condemnationem,
1097 2422 1206 2494 neque
1232 2401 1266 2472 in
1292 2410 1438 2489 reatum,
1472 2399 1532 2474 sed
1565 2402 1596 2474 in
1631 2398 1741 2472 cordis
1768 2395 2054 2485 confortationem,

692 2530 726 2591 ct
752 2520 980 2614 aspersionem
1007 2517 1232 2589 conscientiae
1258 2515 1417 2607 mundae,
1445 2526 1479 2588 ct
1505 2514 1546 2589 ad
1560 2519 1789 2589 remissionem
1817 2516 1962 2587 omnium
1988 2514 2054 2583 ini-

594 2703 600 2714 ,
692 2636 849 2729 quitatum
874 2642 1079 2705 nostrarum:
1111 2654 1174 2727 per
1207 2655 1353 2706 amorem
1389 2654 1472 2724 erga
1506 2630 1657 2705 homines
1692 2641 1799 2720 tuum,
1834 2642 1867 2702 ct
1900 2631 2054 2722 unigeniti

691 2753 738 2821 tui
764 2752 820 2844 qui
845 2749 886 2823 ab
914 2757 1051 2821 aeterno
1079 2772 1099 2820 a
1125 2756 1160 2820 te
1185 2752 1316 2841 genitus
1343 2760 1407 2839 est,
1433 2747 1820 2844 SpiritusqueParacliti,
1844 2747 2052 2838 vivificantis,

692 2862 818 2961 tibique
845 2863 1066 2938 connaturalis
1093 2875 1128 2936 et
1153 2865 1455 2956 consubstantialis,
1481 2887 1580 2958 nunc,
1607 2875 1669 2937 etc.

797 2981 959 3075 Populus.
1010 2979 1129 3053 Amen.

795 3098 982 3169 Diaconos.
1036 3095 1181 3169 Sumus.

795 3213 980 3286 Sacerdos.
1034 3210 1166 3285 Caritas
1192 3213 1257 3285 Dei
1282 3212 1400 3302 Patris,
1429 3223 1490 3284 etc.

794 3329 955 3426 Popcdaa.
1006 3324 1151 3401 Etcum
1178 3331 1294 3426 spiritu
1320 3336 1385 3400 tuo.

794 3447 979 3520 Sacerdos.
1033 3446 1172 3519 Sursum
1198 3445 1311 3518 corda.

796 3562 959 3657 Populos.
1011 3559 1181 3634 Habemus
1208 3560 1251 3634 ad
1277 3560 1462 3633 Dominum.

795 3679 978 3754 Sacerdos,
1031 3678 1165 3751 Gratias
1192 3697 1331 3771 agamus
1357 3675 1509 3749 Domino.

796 3795 956 3889 Populos.
1008 3795 1153 3887 Dignum
1179 3804 1214 3865 et
1235 3796 1358 3886 justum
1385 3803 1445 3865 est

796 3912 971 3984 Sacerdos
996 3910 1187 3982 inclinatos.
1240 3909 1331 3981 Vere
1357 3908 1490 4002 dignum
1525 3918 1560 3980 et
1586 3909 1709 4009 justum
1736 3913 1850 3976 estut
1884 3914 1918 3975 te
1945 3902 2050 3996 glori-

692 4029 847 4118 ficemus,
874 4040 907 4100 te
933 4027 1128 4115 adoremus,
1162 4034 1196 4098 te
1220 4024 1410 4116 laudemus,
1443 4036 1477 4097 te
1509 4023 1694 4097 exaltemus
1727 4020 1880 4117 opificem
1913 4021 2051 4092 omniurn

693 4155 919 4218 creaturarum
944 4143 1121 4219 visibilium
1149 4151 1182 4214 et
1203 4141 1431 4234 invisibilium,
1458 4140 1500 4214 ab
1527 4141 1590 4213 illis
1618 4142 1705 4212 enim
1728 4161 1835 4212 voces
1867 4135 1974 4209 laudis
2000 4132 2053 4204 tibi

695 4262 883 4336 offeruntur.

797 4379 947 4450 Eteonos
972 4400 1097 4449 nocem.
1153 4375 1342 4450 Glorificant
1367 4385 1401 4446 tc
1425 4375 1569 4448 Domine
1596 4373 1728 4446 ordines
1753 4369 1973 4464 Angelorum,
1996 4366 2052 4437 le-

693 4500 812 4589 giones
838 4493 1137 4586 Archangelorum,
1163 4504 1321 4565 catervae
1346 4494 1503 4563 virtutum
1528 4488 1808 4577 immaterialium,
1844 4510 1930 4582 quae
1956 4486 2051 4559 iude·

695 4616 841 4685 sinenter
867 4610 1030 4683 extollunt
1055 4633 1162 4683 voces
1185 4609 1365 4703 jubilorum
1391 4607 1517 4703 absque
1543 4611 1759 4693 reversione,
1796 4627 1871 4675 cum
1899 4603 2050 4676 effusione

695 4731 867 4819 scientiae,
901 4738 936 4799 et
961 4730 1097 4815 timore,
1135 4735 1169 4798 ct
1200 4749 1272 4797 cum
1306 4729 1485 4822 sapientia,
1519 4726 1623 4798 variis
1654 4720 1966 4797 sanctificationibus
1992 4719 2043 4790 di-

695 4848 823 4933 stincta,
851 4842 1012 4917 extollunt
1037 4863 1157 4932 voces,
1183 4841 1336 4932 clamant,
1362 4840 1587 4914 vociferantur
1614 4849 1647 4912 et
1673 4839 1792 4914 dcunt

798 4959 958 5053 Populos.
1011 4959 1164 5032 Sanctus.
