4525 6034
649 570 726 644 280
832 568 1127 647 calumniantes
1156 570 1209 645 Ab
1233 566 1441 644 LITURGIAM
1464 565 1659 645 carnalla
1678 568 1709 645 S.
1728 567 1872 645 BASILIL

649 753 849 818 traditionem.
895 753 1001 832 Neque
1024 770 1061 815 ca
1084 752 1173 816 modo
1196 761 1244 815 est
1266 749 1503 814 Christianorum
1525 752 1639 832 opinio,
1662 752 1716 815 sed
1739 751 1797 832 ipsi
1814 749 2025 814 blnbamedani

650 871 716 915 earn
738 872 807 915 curn
829 852 979 916 nonnullis
1002 852 1067 914 aliis
1090 859 1299 925 servaverunt,
1320 857 1353 912 ut
1382 869 1422 912 ex
1455 851 1554 913 multis
1577 857 1725 929 autorum,
1757 850 1808 929 qui
1836 848 2024 913 Alcoranurn

539 955 544 966 '
648 953 840 1033 interpretati
862 958 933 1014 sunt
954 950 1041 1028 locis,
1064 949 1187 1030 probari
1215 957 1326 1031 polest.
1376 948 1543 1031 Praecipue
1575 949 1613 1012 de
1643 949 1700 1011 illis
1729 950 1828 1029 agitur
1857 949 1889 1009 in
1915 948 2024 1012 Surata

650 1051 690 1114 de
712 1049 828 1131 spoliis,
857 1050 908 1112 nbi
938 1050 1054 1112 Haecin
1087 1049 1204 1112 Vabetz
1233 1048 1458 1111 commentator
1487 1049 1580 1112 Persa
1605 1048 1756 1126 famosus,
1783 1065 1875 1109 uuum
1903 1046 2026 1110 cuilibet

649 1147 801 1230 Angelum
824 1148 980 1211 custodem
1002 1149 1187 1228 assignatum
1210 1148 1261 1226 eil,
1283 1164 1351 1209 curn
1382 1148 1447 1209 aliis
1476 1147 1719 1228 quatuordecim,
1750 1163 1876 1228 pronum
1904 1154 2023 1228 septem

580 1245 584 1248 ’
651 1247 890 1326 misericordiae,
913 1254 1030 1327 septem
1051 1244 1235 1327 infligendae
1257 1262 1378 1326 poenae
1399 1262 1502 1307 eruam
1524 1245 1645 1309 babent.

1074 1585 1629 1637 ψ

815 1952 897 2071 ΙΝ
948 1951 1400 2070 liluuelln
1453 1943 1853 2071 colliculi

1118 2189 1297 2268 sabell
1331 2187 1557 2269 caldonii

1239 2386 1443 2471 lldl'ss.

749 2600 842 2693 Quas
872 2611 910 2676 de
940 2614 1025 2676 istius
1056 2621 1088 2677 et
1122 2613 1246 2676 alianun
1267 2611 1470 2694 liturgiarum
1497 2609 1694 2674 Orientalium
1721 2609 1816 2673 dadis
1845 2609 1927 2673 dicta
1955 2619 2027 2692 sunt

649 2714 680 2776 in
702 2713 923 2779 Dissertatione
947 2715 1102 2792 Generali3
1132 2724 1164 2779 et
1192 2717 1222 2779 in
1246 2734 1282 2778 ea
1311 2733 1390 2796 qnae
1414 2714 1557 2795 Copticas
1579 2715 1704 2796 proprie
1726 2721 1857 2795 spectat,
1879 2723 2025 2795 repetere

647 2830 778 2876 neeesse
799 2831 861 2876 non
884 2822 941 2877 est.
985 2813 1061 2878 lllnd
1075 2823 1188 2878 tantum
1201 2815 1361 2878 observari
1383 2813 1475 2877 debet
1493 2814 1642 2876 communi
1661 2811 1846 2893 Coptilarum
1865 2813 2026 2876 traditione

647 2911 727 2974 illam
750 2914 914 2977 secundam
935 2913 1103 2997 liturgiam
1125 2913 1258 2976 adscribi
1288 2912 1440 2996 Gregorio
1464 2911 1623 2993 Theologo
1651 2912 1682 2973 in
1703 2911 1903 2994 Aegyptiacis
1925 2912 2028 2973 omni-

627 3009 705 3073 -bus
728 3011 889 3076 codicibus
912 3020 943 3075 et
967 3014 1056 3076 etiam
1077 3014 1108 3076 in
1132 3012 1251 3075 Graeco
1274 3011 1479 3075 Bibliothecae
1502 3010 1634 3095 Regiae3
1666 3018 1757 3091 atque
1785 3011 1875 3072 etiarn
1905 3027 1945 3072 eo
1967 3026 2028 3072 no-

646 3110 727 3172 rnine
748 3113 906 3175 recenseri
927 3132 945 3175 a
969 3112 1150 3194 Theologis,
1180 3118 1212 3174 et
1239 3110 1358 3173 llilnum
1380 3111 1613 3191 interpretibus,
1643 3111 1729 3173 utin
1752 3108 2026 3172 Constitutiouibus

648 3207 808 3289 synodicis
837 3209 987 3274 Gabriclis
1017 3210 1069 3273 lilii
1098 3210 1191 3272 Tarils
1221 3209 1310 3272 Lxx.
1341 3209 1532 3272 Patriarclrae
1561 3207 1780 3287 Alexandrini,
1815 3207 1942 3270 articulo
1972 3207 2027 3270 26.

535 3309 540 3321 ‘
646 3306 791 3369 Abuseba
813 3308 844 3370 in
867 3309 997 3373 scientia
1026 3307 1242 3371 Ecclesiastico
1270 3325 1336 3387 cap.
1367 3307 1420 3371 85.
1449 3307 1644 3385 Abulbireat‚
1684 3324 1751 3387 cap.
1780 3304 1833 3370 29.
1859 3306 2029 3369 Ebnassala

650 3403 849 3469 Collectionis
872 3406 1037 3471 Canonum.
1060 3424 1128 3487 cap.
1154 3404 1203 3470 la.
1228 3413 1260 3469 et
1280 3406 1356 3469 aliie.

1227 3666 1349 3735 Oratio
1376 3664 1454 3735 oeli.

746 3869 824 3953 Τοῦ
846 3880 1139 3973 καταπετάσματος
1160 3894 1191 3955 in
1215 3893 1332 3957 Graeca
1355 3901 1386 3956 et
1408 3895 1439 3955 in
1461 3892 1527 3956 aliis
1549 3893 1711 3975 Liturgiis:
1741 3911 1851 3975 nempe
1874 3893 1943 3975 quia
1965 3910 2029 3956 noa

651 3989 689 4053 ad
711 3991 809 4072 ipsum
832 3991 944 4069 altare,
966 3991 1022 4054 scd
1044 3992 1233 4055 solummodo
1255 3994 1286 4054 in
1308 3993 1491 4070 sanctuario,
1514 4011 1571 4055 seu
1592 3992 1713 4055 Bernate
1737 3991 1847 4055 dicitur
1870 3992 1948 4055 intra
1968 4011 2029 4056 ve-

649 4089 721 4168 lum,
744 4108 805 4170 quo
828 4091 992 4153 secundum
1014 4093 1103 4154 ritum
1127 4091 1292 4168 Graecum,
1316 4098 1347 4153 et
1371 4091 1556 4154 Orientalem
1579 4090 1812 4155 circumdantur.
1857 4090 1891 4153 ln
1914 4091 2028 4155 Codice

649 4187 768 4251 Gracco
791 4189 926 4270 ejusdem
947 4188 1120 4272 Lilurgiae,
1144 4191 1375 4271 praemittuntur
1401 4191 1555 4254 orationes
1587 4190 1702 4271 aliquot
1730 4208 1808 4271 quae
1840 4191 1870 4252 in
1894 4187 2029 4270 Copticis

649 4287 874 4369 exemplaribus
897 4307 959 4352 non
982 4296 1157 4367 occurrunt,
1180 4288 1250 4370 quia
1272 4307 1307 4350 re
1331 4307 1404 4351 vera
1427 4289 1465 4351 ad
1488 4291 1574 4351 istam
1596 4306 1658 4351 non
1672 4291 1838 4370 pertinent,
1861 4287 1916 4351 sed
1939 4305 2029 4350 com-

647 4388 745 4448 munis
767 4386 853 4450 officii
875 4394 977 4468 partes
999 4395 1069 4450 sunt
1091 4397 1143 4450 aut
1165 4388 1304 4451 dicuntur
1327 4388 1364 4449 ad
1388 4387 1509 4449 libitum.
1554 4387 1652 4449 Prima
1674 4388 1790 4469 absque
1813 4387 1909 4466 titulo,
1932 4404 2030 4468 prae-

647 4486 800 4567 paratoria
824 4493 886 4562 est,
918 4486 1093 4549 Sacerdotis
1121 4486 1327 4568 indignitatem
1350 4505 1434 4549 suam
1456 4486 1642 4567 profitentis,
1666 4487 1860 4567 divinumque
1883 4484 2027 4548 auxilium

646 4584 838 4665 postulantis,
853 4583 891 4646 ad
905 4584 1056 4666 inculpate
1071 4584 1284 4648 celebrandurn
1300 4588 1485 4667 mysterium.
1509 4585 1647 4648 Secunda
1660 4585 1786 4649 dicenda
1799 4584 2028 4667 praescribitur,

648 4688 808 4762 postquam
832 4690 1043 4764 praeparatum
1065 4684 1157 4747 luerit
1179 4685 1290 4763 altare,
1325 4686 1422 4765 qualis
1453 4703 1490 4748 ea
1520 4692 1568 4746 est
1590 4702 1678 4765 quam
1701 4685 1803 4747 Basilii
1825 4684 1951 4766 Coptica
1972 4701 2027 4744 re-

647 4789 833 4861 praesentat,
856 4782 1052 4864 ejusdemque
1083 4786 1262 4848 sententiae.
1309 4784 1410 4847 Tertia
1435 4801 1513 4865 quae
1536 4783 1574 4845 ad
1596 4782 1796 4867 Evangelium
1819 4782 1946 4846 dicenda
1968 4788 2025 4856 est,
2051 4802 2060 4811 ·

648 4896 704 4940 suo
727 4880 797 4942 loeo
820 4898 881 4943 non
904 4889 951 4945 est
972 4883 1085 4962 posita,
1116 4882 1172 4945 sed
1202 4882 1371 4945 adhibenda
1393 4884 1430 4946 ad
1453 4881 1619 4965 liturgiam
1641 4882 1749 4957 bum,
1773 4880 1893 4962 wando
1915 4878 2027 4960 legitur

356 4981 403 5033 ια.
421 4983 481 5037 aas.
496 5002 524 5054 p.
543 4986 586 5037 50.
648 4976 834 5059 Evangelica
857 4978 956 5043 lectio.
1002 4982 1047 5044 Ea
1074 4999 1154 5063 quae
1187 4982 1296 5045 dicitnr
1323 4979 1383 5045 τοῦ
1414 4968 1727 5061 καταπετάσματος,
1752 4979 1857 5043 eadem
1880 4985 1927 5042 est
1948 4993 2026 5057 quae
