4525 6034
665 572 775 648 XLVl
1183 578 1567 656 olssnarlulo

664 769 761 856 arsiae,
788 771 825 836 et
847 788 917 836 noa
942 766 1121 838 secundeum
1151 772 1301 860 peccato
1334 772 1479 839 costra:
1506 765 1703 862 tandemque
1729 765 1872 839 celebris
1899 765 1954 840 illa
1981 768 2026 841 do

629 899 639 909 ·
664 885 815 977 corporis
843 892 877 953 et
902 885 1072 974 sanguinis
1099 881 1222 955 Christi
1247 904 1331 954 vera
1358 892 1391 954 et
1415 881 1500 954 reali
1525 886 1557 954 in
1581 883 1796 956 Sacr’ameuto
1821 890 2024 978 praesentia,

665 1020 763 1093 quam
790 998 921 1070 Graece
948 1021 1079 1093 quoquae
1112 1002 1333 1095 pronunciare
1365 1021 1411 1070 ex
1445 1002 1669 1095 antiquissima
1695 998 1931 1073 consuetudine
1957 1022 2025 1073 so-

664 1113 742 1185 lent.
795 1115 866 1187 Imo
900 1117 934 1186 in
968 1113 1096 1188 solenni
1128 1115 1382 1203 acclamatione,
1418 1137 1481 1210 qua
1515 1113 1661 1211 probare
1696 1137 1735 1188 se
1761 1125 1919 1187 asanaa
1945 1115 2025 1187 ele-

667 1234 809 1303 ctionem
828 1234 909 1302 novi
923 1229 1147 1321 Patriarchae,
1166 1230 1295 1303 Graece
1318 1230 1506 1326 loquuntur,
1527 1253 1595 1304 non
1615 1229 1765 1328 Coptica,
1791 1242 1846 1303 aut
1865 1229 2026 1325 Arabiae,

667 1346 839 1419 clamando
856 1345 987 1437 Ἄξιος,
1012 1349 1145 1443 Dipuuo
1172 1354 1231 1421 est.

360 1469 389 1523 ln
403 1471 558 1529 uoluntario
572 1480 653 1530 canen
768 1462 898 1536 Nommt
930 1463 1097 1538 Historiae
1131 1463 1338 1538 Christianae
1368 1464 1602 1560 Aegyptiacae
1633 1467 1746 1560 periti,
1787 1475 1906 1559 quauta
1938 1465 2027 1561 apud

343 1554 794 1699 lwlffiglhssll'loewomncs,
826 1602 893 1652 nou
930 1579 1144 1654 Orthodoxos
1179 1581 1298 1673 modo,
1333 1580 1393 1654 sed
1429 1579 1599 1653 Jacobitas
1633 1584 1726 1676 ipsos
1760 1578 1860 1652 luerit
1890 1579 2025 1657 Ordinis

343 1660 382 1696 ’Μ
421 1661 449 1697 ¹³
468 1662 508 1698 ’ω
530 1657 622 1719 ‘W'
665 1696 840 1769 lllonastici
854 1696 1009 1789 dignitas,
1024 1708 1162 1792 propter
1182 1697 1371 1769 admiranda
1391 1696 1446 1768 illa
1465 1701 1701 1769 sanctimoniae
1716 1696 1883 1793 exempla,
1906 1697 2025 1792 quibus

663 1834 809 1885 eremum
835 1811 1082 1885 illustravemmt
1107 1813 1242 1905 Paulus,
1268 1814 1451 1903 Antonius,
1483 1812 1650 1886 Macarius
1685 1822 1719 1884 et
1744 1823 1791 1885 tot
1817 1812 1880 1885 alii.
1913 1815 2025 1887 Aucta
2142 1907 2145 1912 p

398 1918 409 1957 '
665 1941 717 2003 est
740 1932 826 2001 inter
851 1927 1022 2002 Jacobitas
1049 1929 1288 2002 Monachormn
1313 1932 1497 2018 veneratio,
1526 1928 1612 2025 quod
1637 1940 1714 2025 post
1740 1929 1910 2026 Synodum
1938 1928 2025 2002 Cal-

663 2045 907 2118 chedonensem
942 2050 1051 2118 omnia
1083 2045 1190 2118 fenne
1221 2046 1423 2120 lllonasteria
1455 2046 1621 2118 Dioscoro
1656 2044 1886 2137 adhaeserunt,
1913 2057 1946 2117 et
1958 2046 2025 2118 ad-

662 2183 784 2236 versus
817 2160 998 2234 doctrinam
1034 2163 1075 2235 de
1102 2161 1229 2236 duabus
1255 2168 1289 2235 in
1316 2161 1447 2236 Christo
1482 2168 1607 2234 naturis
1635 2167 1756 2233 acriter
1781 2173 2023 2257 pugnaverunt

662 2279 742 2352 lllos
775 2288 950 2373 praeterea
982 2301 1064 2374 prae
1096 2279 1232 2374 reliquis
1267 2288 1488 2367 venerantur,
1524 2282 1580 2373 qui
1611 2280 1645 2349 in
1678 2277 1883 2353 Monasterio
1917 2285 2023 2353 sancti

662 2396 801 2469 Macarii
826 2398 861 2466 in
886 2393 1033 2467 deserto·
1046 2394 1175 2487 Sectis,
1209 2400 1313 2469 vitam
1338 2393 1531 2486 religiosam
1557 2393 1703 2489 professi
1729 2404 1815 2485 sunt,
1842 2396 1930 2490 quod
1955 2418 2023 2470 non

662 2511 761 2585 modo
787 2509 865 2582 fidei
891 2532 984 2603 suae,
1010 2512 1070 2585 sed
1096 2511 1293 2608 disciphnae
1319 2515 1442 2608 pariter
1469 2520 1583 2584 essent
1607 2515 1862 2585 retinentissimi.
1915 2512 1962 2585 At
1988 2516 2022 2584 in

663 2625 787 2700 celebri
813 2626 869 2699 illo
895 2627 1111 2719 Monasterio,
1139 2629 1226 2725 quod
1253 2650 1412 2702 summam
1437 2649 1521 2722 prae
1545 2624 1680 2721 reliquis
1697 2627 1886 2719 dignitatem
1911 2626 2022 2720 habet,

664 2767 738 2816 cum
766 2742 843 2816 alibi
869 2754 903 2816 et
927 2748 959 2817 in
980 2749 1060 2840 ‚ipsa
1085 2744 1300 2818 Patriarchali
1334 2743 1489 2815 Ecclesia
1520 2743 1653 2835 vulgari
1686 2742 1834 2816 Arabico
1868 2766 2023 2817 semrone

663 2857 815 2952 legantur
840 2861 1022 2957 Epistulae,
1048 2862 1247 2959 Evangelia,
1281 2873 1315 2933 et
1349 2864 1514 2934 sectiones
1540 2864 1666 2932 veteris
1693 2861 1915 2932 Testamenti:
1944 2860 2022 2933 nihil

663 2980 796 3049 omnino
814 2978 946 3071 vudgali
970 2978 1083 3071 hngua
1109 2979 1242 3071 legitur,
1268 2978 1367 3073 idque
1395 3000 1441 3049 ex
1453 2981 1659 3049 vetutissima
1686 2977 1921 3049 cousuetudine
1938 3002 2022 3073 quac

661 3093 697 3162 in
722 3091 832 3185 legem
859 3099 998 3187 transiit,
1025 3097 1119 3187 quus
1145 3105 1248 3168 testes
1275 3105 1351 3201 sunt
1375 3092 1571 3167 Ahulhircat
1598 3103 1632 3166 et
1657 3092 1713 3165 alii
1743 3095 1799 3188 qui
1825 3093 1866 3165 dc
1891 3093 2022 3168 Ritihus

655 3212 876 3303 scripserunt.
1406 3296 1414 3302 ⁶

385 3334 429 3386 na
458 3333 648 3401 probationibus
763 3326 876 3421 Atque
900 3326 984 3398 haec
1010 3349 1096 3422 quae
1122 3326 1263 3399 diximus
1289 3327 1332 3400 de
1357 3348 1419 3400 usu
1451 3327 1635 3419 linguarum
1663 3325 1875 3399 Orientalium
1899 3329 1932 3397 in
1959 3348 2022 3399 sa-

343 3420 890 3561 11111911101811111111οή10111οῇ1
916 3444 961 3514 ita
988 3453 1079 3515 certa
1106 3454 1140 3515 et
1166 3443 1341 3540 explorata
1368 3453 1460 3534 suut,
1494 3453 1530 3514 ut
1563 3442 1790 3515 contradicere
1815 3444 1932 3533 nemo,
1957 3447 2023 3516 nisi

342 3525 391 3649 „fi
661 3576 772 3628 rerum
799 3558 943 3631 Orientis
969 3557 1279 3633 Ecclesiasticarum
1304 3561 1582 3655 imperitissimus,
1608 3562 1734 3653 possit,
1761 3568 1794 3630 et
1819 3557 2021 3654 inutilitatem

662 3681 711 3743 tot
735 3675 992 3747 testimoniorum
1018 3674 1096 3747 nihil
1122 3675 1164 3748 ad
1190 3699 1261 3748 rem
1289 3679 1516 3774 spectantium,
1543 3674 1584 3747 ab
1610 3675 1749 3749 Usserio
1775 3684 2022 3768 congestorum,

662 3792 741 3862 satis
768 3789 1000 3865 demonstrant.
1052 3791 1171 3886 Neque
1195 3814 1258 3866 nos
1285 3801 1422 3866 movent
1446 3802 1535 3864 tanta
1560 3794 1714 3881 nomina,
1746 3815 1820 3863 cum
1853 3788 2021 3885 derebus

660 3907 839 3979 notissimis
866 3916 995 4000 agatur,
1023 3930 1126 4003 qnae,
1154 3912 1183 3982 si
1208 3909 1338 3982 Usserii
1372 3919 1405 3981 et
1432 3908 1570 3981 aliorum
1595 3906 1848 3980 Protestantinm
1875 3907 2022 4000 diligen-

660 4024 740 4093 tiam
764 4022 929 4117 fugerunt,
955 4032 1031 4096 sunt
1054 4033 1165 4097 umen
1190 4029 1397 4101 verissimae.
1449 4024 1500 4098 Ea
1526 4045 1628 4121 porro
1655 4027 1765 4097 omnia
1785 4046 1870 4119 quae
1895 4026 1929 4093 in
1954 4020 2022 4092 ad-

661 4142 813 4212 versaria
850 4142 1057 4233 conjecerat,
1097 4141 1139 4214 ad
1181 4142 1367 4216 Versiones
1398 4164 1516 4216 sacrae
1550 4140 1744 4237 Scripturae
1785 4151 1818 4212 et
1851 4140 2021 4230 Litargias

661 4258 856 4350 spectantia,
882 4255 1020 4329 hommis
1047 4267 1122 4331 sunt
1148 4261 1203 4353 qui
1230 4281 1455 4354 quaecumque
1481 4256 1699 4330 occmrebant
1733 4256 1859 4352 absque
1893 4254 2023 4327 delectu

660 4370 847 4465 colligebat
900 4373 986 4446 Nam
1021 4394 1106 4470 quae
1139 4375 1181 4447 de
1215 4385 1353 4471 utroquo
1380 4384 1575 4469 argumento
1607 4374 1724 4464 hahet,
1757 4376 1952 4470 praesertim
1979 4369 2021 4442 do

659 4484 892 4581 Veuslonibus,
919 4513 939 4561 a
965 4493 1095 4563 nemine
1121 4491 1224 4566 scribi
1240 4501 1393 4587 poterant
1419 4495 1474 4586 qui
1495 4492 1697 4564 levissimam
1722 4470 1849 4561 illarmn
1875 4490 2022 4560 notitiam

660 4603 841 4695 habuisset,
867 4616 903 4678 ut
929 4604 1007 4678 alibi
1031 4605 1138 4681 fusius
1171 4606 1475 4711 demonstrabimus.
1527 4608 1581 4679 De
1612 4605 1770 4699 Liturgiis
1795 4609 1840 4677 ita
1865 4605 2021 4698 loquitu,

660 4730 697 4792 ut
720 4721 840 4793 nullam
867 4722 994 4797 vidisse
1025 4726 1105 4799 satis
1141 4724 1349 4818 intelligatur.
1405 4724 1561 4796 Deterius
1594 4722 1715 4813 adhuc,
1750 4724 1805 4818 qui
1828 4722 2021 4793 Auctarium

536 4846 539 4856 '
662 4837 783 4929 adjecit
809 4842 904 4935 operi
938 4839 1131 4937 posthumo,
1165 4843 1258 4934 cujus
1286 4840 1457 4915 consilium
1488 4839 1548 4912 luit
1574 4848 1610 4910 ut
1636 4836 1814 4912 Catholicis
1840 4836 2021 4909 fortissime

660 4950 885 5046 malediceret,
912 4957 1000 5051 quod
1027 4957 1134 5031 solum
1159 4961 1335 5053 praestitit,
1361 4957 1422 5032 sed
1440 4978 1531 5030 novo
1559 4966 1593 5028 et
1608 4958 1760 5029 inusitato
1787 4976 1890 5028 more.
1943 4951 2022 5023 Ro-

660 5092 854 5162 manenses‚
885 5081 920 5144 et
949 5072 1157 5168 Pontificios,
1191 5084 1225 5147 et
1256 5073 1333 5171 quid
1357 5096 1442 5168 uon,
1474 5092 1689 5149 vocaremus
1722 5071 1848 5145 solent:
1881 5068 1941 5144 sed
1967 5069 2022 5165 qui
