4525 6034
687 532 764 607 338
1258 535 1491 613 NOTAE
1567 544 1570 553 '

685 724 766 795 sunt,
790 718 858 797 quia
881 717 1050 780 inchoatam
1072 682 1234 800 quamdam³
1244 720 1432 782 sanctitatem
1449 719 1600 786 obtinent:
1623 728 1657 784 ut
1677 721 1756 803 apud
1780 721 1884 805 Syros,
1906 729 2054 809 mysteria,

685 816 756 896 quia
777 817 929 897 mysteriis
952 817 1142 881 celebrandis
1166 818 1314 883 destinata
1336 827 1414 882 sunt.
1437 819 1518 882 Nihil
1539 821 1578 884 de
1600 820 1660 882 hoc
1682 823 1741 883 ritu
1757 823 1890 885 occurrit
1912 826 1943 885 in
1965 827 2054 906 prima

686 911 804 978 Graeca
828 913 983 1000 Lampia,
1006 917 1076 997 quia
1098 916 1236 980 rubricas
1260 916 1350 979 habet
1372 920 1581 999 paucissimas,
1604 926 1638 982 ut
1659 918 1798 1001 plerique
1828 930 1950 985 veteres
1973 924 2055 987 codi-

688 1030 741 1076 ces
764 1013 873 1093 nullas,
897 1033 964 1077 eum
988 1016 1199 1079 caeremoniae
1222 1015 1342 1078 aliunde
1363 1018 1428 1096 peti
1449 1018 1597 1083 solerent.
1642 1020 1856 1082 Verumtamen
1879 1022 2053 1086 celebratum
2167 1092 2172 1107 ,

686 1130 757 1175 esse
779 1112 938 1175 introitum
959 1112 1042 1176 illum
1071 1132 1127 1177 seu
1148 1114 1316 1177 illationem
1337 1133 1505 1196 munerum,
1528 1118 1635 1180 eodem
1658 1134 1719 1199 quo
1743 1118 1823 1200 apud
1847 1118 1981 1185 Graecos
2001 1140 2055 1202 ap-

685 1218 795 1293 paratu
816 1214 847 1274 in
869 1211 1008 1275 Ecclesia
1029 1213 1248 1291 Alexandrina,
1270 1214 1397 1278 discitur
1419 1234 1459 1278 ex
1474 1215 1583 1279 Rituali
1605 1217 1797 1280 Patriarcbae
1821 1218 1979 1301 Gabrielis,
1992 1220 2055 1282 Au·

685 1317 753 1373 tore
776 1311 926 1376 Scientiae
947 1311 1197 1392 Ecclesiasticae,
1218 1312 1397 1377 Abulbircat
1418 1325 1449 1379 et
1472 1316 1549 1398 aliis,
1572 1336 1700 1399 quorum
1722 1319 1892 1382 testimonia
1915 1319 2053 1385 referun-

685 1416 736 1472 tur
758 1409 789 1472 in
809 1409 897 1473 Notis
920 1411 957 1473 ad
979 1410 1082 1475 Basilii
1105 1398 1262 1495 Copticarn
1283 1412 1458 1496 liturgiam.

1143 1703 1294 1803 Εὔχεται
1320 1704 1386 1782 τὸν
1412 1703 1616 1805 ἀσπασμόν.

777 1907 851 1987 Nou
873 1929 959 1986 recte
981 1922 1143 2005 interpres.
1187 1922 1373 1986 Salutationi
1392 1932 1582 2005 apprecatur.
1626 1910 1829 2002 Ἀσιιασμὸς
1849 1924 2054 1989 salutationes

685 2023 845 2106 significat,
868 2022 923 2085 sed
945 2022 976 2085 in
998 2041 1056 2085 usu
1077 2022 1293 2086 Ecclesiastico
1316 2024 1528 2087 salutationem
1549 2025 1582 2085 in
1603 2025 1706 2087 oscado
1726 2026 1834 2104 pacis:
1858 2031 1889 2087 et
1911 2023 1970 2088 hoc
1992 2025 2054 2088 loco

686 2129 719 2184 ut
741 2123 772 2184 iu
796 2122 895 2185 multis
919 2122 995 2203 aliis,
1019 2122 1193 2185 Orationem
1216 2139 1294 2204 quae
1317 2122 1423 2186 osculo
1453 2124 1661 2205 praemittitur.
1704 2124 1820 2186 Vocem
1841 2123 1939 2205 ipsam
1961 2123 2054 2188 Grae·

686 2234 752 2283 carn
774 2219 924 2304 Coptitae,
947 2230 981 2285 ut
1003 2222 1061 2302 ipsi
1085 2222 1155 2304 Syri
1178 2228 1210 2284 et
1231 2220 1362 2300 Arabes,
1384 2224 1593 2303 retinuerunt,
1616 2230 1649 2285 ut
1676 2229 1760 2304 patet
1782 2243 1822 2285 ex
1844 2223 1938 2285 variis
1961 2224 2054 2286 dutc-

684 2318 769 2383 ribus
799 2329 831 2384 et
859 2320 991 2385 Historia
1021 2318 1225 2383 Patriarebali.
1270 2320 1380 2384 Variae
1409 2328 1480 2385 sunt
1509 2323 1662 2386 orationes
1690 2321 1777 2402 illae,
1806 2320 1883 2385 adeo
1911 2329 1961 2401 ut,
1992 2340 2053 2385 eum

685 2435 746 2482 una
769 2427 884 2482 tantum
906 2419 944 2482 ad
967 2437 1185 2501 quamcumque
1207 2418 1371 2504 liturgiam
1394 2421 1453 2484 dici
1476 2421 1593 2501 soleat,
1620 2421 1724 2503 plures
1747 2423 1777 2484 in
1800 2422 1939 2485 omnibus
1964 2440 2053 2504 prope

687 2516 849 2582 Codicibus
872 2520 1074 2600 reperiantur,
1097 2528 1130 2583 ut
1152 2527 1215 2583 tres
1237 2520 1269 2583 in
1292 2520 1408 2585 Graeca
1430 2521 1581 2586 Basiliana
1592 2521 1792 2586 Alexandrini
1813 2524 1906 2586 ritus:
1930 2519 2004 2584 duae
2025 2520 2053 2582 in

686 2615 831 2699 Coptica,
861 2618 957 2681 etita
986 2618 1163 2701 frequenter
1188 2620 1220 2681 iu
1253 2620 1328 2685 aliis.
1370 2620 1490 2685 illarum
1526 2621 1671 2704 aliquam,
1702 2621 1741 2685 ad
1765 2621 1880 2685 libitum
1910 2622 2054 2687 Sacerdos

687 2717 784 2801 eligit,
806 2717 880 2781 alias
903 2718 1018 2780 omittit
1921 2741 1928 2754 ·

927 2996 974 3067 Et
996 3001 1077 3090 post
1103 2996 1262 3067 oscelam
1274 3001 1376 3091 pacis
1400 2996 1581 3069 Diaconos
1607 2996 1701 3069 elata
1727 3020 1822 3070 occe.

777 3206 871 3287 Hnac
893 3215 972 3279 male
995 3215 1185 3298 interpuncta
1208 3224 1288 3280 sunt.
1333 3219 1405 3281 Post
1427 3217 1699 3299 Osculum-pacis,
1726 3218 1879 3282 Iliaeonus
1903 3221 1964 3284 alta
1984 3237 2054 3283 uoce

686 3321 767 3384 dicit.
812 3320 924 3403 offerte
937 3324 1033 3402 juata
1053 3339 1183 3384 morem:
1205 3321 1265 3384 boc
1287 3329 1350 3399 est,
1378 3322 1554 3385 Mementote
1575 3319 1686 3401 offerre
1713 3324 1898 3402 sacrifificium
1929 3326 2001 3402 rite,
2028 3331 2056 3386 et

665 3421 850 3509 *secandam
875 3421 1035 3483 Ecclesiae
1066 3422 1276 3501 disciplinam:
1299 3439 1377 3502 quae
1409 3420 1571 3489 admonitio
1603 3439 1643 3484 ex
1675 3427 1794 3483 vetusta
1829 3424 2053 3503 consuetudine,

687 3519 806 3583 Graece
828 3519 937 3582 dicitur
959 3518 1039 3601 apud
1063 3518 1213 3601 Coptitas:
1239 3522 1269 3582 in
1293 3538 1422 3602 quorum
1444 3520 1528 3583 libris
1551 3518 1729 3601 quibusdam
1750 3516 1957 3608 Hposape'psm
1975 3510 2051 3587 nauci

685 3606 808 3704 τρόπον
835 3609 934 3704 ἡμῶν.
978 3617 1011 3681 ln
1040 3619 1237 3703 Scaligerano
1267 3620 1345 3684 male
1374 3606 1660 3705 Προςφερὴματαε
1689 3638 1798 3701 nempe
1831 3621 1969 3685 scribere
2001 3638 2054 3684 vo-

618 3738 625 3758 *
686 3717 808 3781 luerunt
836 3712 1040 3803 Προςφὲρειν
1066 3707 1152 3797 perui
1181 3707 1300 3803 paidom
1345 3719 1418 3782 Mox
1449 3719 1486 3781 ad
1514 3719 1675 3801 populum,
1706 3706 1874 3803 adeps,
1901 3730 1997 3800 state,
2025 3726 2053 3783 et

686 3818 718 3879 in
746 3816 846 3880 multis
877 3816 1031 3880 codicibus
1054 3817 1191 3898 additur,
1220 3810 1279 3891 Εἰς
1300 3805 1463 3892 α’ναιολᾶς
1484 3813 1634 3900 βλέπετε.
1678 3816 1729 3881 Aa
1751 3817 1903 3883 Orimtem
1926 3821 2053 3901 aptate.

1312 4095 1434 4169 Orode

776 4287 838 4367 Hic
859 4299 989 4379 fortasse
1011 4300 1163 4364 turbatum
1184 4300 1295 4383 aliquid
1318 4310 1375 4366 est.
1403 4301 1477 4363 Nam
1501 4300 1674 4382 Symbolum
1695 4300 1726 4362 in
1750 4301 1896 4364 Basiliana
1919 4301 2052 4365 Alexan·

684 4402 769 4465 mina
792 4403 910 4467 Graeca
932 4411 963 4467 et
986 4403 1129 4485 Coptica,
1162 4406 1271 4469 dicitur
1298 4406 1382 4487 prius
1412 4425 1502 4487 quam
1519 4405 1667 4468 'Osculum
1689 4405 1784 4485 pacis.
1827 4406 1935 4487 Neque
1959 4406 2050 4469 locum

683 4520 771 4566 suurn
793 4511 877 4567 tenet
899 4503 1002 4566 Oratio
1025 4496 1239 4588 Προθέσεως,
1263 4523 1352 4586 quae,
1375 4505 1458 4586 prius
1482 4511 1512 4567 et
1534 4512 1604 4567 ante
1632 4504 1804 4582 lntroitum,
1834 4506 1901 4567 sive
1923 4494 2051 4578 alecto

684 4603 857 4685 assignatur
878 4604 908 4664 in
930 4601 996 4665 aliis
1017 4602 1173 4687 Litargiis.
1217 4603 1250 4665 ln
1272 4603 1331 4666 illis
1354 4604 1442 4666 etiam
1465 4604 1577 4666 mentio
1599 4601 1680 4666 nulla
1702 4611 1749 4666 est
1771 4605 1852 4687 signi
1874 4605 1973 4667 crucis
2000 4621 2050 4665 su·

683 4719 741 4782 per
764 4701 864 4765 oblata
886 4700 975 4780 iacti,
999 4702 1069 4766 dum
1089 4704 1234 4766 recitatur
1257 4700 1445 4785 Symbolum3
1475 4721 1566 4784 quern
1586 4703 1694 4783 ritum,
1714 4701 1846 4765 fortasse
1875 4702 2050 4786 singularem

683 4799 778 4865 luisse
801 4803 832 4865 in
853 4800 1003 4881 Ecclesia,
1026 4802 1064 4864 ad
1087 4804 1173 4884 cujus
1196 4820 1283 4865 usum
1307 4800 1414 4866 Codex
1436 4801 1726 4884 Cryptalerratensis
1748 4803 1878 4883 scriptus
1903 4809 1966 4882 est,
1987 4799 2050 4863 eri·

684 4903 806 4965 stinare
828 4919 998 4983 possumus,
1021 4902 1077 4965 sed
1097 4900 1325 4967 Alexandrinae
1348 4920 1534 4967 communem
1555 4900 1661 4984 fuisse,
1683 4917 1746 4965 non
1767 4906 1896 4966 constat.
