4525 6034
709 568 762 643 28
1223 570 1586 650 LITURGlh

710 776 749 827 es
783 778 881 851 quem
914 754 1115 829 benedicunt
1153 757 1356 846 invisibiles,
1391 780 1490 853 quem
1521 759 1661 834 adorant
1691 762 1858 854 visibiles,
1898 778 1933 838 et
1971 790 2097 843 omnes

708 870 834 944 iaciunt
859 874 1002 946 verbum
1028 884 1128 961 taum,
1155 873 1299 945 Domine
1324 885 1448 947 noster.

813 989 1002 1062 Diaconos.
1041 989 1107 1076 Qui
1133 988 1257 1063 sedetis
1284 992 1422 1083 surgite.

811 1105 997 1178 Sacerdos.
1038 1108 1189 1179 Aeterne
1222 1106 1380 1192 Domine,
1419 1105 1512 1179 Deus
1547 1129 1650 1183 verus
1690 1111 1733 1184 de
1771 1114 1847 1186 Deo
1887 1137 1991 1205 vero,
2038 1121 2096 1213 qui

708 1222 881 1295 ostendisti
907 1221 1006 1295 nobis
1033 1220 1145 1292 lumen
1170 1220 1292 1309 Patris,
1320 1225 1375 1317 qui
1402 1220 1541 1314 largitus
1569 1248 1607 1298 es
1633 1228 1732 1301 nobis
1758 1233 1987 1322 cognitionem
2016 1256 2092 1306 vc-

705 1340 813 1411 ritatis
834 1339 978 1433 Spiritus
1005 1341 1131 1425 sancti3
1160 1340 1216 1432 qui
1241 1337 1460 1411 manifestasti
1486 1338 1585 1412 nobis
1611 1348 1807 1439 mysterium
1834 1345 1899 1419 hoc
1926 1370 2091 1441 magnum

704 1457 813 1526 vitae:
841 1457 897 1549 qui
924 1456 1120 1527 constituisti
1147 1454 1282 1525 chorum
1309 1458 1584 1551 incorporeorum
1611 1460 1696 1530 inter
1727 1459 1894 1535 homines:
1927 1467 1984 1558 qui
2018 1463 2091 1534 de-

705 1569 781 1643 disti
808 1573 858 1642 eis
886 1574 941 1665 qui
974 1581 1050 1642 sunt
1076 1592 1179 1665 super
1205 1580 1347 1661 terram,
1383 1575 1547 1645 canticum
1572 1574 1771 1671 Seraphim,
1808 1581 1941 1674 suscipe
1975 1602 2090 1653 voces

704 1697 858 1775 nostras,
895 1710 970 1758 cum
1004 1684 1147 1758 vocibus
1184 1708 1300 1758 eorum
1334 1689 1389 1781 qui
1417 1699 1494 1760 sunt
1519 1691 1714 1765 invisibiles.
1769 1691 1984 1767 Gonnumera
2021 1718 2088 1769 nos

703 1803 789 1874 iuter
814 1803 1005 1877 Potestntes
1036 1802 1220 1890 coelestes,
1254 1812 1291 1873 ut
1322 1801 1469 1875 dicamus
1503 1828 1579 1876 cum
1614 1806 1695 1895 illis,
1730 1809 1926 1900 abjicientes
1960 1834 2085 1884 omnes

703 1921 924 2010 cogitationes
952 1917 1116 1991 absurdas
1144 1926 1178 1988 et
1203 1915 1346 2004 inutiles,
1374 1916 1623 2015 clamemusque
1649 1922 1737 1995 idem
1772 1925 1861 2020 quod
1894 1926 1941 1998 illi
1969 1925 2086 1997 dicunt

700 2034 893 2108 incessabili
925 2057 1035 2126 voce,
1071 2043 1171 2129 atque
1208 2056 1269 2106 ore
1303 2032 1516 2127 indesinenti,
1551 2035 1787 2113 benedicamus
1821 2044 2085 2136 magnitudinem

700 2159 800 2222 tuam.

803 2266 991 2339 Diaconos.
1043 2264 1100 2341 Ad
1127 2266 1296 2338 Orientem
1324 2268 1473 2361 aspicite.

802 2382 987 2455 Sacerdos.
1040 2383 1093 2455 Tu
1137 2404 1175 2455 es
1215 2386 1303 2455 enim
1340 2386 1394 2453 cui
1435 2384 1592 2456 assistunt
1624 2383 1804 2458 Cherubim
1836 2398 1870 2460 et
1903 2388 2083 2487 Seraphim

698 2502 789 2573 senis
817 2498 879 2573 alis
905 2502 1071 2573 instructi:
1098 2521 1163 2571 sex
1189 2497 1264 2570 alae
1290 2500 1365 2589 uui,
1392 2509 1425 2570 et
1451 2520 1516 2572 sex
1542 2497 1617 2571 alae
1636 2501 1749 2573 alteri:
1777 2502 1906 2577 duabus
1924 2506 1987 2578 alis
2006 2530 2080 2580 ve-

696 2614 766 2687 lant
791 2615 898 2689 iacies
925 2636 1021 2704 suas,
1051 2613 1179 2687 duabus
1205 2623 1323 2708 tegunt
1347 2614 1452 2712 pedes
1480 2636 1579 2706 suos,
1606 2626 1647 2688 et‘
1668 2616 1794 2692 duabus
1827 2620 1962 2693 volant:
1997 2620 2078 2695 cla·-

697 2743 892 2828 mantesque
920 2730 1074 2803 altered
1100 2731 1260 2821 alterum,
1288 2730 1400 2802 dicunt
1425 2730 1582 2825 hymnum
1608 2731 1838 2829 triumphalem
1865 2735 1981 2811 salutis
2007 2760 2080 2811 no-

695 2859 804 2943 strae,
832 2859 866 2921 et
891 2850 1035 2923 vocibus
1062 2847 1221 2942 gloriosis
1248 2847 1383 2920 laudant
1409 2845 1590 2920 clamantes
1618 2858 1652 2920 et
1678 2848 1837 2922 dieentes.

797 2967 986 3039 Diaconos.
1042 2964 1271 3037 Attendamus,

800 3083 962 3177 Populea.
1017 3082 1182 3172 Sanctus,
1210 3082 1372 3170 Sanctus,
1400 3079 1555 3154 Sanctus.

796 3198 982 3271 Sacerdoti.
1018 3199 1176 3288 Sanctius,
1192 3195 1335 3269 Sanctus
1352 3194 1533 3287 Dominus,
1560 3203 1594 3267 et
1620 3194 1764 3269 Sanctus
1782 3199 1816 3269 in
1832 3196 1935 3269 rebus
1960 3202 2074 3271 omni-

691 3313 773 3405 bus,
801 3324 836 3386 et
863 3312 1073 3409 praeclarum
1098 3313 1210 3385 lumen
1236 3310 1441 3387 substantiae
1467 3322 1566 3402 tuae,
1593 3314 1679 3385 sicut
1710 3311 1885 3385 ineffabilis
1917 3325 1971 3387 est
2003 3338 2074 3412 po-

691 3438 798 3504 testas
830 3432 1016 3526 sapientiae
1048 3440 1147 3517 tuae,
1181 3449 1248 3499 nec
1282 3425 1399 3501 verbis
1434 3426 1598 3523 exphcari
1631 3439 1744 3524 potest
1777 3428 1920 3525 pelagus
1948 3434 2072 3504 amoris

691 3548 739 3616 tui
766 3568 850 3638 erga
876 3524 1038 3618 hemines.
1093 3543 1226 3618 Creasti
1252 3565 1307 3616 me
1324 3542 1492 3615 hominem
1505 3565 1568 3638 per
1579 3543 1817 3637 benignitatem
1833 3557 1934 3637 mam,
1962 3570 2073 3643 neque

692 3660 867 3753 indigebas
895 3684 970 3733 mea
998 3663 1178 3752 servitute,
1206 3659 1267 3733 sed
1293 3681 1360 3752 ego
1387 3658 1578 3751 indigebam
1594 3660 1816 3734 dominatione
1831 3671 1907 3734 tua:
1934 3674 2074 3758 propter

690 3776 901 3850 clementiam
927 3788 1017 3850 tuam
1044 3798 1213 3870 magnam,
1239 3775 1349 3848 iecisti
1382 3798 1437 3848 me
1468 3798 1541 3847 cum
1571 3799 1640 3849 uon
1667 3799 1794 3851 essem:
1827 3779 1967 3851 erexisti
1997 3772 2074 3852 mihi

689 3891 806 3966 coelos
844 3897 877 3965 in
910 3903 1052 3966 tectum:
1085 3893 1224 3967 firmasti
1259 3890 1337 3964 mihi
1373 3902 1496 3964 terram
1531 3900 1573 3964 ut
1601 3915 1704 3989 super
1738 3915 1814 3965 eam
1849 3891 2071 3968 ambularem:

690 4021 830 4107 propter
855 4033 911 4082 me
939 4009 1131 4083 conclusisti
1156 4031 1265 4103 mare,
1292 4019 1431 4105 propter
1457 4031 1512 4080 me
1538 4009 1726 4104 produxisti
1751 4019 1904 4082 naturam
1937 4014 2071 4083 anima-

689 4126 797 4214 hum,¹
812 4136 846 4197 et
872 4129 983 4198 omnia
1016 4124 1187 4218 subjecisti
1222 4123 1284 4198 sub
1317 4122 1457 4220 pedibus
1492 4127 1594 4217 meis,
1626 4148 1690 4197 nec
1723 4148 1846 4223 passus
1883 4147 1921 4195 es
1948 4126 2071 4201 deesse

691 4241 769 4313 mihi
796 4241 974 4336 quiidquam
1001 4264 1049 4313 ex
1076 4240 1235 4338 operibus
1261 4241 1527 4334 magnificentiae
1553 4252 1646 4314 tuae:
1674 4246 1729 4337 qui
1755 4264 1809 4314 me
1829 4246 1973 4332 creasti,
2000 4265 2070 4338 po-

691 4360 785 4431 suisti
811 4380 943 4429 manum
971 4367 1060 4429 tuam
1087 4379 1190 4453 super
1215 4380 1285 4429 me:
1314 4356 1520 4453 descripsisti
1545 4359 1579 4428 in
1604 4380 1659 4428 me
1686 4361 1866 4449 imaginem
1894 4363 2071 4452 potestatis

689 4483 783 4546 tuae:
811 4472 929 4546 dedisti
955 4472 1033 4544 milii
1060 4473 1182 4545 donum
1208 4477 1365 4547 rationis:
1394 4475 1553 4567 aperuisti
1579 4471 1656 4543 mili
1682 4472 1873 4568 paradisum
1907 4472 2071 4569 volupta-

689 4592 749 4660 tis:
777 4588 896 4661 dedisti
922 4588 1000 4659 mihi
1027 4592 1200 4661 scientiam
1226 4592 1427 4682 cognitionis
1454 4599 1550 4660 tuae:
1577 4588 1797 4662 manifestasti
1812 4588 1890 4659 mihi
1912 4585 2069 4660 arborem

686 4707 793 4776 vitae:
821 4703 994 4777 ostendisti
1021 4703 1098 4776 mihi
1125 4709 1253 4800 spinam
1273 4709 1409 4796 mortis,
1435 4727 1479 4776 ne
1493 4726 1593 4777 exea
1610 4704 1839 4777 comederem:
1865 4703 1942 4775 mibi
1956 4707 2067 4775 inter-

687 4819 821 4921 dinisti,
854 4842 899 4890 ex
927 4818 1070 4894 casola
1104 4842 1149 4892 ne
1182 4820 1335 4893 ederem:
1369 4820 1500 4893 comedi
1533 4820 1739 4910 voluntarie3
1774 4830 1895 4918 sponte
1927 4817 2065 4912 neglexi
2163 4910 2166 4917 Ι

685 4933 873 5007 mandatum
900 4945 1009 5026 mum,
1036 4940 1265 5031 contemsique
1290 4948 1471 5034 praecepta
1502 4946 1576 5027 tua3
1603 4946 1703 5033 atque
1729 4936 1844 5009 induxi
1874 4935 1952 5009 mihi
1979 4957 2064 5011 sen-

684 5058 818 5125 tentiam
844 5058 971 5127 mortis.
