4525 6034
538 599 569 676 S.
595 597 733 676 ticoni
757 598 944 677 Mosteni
968 600 1125 679 ultan
1151 600 1296 677 Dtllsslll.
1559 602 1607 676 35

333 783 510 857 Sacerdos
535 785 728 857 ιιιοιιιιαιιιι.
766 785 897 859 Rursus
923 789 1115 861 meminisse
1143 787 1284 880 dignare
1311 808 1427 859 eornm
1454 792 1509 884 qui
1535 812 1605 865 nc-

228 900 357 975 lriscum
383 903 416 970 in
444 903 596 974 oratione
623 906 820 994 consistunt,
845 913 996 999 patrum,
1022 901 1182 993 fratrum,
1208 904 1510 1000 magistrammque
1536 928 1606 978 no-

229 1029 386 1103 strorum,
413 1026 448 1088 et
473 1039 590 1089 earnm
616 1021 672 1112 qni
700 1018 828 1091 absunt
880 1018 1050 1092 Memento
1078 1023 1192 1107 etiam,
1219 1018 1380 1108 Domine,
1408 1044 1524 1094 eorum
1551 1023 1607 1115 qui

228 1140 475 1229 praeceperunt
489 1129 587 1203 nobis
614 1141 650 1204 ut
671 1154 788 1204 eorum
813 1138 1006 1206 memoriam
1029 1156 1207 1227 ageremus
1230 1138 1264 1205 in
1284 1134 1490 1249 orationibus
1505 1136 1560 1208 adst
1574 1146 1609 1209 te

228 1247 339 1319 Deum
363 1258 523 1322 nostrum.
550 1246 737 1343 Unicuique
763 1248 893 1320 illorum
921 1250 1081 1338 concede,
1107 1250 1270 1339 Domine,
1310 1254 1490 1346 petitiones
1517 1273 1615 1341 suae,

228 1386 316 1458 quae
343 1364 475 1458 quidem
501 1363 544 1435 ad
571 1364 710 1435 salutem
737 1374 898 1461 spectant
925 1364 1110 1454 Memento,
1137 1367 1297 1456 Domine,
1324 1377 1359 1439 et
1387 1354 1518 1440 illorum
1552 1372 1608 1463 qui
1667 1414 1669 1423 ·

228 1477 408 1550 intulerunt
440 1478 629 1552 oblationes
663 1479 706 1551 ad
732 1479 838 1552 altare
864 1491 955 1553 tunm
990 1492 1160 1569 sanetum,
1192 1492 1367 1554 eteorum
1398 1504 1461 1577 pro
1488 1483 1607 1577 quihus

230 1597 359 1688 singuli
380 1594 586 1683 obtuderunt,
614 1604 648 1666 et
674 1618 791 1669 eorum
818 1599 873 1692 qni
902 1597 1024 1668 afferre
1057 1597 1257 1687 voluerunt,
1291 1596 1351 1670 sed
1386 1619 1454 1669 non
1480 1610 1607 1694 potne-

228 1722 323 1783 runt:
351 1734 467 1783 eorum
495 1733 579 1805 qnos
605 1714 832 1806 unusquisque
865 1710 966 1784 habet
997 1715 1031 1783 in
1058 1722 1186 1801 mente,
1221 1722 1255 1784 et
1287 1734 1403 1784 eorum
1439 1715 1494 1808 qui
1521 1736 1608 1786 nnnc

227 1831 448 1899 nominantur.
487 1826 535 1896 Et
568 1825 705 1898 elevans
730 1848 856 1898 cocao,
884 1828 1071 1915 Memento,
1097 1827 1260 1917 Domine,
1288 1830 1433 1901 omnium
1468 1852 1608 1924 quorum

230 1945 450 2032 meminimus,
477 1953 510 2014 et
537 1964 654 2013 eorum
681 1964 819 2036 quorum
847 1964 915 2015 non
941 1947 1162 2031 meminimus,
1190 1954 1225 2015 et
1250 1942 1431 2016 secundnm
1457 1946 1607 2017 multitu-

231 2058 343 2129 dinem
369 2057 630 2129 mansuetudinis
661 2067 757 2145 urae,
791 2056 938 2129 retribue
964 2056 1028 2129 illis
1055 2058 1212 2149 gaudium
1231 2057 1347 2131 salutis
1376 2069 1463 2147 tuae,
1492 2065 1607 2133 susci-

230 2176 329 2269 piens
362 2174 525 2246 sacrificia
558 2172 687 2245 illarum
720 2176 754 2244 in
787 2176 950 2245 immenso
990 2173 1088 2246 coelo
1128 2185 1204 2264 tuo,
1240 2173 1427 2270 dignosque
1462 2176 1608 2249 efficiens

228 2292 423 2361 visitatione
459 2299 493 2360 et
528 2289 654 2361 anxilio
688 2299 763 2361 tuo:
798 2288 958 2361 confirma
993 2287 1069 2361 illos
1095 2292 1220 2362 virtute
1247 2300 1320 2378 ιιιιι,
1357 2300 1391 2361 et
1416 2288 1608 2364 fortitudine

228 2414 287 2476 iura
313 2404 389 2477 illos
418 2409 563 2491 instrue,
591 2408 668 2499 quia
696 2413 730 2475 tu
756 2426 795 2476 es
822 2407 1014 2477 misericors
1040 2414 1073 2476 et
1086 2406 1348 2479 misericordiam
1374 2409 1479 2502 cupis,
1507 2415 1608 2502 teque

230 2519 329 2591 decet
360 2519 487 2612 gloria,
520 2519 628 2592 honor
663 2530 697 2591 et
728 2522 893 2615 potentia,
925 2520 1022 2592 simul
1054 2542 1130 2591 cum
1163 2524 1334 2613 unigenito
1370 2523 1456 2596 Filio
1491 2533 1546 2596 tuo
1574 2534 1609 2595 et

229 2634 356 2731 Spiritu
381 2646 449 2710 tuo.
606 2634 768 2728 Populos.
797 2636 918 2708 Amen.

333 2750 522 2823 Diaconos.
548 2750 624 2823 Pro
650 2750 812 2846 Regibus
839 2752 960 2823 lterum
987 2760 1022 2821 et
1039 2753 1156 2823 iterum
1172 2773 1470 2827 commemoramus
1489 2777 1607 2828 omnes

229 2866 347 2959 Reges
374 2866 501 2954 fideles,
530 2865 739 2939 Christianos
767 2890 890 2940 veros:
918 2869 973 2961 qui
999 2865 1173 2939 Ecclesiae
1200 2876 1235 2938 et
1260 2866 1466 2940 Monasteria
1492 2871 1559 2943 Dei
1573 2874 1608 2942 in

231 2995 376 3079 mutuor
402 2982 513 3056 mundi
537 2980 688 3078 partibus
716 2981 976 3055 aedificaverunt
1002 2991 1037 3054 et
1050 2980 1484 3080 fundaverunt:,totamqne
1509 3008 1608 3058 rem-

229 3099 397 3197 publicam
433 3096 672 3187 Christianam,
709 3097 843 3170 Clarum
878 3106 913 3168 et
943 3097 1102 3193 populum
1128 3096 1281 3187 fidelem,
1308 3109 1345 3173 ut
1371 3102 1405 3173 in
1431 3100 1607 3175 virtuibus

229 3213 418 3310 proficiant,
443 3215 622 3287 Dominum
650 3212 878 3309 deprecemur.

334 3328 511 3401 Sacerdos
536 3329 727 3400 inclinatum.
754 3329 924 3402 Memento
957 3330 1075 3420 etiam,
1106 3329 1272 3421 Domine,
1309 3332 1440 3426 piomm
1474 3330 1608 3425 Regum

102 3452 109 3461 “
228 3456 421 3520 nostrorum
447 3456 482 3518 et
496 3444 719 3538 Reginorum:
748 3443 961 3541 apprehende
988 3467 1082 3516 arma
1108 3455 1142 3516 et
1169 3455 1310 3535 scutum,
1337 3454 1372 3516 et
1398 3467 1548 3539 exsurge
1574 3451 1609 3520 in

229 3559 389 3633 auxilium
416 3584 542 3634 earnm.
569 3560 708 3653 Sulrjice
738 3559 802 3632 illis
825 3559 950 3633 nostes
987 3582 1104 3634 omnes
1131 3571 1166 3633 et
1192 3561 1428 3652 adversarios,
1460 3572 1496 3634 ιιι
1526 3562 1608 3660 pla-

229 3677 341 3749 cidam
366 3676 640 3772 tranquillamque
666 3679 768 3747 vitam
796 3697 959 3768 agamus,
990 3678 1025 3746 in
1061 3678 1150 3748 omni
1176 3679 1295 3749 timore
1320 3668 1386 3750 Dei
1413 3689 1447 3751 et
1472 3678 1609 3751 hnmili-

230 3802 317 3866 tate:
357 3795 435 3888 qnia
461 3802 496 3863 tu
523 3791 636 3865 salutis
664 3790 827 3884 refugium
855 3810 905 3880 es,
933 3802 968 3863 at
993 3801 1145 3885 potestas
1182 3792 1392 3866 auxiliatrix:
1419 3797 1609 3867 victoriae-

230 3933 297 4005 que
325 3910 549 4006 dispensator,
576 3929 660 4000 erge
686 3929 747 3980 eos
775 3929 892 3980 omnes
920 3910 976 4001 qui
1003 3916 1036 3979 te
1061 3912 1237 3997 invocant,
1272 3918 1306 3981 et
1338 3914 1535 4010 sperantia
1563 3918 1609 4001 te,

229 4026 386 4097 Domine.
413 4024 457 4095 Et
482 4023 540 4096 tihi
567 4024 709 4116 gloriam
736 4034 771 4095 et
795 4021 928 4095 laudem
954 4020 1152 4095 referemus.
1248 4024 1409 4118 Populea.
1435 4028 1556 4100 Amen.

336 4140 526 4212 Diaconos.
552 4140 723 4211 Memorio
748 4145 952 4210 cooeterna.
980 4138 1102 4209 lterum
1129 4149 1229 4234 atque
1255 4143 1374 4212 iterum
1397 4162 1609 4214 commemo-

228 4278 345 4328 ramus
371 4279 455 4329 vere
481 4255 637 4346 beatam,
670 4254 903 4349 laudatamque
937 4252 979 4325 alr
1008 4252 1160 4326 omnibus
1194 4255 1467 4346 generaticmlrus
1499 4266 1610 4328 terrae

231 4384 393 4460 sanctam,
419 4372 639 4459 benedictam,
668 4393 801 4466 semper
833 4370 1006 4462 Virginem
1034 4373 1229 4461 genitricem
1263 4373 1329 4445 Dei
1360 4371 1520 4459 Mariam,
1556 4372 1609 4442 si-

232 4486 367 4582 mulque
382 4492 577 4561 memoriam
596 4491 725 4579 agimus
748 4484 1001 4580 Prophetarum,
1027 4485 1280 4582 Apostolorum,
1306 4485 1610 4580 Evangelistarum,

233 4604 519 4694 Praedicatorum,
546 4602 743 4698 Martyrum,
776 4610 810 4672 et
842 4598 1104 4690 Conlessorum;
1131 4611 1166 4672 et
1199 4601 1237 4673 B.
1269 4602 1408 4675 loannis
1440 4601 1611 4696 Baptistae
1724 4592 1726 4597 ’

234 4724 484 4815 praecursoris:
512 4721 653 4813 gloriosi
680 4719 715 4791 S.
743 4716 903 4814 Stephani
930 4721 1026 4813 primi
1053 4720 1225 4812 martyris,
1262 4742 1303 4790 ae
1330 4720 1425 4813 primi
1451 4718 1611 4790 Diaconi:

234 4843 270 4905 et
294 4858 559 4932 unumquemque
585 4857 702 4909 eornm
728 4841 1040 4923 commemorantes,
1066 4832 1243 4905 Dominum
1271 4830 1497 4929 deprecemur.

339 4952 516 5024 Sacerdos
541 4952 732 5022 inclinatur.
767 4950 931 5036 Quoniam
957 4952 1057 5040 igitur
1089 4958 1143 5020 est
1175 4947 1233 5020 tibi
1265 4957 1417 5043 potestas
1451 4949 1542 5020 vitae
1578 4955 1613 5018 et

234 5069 364 5155 martis,
391 5068 545 5157 Domine,
571 5069 731 5162 Deusque
765 5063 1067 5137 misericordiarum
1103 5073 1138 5134 et
1170 5066 1293 5135 amoris
1319 5084 1411 5155 erga
1445 5060 1610 5134 hominem

274 5203 398 5248 nummu
1385 5176 1409 5247 8
