4525 6034
672 533 746 610 180
1152 535 1558 618 COMMENTARIUS

670 719 823 783 efficacem
847 720 975 803 Spiritus
998 721 1093 783 sancti
1116 720 1146 783 in
1170 720 1249 785 dona
1272 725 1451 804 proposita,
1473 733 1507 787 ut
1528 733 1679 788 mutentur
1701 733 1732 788 ct
1761 727 1974 790 transferantur
1993 730 2019 791 in

670 839 781 902 corpus
809 828 840 882 et
862 823 1039 904 sanguinem
1068 820 1196 886 Christi:
1226 822 1307 903 quod
1336 823 1375 885 de
1405 827 1510 905 aqua,'
1529 824 1707 904 chrismate,
1741 826 1870 907 oleoque
1899 827 1927 887 in
1956 829 2023 891 aliis.

672 920 872 983 Sacramentis
895 938 1044 1001 nunquam
1067 921 1238 1002 postulasse
1260 921 1430 985 Orientales
1452 925 1653 1004 reperiuntur.
1674 912 1787 1009 ⁴igitur
1809 945 1848 988 ex
1869 926 1939 988 solis
1960 927 2024 991 illo-

670 1040 736 1083 rum
757 1019 900 1101 precibus
924 1028 1040 1083 constat
1064 1020 1231 1084 certissime
1254 1023 1530 1085 transmutationem
1553 1024 1590 1086 ab
1614 1024 1688 1105 ipsis
1702 1026 1838 1108 agnosci,
1861 1044 2024 1107 namprac-

669 1123 758 1203 cipue
782 1126 846 1198 est,
876 1126 908 1180 ut
935 1138 975 1181 ex
996 1119 1167 1203 Augustino
1191 1128 1307 1183 constat
1330 1120 1368 1183 ad
1390 1121 1634 1204 cognoscendam
1655 1124 1810 1188 Ecclesiae
1842 1123 1944 1203 fidem,
1969 1143 2024 1206 pu-

668 1221 814 1284 blicarum
837 1219 1003 1281 orationum
1026 1221 1180 1284 autoritas.
1226 1219 1314 1292 Quod
1336 1239 1411 1285 vero
1434 1221 1509 1284 haec
1533 1240 1619 1303 quarn
1643 1222 1691 1284 hic
1714 1222 1852 1305 Coptitae
1880 1225 2023 1303 postulant

669 1320 895 1396 transmutatio,
923 1318 960 1381 ad
982 1320 1077 1399 ipsam
1101 1319 1316 1382 elementorum
1339 1319 1534 1383 substantiam
1556 1329 1753 1405 naturamque
1776 1325 1938 1404 pertineat,
1961 1324 2023 1386 alibi

668 1420 827 1501 probatum
855 1426 918 1495 est,
948 1426 978 1480 et
1008 1417 1102 1481 fusius
1137 1418 1389 1481 demonstrabitur
1419 1418 1450 1481 in
1479 1420 1561 1482 notis·
1585 1420 1622 1482 ad
1650 1420 1876 1484 invocationem
1905 1422 2023 1502 Spiritus

543 1582 549 1593 ,
669 1522 765 1583 sancti
788 1527 818 1581 et
841 1517 878 1580 ad
902 1517 1139 1583 contessionem.
1184 1519 1251 1581 Duo
1275 1525 1387 1580 tautum
1409 1516 1466 1582 hoc
1493 1519 1563 1583 loco
1591 1521 1787 1584 monebimus.
1833 1523 1958 1584 Primum
1983 1530 2025 1587 est

405 2015 569 2070 Orationibus
600 2034 653 2071 non

344 2118 446 2156 omnem
477 2105 654 2159 consecratio·

344 2205 403 2243 nem
420 2191 535 2245 tribuunt
559 2188 655 2245 Orien·

344 2272 417 2326 tales.

669 1637 795 1697 vocem,
817 1618 952 1697 transfer
974 1638 1011 1680 ea
1034 1619 1064 1680 in
1086 1618 1222 1681 omnibus
1246 1617 1375 1701 linguis,
1398 1636 1457 1680 non
1479 1620 1576 1681 minas
1598 1638 1686 1701 quam
1702 1621 1732 1682 in
1745 1620 1852 1683 Latina
1865 1628 1896 1683 et
1908 1620 2025 1702 Graeca,

670 1721 818 1802 integram
840 1717 1065 1800 perfectamque
1088 1720 1281 1780 mutationem
1303 1717 1482 1802 significare.
1530 1718 1574 1782 [le
1603 1719 1804 1802 Aegyptiacis
1839 1719 1955 1802 quidem
1981 1719 2026 1781 i-

670 1820 728 1883 cile
750 1817 780 1881 id
802 1817 1024 1880 demonstratur
1046 1838 1086 1880 ex
1108 1815 1270 1879 collatione
1293 1818 1444 1881 variorum
1473 1819 1647 1900 Scripturae
1676 1838 1784 1883 sacrae
1814 1820 1964 1884 locorum:
1991 1820 2025 1882 de

668 1917 802 1981 Arabica
824 1925 854 1979 et
877 1917 942 1979 aliis
966 1917 1076 2001 linguis
1100 1935 1198 1997 aeque
1222 1924 1363 1979 constare
1385 1925 1500 1980 certum
1523 1925 1579 1980 est

754 2017 925 2083 Secundum
947 2017 1170 2081 observationis
1196 2023 1319 2081 nostrae
1344 2024 1448 2098 caput,
1472 2016 1632 2081 Orationes
1656 2019 1737 2100 ipses
1760 2027 1879 2101 spectat
1890 2026 1920 2081 et
1933 2036 2027 2082 aarum

669 2117 855 2197 efficaciam,
878 2116 916 2179 de
939 2136 997 2198 qua
1021 2117 1148 2199 amplior
1171 2117 1228 2180 erit
1250 2124 1359 2197 postea
1381 2117 1550 2180 disserendi
1572 2118 1667 2181 locus.
1701 2118 1762 2181 lllis
1785 2119 1824 2181 ad
1846 2120 2028 2185 Sacramenta

669 2220 825 2285 efficienda
856 2218 1013 2301 plurimum
1045 2218 1180 2280 tribuunt
1209 2216 1379 2280 Orientales
1410 2216 1574 2301 Theologi,
1603 2218 1658 2281 sed
1689 2219 1771 2300 quod
1805 2220 1838 2281 in
1873 2218 1931 2281 illis
1961 2217 2026 2280 solis

667 2321 876 2403 Eucharistiae
898 2318 1158 2382 consecrationem
1179 2335 1241 2380 non
1264 2319 1469 2397 constituant,
1500 2320 1575 2380 satis
1597 2317 1673 2381 baec
1694 2337 1753 2381 una
1776 2319 1918 2382 ostendit.
1959 2316 2026 2379 Nam

669 2422 804 2504 quamvis
827 2426 932 2482 oretur
953 2418 1046 2498 Deus,
1069 2425 1102 2479 ut
1123 2419 1219 2479 mittat
1232 2415 1373 2497 Spiritum
1395 2435 1481 2481 suum
1503 2426 1638 2481 sanctum
1659 2437 1753 2500 super
1775 2418 1855 2481 dona
1872 2417 2026 2500 proposita,

667 2528 698 2584 et
727 2539 764 2583 ea
792 2526 970 2583 transmutet
995 2519 1026 2580 iu
1055 2534 1165 2598 corpus
1195 2525 1226 2579 et
1252 2517 1430 2600 sanguinem
1458 2516 1586 2594 Christi,
1619 2518 1729 2581 nemini
1752 2519 1831 2581 inter
1855 2535 1910 2581 eos
1932 2516 2027 2579 'ibeo-

666 2620 739 2703 logo
762 2620 845 2683 venit
866 2620 897 2681 in
919 2626 1073 2698 ruentem,
1097 2637 1137 2680 ex
1160 2616 1210 2678 illa
1232 2616 1368 2679 oratione
1390 2618 1476 2699 sequi
1498 2620 1759 2682 consecrationem
1781 2617 1888 2681 saltem
1910 2617 2027 2678 inchoa·

667 2728 742 2798 tam,
774 2719 909 2802 quamvis
938 2717 1103 2781 secundum
1138 2717 1327 2798 antiquorum
1355 2718 1475 2779 Patrum
1502 2717 1685 2798 doctrinam,
1717 2717 1843 2781 credant
1870 2716 2027 2779 Ecclesiam

665 2839 728 2883 non
750 2820 862 2883 frustra
886 2837 993 2895 orare,
1016 2836 1198 2899 semperque
1221 2816 1368 2881 exaudiri.
1413 2816 1509 2898 lgitur
1531 2825 1563 2879 et
1584 2819 1750 2880 orationem
1773 2817 1895 2894 dicunt,
1917 2824 1947 2879 et
1968 2833 2027 2878 eam

665 2938 728 2984 non
750 2920 863 2982 frustra
886 2918 944 2981 dici
968 2919 1156 2997 existimant,
1180 2917 1281 2980 securi
1304 2916 1342 2979 de
1364 2916 1443 2979 illius
1466 2917 1597 2997 ellectu,
1628 2917 1747 3000 quando
1769 2918 1867 2981 verba
1889 2914 2027 2979 dominica

669 3031 700 3085 et
723 3022 822 3085 omnia
844 3020 901 3082 rite
925 3017 1063 3081 iacienda
1086 3027 1191 3080 secuta
1213 3016 1336 3079 fuerint.
1380 3017 1448 3079 Pari
1471 3035 1592 3099 quoque
1614 3020 1731 3081 ratione
1748 3036 1814 3080 curn
1833 3017 2027 3080 videmuseos

669 3129 739 3202 post
762 3119 868 3183 eadem
890 3119 984 3180 verba
1008 3119 1223 3201 pronunciata,
1247 3118 1390 3180 invocare
1414 3116 1554 3200 Spiritum
1577 3128 1728 3199 sanctum,
1758 3127 1792 3181 ut
1822 3118 1928 3182 eadem
1957 3114 2028 3175 dona

667 3227 829 3285 commutat
851 3236 906 3300 per
929 3217 1083 3280 efficacem
1106 3218 1314 3297 operationem
1336 3235 1438 3296 suam,
1460 3235 1522 3282 non
1544 3220 1643 3281 statim
1656 3218 1851 3300 judicandum
1875 3223 1937 3294 est,
1958 3230 2027 3275 con·

672 3330 756 3384 stare
780 3339 821 3381 ex
845 3318 893 3380 illa
917 3318 1108 3380 invocatione
1131 3315 1212 3397 quod
1235 3335 1292 3396 per
1318 3317 1534 3399 praecedentia
1560 3318 1654 3381 verba
1683 3317 1794 3381 Christi
1820 3316 1939 3381 Domini
1964 3308 2029 3373 nibil

669 3420 810 3484 ellectum
833 3418 926 3480 tuisse
950 3419 1140 3493 existiment,
1162 3416 1271 3479 absunt
1293 3418 1371 3480 enim
1394 3417 1570 3500 longissime
1593 3418 1629 3480 ab
1652 3420 1710 3480 ista
1732 3420 1893 3480 sententia.
1924 3416 2027 3476 Verum

667 3530 701 3584 ut
723 3518 1002 3592 consecrationem,
1025 3523 1184 3597 antequam
1206 3514 1285 3579 lacta
1309 3519 1427 3581 censeri
1451 3525 1556 3599 queat,
1580 3517 1733 3599 postulant
1755 3517 1863 3580 iisdem
1887 3511 2027 3579 orationi-

667 3619 741 3699 bus,
765 3617 871 3700 quibus
896 3634 961 3679 eam
984 3615 1113 3678 obtineri
1137 3623 1222 3678 certo
1246 3616 1390 3696 credunt,
1413 3618 1465 3680 ubi
1486 3626 1610 3701 peracta
1634 3627 1702 3680 sunt
1732 3636 1811 3698 quae
1842 3617 1900 3680 rite
1929 3611 2028 3697 peragi

668 3719 794 3782 debent:
817 3718 857 3778 ita
884 3733 993 3797 preces
1016 3715 1106 3798 plane
1129 3714 1240 3777 similes
1272 3715 1425 3796 adhibent,
1455 3718 1544 3780 etiam
1573 3717 1692 3797 quando
1722 3717 1772 3779 illa
1802 3717 1883 3779 facta
1908 3712 2029 3798 judicari

669 3817 776 3895 debet,
798 3835 898 3898 neque
922 3824 1021 3878 tamen
1042 3816 1158 3877 idcirco
1181 3834 1248 3878 eam
1271 3814 1379 3879 iactam
1401 3824 1531 3900 negant,
1561 3825 1611 3880 aut
1634 3816 1763 3880 credunt
1784 3835 1818 3879 se
1853 3835 1942 3880 orare
1966 3814 2030 3875 iaa-

668 3919 766 3996 niter,
801 3917 869 3999 quia
905 3916 942 3979 de
975 3923 1126 3979 momento
1158 3923 1381 3979 consummatae
1413 3917 1629 3980 elementorum
1660 3916 1916 3997 consecrationis,
1951 3912 2027 3976 nulla

669 4018 806 4100 quaestio
829 4035 959 4098 unquam
981 4017 1059 4078 inter
1081 4034 1136 4078 eos
1158 4014 1223 4080 tuit.
1246 4015 1279 4077 In
1302 4016 1389 4098 hujus
1412 4025 1510 4079 autem
1533 4018 1678 4080 orationis
1700 4018 1865 4094 versione,
1887 4012 2028 4078 Maronita

668 4136 775 4181 vocem
789 4117 957 4179 oblationis
978 4117 1103 4179 inseruit
1125 4133 1214 4196 quam
1236 4123 1396 4178 contextus
1405 4116 1614 4199 Aegyptiacus
1637 4123 1668 4178 et
1678 4115 1827 4177 Arabicus
1851 4132 1913 4177 non
1936 4129 2028 4196 agno·

669 4227 766 4282 scunt.
788 4217 955 4279 Notandum
979 4234 1098 4298 quoque
1121 4216 1180 4278 boc
1202 4215 1288 4294 ioco,
1312 4224 1345 4278 ut
1366 4217 1396 4277 in
1419 4216 1517 4278 multis
1540 4215 1604 4277 aliis
1626 4214 1752 4278 istorum
1769 4213 1943 4277 Olliciorum
1957 4209 2027 4274 locis

669 4336 833 4381 occurrere
855 4334 961 4379 vocem
982 4318 1163 4397 panficcre,
1187 4323 1218 4378 et
1240 4335 1307 4379 cum
1329 4316 1386 4379 alia
1409 4333 1478 4379 esse
1500 4316 1688 4397 conjunctam
1718 4333 1796 4396 quae
1823 4322 1872 4377 est
1898 4310 2028 4390 sanctifi-

669 4436 760 4491 core,⁸
783 4435 908 4498 quarum
931 4404 1109 4501 significatio
1132 4415 1222 4478 valde
1242 4417 1380 4497 proxima
1403 4423 1466 4494 est,
1496 4416 1522 4478 si
1549 4432 1609 4477 non
1637 4414 1727 4497 plane
1749 4414 1871 4493 eadem,
1900 4419 1934 4475 ut
1960 4426 2028 4474 sana

669 4535 794 4599 prorsus
817 4516 922 4579 eadem
945 4524 992 4578 est
1014 4515 1136 4578 infinitis
1156 4515 1250 4578 locis:
1274 4524 1306 4578 ut
1328 4535 1394 4578 cum
1417 4515 1526 4578 dicitur
1544 4533 1626 4595 pura
1648 4523 1677 4577 et
1698 4524 1806 4577 sancta
1826 4513 1946 4575 Maria:
1965 4507 2030 4591 prar‘

669 4625 700 4679 et
720 4618 820 4679 sancti
839 4616 986 4697 Apostoli.
1030 4614 1074 4677 lta
1096 4616 1208 4697 quippe
1230 4616 1413 4697 interpretes
1435 4622 1557 4678 vertunt
1577 4613 1802 4695 utplurimum,
1825 4614 1960 4696 origines
1974 4625 2030 4690 po-

669 4718 728 4778 tius
751 4717 916 4794 nominum,
940 4734 1027 4796 quam
1049 4715 1184 4796 ipsorum
1206 4716 1265 4776 vim
1288 4724 1319 4778 et
1345 4734 1431 4779 usum
1460 4713 1659 4778 attendentes.
1710 4713 1785 4777 Nam
1814 4721 1848 4775 ut
1882 4709 2029 4792 proprium

668 4824 754 4908 trip,
777 4823 808 4877 et
833 4814 871 4876 ab
898 4832 936 4877 eo
966 4813 1100 4876 derivata
1122 4833 1163 4876 ex
1185 4812 1323 4878 Hebraea
1346 4814 1449 4899 lingua
1477 4814 1601 4896 proprie
1613 4799 1760 4895 ἆγιᾶζειν
1772 4812 1952 4897 significant,
1974 4817 2029 4870 tarn

668 4914 700 4975 in
721 4914 853 4977 Arabica
876 4932 964 4997 quam
985 4914 1016 4976 in
1040 4915 1163 4995 Syriaca
1186 4920 1217 4976 et
1246 4914 1327 4995 aliis,
1349 4916 1389 4977 ita
1411 4914 1462 4977 illa
1489 4922 1564 4984 ιηιο
1599 4930 1678 4994 quae
1706 4913 1830 4995 proprie
1858 4912 2029 4991 parificare,

668 5014 872 5096 mundareque
895 5014 1062 5099 significat,
1086 5014 1194 5078 eodem
1216 5032 1308 5078 seusu
1329 5033 1456 5098 prorsus
1479 5014 1626 5095 accipitur
1640 5014 1671 5076 in
1688 5014 1825 5076 omnibus
1842 5009 1928 5076 libris
1943 5006 2027 5072 ctri-
