4525 6034
426 733 455 786 ln
473 735 548 789 tertia
570 732 704 787 Nestoriu-

393 823 467 874 uismi
486 821 609 890 quaedam
629 829 703 875 natac

394 917 460 959 suut

720 533 794 605 572
1152 533 1656 612 ntssnnrnrlo

821 722 896 796 XX.
911 720 1008 811 Quod
1019 721 1061 794 de
1073 718 1200 794 duabus
1216 724 1330 818 primis
1348 721 1553 812 dictumest,
1569 725 1631 794 vix
1641 723 1816 819 quidquam
1832 725 1864 795 in
1878 727 2034 801 orationdus

718 837 835 933 quibus
869 848 1024 913 constant
1055 840 1213 937 reperiri,
1254 838 1342 933 quod
1381 837 1424 911 ad
1456 836 1691 911 Nestoriauam
1723 838 1875 911 haeream
1904 843 2037 936 perinent,

717 955 760 1027 de
785 958 849 1029 ista
875 955 988 1028 ultima
1014 977 1081 1027 non
1107 957 1242 1030 omnino
1269 977 1388 1026 verum
1415 964 1476 1025 est
1528 954 1565 1027 In
1592 979 1634 1027 ea
1661 958 1783 1052 quippe
1810 961 2039 1053 orationeque

716 1071 921 1144 Praelationi
955 1070 1153 1168 respondet,
1189 1069 1274 1142 haec
1308 1070 1472 1164 leguntur.
1533 1069 1796 1143 Similitudinem
1821 1077 1908 1144 aerei
1930 1079 2041 1168 occepit,

715 1188 879 1260 dominam
903 1192 1093 1282 perfectam
1120 1209 1166 1258 ec
1192 1190 1308 1258 aalma
1330 1186 1512 1274 rationali,
1539 1187 1747 1282 intelliqente
1774 1197 1809 1261 et
1822 1190 2000 1277 iaanmtali,
2018 1197 2042 1262 at

716 1327 864 1398 corpore
897 1303 1036 1375 mortali
1063 1303 1247 1392 dominnm,
1283 1309 1318 1374 et
1354 1306 1531 1395 conjunxit
1557 1302 1648 1373 illum
1673 1304 1751 1393 aidi,
1778 1310 1941 1401 ualuitque
1960 1330 2043 1379 aeona

716 1424 753 1492 in
777 1421 911 1514 picria,
943 1426 1118 1513 potestate
1151 1425 1187 1491 et
1220 1419 1361 1491 tonare.
1413 1417 1509 1490 Haec
1544 1441 1626 1490 sane
1658 1421 1785 1514 verba,
1817 1426 1993 1520 praesertim
2014 1447 2046 1496 ex

718 1562 779 1612 ore
813 1537 1110 1625 Nestorianorum,
1151 1540 1349 1608 sententiam
1384 1533 1589 1608 Catholicam
1622 1536 1755 1610 efficere
1787 1550 1960 1636 nequeunt,
1993 1564 2047 1612 cun

717 1657 873 1727 unionem
901 1677 1000 1749 quam
1027 1650 1218 1726 Orthodoxi
1252 1655 1452 1724 constituunt
1485 1654 1519 1722 in
1552 1654 1676 1725 unitate
1701 1678 1888 1750 personae,
1910 1655 2049 1728 lacobitae

717 1775 902 1844 inanitate
937 1780 1096 1859 naturae3
1132 1767 1325 1841 Nestoriani
1359 1769 1401 1840 ad
1433 1768 1591 1860 honoris,
1624 1774 1817 1865 potestatis,
1854 1783 1887 1844 et
1918 1772 2051 1865 dignitatis

718 1893 920 1962 consortium
946 1887 1119 1974 reducant,
1145 1895 1181 1958 ut
1207 1884 1377 1982 explicant
1401 1885 1491 1958 illam
1517 1884 1610 1958 Elias
1629 1884 1831 1974 Gatlmlicus,
1857 1889 1971 1962 Amrus
1992 1890 2052 1962 dla-

718 2004 805 2077 thaei
832 2003 931 2093 tilius,
958 2002 1072 2076 etalii
1100 2024 1239 2099 quorum
1264 2005 1452 2075 testimonia
1480 2001 1584 2073 refert
1600 2001 1816 2077 Ebnassalus.
1871 2005 1928 2077 Illa
1951 2029 2055 2102 quoque

719 2120 901 2218 explicatio
930 2119 1046 2192 iisdem
1071 2117 1189 2192 verbis
1214 2117 1337 2211 legitur
1369 2121 1403 2190 in
1429 2117 1630 2213 Paraphrasi
1655 2120 1792 2192 Persica
1818 2120 2006 2194 Lectionarii
2025 2122 2056 2194 ad

719 2261 816 2311 usum
845 2236 1109 2311 Christianorum
1137 2234 1303 2324 Persidis,
1336 2237 1390 2330 qui
1425 2242 1461 2305 ut
1495 2235 1668 2330 plurimum
1688 2219 1899 2310 ¹Nestoriani
1930 2250 2009 2324 suut,
2034 2248 2058 2308 et

718 2357 847 2450 passim
869 2353 956 2426 alibi.
1009 2353 1125 2448 ltaque
1151 2355 1181 2424 si
1203 2354 1273 2445 jam
1300 2375 1320 2423 a
1347 2350 1495 2424 Nestorii
1523 2352 1658 2424 saeculo
1690 2352 1775 2426 haec
1806 2355 1893 2426 illius
1920 2354 2060 2427 doctrima

639 2461 641 2474 ’
719 2468 893 2543 confessio
921 2473 1029 2542 sacris
1054 2467 1211 2564 precibus
1238 2470 1362 2540 inserta
1390 2478 1460 2557 est,
1486 2469 1559 2559 ejus
1586 2471 1776 2564 opinionem
1801 2470 1942 2543 fideliter
1965 2474 2060 2566 expri-

430 2826 559 2895 Liturgiae
579 2827 637 2880 illae
657 2842 705 2880 usu

395 2912 706 2968 Ecclesiarumcommeu·

398 2999 500 3052 dantur.

419 4693 519 4748 liabent
531 4702 615 4761 partes
623 4711 709 4749 ornnes

402 4778 483 4833 otiati
492 4780 658 4836 Eucharistici
666 4800 712 4837 ne·

402 4883 536 4923 censurias.

718 2588 792 2657 mit:
821 2589 849 2657 si
878 2585 920 2657 als
949 2588 1022 2677 ejus
1049 2582 1236 2680 discipulis,
1268 2591 1361 2679 patet
1393 2605 1454 2655 eos
1488 2606 1508 2655 a
1535 2586 1687 2677 magistri
1712 2590 1764 2659 sui
1790 2609 1910 2659 errore
1934 2609 1995 2659 non
2015 2609 2062 2657 re-

719 2705 876 2791 cessisse,
904 2701 993 2797 quod
1012 2700 1121 2773 multis
1148 2710 1275 2772 temere
1292 2702 1426 2772 nimium
1449 2701 1691 2796 scriptumest,
1718 2712 1752 2774 et
1772 2701 1814 2775 ab
1833 2704 1909 2775 aliis
1923 2701 2064 2775 creditum.

823 2819 914 2890 XXI.
955 2815 1089 2891 Habent
1120 2839 1223 2912 porro
1259 2825 1328 2888 tras
1359 2816 1438 2888 illae
1470 2815 1642 2910 liturgiae
1674 2830 1771 2894 notas
1798 2842 1919 2893 omnes
1944 2821 2065 2892 vaunis

719 2946 753 3007 et
778 2937 991 3030 antiquitatis,
1020 2933 1139 3029 quibus
1167 2931 1254 3030 apud
1278 2932 1426 3005 eruditos
1452 2932 1579 3005 illarum
1604 2932 1781 3009 αὐθεντία
1807 2935 1946 3031 probari
1969 2945 2066 3033 potest

719 3075 815 3149 quam
843 3055 944 3124 etiam
971 3049 1211 3138 Ecclesiarum,
1238 3073 1324 3145 quae
1350 3048 1618 3142 Bagdadensium
1647 3047 1897 3126 catholicorum
1913 3053 2066 3126 Nestoriu-

717 3192 782 3241 nae
809 3180 923 3242 sectae
949 3166 1213 3240 Patriarcharum
1242 3169 1407 3239 autoritati
1443 3165 1615 3259 subjectae
1641 3177 1734 3256 sunt,
1762 3180 1819 3241 aut
1846 3171 1927 3244 olim
1953 3171 2067 3248 saeua

715 3308 797 3358 usus
824 3285 1006 3358 confirmat
1062 3282 1181 3379 Neque
1216 3287 1303 3356 euim
1337 3283 1380 3355 ad
1405 3282 1536 3356 lndicas
1563 3282 1734 3357 Ecclesias
1761 3308 1850 3380 quae
1885 3295 1963 3359 ante
1987 3305 2069 3358 annos

718 3405 849 3474 circiter
876 3403 1099 3493 octingentos
1126 3409 1184 3471 aut
1204 3398 1375 3488 fundatae,
1402 3410 1458 3471 aut
1484 3399 1526 3471 ad
1546 3399 1780 3473 Nestorianam
1799 3399 1961 3473 haeresin
1978 3412 2068 3472 trans-

719 3518 838 3590 ductae
865 3515 998 3590 luerunt
1025 3515 1169 3612 perferri
1195 3524 1351 3612 poterant
1377 3515 1489 3593 Officia
1517 3519 1605 3589 sacri
1640 3515 1763 3608 cultus,
1797 3540 1890 3612 quae
1916 3541 1983 3591 non
2007 3515 2070 3613 apul

718 3658 780 3707 eos
808 3656 893 3728 quos
919 3636 1055 3706 Patrum
1090 3642 1125 3705 ct
1155 3633 1331 3705 Pastorum
1363 3631 1440 3706 loco
1473 3632 1641 3706 habebant
1674 3644 1809 3728 recepta
1842 3657 1917 3707 non
1947 3634 2070 3708 luissent

723 3749 823 3835 Quod
849 3773 935 3823 vero
963 3752 1162 3822 mutationes
1188 3752 1304 3822 varias
1338 3772 1461 3845 passae
1483 3752 1555 3852 'sint
1582 3749 1624 3822 ab
1650 3750 1828 3847 Episcopis
1859 3763 1920 3824 aut
1946 3752 2070 3824 Patrim-

725 3867 796 3940 chis
816 3867 894 3939 illae
917 3867 1104 3960 Liturgiae,
1124 3876 1161 3938 ut
1181 3865 1352 3940 Censores
1378 3866 1527 3940 Lusitani
1551 3871 1839 3958 existimaverunt,
1868 3866 1972 3941 futilis
1990 3887 2073 3961 neque

721 3984 796 4057 ullis
830 3987 1034 4076 argumentis
1066 3982 1202 4055 lundata
1236 3987 1429 4077 conjectura
1465 3993 1535 4057 est:
1568 3988 1652 4056 nam'
1677 3987 1710 4056 in
1742 3985 1871 4081 aliquot
1906 3982 2072 4076 lociaqt

721 4104 911 4197 speciminis
939 4123 1041 4172 causa
1069 4098 1110 4172 ab
1137 4098 1202 4172 illis
1229 4110 1438 4190 annotantur,
1465 4111 1501 4173 ut
1526 4110 1578 4173 est
1605 4101 1741 4175 diversa
1774 4105 1952 4198 expositio
1978 4120 2073 4174 saan-

720 4240 793 4290 rnm
819 4215 1001 4291 verborum
1029 4215 1152 4290 Christi
1178 4216 1330 4306 Domini,
1364 4216 1434 4290 falli
1467 4238 1528 4290 eos
1559 4220 1769 4314 perspicuum
1810 4229 1889 4308 est,
1926 4242 1998 4292 cum
2019 4213 2075 4288 ita

719 4334 885 4406 formulae
911 4355 994 4430 qrras
1020 4336 1179 4406 novitatis
1205 4333 1439 4423 condemnant,
1466 4336 1715 4406 vetustissimae
1742 4337 1817 4422 sint,
1848 4344 1887 4407 et
1915 4336 1986 4407 aliis
2009 4353 2075 4406 coo-

719 4449 858 4538 lormes,
886 4450 928 4523 de
955 4473 1092 4547 quarum
1121 4454 1325 4546 antiquitate,
1351 4460 1407 4522 aut
1432 4453 1622 4544 integritate
1645 4455 1886 4524 controversia
1911 4475 1990 4526 esse
2011 4446 2076 4522 nulla

721 4579 844 4664 potest.

827 4684 934 4756 XXII.
989 4683 1152 4778 Quidquid
1187 4683 1230 4755 ad
1261 4685 1523 4756 constituendam
1554 4684 1723 4778 legitimae
1753 4684 1939 4778 Litargiae
1964 4685 2075 4760 lornan

721 4823 864 4874 necesse
891 4809 954 4889 est,
980 4804 1014 4871 in
1041 4799 1145 4873 tribus
1171 4799 1235 4874 illis
1262 4805 1422 4875 occurrit:
1456 4824 1566 4897 neque
1599 4804 1699 4890 enim,
1724 4812 1760 4874 ut
1786 4800 1872 4876 alibi
1902 4801 2077 4901 explicam

723 4927 787 5005 est,
815 4920 984 4990 orationes
1011 4920 1184 5012 praeviae,
1212 4928 1268 4989 aut
1295 4941 1381 5012 quae
1407 4922 1629 4990 communioni
1654 4924 1916 5014 praemittuntur
1936 4918 1991 4991 vel
2011 4912 2076 4990 atlt-

720 5036 919 5126 junguntur,
957 5045 1071 5130 partes
1101 5038 1318 5108 necessariae
1351 5045 1441 5107 sunt:
1480 5046 1514 5107 ct
1546 5034 1720 5148 inpadem
1748 5035 1917 5111 Ecclesia
1944 5059 2009 5110 nou
2028 5051 2077 5103 unt

1633 5169 1662 5218 ‘i-
