4525 6034
516 579 564 655 li
594 575 846 654 LITURGldll
871 570 1040 651 Jacob]
1066 574 1312 650 anatolii.
1526 572 1600 648 345

227 867 263 936 7.
299 865 347 934 Et
370 867 548 957 persecuti
573 870 650 934 sont
677 885 832 934 errorem
856 864 1059 949 boereaeon,
1086 884 1175 954 quoe
1193 861 1473 955 blasphemabunt
1499 865 1602 957 inpie

566 980 730 1050 odoeraoa
756 979 1035 1050 Iocorootc'onem
1067 976 1183 1066 Verbi,
1211 983 1275 1047 etc.
1596 982 1599 991 ’

326 1170 441 1250 Nona
464 1182 512 1245 hic
535 1180 727 1265 agnoscimus
747 1191 777 1245 et
792 1180 912 1263 quidem
925 1180 1118 1242 indubitatam
1129 1179 1410 1261 Moaopbysitarum
1433 1180 1601 1266 doctrinae,

225 1302 288 1348 non
309 1285 399 1352 modo
423 1285 570 1347 adversus
591 1283 806 1361 Nestoriaaos,
835 1284 889 1346 sed
912 1285 1001 1346 etiam
1024 1283 1171 1345 adversus
1196 1281 1391 1344 orthodoxos
1414 1283 1600 1368 Theologice

227 1385 405 1466 explicatae,
430 1383 512 1464 quod
535 1391 634 1445 tamen
656 1384 728 1445 satis
750 1400 850 1446 rarum
880 1390 928 1445 est
957 1384 988 1444 iu
1009 1382 1172 1463 liturgicis
1203 1381 1317 1445 officiis.
1368 1381 1451 1444 Haeo
1480 1385 1599 1445 novitas

228 1485 302 1546 satis
323 1482 467 1557 convenit
489 1481 599 1543 bomini
629 1480 845 1558 audacissimo,
875 1480 970 1563 qualis
999 1478 1054 1541 luit
1080 1480 1213 1542 Jacobus
1243 1480 1311 1557 ille,
1345 1482 1372 1543 si
1395 1479 1535 1556 Graecis,
1569 1490 1601 1545 et

227 1581 416 1644 Nestorianis
440 1580 600 1642 credimus.
646 1578 792 1642 Uuionem
815 1579 988 1643 dividebant
1015 1598 1055 1642 ax
1076 1580 1281 1643 Jacobitarum
1303 1583 1462 1657 sententia,
1485 1581 1601 1645 Nesto-

227 1683 315 1760 riani,
339 1680 420 1761 quod
443 1680 518 1742 duas
541 1680 571 1741 in
584 1678 704 1742 Christo
727 1697 876 1760 personas
900 1685 1114 1760 agnoscerent:
1139 1678 1323 1741 Orthodoxis
1345 1678 1423 1741 idern
1446 1681 1600 1761 impinge-

223 1776 309 1858 bant,
334 1779 414 1859 quod
438 1777 512 1841 duas
535 1786 658 1841 naturas
680 1785 863 1854 statuerent3
887 1796 954 1840 cum
977 1795 1066 1840 unam
1087 1777 1247 1840 Jacobitae
1267 1776 1491 1857 profiterentur.

374 2054 410 2125 8.
454 2054 634 2148 offerintus
661 2053 726 2124 tibi
752 2057 860 2145 ipsum
887 2055 1147 2148 deprecatorem
1169 2076 1236 2146 pro
1263 2054 1372 2141 nobb,
1399 2060 1464 2124 etc.

323 2244 480 2324 Gaarsrur
508 2257 594 2337 cujus
622 2255 742 2336 Corpus
772 2263 803 2318 et
826 2256 1009 2340 Sanguinem
1040 2264 1255 2335 susceperunt,
1282 2255 1439 2319 Jacobitac
1469 2255 1601 2320 offerunt

225 2360 292 2424 Deo
315 2361 563 2438 deprecatorem
586 2374 664 2438 quae
688 2358 823 2420 doctrina
847 2359 877 2420 in
899 2359 964 2422 aliis
987 2375 1109 2439 quoquc
1131 2357 1274 2438 precibus
1297 2359 1421 2438 privatis
1444 2365 1476 2421 et
1499 2360 1601 2440 publi-

225 2460 270 2521 cis
293 2459 436 2531 occurrit,
459 2457 595 2538 quamvis
618 2474 726 2538 magna
749 2457 930 2520 confidentia
948 2457 1130 2541 negaverint
1152 2456 1181 2518 id
1205 2454 1546 2537 dudumProtestantes,
1569 2468 1601 2522 et

224 2575 324 2639 nuper
345 2558 393 2618 air
414 2558 493 2618 inter
516 2573 571 2618 eos
594 2555 703 2619 doctus
727 2557 777 2636 qui
799 2557 922 2640 longam
943 2556 981 2619 de
993 2555 1201 2619 Eucharistiae
1223 2554 1376 2618 oblatione
1398 2556 1600 2619 Dissertatio-

224 2674 293 2718 nem
316 2655 505 2736 Fragmentis
528 2654 643 2734 aliquot
665 2655 782 2717 lrenaei
805 2674 822 2716 a
845 2673 880 2717 se
903 2656 991 2718 editis
1010 2655 1175 2735 subjunxit,
1199 2653 1337 2736 adjuncta
1359 2641 1607 2718 testimoniorum

224 2754 315 2831 nube,
340 2753 448 2835 quibus
470 2752 542 2814 nibil
566 2753 657 2834 plane
679 2752 805 2814 edicitur
827 2760 933 2814 contra
955 2771 1142 2815 communem
1165 2751 1301 2815 omnibus
1316 2752 1462 2815 Ecclesiis
1479 2754 1599 2817 Orien-

225 2853 334 2915 talibus
358 2860 389 2914 et
411 2851 654 2914 Occidentalibus
670 2850 815 2914 Sacrificii
835 2850 1035 2913 Eucharistici
1058 2851 1235 2927 doctrinam,
1258 2859 1291 2913 ut
1314 2850 1384 2912 alibi
1406 2852 1599 2931 demonstra-

223 2949 313 3013 bitur.
358 2951 400 3012 At
421 2952 531 3012 rituum
555 2958 585 3011 et
608 2950 824 3011 sententiarum
847 2967 925 3030 quac
948 2949 985 3010 ad
1009 2949 1080 3012 illud
1096 2950 1272 3030 Mysterium
1295 2956 1470 3029 spectantes
1494 2942 1608 3013 extant

224 3050 255 3109 in
278 3047 402 3110 Graecis
424 3048 580 3129 Liturgiis,
603 3056 654 3110 aut
676 3048 706 3108 in
729 3049 851 3128 scriptis
881 3046 1067 3110 Graecorum
1090 3050 1226 3125 Patrona,
1259 3049 1362 3128 optimi
1384 3056 1415 3110 et
1438 3051 1600 3112 certissimi

224 3147 407 3225 interpretes
429 3144 534 3208 baberi
562 3152 691 3226 possunt
720 3144 787 3227 Syri
810 3153 951 3223 veteres,
982 3154 1041 3209 tam
1069 3145 1255 3223 Orthodoxi,
1288 3164 1377 3227 quam
1406 3146 1450 3207 illi
1480 3149 1533 3227 qui
1560 3149 1598 3210 ab

225 3244 365 3306 Ecclesia
387 3250 456 3306 ante
479 3244 560 3306 mille
583 3252 614 3306 et
636 3244 763 3324 amplius
784 3261 881 3306 annos
903 3246 1109 3308 secessionem
1139 3244 1288 3322 lecerunt,
1311 3246 1342 3306 in
1364 3262 1441 3325 quos
1464 3247 1597 3326 suspicio

226 3343 338 3406 cadere
361 3342 441 3405 nulla
464 3350 575 3423 potest.
606 3342 648 3404 At
669 3342 713 3404 illi
733 3341 912 3404 sacrificium
934 3344 1134 3417 incruentum,
1157 3331 1286 3425 λογικὸν
1307 3345 1374 3405 sire
1397 3343 1543 3406 rationale
1567 3352 1598 3407 et

225 3440 392 3522 spirituale,
414 3459 520 3503 verum
544 3449 574 3503 et
597 3440 751 3504 sacrificiis
774 3443 904 3522 antiquis
936 3441 1072 3521 dignius,
1102 3461 1180 3523 quae
1203 3441 1283 3503 illius
1306 3442 1410 3504 umbra
1441 3450 1472 3504 et
1499 3442 1597 3524 ligura

228 3546 324 3617 crant,
348 3538 453 3602 offerri
476 3547 646 3622 agnoscunt
668 3541 698 3601 in
720 3557 806 3601 sacra
841 3540 970 3618 actione,
993 3540 1023 3601 in
1046 3559 1104 3621 qua
1127 3539 1255 3602 offertur
1284 3557 1345 3602 non
1376 3541 1500 3621 sanguis
1529 3543 1597 3603 ani-

225 3639 356 3714 malium,
380 3644 431 3699 aut
452 3637 571 3718 legales
595 3638 743 3714 victimae,
766 3637 822 3700 sed
844 3636 963 3718 Corpus
994 3647 1024 3700 et
1047 3640 1177 3720 Sanguis
1200 3638 1282 3719 Agni
1310 3639 1372 3700 vivi
1400 3639 1596 3704 immaculati:

224 3754 313 3818 quem
335 3735 449 3797 idcirco
474 3735 570 3805 oculis
592 3736 663 3797 fidei
680 3736 789 3817 jubent
810 3753 868 3798 nos
890 3737 1073 3800 immolatum
1094 3755 1189 3818 super
1209 3736 1316 3798 Altare
1337 3738 1456 3799 intueri.
1493 3737 1597 3800 Fidem

224 3836 311 3896 istam
333 3834 484 3896 miraculis
507 3835 715 3915 comprobant,
739 3844 770 3897 et
792 3837 851 3899 illis
874 3854 959 3915 sane,
983 3854 1061 3916 quae
1091 3835 1172 3915 apud
1195 3853 1249 3897 eos
1272 3836 1448 3916 quiveram
1471 3843 1502 3898 et
1524 3854 1597 3898 rea·
1662 3833 1725 3885 1¹5⁸!-
1748 3831 1822 3885 ΡΨ·
1840 3824 1922 3885 utu.

224 3932 284 3995 lem
307 3932 523 3994 elementorum
545 3935 575 3993 in
604 3934 722 4014 Corpus
752 3942 783 3996 et
811 3933 994 4016 Sanguinem
1024 3933 1135 3997 Christi
1165 3936 1443 3997 transmutationem
1472 3942 1595 4018 negant,
1607 3934 1633 3985 Ρ·
1645 3916 1921 3970 ¹⁸¹·137·²⁷⁰·³⁰⁶·

224 4049 264 4092 ne
293 4030 461 4113 excogitari
492 4030 610 4111 quidem
643 4040 780 4112 possunt.
836 4033 972 4095 Videnda
1006 4050 1085 4113 quae
1118 4032 1276 4094 retulimus
1310 4031 1380 4093 alibi
1409 4051 1449 4093 ex
1479 4033 1596 4097 Severo
1609 4002 1671 4136 3⁷1⁸}
1685 4002 1748 4054 ⁴³⁸·
1821 4087 1840 4136 4
1865 4083 1881 4134 ι
1892 4086 1912 4137 3

224 4127 379 4208 Episcopo
401 4127 585 4191 Ascbmonin
609 4137 640 4192 et
662 4131 737 4194 aliis.
784 4130 934 4193 Christum
962 4130 1064 4193 dicunt
1094 4148 1164 4191 esse
1187 4130 1336 4191 victimam
1364 4132 1394 4191 in
1423 4129 1521 4192 Altari
1542 4149 1598 4194 sa·
1609 4189 1632 4224 0·
1651 4104 1720 4224 [φ’
1739 4086 1804 4139 Tm
1840 4124 1848 4138 ’
1912 4122 1920 4137 “

226 4226 406 4289 crificatam:
430 4226 557 4289 offertur
579 4230 670 4309 igitur
699 4229 765 4292 Deo
794 4231 825 4292 in
855 4228 1035 4292 sacrificium
1067 4227 1185 4307 Corpus
1221 4227 1287 4308 ejus
1317 4235 1348 4290 et
1377 4228 1524 4310 Sanguis,
1557 4250 1598 4293 ex

225 4324 423 4387 Orientalium
452 4327 612 4390 sententia.
672 4327 705 4388 ld
738 4329 796 4390 nisi
831 4328 992 4391 crederent
1018 4327 1101 4389 illurn
1127 4325 1265 4388 manibus
1293 4326 1485 4389 sacerdotum
1512 4325 1598 4406 ferri,

225 4425 411 4503 tractarique
434 4441 494 4486 non
518 4423 664 4504 dicerent,
687 4425 768 4506 quod
790 4433 890 4489 tamen
919 4428 949 4488 in
972 4426 1072 4488 multis
1094 4423 1279 4486 orationibus
1302 4423 1420 4503 dicunt,
1450 4431 1512 4486 tam
1531 4426 1599 4506 pri-

226 4522 316 4598 vatis,
340 4541 429 4603 quam
458 4522 597 4603 publicis.
647 4523 696 4585 Ad
728 4524 878 4587 Christum
902 4541 1038 4606 quoquc,
1067 4531 1100 4586 ut
1128 4541 1203 4585 vere
1232 4522 1262 4584 in
1291 4521 1377 4584 altari
1407 4532 1599 4603 praesentem

221 4634 335 4699 preces
358 4620 506 4701 dirigunt:
530 4629 561 4681 et
582 4622 613 4682 in
634 4620 770 4704 Liturgia
792 4621 972 4704 Aethiopica
1003 4642 1081 4704 quae
1102 4622 1244 4684 Dioscori
1266 4637 1376 4682 nomen
1398 4620 1543 4700 praefert,
1568 4622 1598 4684 id

225 4716 306 4798 quod
325 4719 359 4783 in
382 4718 479 4780 Alteri
502 4717 621 4781 ridetur
639 4718 741 4781 dicunt
763 4730 970 4784 accusatorem
993 4729 1024 4785 et
1041 4721 1174 4803 judicem
1195 4718 1272 4796 lore,
1296 4717 1447 4781 Christum
1466 4720 1523 4782 Dei
1544 4721 1599 4781 Fi-

225 4813 297 4875 lium
319 4817 368 4877 cui
390 4816 486 4877 Pater
508 4835 595 4878 omne
608 4817 760 4894 judicium
782 4819 875 4895 dedit,
898 4822 928 4881 in
952 4820 1145 4884 Sacramenlo
1168 4825 1382 4901 agnoscentes,
1413 4818 1597 4882 Sacriliciuru

226 4930 320 4994 porro
354 4913 388 4975 lit
420 4915 486 4995 ejas
513 4914 560 4976 rei
590 4932 668 4994 quae
696 4916 855 4979 oblationis
892 4927 923 4980 et
952 4921 1090 4981 victimae
1121 4917 1190 4979 loco
1219 4924 1275 4978 est.
1331 4916 1364 4977 ln
1393 4917 1598 4981 celebratione

226 5010 434 5075 Eucharistiae
457 5011 586 5076 infertur
609 5011 720 5076 oblatio
737 5033 777 5077 er
799 5032 877 5096 panc
901 5026 931 5080 et
954 5020 1025 5080 vino
1042 5034 1118 5098 aqua
1139 5015 1236 5093 misto,
1260 5022 1290 5076 et
1313 5013 1385 5077 illud
1407 5017 1597 5096 sacrificium,
