4525 6034
531 602 736 683 hllGHAELlS
763 606 1029 685 Pammachius
1054 610 1299 690 ANTIOGHENI.
1528 615 1605 692 439

331 789 482 862 hiienses
506 814 633 864 rocem.
686 791 760 866 Tua
793 805 846 868 est
879 792 1024 867 Domine
1057 799 1165 870 omnis
1203 810 1376 890 creatura,
1413 801 1487 874 sive
1521 822 1608 896 quae

227 904 395 979 intellectu
421 908 572 1002 praedito
599 916 671 998 cst,
703 911 778 981 sive
805 931 892 1004 quae
918 909 994 983 solo
1021 932 1131 985 sensu.
1186 914 1237 986 Te
1272 912 1438 1005 glorificat
1469 926 1504 988 et
1536 939 1606 994 ve-

227 1033 363 1094 neratur
389 1022 521 1094 coelum
547 1033 581 1094 et
608 1023 838 1120 quodcumque
864 1027 898 1096 in
924 1048 967 1097 eo
995 1036 1059 1117 est,
1085 1037 1175 1099 terra
1193 1039 1228 1100 et
1255 1030 1484 1126 quodcumque
1503 1054 1606 1128 super

227 1144 351 1207 terram
378 1142 565 1233 reperitur;
592 1148 768 1211 creaturae
794 1149 923 1228 mutae,
959 1145 1033 1236 ipso
1069 1141 1201 1216 silentio
1228 1167 1308 1218 sno:
1336 1169 1423 1241 qnae
1448 1147 1606 1243 loquendi

226 1250 420 1324 facultatem
444 1253 580 1344 habent,
605 1254 727 1346 linguis
743 1258 828 1329 suis:
853 1255 978 1346 Angeh
1001 1256 1115 1349 jubilis
1143 1262 1231 1332 suis:
1257 1261 1449 1335 Potestates
1476 1274 1510 1336 et
1535 1268 1606 1336 mi-

226 1366 318 1439 htiae
351 1367 609 1442 exaltationibus
642 1372 728 1444 suis:
764 1369 969 1444 Sacerdotes
1001 1375 1035 1442 in
1071 1372 1242 1446 ordinibus
1276 1379 1360 1449 suis:
1392 1377 1538 1452 Diaconi
1570 1383 1604 1451 in

228 1483 547 1575 congregationibus
575 1486 653 1557 sois.
707 1484 758 1557 Tu
794 1507 879 1558 vero
906 1507 1008 1581 supra
1041 1509 1174 1560 omnem
1208 1488 1352 1580 gloriam
1383 1495 1416 1563 in
1451 1492 1605 1567 abscon-

228 1596 295 1669 dita
322 1608 440 1671 natura
466 1609 522 1672 tua
558 1621 619 1689 es,
655 1603 841 1695 suscipiens
874 1612 985 1673 tamen
1017 1623 1080 1697 per
1110 1625 1260 1677 amorem
1293 1616 1383 1678 tuum
1419 1628 1503 1700 erga
1533 1609 1604 1683 ho-

226 1714 346 1802 mines,
372 1713 516 1810 hymnos
542 1713 719 1788 Ecclesiae
746 1725 825 1789 tuac
850 1725 885 1787 et
910 1720 1027 1810 gregis
1054 1720 1112 1807 tui,
1139 1719 1235 1791 simul
1261 1741 1336 1791 cum
1363 1726 1500 1796 canticis
1522 1726 1604 1797 An-

227 1828 380 1920 gelorum
418 1839 453 1901 et
481 1828 791 1923 Archangelornm,
823 1842 858 1905 et
892 1832 1034 1906 vocibus
1070 1832 1265 1929 Seraphim,
1297 1839 1353 1930 qui
1386 1836 1605 1911 admiratione

228 1943 408 2017 divinitatis
433 1954 512 2017 tuae
543 1946 740 2043 stupefacti,
773 1946 991 2022 concentibus
1024 1951 1249 2038 suavissimis,
1284 1951 1464 2024 secundum
1496 1975 1604 2048 prae-

228 2058 353 2131 claram
380 2060 636 2151 ordinationem,
663 2071 796 2153 canunt,
823 2062 1050 2137 vociferantur
1076 2072 1111 2136 et
1137 2064 1256 2136 dicunt

330 2174 493 2268 Populus.
546 2177 700 2249 Sanctus.

329 2289 507 2365 Sacerdos
528 2294 719 2365 inclinatus.
748 2292 891 2367 Sanctus
919 2315 958 2366 es
983 2292 1079 2366 Deus
1105 2291 1218 2379 Pater,
1246 2295 1487 2389 sanctitateque
1514 2293 1603 2367 sub·

225 2403 352 2479 limior:
378 2407 513 2500 largiris
540 2412 614 2504 ipse
640 2412 848 2482 sanctitatem
875 2431 949 2481 cum
981 2408 1068 2481 Filio
1095 2418 1167 2498 tuo,
1194 2418 1229 2480 et
1250 2408 1376 2505 Spiritu
1395 2420 1450 2482 tno
1472 2420 1602 2501 sancto,

225 2520 290 2593 illis
318 2525 373 2616 qui
398 2521 487 2595 illam
514 2524 714 2619 suscipiendi
747 2524 838 2616 digni
864 2534 950 2597 sunt.
1002 2523 1055 2596 'l'u
1088 2526 1175 2604 enim
1190 2533 1342 2596 naturam
1362 2547 1459 2619 mam
1478 2531 1604 2600 creasti

226 2646 260 2707 et
286 2635 469 2728 honorasti,
497 2639 614 2712 domus
641 2637 783 2735 quodam
811 2641 1019 2731 magisterio,
1045 2648 1221 2735 postquam
1241 2637 1349 2711 libero
1376 2660 1438 2713 suo
1466 2641 1602 2713 arbitrio

225 2751 351 2822 excidit
385 2775 432 2823 ex
464 2751 663 2826 subhmitatc
701 2776 776 2841 sua,
810 2776 878 2827 non
912 2754 1109 2844 deseruisti,
1147 2761 1184 2826 ut
1214 2757 1357 2849 periret,
1390 2754 1452 2827 sed
1483 2753 1602 2828 Fihum

225 2875 315 2938 tuum
340 2871 546 2959 unigenitum
572 2872 702 2959 misisti,
730 2871 786 2964 qui
810 2868 919 2941 factus
947 2879 1000 2942 est
1025 2869 1145 2958 homo,
1177 2879 1211 2940 et
1236 2872 1270 2956 in
1297 2866 1451 2944 omnibus
1477 2875 1602 2945 uostris

226 2981 340 3054 similis
365 2982 474 3055 factus
502 2993 555 3059 est
579 2982 691 3073 nobis,
718 2993 863 3079 excepto
890 2994 1044 3080 peccato,
1073 2993 1108 3056 et
1134 2984 1282 3059 salvavit
1306 3005 1381 3057 nos.

329 3098 480 3170 blerano
513 3121 640 3171 rocem,
694 3100 759 3185 Qui
785 3098 968 3171 humiliavit
993 3122 1051 3187 se,
1084 3109 1119 3172 et
1145 3107 1327 3195 conceptus
1355 3108 1408 3172 cst
1433 3100 1467 3168 in
1493 3107 1602 3190 utero,

225 3213 520 3310 configuratusque
552 3224 606 3288 est
639 3237 686 3286 ex
718 3212 843 3309 Spiritu
877 3223 995 3287 sancto
1034 3224 1069 3286 et
1111 3237 1158 3286 ex
1189 3215 1338 3306 Virgine
1367 3221 1502 3300 sanem,
1533 3234 1601 3284 non

224 3332 414 3402 exinanitus
446 3353 466 3402 a
498 3328 607 3422 gloria
634 3352 713 3420 sua,
752 3351 862 3424 neque
895 3340 1037 3402 mutatus
1072 3353 1092 3401 a
1124 3339 1243 3403 natura
1269 3352 1349 3419 sua,
1385 3329 1446 3402 sed
1472 3331 1506 3398 in
1532 3349 1601 3399 na-

223 3454 297 3516 tura
323 3443 479 3534 humana,
506 3444 813 3541 supernaturaliter,
840 3442 949 3516 lactus
976 3442 1155 3518 esthemo
1182 3443 1371 3540 perfectus,
1407 3452 1602 3517 comesset

223 3562 354 3632 interim
380 3557 473 3633 Deus
500 3582 613 3634 verus.
640 3561 752 3656 Atque
778 3563 823 3631 ita
850 3559 990 3633 salutern
1016 3570 1165 3633 nostram
1189 3558 1342 3655 perfecit,
1368 3582 1432 3655 per
1457 3559 1600 3653 dispen-

225 3679 388 3748 sationem
421 3698 516 3748 snam
548 3676 716 3763 divinam,
750 3685 784 3747 et
814 3676 974 3771 mysteria
1009 3673 1093 3745 haec
1127 3675 1229 3771 plena
1271 3677 1363 3747 vitae
1397 3675 1600 3766 designavit,

225 3789 415 3885 complevit,
442 3789 693 3878 demonstravit,
721 3798 755 3861 et
781 3790 905 3864 docuit:
940 3790 1122 3885 Accipiens
1156 3812 1277 3885 panem
1310 3792 1345 3861 in
1376 3810 1493 3862 manus
1519 3809 1600 3860 suas

225 3914 380 3994 sanctos,
413 3912 434 3988 †
464 3904 636 3979 benedixit
668 3928 760 3996 eum,
792 3912 813 3988 †
845 3906 1064 3979 sanctificavit
1096 3928 1192 3993 eum,
1225 3912 1247 3988 †
1287 3904 1410 3999 fregit,
1443 3904 1599 3998 deditque

223 4019 399 4115 Apostolis
426 4023 505 4109 sois,
532 4031 566 4092 et
591 4043 653 4117 per
680 4042 797 4092 eornm
821 4041 939 4094 manus
965 4023 1147 4093 universae
1160 4018 1338 4094 Ecclesiae
1365 4030 1515 4107 sancme,
1542 4019 1599 4089 di-

225 4158 322 4208 cens:
349 4135 425 4208 Hoc
451 4145 503 4209 est
529 4158 652 4232 corpus
678 4158 788 4208 meum
816 4134 905 4230 qnod
937 4156 1000 4231 pro
1026 4135 1127 4208 vobis
1153 4134 1339 4227 frangitur,
1374 4146 1408 4208 et
1434 4135 1529 4206 datur
1556 4132 1599 4204 ad

225 4254 451 4345 expiationem
478 4251 682 4339 dehctorum,
709 4252 1007 4345 remissionemque
1032 4258 1261 4346 peccatorum,
1289 4262 1322 4323 et
1344 4253 1446 4323 vitam
1473 4270 1599 4321 novam

225 4377 410 4438 venturam.
724 4366 885 4459 Populos.
938 4366 1059 4438 Amen.

329 4480 434 4553 Simul
461 4485 561 4555 etiam
588 4505 663 4553 cum
690 4503 800 4576 pane,
834 4481 974 4552 calicem
1007 4482 1099 4575 prins
1132 4482 1215 4551 vino
1249 4489 1284 4552 et
1310 4501 1396 4574 aqua
1423 4488 1598 4574 tempera-

225 4607 305 4686 tum,
332 4600 465 4693 accepit
489 4604 510 4680 †
536 4596 709 4669 benedixit
736 4618 811 4669 eum
837 4603 858 4678 †
884 4594 1106 4668 sanctificavit
1132 4616 1208 4666 eum
1234 4602 1255 4678 †
1288 4603 1323 4666 et
1354 4592 1601 4666 commendavit

224 4734 286 4808 per
322 4734 439 4787 manns
473 4711 716 4808 Apostolorum
751 4709 929 4783 Ecclesiae
966 4732 1068 4800 suae,
1102 4709 1235 4783 dicem:
1274 4709 1338 4781 Hic
1378 4717 1431 4781 est
1463 4709 1600 4799 sanguis

224 4849 318 4900 meus
346 4831 402 4922 qui
428 4850 490 4923 pro
518 4826 619 4900 vobis
646 4826 762 4915 datur,
789 4826 832 4897 ad
859 4827 1085 4921 expiationem
1121 4823 1335 4916 delictorum,
1366 4828 1600 4898 remissionem

223 4952 450 5037 peccatorum,
477 4953 512 5015 et
537 4945 640 5016 vitam
665 4963 789 5014 novam
815 4952 1001 5015 venturam.

327 5058 489 5151 Populos.
541 5058 661 5129 Amen.
