4525 6034
622 592 758 686 ,rra
1075 605 1080 616 ⁴
1186 590 1544 669 rrruacrr

786 779 972 852 Sacerdos.
1026 778 1196 869 Similiter,
1223 788 1257 851 et
1283 780 1419 852 calicem
1447 780 1528 851 vino
1539 833 1551 869 ,
1578 789 1612 850 et
1639 801 1725 872 aqua
1752 780 1909 865 miscens,
1935 784 1957 860 †
1981 775 2048 848 be-

681 894 819 986 nedixit,
845 902 866 979 †
893 905 926 967 et
951 883 1236 984 sanctificanti
1263 895 1418 991 deditque
1445 893 1614 991 discipulis
1649 899 1741 982 snis,
1774 905 1808 966 et
1841 894 1935 966 dixit.
1989 896 2049 966 llic

682 1022 735 1085 est
760 1015 897 1105 sanguis
924 1035 1018 1086 meus
1045 1012 1250 1086 Testamenti
1271 1012 1369 1099 Novi,
1398 1015 1549 1107 accipite,
1575 1011 1678 1085 bibite
1704 1035 1749 1084 ex
1775 1033 1898 1086 eoves
1922 1032 2049 1098 omnes,

683 1128 726 1200 ad
751 1131 981 1203 remissionem
1007 1139 1221 1225 peccatorum
1247 1139 1457 1217 vestrorum,
1488 1139 1522 1200 et
1548 1130 1690 1200 omnium
1724 1127 1866 1200 fidebam
1892 1149 2050 1200 verorum

683 1246 852 1318 advitam
881 1256 1059 1317 aeternam.
1315 1241 1324 1255 ⁶

785 1362 946 1455 Populos.
998 1363 1119 1434 Amen.
1945 1437 1950 1442 ,

785 1478 969 1550 Sacerdos.
1021 1477 1066 1549 Et
1098 1499 1172 1548 curn
1208 1476 1291 1548 haec
1323 1498 1399 1548 mea
1430 1487 1611 1571 praecepta
1644 1475 1872 1572 perfeceritis,
1913 1484 2051 1548 mortern

684 1605 717 1667 et
743 1598 1023 1668 resurrectionem
1049 1616 1158 1665 meam
1186 1591 1436 1679 annunciabitis,
1465 1592 1572 1666 donec
1598 1596 1741 1664 veniam.
1841 1615 1848 1640 ¹

786 1710 946 1803 Poprdrrs.
999 1710 1117 1781 Mortis
1145 1722 1232 1781 tuae.

787 1826 970 1898 Sacerdos.
1023 1825 1221 1897 Memoriam
1248 1823 1469 1913 celebrantes,
1505 1811 1648 1896 Domine
1673 1824 1754 1897 lesu
1782 1822 1927 1914 Christe,
1955 1826 2052 1895 totius

684 1941 940 2037 dispensationis
968 1951 1043 2013 tuae
1070 1940 1224 2013 salutaris
1250 1963 1312 2035 pro
1339 1939 1457 2030 nobis,
1492 1965 1511 2013 a
1538 1945 1775 2037 conceptione,
1802 1944 1997 2029 nativitate,
2022 1948 2054 2011 et

682 2057 931 2153 baptismatae
967 2067 1102 2146 sancto,
1135 2060 1302 2152 passionis
1335 2066 1412 2129 tuae
1438 2058 1607 2141 salutaris,
1641 2061 1756 2129 mortis
1782 2068 1860 2128 tuae
1886 2055 2052 2142 vivificae,

683 2173 854 2246 triduanae
881 2172 1072 2268 sepulturae
1107 2182 1203 2260 tuae,
1236 2172 1407 2264 gloriosae
1433 2178 1686 2246 resurrectionis
1718 2185 1808 2261 tuae,
1845 2176 2052 2245 ascensionis

683 2301 761 2361 tuae
787 2294 822 2362 in
848 2288 992 2378 coelum,
1018 2300 1051 2360 et
1078 2292 1241 2361 sessionis
1277 2300 1354 2361 tuae
1387 2290 1429 2362 ad
1466 2290 1639 2364 dexteram
1673 2292 1736 2363 Dei
1762 2291 1893 2374 Patris,
1927 2299 1963 2360 et
1990 2287 2052 2360 ad-

682 2415 803 2476 ventus
830 2408 876 2475 tui
901 2403 1073 2493 tremendi,
1100 2412 1135 2475 et
1161 2404 1306 2493 timendi,
1334 2409 1479 2500 supremi
1505 2418 1539 2478 et
1555 2405 1727 2497 dominici,
1756 2430 1821 2502 quo
1846 2404 2050 2498 judicaturos

684 2544 722 2593 es
749 2520 911 2611 homines,
939 2531 972 2593 et
997 2521 1163 2592 retribues
1190 2524 1365 2615 unicuique
1392 2523 1572 2595 secundum
1598 2546 1703 2620 opera
1730 2545 1807 2595 sua:
1834 2523 2053 2619 deprecamur

682 2647 716 2710 te
746 2639 890 2710 Domine
922 2639 957 2707 in
987 2637 1050 2708 hac
1082 2635 1166 2709 bora
1197 2636 1358 2727 timenda,
1393 2649 1427 2709 et
1461 2642 1495 2709 in
1531 2639 1595 2712 boc
1631 2649 1783 2736 tempore
1814 2641 1989 2727 tremoris,
2020 2648 2052 2709 et

682 2764 800 2826 metus.
820 2755 994 2849 ,Propitius
1022 2763 1108 2843 esto,
1136 2763 1169 2824 et
1195 2755 1357 2825 miserere
1385 2758 1529 2827 omnium
1544 2768 1694 2829 nostrum
1719 2778 1781 2852 per
1807 2759 2052 2827 miserationem

683 2884 782 2960 tuam,
809 2880 843 2941 et
868 2873 1009 2963 ignosce
1036 2868 1163 2941 delictis
1190 2872 1314 2942 nostris
1340 2892 1401 2965 per
1427 2876 1569 2963 gratiam
1595 2883 1694 2944 tuam.
1749 2873 1885 2944 Dimitte
1911 2880 2052 2968 peecata

683 2998 800 3060 nostra
825 3010 887 3083 per
912 2986 1174 3059 misericordiam
1200 2996 1300 3074 tuam,
1328 2997 1362 3058 et
1387 2986 1493 3058 aufer
1513 2991 1718 3085 insipientias
1751 2999 1903 3076 nostras,
1938 2993 1975 3060 in
2001 2987 2052 3058 die

682 3103 877 3176 abundantis
904 3101 1154 3176 misericordiae
1180 3111 1272 3191 tuae3
1300 3102 1419 3175 dealba
1445 3105 1592 3177 maculas
1626 3115 1759 3178 nostras
1795 3104 1951 3201 hyssopo
1985 3115 2050 3175 tuo.

683 3221 828 3316 Propter
853 3217 918 3290 boc
945 3222 1030 3289 enim
1056 3216 1212 3290 Ecclesia
1240 3229 1307 3308 tua,
1335 3230 1368 3291 et
1392 3241 1482 3312 grex
1508 3230 1582 3293 tuus
1609 3221 1807 3316 deprecatur
1832 3231 1886 3313 te,
1928 3232 1963 3294 et
1994 3242 2052 3315 per

683 3348 729 3427 te,
758 3362 800 3409 ac
826 3345 935 3407 tecum
961 3336 1094 3408 Patrem
1121 3321 1210 3407 urum
1239 3335 1360 3407 dicens.

787 3452 950 3545 Poprdas.
1003 3451 1176 3525 Miserere.

788 3569 972 3640 Sacerdos.
1024 3566 1097 3641 Nos
1125 3590 1266 3664 quome.

787 3685 949 3778 Papulas.
1002 3684 1053 3756 'le
1092 3684 1273 3756 laudamus.

789 3801 972 3873 Sacerdos.
1024 3802 1220 3896 Praecipue.
1600 3871 1607 3882 ,

791 3918 979 3989 Diaconos.
1033 3916 1141 4004 Quam
1167 3915 1323 3989 terribilis
1351 3925 1403 3989 est
1428 3917 1512 3990 baec
1538 3917 1631 3990 hora.
1766 3969 1771 3978 .

791 4034 968 4106 Sacerdos
994 4034 1177 4105 inclinatas
1203 4034 1288 4104 dicit
1313 4033 1567 4106 invocationem
1592 4034 1744 4128 Spiritus
1768 4037 1891 4107 carecti.

790 4151 933 4223 Domine
959 4152 1119 4224 miserere
1145 4152 1262 4238 nostri,
1289 4160 1323 4222 et
1350 4150 1561 4223 exaudinos
1597 4150 1661 4224 hoc
1695 4162 1862 4246 tempore:
1892 4151 1934 4222 'et
1964 4152 2049 4222 mitte

687 4266 729 4338 ad
761 4289 824 4340 nos
859 4291 878 4338 e
910 4267 1007 4339 coelo
1042 4277 1099 4338 tuo
1136 4265 1295 4353 excelso,
1328 4277 1362 4338 et
1392 4265 1540 4357 sublimi,
1580 4268 1737 4364 Spiritum
1771 4278 1861 4339 tuum
1894 4277 2049 4354 sanctum,

687 4382 999 4458 consubstantialem
1026 4381 1096 4472 tibi,
1123 4382 1310 4456 ethonore
1337 4385 1522 4478 aequalem,
1551 4387 1604 4479 qui
1634 4406 1736 4481 snper
1762 4387 1966 4476 unigenitum
1987 4383 2048 4453 Fi-

559 4501 565 4530 ¹
687 4498 766 4572 lium
793 4511 881 4573 tuum
909 4502 1058 4596 apparuit
1084 4503 1117 4571 in
1143 4499 1292 4571 dordone
1317 4498 1419 4571 fluvio
1452 4505 1484 4572 in
1521 4499 1694 4573 columbae
1721 4504 1854 4596 specie,
1887 4511 1922 4572 et
1957 4519 2050 4593 super

687 4616 875 4712 Apostolos
903 4626 977 4689 tuos
1004 4626 1153 4706 sanctos,
1180 4620 1212 4686 in
1238 4616 1359 4708 linguis
1386 4621 1494 4709 igneis
1522 4622 1556 4689 in
1582 4618 1764 4690 coenaculo
1800 4616 1985 4702 descendit,
2017 4624 2048 4685 ct

611 4785 618 4798 .
687 4753 750 4804 nos
777 4732 926 4828 perficiat
950 4756 1013 4829 per
1040 4731 1272 4805 abundantiam
1299 4736 1429 4826 gratiae
1454 4744 1544 4826 tuae,
1571 4757 1655 4807 vasa
1683 4733 1809 4822 electa,
1847 4755 1932 4828 quae
1963 4731 2045 4801 utilia

689 4851 763 4937 sint,
792 4850 834 4922 ad
860 4852 1076 4923 ministerium
1101 4849 1237 4922 honoris
1265 4854 1320 4922 tui.

790 4964 965 5039 Sacerdos
991 4967 1128 5039 elevans
1153 4988 1278 5037 vocem.
1330 4966 1463 5040 Exaudi
1490 4989 1543 5038 me
1568 4967 1721 5052 Domine,
1749 4963 1870 5036 exaudi
1895 4985 1947 5034 ma
1969 4959 2041 5030 oo-

688 5084 786 5152 mine.
1221 5077 1224 5095 ’
1465 5081 1466 5084 ’
