4525 6034
713 578 789 652 ott
1219 580 1578 659 tt‘tttttdtt

710 766 946 841 haecoblatio
974 790 1087 842 coram
1120 770 1256 842 nomine
1288 779 1346 841 tuo
1379 791 1503 863 magno
1538 780 1573 842 et
1605 770 1796 861 tremendo,
1828 795 1888 868 pro
1917 775 2040 848 universa

620 929 628 938 ι
710 884 864 958 Ecclesia
892 893 1006 958 sancta
1034 884 1224 973 catholica,
1257 895 1293 956 ut
1324 883 1448 958 habitet
1473 890 1508 959 in
1533 885 1643 960 medio
1670 890 1744 979 ejus
1770 889 1971 985 tranquilitas
1990 902 2040 980 ua,

710 1012 745 1074 et
774 1025 844 1098 pax
879 1013 934 1073 tua
970 1005 1096 1075 cunctis
1130 998 1247 1074 diebus
1280 999 1424 1074 saeculi:
1469 1013 1503 1074 at
1542 1014 1779 1076 removeantur
1812 1006 1922 1100 procul
1953 1004 2042 1078 aben

710 1122 976 1214 persecutiones,
1004 1116 1171 1205 tumultus,
1198 1119 1442 1208 contentiones,
1468 1118 1646 1220 schismata
1669 1129 1702 1191 et
1717 1121 1909 1209 divisiones,
1933 1145 2042 1194 omues-

710 1258 776 1331 que
814 1237 956 1306 invicem
993 1233 1251 1322 adhaereamus,
1289 1255 1349 1330 per
1381 1237 1567 1307 unanimem
1601 1236 1835 1326 concordiam,
1869 1259 1938 1308 cum
1969 1237 2044 1310 corde

711 1374 796 1447 puro
824 1361 857 1422 θι
883 1355 1023 1423 caritate
1049 1349 1211 1447 perlecta.
1246 1349 1290 1422 Et
1315 1373 1378 1446 pro
1406 1350 1558 1425 omnibus
1569 1350 1723 1424 Patribus
1749 1357 1874 1426 nostris
1891 1351 2044 1448 Episcopi,

712 1477 745 1538 et
760 1467 1032 1564 Chorepiscopis,
1049 1465 1288 1540 Sacerdotibus
1315 1476 1349 1538 et
1366 1468 1540 1556 Diaconis,
1567 1471 1622 1562 qui
1649 1478 1724 1540 sunt
1749 1472 1782 1539 in
1808 1469 1874 1541 boc
1897 1474 2046 1542 ministerio

709 1586 875 1672 veritatis,
901 1594 937 1655 ut
963 1593 1051 1655 stent
1077 1595 1110 1656 at
1136 1585 1321 1657 ministrent
1346 1605 1461 1656 coram
1488 1593 1523 1655 ιθ
1548 1606 1650 1679 pure,
1684 1583 1857 1679 splendide
1889 1594 1921 1656 et
1947 1595 2047 1672 sancte,
2078 1653 2080 1660 .

709 1698 930 1795 placeantque
956 1699 1118 1773 voluntati
1146 1710 1242 1790 tuae,
1272 1703 1318 1772 ita
1349 1712 1384 1773 ut
1415 1710 1605 1772 mereantur
1638 1705 1800 1796 consequi
1832 1723 1854 1772 a
1887 1711 1920 1771 te
1951 1701 2047 1793 gradus

708 1814 818 1890 bonos
846 1825 879 1887 et
906 1816 1080 1903 sublimes,
1116 1820 1149 1888 in
1183 1816 1392 1888 revelatione
1419 1815 1552 1888 Domini
1583 1820 1688 1889 nostri
1717 1817 1802 1889 lesu
1828 1816 1956 1890 Christi.
1999 1819 2049 1889 Pro

709 1932 861 2004 omnibus
889 1935 986 2005 etiam
1013 1932 1087 2006 filiis
1113 1932 1290 2005 Ecclesiae
1316 1940 1452 2006 sanctae
1479 1929 1693 2022 Catholicae,
1725 1936 1780 2028 qui
1807 1933 1861 2005 hic
1886 1944 1956 2006 sunt
1979 1937 2051 2004 etin

707 2071 914 2143 quacumque
941 2053 1108 2143 regione,
1142 2060 1178 2120 ut
1209 2048 1386 2145 proficiant
1418 2053 1452 2121 in
1486 2049 1683 2121 adoratione
1716 2053 1900 2143 majestatis
1926 2052 2052 2136 brae,in

706 2164 771 2236 srde
806 2187 908 2252 vera,
940 2176 974 2237 θι
1005 2170 1037 2237 in
1072 2165 1230 2262 operibus
1263 2166 1379 2252 bonis,
1416 2176 1450 2237 ct
1483 2164 1703 2238 laudabilibus
1741 2164 1784 2236 ad
1817 2167 1953 2239 salutem
1981 2169 2052 2236 vitae

707 2303 798 2352 suae.
838 2280 882 2352 Et
907 2304 970 2377 pro
997 2304 1100 2354 servo
1128 2293 1184 2355 tuo
1211 2290 1403 2378 peccatore,
1431 2291 1465 2352 et
1492 2280 1663 2377 culparum
1690 2303 1762 2371 reo,
1789 2291 1826 2352 ut
1851 2285 2052 2379 pergratiam

706 2407 795 2469 tuam
827 2398 971 2470 Domine
1002 2420 1125 2494 parcas
1160 2401 1309 2494 peccatis
1343 2399 1448 2486 meis,
1484 2408 1518 2470 θι
1553 2396 1687 2470 auferas
1714 2397 1833 2469 delicta
1869 2421 1960 2487 mea,
1989 2417 2055 2491 quae

707 2516 818 2586 sciens
844 2514 901 2585 vel
928 2517 1100 2604 nesciens,
1135 2516 1286 2586 commisi
1312 2535 1426 2587 coram
1460 2522 1502 2585 ιθ.
1560 2512 1604 2585 Ει
1635 2536 1698 2609 pro
1731 2514 1796 2585 illis
1830 2511 1980 2586 omnibus
2008 2531 2055 2607 pro

708 2630 826 2725 quibus
854 2631 990 2703 ollertur
1016 2630 1101 2703 baec
1128 2629 1273 2720 oblatio,
1300 2640 1336 2702 ut
1360 2633 1532 2702 inveniant
1558 2652 1671 2703 coram
1700 2640 1734 2701 tc
1765 2632 2006 2715 miserationes,
2031 2635 2057 2695 at

706 2748 849 2837 gratiam
876 2755 910 2818 et
935 2750 1061 2819 vivant.
1110 2744 1155 2816 Et
1180 2768 1243 2843 pro
1269 2743 1430 2818 fructibus
1456 2755 1568 2817 terrae
1595 2756 1695 2841 atque
1722 2749 1810 2818 aeris
1836 2747 2011 2841 temperie,
2030 2750 2057 2812 ut
2179 2828 2180 2831 Ἴ

706 2861 922 2935 benedicatur
948 2886 1072 2935 corona
1101 2867 1178 2935 anni
1204 2861 1419 2954 benignitatis
1447 2870 1524 2933 tuae
1550 2864 1778 2959 pergratiam
1804 2871 1905 2934 tuam.
1956 2860 1996 2931 llt
2008 2879 2056 2954 pro

708 2982 796 3051 omni
823 3001 950 3070 genere
976 2978 1144 3052 bominum
1172 2981 1227 3075 qni
1253 2983 1288 3050 in
1312 2988 1454 3073 peccato
1481 2988 1538 3050 aut
1570 3001 1688 3052 errore
1720 2988 1919 3060 versantur,
1951 2990 1984 3048 ut
2011 2997 2058 3070 per

707 3098 848 3187 gratiam
877 3106 964 3168 tuam
992 3096 1112 3189 dignos
1139 3096 1213 3169 illos
1241 3095 1364 3167 allicias
1392 3097 1584 3188 cognitione
1611 3098 1780 3184 veritatis,
1816 3107 1852 3167 et
1886 3094 2058 3167 adoratione

707 3215 890 3304 majestatis
917 3223 1010 3286 tuae:
1037 3222 1072 3284 ut
1099 3199 1309 3305 cognoscant
1333 3221 1378 3298 to,
1404 3211 1492 3307 quod
1519 3215 1567 3283 sis
1593 3213 1686 3284 Deus
1711 3212 1814 3283 Pater
1840 3235 1946 3285 verus
1970 3209 2057 3282 solus:

707 3337 959 3424 agnoscantqnc
985 3341 1019 3400 te
1045 3327 1180 3416 bonum,
1208 3330 1262 3423 qui
1288 3330 1341 3399 vis
1367 3338 1404 3398 ut
1429 3350 1546 3400 omues
1572 3327 1722 3400 homines
1736 3332 1854 3399 vivant
1874 3339 1910 3401 et
1929 3348 2059 3400 conum-

705 3453 815 3516 tantur
842 3444 884 3517 ad
912 3448 1114 3538 agnitionem
1141 3446 1309 3517 veritatis:
1344 3456 1529 3536 agnoscant
1555 3465 1687 3540 quoque
1713 3454 1746 3515 te
1773 3454 1931 3539 tanquam
1956 3443 2058 3514 Domi-

705 3583 783 3633 num
810 3562 852 3634 ab
881 3572 1018 3633 aeterno
1045 3572 1079 3632 et
1105 3586 1126 3633 a
1154 3559 1311 3649 saeculo,
1338 3570 1487 3632 naturam
1516 3562 1660 3632 divinam
1687 3582 1754 3632 non
1780 3560 1928 3649 laetam,
1958 3557 2058 3631 condi-
2176 3570 2177 3573 ’

591 3757 593 3760 ,
705 3687 813 3749 torem
841 3682 1002 3766 omnium,
1029 3679 1147 3762 Pater,
1172 3676 1253 3767 Fili,
1280 3687 1314 3749 et
1339 3676 1481 3773 Spiritus
1508 3688 1634 3750 sancte.
1677 3676 1843 3771 Quodque
1862 3688 1998 3773 propter
2010 3691 2058 3743 uos

704 3791 856 3865 homines
884 3804 918 3865 et
944 3805 1081 3889 propter
1106 3802 1253 3866 nostram
1281 3790 1430 3879 salutem,
1458 3792 1560 3866 Filius
1583 3793 1658 3884 Dei,
1678 3792 1771 3864 Deus
1790 3792 1953 3880 Verbum,
1977 3789 2060 3862 induit

705 3908 872 3981 bominem
898 3909 1098 4005 perfectum,
1125 3909 1288 3981 Dominus
1314 3918 1431 3982 noster
1456 3909 1556 3982 Jesus
1583 3909 1750 3982 Christus:
1781 3909 2060 4004 perfectusqucct

703 4024 899 4117 justificatus
926 4037 978 4098 est
1004 4048 1066 4121 per
1092 4026 1246 4097 virtutem
1261 4026 1326 4098 Dei
1353 4035 1387 4097 et
1411 4025 1649 4122 perspiritum
1676 4036 1839 4116 sanctum,
1868 4037 1905 4099 et
1930 4030 2000 4123 ipse
2020 4027 2060 4092 att

706 4142 870 4215 mediator
895 4142 959 4213 Dei
987 4152 1020 4214 θι
1046 4140 1230 4230 bominum,
1263 4152 1297 4214 et
1322 4140 1462 4235 largitor
1496 4145 1586 4214 vitae
1620 4144 1654 4213 in
1687 4142 1822 4214 saecula
1857 4140 2059 4220 saeculoruma

704 4257 768 4331 illis
796 4261 852 4353 qui
876 4281 939 4353 per
966 4281 1040 4330 eum
1067 4256 1231 4330 accedunt
1257 4256 1300 4329 ad
1326 4258 1434 4330 Deum
1460 4260 1609 4331 Patrem:
1636 4261 1689 4330 cui
1715 4260 1781 4331 sint
1805 4257 1929 4331 laudes
1954 4265 1986 4328 et
2005 4252 2059 4326 bc-

704 4374 912 4447 nedictiones
939 4378 972 4446 in
999 4374 1135 4446 saecula
1159 4372 1383 4447 saeculorum.
1409 4375 1553 4448 Domina
1579 4386 1612 4446 θι
1637 4375 1730 4446 Deus
1757 4385 1878 4446 noster
1906 4376 2059 4467 suscipea

704 4489 803 4563 nobis
830 4494 1060 4586 pergratiam
1087 4499 1174 4562 tuam
1203 4491 1401 4563 sacrificium
1433 4490 1497 4564 boc
1532 4493 1714 4583 gratiarum
1749 4494 1932 4588 actionis,
1956 4489 2060 4560 fructus

704 4606 834 4680 scilicet
869 4605 1084 4680 rationabiles
1116 4606 1280 4679 labiorum
1311 4617 1519 4696 nostrorum,
1553 4616 1589 4679 ut
1623 4611 1666 4679 sit
1700 4629 1812 4680 coram
1847 4618 1886 4680 te
1921 4606 2061 4680 mamona

703 4721 796 4795 bona
832 4727 995 4816 justorum
1042 4726 1269 4819 antiquorum,
1309 4722 1549 4820 Prophetarum
1586 4732 1795 4811 sanctorum,
1834 4721 2059 4820 Apostolum

704 4837 895 4912 beatorum:
923 4840 1108 4935 Martyrum
1127 4847 1162 4910 et
1180 4836 1432 4930 Confessorum,
1452 4839 1705 4937 Episcoporum,
1722 4838 1925 4928 Doctorum,
1951 4837 2061 4914 Sanor-

704 4954 827 5045 dotum,
854 4957 1092 5046 Diaconorum,
1118 4966 1152 5027 et
1179 4960 1323 5056 omnium
1349 4957 1490 5030 liliorum
1511 4955 1687 5029 Ecclesiae
1713 4965 1854 5028 sanctae
1872 4951 2061 5037 cadulcae,

704 5091 821 5143 eorum
849 5076 903 5167 qui
929 5076 964 5145 in
989 5072 1054 5144 lide
1080 5095 1165 5146 vera
1192 5077 1392 5146 transierunt
1418 5096 1464 5146 ex
1498 5072 1561 5145 boc
1595 5072 1734 5161 mundo,
1768 5081 1805 5144 ut
1838 5094 1907 5169 per
1939 5072 2060 5166 gratim
