4525 6034
544 594 597 670 Ac
619 592 826 671 LITURGIAM
844 590 1037 670 corneis
1056 592 1087 670 S.
1107 592 1253 670 BASILII.
1510 592 1586 664 219

210 775 474 851 mmmm,
504 778 794 839 mitteeeeccelso
822 784 929 840 sancto
956 783 1022 852 tuo,
1052 774 1586 856 expraepcratolialiitaculotsio,

211 896 252 937 ee
272 876 534 956 incircimssmipto
555 877 624 937 siiiu
649 882 718 951 tiro,
746 877 844 954 ipsum
868 875 1054 955 paraclitum
1080 874 1225 955 Spiritum
1254 877 1407 953 cecitatis,
1438 883 1586 953 sanctim,

209 974 380 1050 Dominum,
403 976 628 1053 oioiltcamoem,
656 975 709 1054 qui
728 975 761 1035 s'n
783 974 864 1055 lepe,
886 974 1046 1052 Prophetis
1068 982 1098 1035 et
1118 972 1273 1053 Apostolii
1295 974 1413 1036 locutus
1440 983 1502 1051 est,
1535 974 1588 1054 qui

209 1072 320 1153 ulique
337 1092 486 1154 praesens
507 1079 569 1149 est,
599 1080 630 1134 et
655 1074 757 1134 ormiia
779 1074 888 1153 replet,
916 1080 1117 1155 ορινολυνηιιο
1139 1074 1233 1136 λίθοιο
1252 1093 1314 1137 non
1335 1076 1585 1149 ministerialiter,

208 1173 242 1233 iss
262 1189 340 1251 quos
360 1173 433 1250 oult,
455 1173 801 1252 sarictificationeriper
821 1171 1037 1252 besseplacitum
1059 1181 1161 1247 timm,·
1184 1174 1349 1253 simplicem
1369 1180 1497 1250 πολιιισ,
1516 1175 1586 1254 ple-

209 1290 280 1332 num
301 1273 496 1350 operatione,
518 1272 693 1334 divisorum
726 1271 945 1334 charismatum
969 1270 1101 1349 sontem:
1129 1272 1186 1334 tilii
1213 1272 1508 1352 connibstantialem,
1529 1269 1589 1356 {qui

210 1389 250 1432 es
265 1377 295 1431 te
305 1371 457 1449 procedit,
478 1371 635 1451 moialem
650 1370 708 1432 titii
719 1371 751 1431 in
768 1370 855 1450 repni
875 1370 963 1448 solio,
987 1377 1018 1432 ct
1036 1372 1189 1451 usiipenito
1212 1378 1264 1433 tuo
1283 1371 1357 1449 filio,
1379 1370 1508 1433 Domino
1520 1371 1586 1433 Deo

210 1475 240 1529 et
258 1467 419 1531 Saloatom
445 1477 550 1531 nostro
571 1468 647 1531 Jesu
670 1467 807 1531 Christo:
838 1470 936 1544 mitte,
964 1470 1101 1549 isquam,
1131 1488 1223 1549 super
1248 1487 1306 1530 nos
1333 1475 1364 1530 et
1390 1488 1482 1548 super
1510 1471 1587 1532 istos

207 1586 321 1647 pones,
350 1574 381 1628 et
401 1586 493 1648 super
513 1568 571 1630 lios
591 1568 705 1630 calices
725 1567 872 1647 Spiritum
893 1576 975 1629 ίιιιιυι
996 1576 1147 1644 sanctum,
1177 1575 1212 1630 ut
1238 1587 1277 1629 ea
1303 1568 1472 1647 sanctificet
1497 1575 1587 1648 atque

205 1668 358 1745 perficiat,
381 1673 524 1747 tamquam
546 1669 734 1746 omnipotens
754 1665 846 1730 Deris
876 1665 1010 1729 ELATA
1032 1686 1115 1728 oooe.
1143 1667 1184 1729 Et
1204 1665 1319 1748 efficiat
1335 1685 1447 1746 panem
1468 1667 1587 1747 aridem

210 1783 342 1845 corpui;
379 1765 506 1827 calicem
534 1772 649 1840 autem,
678 1767 855 1846 sanciiinem
885 1767 959 1827 nooi
987 1766 1168 1828 Testamenti
1197 1767 1295 1846 ipsius
1320 1764 1444 1828 Domini
1470 1764 1531 1826 Dei
1558 1772 1588 1826 et

207 1861 383 1925 Saloatoris
402 1865 504 1926 nostri
522 1862 598 1925 Jesu
620 1862 736 1926 Cliristi
755 1865 887 1926 omisinm
908 1866 1051 1944 repis..
1076 1871 1142 1928 nt
1166 1865 1244 1944 liant
1268 1862 1406 1925 ominibus
1427 1863 1515 1925 nobis
1535 1865 1588 1944 qui

206 1963 818 2042 comparticipeserinsusaclfirlem
840 1963 1045 2040 sobrietatem,
1067 1963 1232 2038 medelam,
1253 1963 1489 2042 tensperasitiam,
1508 1980 1586 2023 san-

205 2061 428 2139 ctitican'onem,
451 2069 507 2123 etc.
554 2059 638 2123 illam
666 2079 760 2143 porro
788 2061 951 2123 verborum
981 2060 1106 2124 termam
1129 2061 1267 2125 fortassis
1291 2062 1493 2123 recentiorem
1515 2079 1585 2123 esse

208 2175 254 2236 es,
279 2157 564 2240 qacmAegypliaoi
586 2158 655 2222 libri
678 2167 812 2237 servant,
836 2167 866 2222 et
887 2159 1022 2222 brevitas
1045 2168 1076 2223 et
1098 2159 1273 2242 simplicitas
1295 2158 1437 2222 videntur
1458 2159 1586 2222 demon·
1595 2181 1598 2188 ·

210 2265 327 2330 strare·
350 2260 460 2320 eliste
484 2259 580 2340 magis
603 2258 721 2321 accedit
743 2258 781 2321 ed
804 2278 870 2321 eom
892 2278 970 2341 quae
994 2262 1024 2322 in
1048 2258 1236 2323 clementina
1258 2266 1412 2322 servatur:
1435 2253 1506 2321 Καί
1527 2279 1585 2320 ιιο-

206 2345 449 2439 scritum
410 2374 450 2418 ro
472 2342 567 2438 ἅγιόν
588 2372 650 2420 σου
672 2353 801 2435 πνεῦμα
823 2351 879 2420 ἐπί
900 2348 960 2443 τὴν
981 2354 1106 2470 θυσίαν
1127 2379 1256 2443 ταυτην,
1277 2347 1334 2421 τὸν
1354 2346 1507 2444 μοίριυρα
1520 2354 1586 2421 τῶν

206 2441 418 2537 παθημάτων
439 2453 500 2517 τοῦ
521 2444 655 2541 κυρίου’
648 2446 795 2566 [ποῦ’
775 2475 867 2530 οπως
889 2446 1040 2544 ἀποφήνῃ
1061 2449 1120 2521 roi
1142 2447 1241 2545 ῦρτον
1261 2454 1389 2534 τοῦτον
1410 2453 1507 2536 σῶμα
1522 2452 1584 2520 τοῦ

72 2558 76 2564 ’
208 2549 361 2665 Χριστοῦ
382 2568 453 2629 σου,
475 2545 591 2616 καί
552 2573 592 2617 ιο
613 2542 770 2640 ποπίχιιον
790 2552 904 2665 raino,
932 2545 1016 2634 αἷμα
1036 2554 1098 2620 τοῦ
1121 2553 1271 2642 Χριστοῦ
1293 2572 1364 2618 σου
1386 2548 1441 2617 irc
1463 2549 1496 2618 οί
1517 2575 1586 2633 μι-

207 2640 409 2733 consinii
437 2639 542 2714 αὐτοῦ
569 2650 789 2815 βεβαιωθῶσι
818 2644 902 2739 πρὸς
936 2644 1122 2735 εὐσέβειαν,
1160 2644 1310 2741 οἶφίσεως
1340 2641 1583 2765 ῦμαριημρίιων

207 2738 342 2830 ιῦχωσι
369 2747 433 2813 τοῦ
459 2738 619 2832 διαβόλου
646 2748 789 2837 καὶτῆς
817 2740 942 2837 πλοίιης
963 2743 1068 2818 uiroc
1053 2750 1242 2840 cottias,
1268 2771 1458 2829 πνευματος
1487 2741 1583 2836 cylon

207 2840 513 2935 nlmootoioirsti
470 2839 493 2912 α’
513 2872 558 2917 ios
579 2848 642 2914 τοῦ
662 2850 814 2938 Χριστοῦ
834 2868 896 2916 σου
917 2846 1080 2936 γίνωνται,
1101 2848 1187 2930 §scic
1209 2844 1345 2915 αἰωνίου
1368 2837 1503 2930 ιῦχωσι,
1525 2858 1582 2914 etc

207 2948 246 3012 lit
276 2952 381 3012 mnas
407 2957 543 3013 sanctium
569 2959 651 3014 ίιαινι
676 2951 821 3032 Spiritum
850 2970 942 3032 super
967 2954 1152 3032 sacrificium
1180 2952 1253 3026 lico,
1284 2957 1388 3013 testem
1406 2951 1583 3031 passionum

207 3047 332 3111 Domiti
356 3047 448 3126 lesu,
475 3057 509 3111 ut
537 3048 652 3132 efficiat
673 3070 785 3132 panem
811 3052 907 3124 licio,
938 3070 1049 3131 corpses
1070 3050 1187 3113 Christi
1207 3052 1268 3112 tui:
1296 3057 1326 3111 ct
1347 3050 1473 3111 calicem
1493 3048 1582 3121 lunc,

209 3147 386 3229 momen
408 3146 596 3225 mecm
618 3149 1210 3231 υπυυυνυυυοιυπυ,
1233 3146 1583 3228 camenam

209 3253 319 3320 tatem
352 3249 559 3310 remissionem
583 3256 780 3327 peccatorum
807 3255 1048 3329 consequentum
1078 3266 1100 3309 a
1121 3247 1244 3310 diabolo
1273 3252 1303 3308 et
1323 3250 1388 3326 ejus
1408 3246 1584 3318 seductione

208 3345 390 3408 ῦὸινινιίιινι
402 3346 638 3426 θρίνὶίυισνιοιο
651 3348 845 3427 repleantur.-
867 3344 1080 3428 dipiiil'liriito
1097 3354 1149 3409 tuo
1166 3344 1347 3426 efficiantur,
1369 3347 1464 3406 citam
1479 3351 1583 3406 aetesi-

208 3463 281 3506 nasi
309 3444 479 3522 oblim,
507 3452 564 3509 etc
609 3444 643 3507 ln
664 3444 767 3508 Basilii
796 3445 930 3523 Graeca,
961 3446 1137 3522 Δεομεθα,
1165 3437 1221 3506 καί
1251 3459 1289 3505 σε
1309 3439 1583 3554 παρακαλοῦμεν,

209 3529 283 3624 ἅγιε
305 3531 414 3626 ἁγίων,
437 3529 570 3626 sidonio
591 3539 650 3628 τῆς
671 3540 731 3628 σῆς
752 3530 970 3628 οἷγαθῦιηιος,
991 3540 1105 3607 ἐλθεῖν
1124 3532 1164 3606 co
1186 3528 1317 3620 πνεῦμα
1339 3557 1399 3605 σου
1420 3529 1460 3604 so
1483 3530 1584 3624 ἅγιον,

209 3628 261 3726 ἐφ’
292 3629 379 3724 ἡμᾶς
405 3637 462 3704 καί
490 3636 548 3704 ἐπί
573 3662 616 3705 ια
644 3635 844 3752 προκείμενα
873 3639 965 3754 δῶρα
994 3641 1101 3706 ταῦτα
1127 3638 1184 3705 καί
1211 3629 1386 3726 οὖλογησαι
1408 3628 1506 3716 circi,
1527 3635 1584 3702 καί

210 3727 357 3820 ἁγιάσαι,
378 3735 434 3802 ναί
457 3727 692 3859 ἆναδεῖξαι..
716 3761 803 3804 του
823 3732 928 3820 μέν’
906 3763 1005 3829 αρτον
1025 3739 1156 3819 τοῦτον,
1179 3734 1330 3825 (ποίησον
1353 3728 1451 3818 asico)
1473 3759 1513 3802 co
1502 3728 1584 3802 cl

208 3856 286 3913 usos
307 3836 405 3948 σῶμα
432 3837 495 3903 τοῦ
522 3835 653 3953 κυρίου
682 3836 739 3902 καί
760 3839 856 3917 θεοῦ,
878 3836 934 3902 καί
955 3840 1101 3927 σωτῆρος
1122 3829 1215 3924 ἡμῶν
1234 3827 1344 3924 Ιησοῦ
1363 3827 1585 3923 Χριστοῦ,τό

209 3932 245 3999 δὲ
267 3924 423 4023 ποτήριον
442 3933 551 4015 τοῦτο,
573 3926 656 4001 crito
675 3928 715 4002 ιό
736 3937 846 4018 τίμιον
868 3927 952 4017 αἷμα
965 3961 1024 4004 του
1009 3933 1151 4025 κυρίου
1164 3933 1219 4000 καί
1231 3934 1327 4013 θεου
1348 3945 1405 4001 etc
1429 3938 1585 4019 ilopainns

209 4041 237 4096 te
253 4044 286 4097 et
302 4037 507 4113 οίιιονοιιιιιν,
534 4047 639 4102 ναννοιε
654 4048 845 4114 sanctornm,
869 4047 903 4101 ut
922 4040 1108 4118 beneplacito
1130 4037 1276 4100 bonitatis
1295 4046 1364 4099 tuae
1384 4040 1488 4100 oeniat
1509 4036 1585 4117 Spi-

209 4134 288 4196 ritus
314 4142 382 4197 tuiis
409 4144 534 4199 sanctus
566 4156 658 4217 niper
683 4156 741 4199 isos
763 4144 794 4199 et
813 4156 905 4217 super
922 4140 1084 4217 proposita
1105 4137 1188 4199 riona
1209 4138 1288 4210 ista,
1317 4143 1348 4197 et
1368 4154 1406 4198 ea
1427 4121 1587 4199 insedicat

209 4231 452 4315 mclicetque,
475 4242 507 4297 et
526 4236 681 4312 ostendat,
708 4240 782 4312 (seu
810 4235 977 4309 efficiat..)
1003 4255 1116 4315 ρσυνυι
1143 4235 1262 4315 aridem
1291 4236 1381 4297 istion
1404 4234 1459 4313 sac
1487 4236 1585 4315 ipsum

205 4331 373 4407 pretiosius
399 4350 511 4413 corpus
531 4333 657 4396 Domini
676 4334 736 4396 Dei
762 4341 792 4396 et
817 4334 991 4397 Saloatoris
1016 4336 1117 4396 nostri
1137 4332 1212 4395 Jesu
1240 4333 1372 4406 Cliriiti;
1401 4341 1431 4394 et
1459 4333 1584 4395 calicem

208 4427 289 4490 iimo
314 4431 412 4509 ipsum
429 4433 597 4510 pretiosum
619 4434 796 4514 sanquinem
817 4432 940 4504 Domiii‘
960 4432 1036 4508 Dei,
1065 4440 1121 4497 etc.
1146 4431 1222 4494 Illud
1252 4448 1327 4494 vero
1355 4424 1492 4514 ποίησον
1518 4433 1584 4512 sac,

99 4597 102 4602 4
210 4543 269 4606 quo
292 4546 401 4592 sensus
424 4529 599 4593 conturbari
621 4531 842 4612 quodammodo
866 4532 1002 4609 videtur,
1025 4549 1086 4594 ιιοιι
1108 4531 1200 4595 hebet
1222 4531 1321 4595 codex
1351 4532 1491 4612 antiquus
1520 4532 1584 4612 Py·

208 4627 316 4688 romuli
338 4647 427 4709 quem
449 4630 523 4693 vidit
544 4629 677 4693 lacobus
700 4631 846 4710 Gentius,
869 4641 903 4694 ut
925 4634 991 4712 ipse
1023 4632 1168 4694 observet
1197 4630 1233 4693 ad
1257 4631 1422 4714 hiturgiem
1445 4630 1585 4714 Chryso-

211 4727 317 4804 immi,
342 4729 372 4790 in
395 4747 453 4809 que
476 4748 513 4791 ee
536 4748 598 4792 vox
620 4733 773 4793 occurrit:
802 4731 857 4794 sed
887 4734 982 4813 prima
1016 4731 1162 4793 orationis
1193 4728 1306 4809 verba,
1335 4732 1419 4792 οιίίίο
1446 4730 1586 4809 spiritsm

211 4833 348 4888 sanctim
370 4834 452 4890 tinem
472 4830 505 4890 in
531 4847 589 4890 nos
618 4837 648 4891 et
675 4832 707 4891 in
735 4830 812 4891 tinec
840 4831 923 4893 dona
947 4831 1123 4909 proposita,
1153 4828 1263 4890 habent
1291 4827 1447 4909 adjunctas
1474 4845 1585 4909 preces

212 4923 326 5006 aliquot
346 4925 458 4990 breves
489 4935 549 4989 tum
579 4928 769 5007 Sacerdotis,
804 4935 864 4990 tum
894 4929 1038 5005 Diaconi,
1069 4945 1145 5008 quas
1174 4928 1313 5008 sequitur
1340 4926 1420 4989 istud
1447 4920 1586 5011 ποίησον
1706 4985 1715 5000 ,

209 5012 266 5086 νῦν
285 5019 345 5101 μὲν
373 5014 470 5112 οἴρτυν
490 5025 623 5104 τοῦτον,
650 5019 759 5104 τίμιον
788 5025 887 5106 σῶμα
913 5026 973 5094 τοῦ
1001 5021 1152 5112 Χριστοῦ
1175 5041 1279 5092 σου...
1302 5026 1365 5088 Fac
1382 5045 1495 5107 panem
1515 5027 1587 5108 cui·

249 5161 363 5205 τιιυιι
1328 5143 1380 5217 44
