4525 6034
444 583 557 661 ΒΕΑΤΙ
582 583 718 663 JACOBI
744 584 982 663 IlllEllPllb'llS
1009 582 1180 662 EPISCOPI
1204 584 1395 663 naussum.
1529 587 1605 660 379

237 781 272 843 et
297 773 467 844 caritatem
493 794 621 860 varam,
647 783 767 846 statum
793 773 977 868 aequalem,
1003 795 1071 846 non
1098 775 1303 846 accusationi
1325 770 1519 864 obnoxium,
1546 774 1608 846 sed

237 888 440 961 modestum:
475 887 645 961 effundens
673 912 861 985 supernos
887 912 949 984 per
974 889 1238 961 misericordiam
1263 900 1352 962 tuam
1379 891 1490 960 omnia
1516 887 1607 961 bona

238 1003 456 1091 abundantia,
489 1026 553 1099 per
586 1003 836 1078 benedictiones
872 1017 946 1078 tuas
982 1005 1223 1078 indeficientes:
1257 1028 1425 1078 conserva
1466 1026 1527 1076 ecs
1563 1004 1605 1076 ab

238 1119 390 1192 omnibns
417 1126 598 1213 angustiis3
623 1133 767 1217 protege
792 1122 869 1193 illos
897 1122 938 1194 ab
966 1121 1117 1194 omnibns
1146 1120 1394 1210 offensionibus,
1421 1131 1455 1193 et
1472 1130 1606 1215 praesta

235 1235 301 1307 illis
327 1246 365 1307 ut
389 1237 562 1332 perlioiaut
588 1242 696 1310 onmia
724 1238 858 1310 dextra:
893 1237 1065 1332 deducque
1091 1259 1154 1309 nos
1181 1261 1298 1311 omnes
1326 1238 1368 1310 ad
1393 1237 1491 1309 finem
1518 1234 1608 1307 illum

236 1350 378 1442 bonum,
406 1356 461 1447 qui
487 1357 672 1448 promissus
699 1365 751 1428 est
777 1353 929 1426 omnibus
955 1356 1019 1449 piis
1046 1364 1080 1426 et
1103 1356 1219 1446 justis,
1253 1365 1288 1426 et
1312 1354 1376 1428 illis
1404 1357 1459 1449 qui
1484 1352 1608 1425 faciunt

236 1467 443 1541 voluntatem
469 1467 568 1542 tuam.
608 1472 659 1543 Tu
687 1473 774 1543 enim
800 1493 839 1543 es
866 1469 958 1542 solus
974 1470 1096 1542 Pastor
1113 1469 1233 1558 bonus,
1261 1482 1295 1543 et
1315 1473 1436 1543 veniae
1454 1470 1606 1562 largitor,

238 1587 295 1678 qui
319 1586 509 1658 voluntarie
535 1586 695 1660 tradidisti
722 1597 755 1659 te
783 1590 904 1682 ipsum,
934 1595 967 1656 et
992 1586 1140 1659 liberasti
1166 1589 1291 1660 animas
1318 1587 1462 1683 perditas
1489 1596 1523 1659 et
1548 1585 1608 1659 tibi

236 1700 379 1792 gloriam
406 1702 593 1793 referimus,
621 1713 655 1775 et
669 1703 760 1775 Patri
786 1712 857 1792 tuo,
884 1704 937 1796 qui
963 1701 1061 1775 bonis
1087 1702 1300 1798 petitionibus
1322 1708 1444 1794 annuit,
1472 1713 1506 1776 et
1520 1702 1605 1800 Spi-

237 1819 312 1888 ritui
340 1830 456 1891 sancto
484 1831 540 1893 tuo
568 1823 624 1914 qui
649 1818 800 1892 vivificat
825 1828 1015 1908 creaturas,
1041 1841 1143 1913 nunc,
1170 1830 1234 1893 eto.

341 1934 503 2028 Papulas.
556 1937 675 2009 Amen.

341 2051 530 2123 Diaconos.
583 2052 729 2123 Benedic
756 2053 908 2124 Domine.
965 2117 967 2122 ,

339 2166 525 2242 Sacerdos.
577 2167 723 2240 Benedic
750 2166 920 2257 omnibuS,
947 2177 1010 2240 etc.

606 2523 1241 2575 ψ

419 2987 476 3084 ΙΝ
506 2985 833 3078 illatarum
863 2983 1079 3080 tuddul
1119 2981 1407 3078 EDESSENI

830 3211 1004 3295 aaran.

600 3513 635 3583 1.
682 3511 809 3583 Jacobs·
834 3511 1039 3606 interpretis
1064 3511 1241 3582 Edasseai.

333 3705 448 3785 Naum
476 3716 554 3779 illius
583 3719 662 3781 inter
689 3716 842 3779 Jacobitas
872 3715 1099 3779 celeberrimum
1126 3724 1190 3795 cst,
1220 3723 1252 3778 et
1284 3717 1363 3778 inter
1393 3723 1495 3778 sectae
1524 3715 1603 3779 illius

234 3823 376 3884 doctores
404 3837 464 3881 narr
492 3820 609 3882 minima
638 3828 686 3883 est
707 3820 802 3900 ipsius
825 3817 953 3901 digmtas
977 3826 1007 3882 et
1029 3820 1183 3884 autoritas.
1230 3819 1362 3882 Vocatur
1384 3826 1484 3882 autem
1505 3820 1603 3883 inter-

234 3940 319 4004 pres,
341 3920 409 4002 quia
432 3920 533 3982 varios
555 3921 586 3983 in
608 3917 725 3983 sacram
749 3917 933 3999 Scriptorum
948 3920 1180 3983 commentarios
1203 3919 1335 4000 scripsit,
1358 3917 1528 4000 exquibus
1552 3928 1602 3982 te·

235 4020 373 4083 alimonia
395 4020 508 4101 passim
530 4018 703 4082 releruntur
729 4021 758 4081 in
782 4016 904 4082 Catenis
927 4017 1059 4100 Syriacis
1082 4027 1113 4082 et
1134 4018 1282 4081 Arabicis.
1327 4017 1469 4099 Ejusdem
1491 4020 1619 4083 mentio

234 4119 268 4183 lit
290 4139 308 4182 a
330 4118 481 4202 Gregorio
504 4118 715 4203 Abullaragio,
738 4127 798 4181 tum
821 4118 852 4180 in
874 4116 1004 4181 llistoria
1025 4117 1249 4199 Dyuastiarum,
1271 4125 1332 4179 tum
1356 4118 1386 4179 in
1409 4117 1474 4179 aliis
1497 4119 1603 4197 operi-

234 4218 307 4282 bus:
336 4226 370 4280 ut
397 4220 485 4281 etiam
511 4237 530 4280 a
556 4218 643 4281 Mose
672 4217 828 4298 Barcapba
855 4218 887 4279 in
909 4217 1051 4281 Tractatu
1081 4216 1119 4279 de
1142 4216 1284 4280 Paradiso
1308 4224 1339 4279 et
1360 4218 1551 4297 expositione
1572 4218 1602 4277 in

238 4319 459 4381 llexaemeron.
503 4317 615 4380 Extant
645 4335 764 4399 quoque
795 4317 878 4380 varia
906 4316 971 4397 ejus
1002 4315 1135 4379 deJure
1157 4315 1373 4379 Ecclesiastico
1395 4315 1603 4395 Responsum

235 4418 449 4480 Nomocanone
474 4415 617 4499 Syrorum
638 4418 856 4493 lacobltarum,
887 4415 999 4478 lumin
1027 4414 1215 4479 collectione
1237 4433 1314 4496 quae
1336 4414 1493 4497 subjicitur
1522 4417 1602 4477 anti-

235 4516 379 4595 quissimo
403 4515 674 4579 Codioillledioeo:
697 4536 735 4578 ex
758 4516 865 4597 quibus
887 4534 948 4577 nou
969 4533 1066 4597 pauca
1089 4514 1135 4578 bis
1157 4515 1188 4577 in
1210 4515 1288 4577 notis
1311 4512 1348 4576 ad
1370 4514 1520 4596 Liturgias
1543 4514 1600 4577 de-

235 4617 411 4696 cerpsimus.
455 4614 501 4679 De
529 4616 581 4678 illo
611 4616 732 4697 scripsit
762 4616 887 4678 Faustus
916 4614 1065 4677 Naironus
1088 4615 1118 4675 in
1140 4613 1267 4695 Evoplia
1289 4632 1362 4692 sua,
1385 4614 1440 4676 sed
1462 4632 1499 4678 ea
1522 4633 1600 4695 quae
1648 4630 1732 4700 namt.
1747 4649 1774 4701 p.
1792 4632 1837 4686 aa.

236 4714 377 4777 tenebras
401 4716 500 4794 potius
522 4715 676 4793 historiae,
699 4706 894 4796 quamlucem
917 4714 1055 4782 inierant.
1083 4712 1224 4776 biterrim
1243 4721 1381 4776 vocatum
1402 4712 1483 4774 illum
1505 4712 1599 4776 luisse

234 4813 370 4891 Malsoao
392 4813 570 4877 Ductorem.-
596 4832 657 4877 non
685 4832 768 4878 vere.
813 4812 841 4876 ls
869 4815 979 4897 quippe
1006 4813 1109 4877 titulus
1138 4815 1280 4895 proprius
1308 4821 1355 4876 est
1377 4812 1463 4875 alteri
1484 4813 1600 4877 Jacobo

233 4910 419 4976 Batnanensi
442 4921 473 4976 et
487 4912 652 4997 Serugensi
664 4913 829 4995 Episcopo,
853 4913 890 4978 de
903 4933 962 4996 quo
975 4914 1102 4977 diximus
1115 4914 1153 4975 ad
1165 4914 1229 4995 ejus
1237 4911 1412 4997 liturgiam.
1437 4912 1600 4994 Utrumque

234 5010 360 5074 saeculo
377 5013 505 5092 septimo
529 5013 643 5075 vixisse
665 5012 780 5089 scribit,
803 5021 834 5076 et
855 5013 1054 5092 nibilominus,
1077 5014 1186 5094 inquit:
1211 5011 1383 5074 Ortbodooer'
1398 5031 1418 5074 a
1431 5013 1602 5075 audoaldus

235 5108 401 5172 Catholicis
411 5109 616 5175 Orientalibus
636 5120 823 5193 reputantur,
846 5131 914 5176 eum
934 5115 966 5177 io
988 5133 1092 5177 aarum
1112 5114 1237 5195 scriptis
1249 5131 1326 5194 puae
1338 5105 1601 5192 mrcamsmuatum

274 5234 396 5280 nomaso.
457 5267 464 5281 .
1345 5215 1390 5291 51
