4525 6034
442 653 450 670 .
571 587 1162 669 SANCTIJACOBI.
1475 584 1546 660 131

197 803 274 878 quac
298 775 542 877 commisimus!
567 789 603 851 ut
633 782 668 851 in
694 776 867 867 omnibus,
899 774 1117 870 glorificetur,
1150 785 1185 847 et
1214 775 1402 848 celebretur
1428 795 1550 848 nomen

101 875 105 886 ⁴
194 907 277 970 tuum
300 894 526 968 honorandum
552 881 587 968 et
611 893 832 985 benedictum,
859 893 1020 990 simulque
1035 892 1167 966 Domini
1193 896 1299 966 nostri
1319 893 1401 966 Jesu
1428 888 1551 964 Christi

193 1025 225 1086 et
247 1011 386 1110 Spiritus
413 1015 654 1103 sanctinum,
681 1023 744 1085 etc.

163 1189 175 1222 ,
288 1129 448 1223 Populos.
503 1130 604 1201 Sicut

285 1245 469 1318 Sacerdos.
522 1243 773 1319 Misericordiae
800 1244 863 1316 Dei
891 1247 965 1316 sint.

284 1362 461 1436 Socerum
484 1366 618 1457 sruopii
643 1368 678 1434 et
703 1364 834 1454 ripuut:
859 1355 1040 1432 Dioconue
1065 1361 1151 1431 dicit
1177 1358 1396 1431 Cottoiicom.

423 1672 598 1744 Sacerdos
624 1673 709 1745 dicit
736 1673 934 1744 Orationem
959 1677 1040 1743 onte
1065 1671 1165 1744 Pater
1190 1637 1315 1743 noster.

285 1880 379 1954 Deus
406 1889 439 1952 et
464 1890 560 1977 pater
585 1881 719 1955 Domini
744 1882 850 1953 nosti
875 1881 957 1952 Jesn
984 1878 1122 1971 Christi,
1149 1881 1205 1974 qni
1232 1902 1252 1950 a
1278 1875 1457 1950 Cherubim
1482 1877 1550 1950 he-

187 1985 362 2086 nediceris‚
389 2006 424 2069 et
449 2021 469 2069 a
495 1996 671 2093 Seraphim
697 1995 931 2085 sanctificaris,
965 2002 1086 2093 quique
1118 2021 1139 2069 a
1169 1995 1288 2069 millies
1322 1980 1482 2082 millenis,
1517 2002 1550 2065 et
1675 2003 1677 2012 ’

188 2113 295 2186 decies
323 2114 441 2187 millies
468 2113 581 2187 decies
606 2113 761 2205 millenis,
789 2118 996 2189 exercituum
1026 2112 1242 2212 spiritualium
1268 2110 1463 2199 extolleris,
1496 2112 1551 2206 qui

187 2228 383 2320 oblationes,
410 2240 445 2303 et
469 2229 595 2304 fructus
622 2235 736 2326 quiin
763 2232 900 2305 odorem
928 2255 1067 2305 suavem
1093 2229 1153 2304 tibi
1179 2228 1280 2304 oblati
1307 2238 1394 2317 sunt,
1421 2230 1553 2301 sancti-

184 2345 262 2420 ficas
290 2357 326 2419 et
351 2347 501 2443 perficis:
530 2348 700 2421 sanctifica
727 2351 825 2422 etiam
853 2353 990 2440 animas,
1016 2371 1160 2446 corpora
1186 2358 1220 2421 et
1246 2347 1378 2444 spiritus
1405 2354 1553 2432 nostros,

186 2473 221 2534 nt
243 2464 349 2538 corde
375 2486 459 2561 puro
486 2474 521 2536 et
545 2464 634 2537 facio
659 2487 728 2538 non
754 2465 911 2556 confina,
943 2470 1138 2541 invocemus
1170 2474 1223 2553 te,
1256 2473 1350 2560 pater
1382 2462 1553 2551 coelestis,

188 2601 388 2677 oremusque
414 2591 449 2653 et
474 2580 631 2656 dicamus.
683 2583 784 2655 Pater
809 2595 925 2656 noster
951 2587 1006 2680 qui
1032 2605 1071 2658 es
1096 2586 1131 2655 in
1156 2582 1271 2655 coelis.

291 2697 456 2793 Populus.
508 2697 750 2788 Sanctificetur,
776 2709 839 2772 etc.

290 2813 476 2886 Sacerdos⁸
528 2816 683 2904 nomine,
709 2838 753 2888 ne
779 2816 916 2889 moneas
941 2838 1003 2891 nos
1028 2820 1064 2889 in
1089 2815 1315 2901 tentationem,
1342 2820 1405 2883 etc.
1433 2820 1467 2883 et
1491 2834 1554 2885 re-

188 2928 336 3005 seremus
361 2931 419 3004 tihi
446 2929 588 3023 gloriam
614 2942 648 3003 et
673 2936 853 3025 gratiarum
880 2931 1043 3007 actionem
1071 2945 1105 3006 et
1129 2932 1309 3026 unigenito.
1345 3025 1347 3034 Ι

292 3047 456 3142 Populus.
507 3049 626 3122 Amen.

295 3164 480 3237 Sacerdos.
533 3165 617 3236 Pax.

292 3280 455 3374 Populos.
507 3279 651 3352 Etcum
678 3283 794 3377 spiritu
819 3292 886 3355 tuo.

293 3395 482 3468 Dionnum.
533 3396 692 3470 inclinate
718 3402 827 3494 capita
853 3409 967 3472 vestra
993 3401 1149 3473 Domino.

293 3511 455 3607 Populos.
510 3512 633 3586 Coram
660 3525 703 3586 te.

293 3628 479 3701 socerum.
531 3630 776 3704 Inclinavenrnt
814 3630 872 3704 tibi
910 3635 1018 3728 capita
1061 3647 1122 3705 sua
1164 3632 1254 3704 servi
1296 3634 1340 3705 tui
1378 3653 1555 3731 pauperes,

190 3748 268 3839 qnia
297 3744 415 3819 divites
444 3757 519 3819 sunt
545 3747 795 3821 misericordiae
822 3758 914 3822 tuae:
949 3752 1040 3822 mitto
1065 3750 1208 3822 Domine
1234 3748 1496 3838 benedictiones,
1523 3759 1558 3822 et

190 3861 361 3936 cancrffica
388 3866 533 3954 animas,
565 3887 708 3961 corpora
740 3875 774 3937 et
806 3869 940 3961 spiritus
975 3870 1119 3938 omnium
1145 3876 1314 3957 nostrum,
1348 3875 1382 3938 et
1412 3865 1468 3938 iac
1493 3888 1556 3940 nos

190 3976 314 4070 dignos
341 3981 603 4054 communicandi
628 3985 796 4078 mysteriis
823 3980 1065 4055 vivificantibus
1083 3980 1205 4054 Christi
1224 3982 1409 4055 Salvatoris
1436 3986 1556 4057 nostri:

188 4095 443 4190 reseremusque
469 4096 526 4168 tihi
552 4098 692 4190 gloriam
719 4108 752 4170 et
777 4098 907 4171 landem
934 4109 968 4171 et
993 4103 1171 4193 unigenito.

298 4210 457 4305 Populos.
510 4213 630 4286 Amen.

297 4326 479 4399 Socerum.
531 4329 615 4402 Pax.

298 4443 460 4537 Populus.
513 4445 657 4519 Etcum
684 4451 797 4543 spiritu
824 4458 890 4521 tuo.

298 4559 481 4634 Sacerdos.
532 4563 615 4637 Sint

301 4676 489 4749 Diaconos.
543 4679 625 4753 Cum
654 4683 781 4753 timore.
833 4680 938 4778 Kprie
965 4682 1102 4757 eleison.

300 4793 459 4889 Populos.
512 4794 605 4871 Unus
631 4807 734 4893 pater.

230 4933 319 4977 10111118
330 4933 356 4977 ΙΙ.
