4525 6034
681 554 757 632 tuo
1187 548 1549 627 LITURGIA

679 761 829 833 consque
854 759 918 813 nos
944 741 1062 814 iterum
1085 735 1128 809 ad
1155 739 1257 807 vitam
1284 744 1451 822 nostram,
1478 756 1499 804 a
1525 755 1615 804 vana
1641 732 1857 829 loquacitate,
1884 743 1917 803 et
1940 736 2030 803 noxia

680 878 792 927 rerum
819 854 977 927 inutilium
1004 875 1098 941 cura,
1126 852 1270 944 adjunge
1296 872 1360 923 uos
1388 873 1463 922 cum
1489 853 1531 921 iis
1558 851 1612 943 qui
1639 859 1673 920 te
1700 848 1857 941 diligunt,
1884 849 1924 920 ad
1948 851 2036 917 insti·
2117 845 2120 850 “

679 974 840 1043 tutionem
867 995 888 1042 a
915 977 948 1040 te
975 967 1220 1065 accipiendam:
1247 976 1429 1062 propterea
1457 967 1544 1037 enim
1570 975 1604 1036 et
1630 964 1794 1057 ejusmodi
1808 986 1918 1035 rerum
1937 985 2037 1049 causa,

681 1108 769 1157 nunc
803 1088 979 1182 poenitens
1005 1084 1162 1157 Ecclesia
1194 1094 1249 1154 tua
1283 1081 1483 1179 deprecatur
1514 1090 1548 1152 te
1582 1091 1616 1151 et
1650 1101 1713 1174 per
1743 1089 1778 1150 te
1812 1089 1909 1175 atque
1943 1090 2037 1150 neom

681 1203 815 1274 Patrem
842 1212 932 1274 tuum
959 1200 1083 1272 dicens.

787 1316 949 1411 Populos.
1001 1318 1176 1389 Miserere.
1333 1314 1518 1385 Sacerdos.
1571 1310 1644 1384 Nos
1672 1333 1814 1407 quoque.

786 1433 948 1526 Populea.
1001 1431 1052 1502 Te
1079 1430 1262 1503 laudamus.
1772 1415 1778 1425 „

785 1548 975 1619 Diaconos.
1030 1546 1136 1632 Quam
1165 1545 1306 1618 timenda
1333 1543 1386 1616 est
1411 1542 1496 1616 haec
1521 1541 1614 1616 hora.

817 1821 995 1894 Sacerdos
1020 1821 1204 1892 inclinatur
1230 1820 1315 1889 dicit
1341 1818 1597 1890 invocationem
1623 1816 1776 1910 Spiritus
1800 1818 1923 1886 saucii
1983 1803 1989 1809 ⁶

784 2008 879 2082 Mitte
906 2008 1002 2083 nobis
1023 2009 1182 2106 Spiritum
1209 2020 1358 2081 sanctum
1377 2006 1566 2092 Dominum,
1593 2005 1830 2093 vivificantem,
1862 2008 1921 2099 qui
1947 2007 2041 2077 omnia

682 2124 832 2219 perficit,
861 2128 916 2220 qui
944 2128 1033 2197 omni
1060 2123 1144 2197 hora
1178 2123 1267 2196 dona
1294 2123 1429 2213 dividit,
1464 2134 1497 2195 et
1530 2120 1709 2208 distribuit,
1743 2121 1952 2214 largiturque
1980 2124 2044 2192 sin-

682 2238 770 2330 gulis
796 2250 896 2335 prout
921 2240 1005 2330 vult,
1033 2244 1087 2336 qui
1115 2238 1268 2312 omnihus
1295 2242 1472 2334 proximus
1499 2247 1566 2325 est,
1597 2258 1707 2332 neque
1734 2235 1812 2308 loco
1838 2239 2042 2308 circumscri-

681 2353 786 2426 bitur:
816 2357 870 2449 qui
897 2358 1000 2427 vitant
1028 2376 1146 2428 eorum
1173 2357 1227 2450 qui
1254 2358 1371 2426 vivunt
1397 2362 1597 2442 conservat,
1632 2361 1666 2422 et
1696 2355 1884 2424 sanctitatis
1918 2365 2044 2427 saucto-

682 2492 755 2542 rum
780 2471 952 2567 perfector
979 2481 1040 2544 est.
1068 2472 1163 2544 Mitte
1190 2494 1265 2542 eum
1292 2470 1335 2541 ad
1360 2490 1423 2541 nos
1449 2469 1604 2554 Domine,
1632 2477 1667 2539 ut
1694 2489 1900 2563 permanes
1927 2477 2044 2541 nostras

682 2588 888 2678 peccatrices
916 2586 1003 2660 dona
1030 2585 1115 2659 haec
1141 2574 1296 2682 proxima
1323 2595 1474 2679 tangens,
1500 2606 1569 2657 uon
1596 2583 1864 2671 ministerialiter,
1894 2585 1954 2657 sed
1979 2594 2045 2655 tan-

684 2722 783 2794 quam
808 2703 983 2791 Dominus,
1010 2725 1119 2798 neque
1147 2706 1272 2799 typice,
1299 2701 1362 2774 sed
1386 2699 1547 2797 perfecte.

786 2815 938 2888 Elecons
973 2839 1099 2888 nocem.
1154 2818 1278 2889 Panem
1306 2815 1437 2912 quidem
1463 2816 1561 2907 hunc,
1596 2815 1699 2889 iaciat
1731 2829 1864 2910 corpus*
1892 2792 2062 2909 Unigeniti'

602 2921 610 2926 ’
683 2934 742 3004 tui:
774 2953 898 3025 corpus
931 2955 1139 3029 praeparans
1172 2935 1404 3006 remissionem
1435 2944 1652 3029 peccatorum
1687 2941 1899 3022 nostrorum,
1941 2955 2047 3028 eorpus

683 3046 813 3120 donans
840 3047 1182 3144 incorruptibilitatem
1208 3048 1361 3121 sunnam.

787 3163 950 3256 Populos.
993 3165 1124 3236 ‘Amen

788 3278 973 3351 Sacerdos.
1004 3273 1019 3314 ⁰
1045 3279 1089 3351 Et
1116 3279 1254 3352 calicem
1282 3283 1379 3351 istum
1407 3280 1526 3361 efficiat
1553 3279 1595 3352 ad
1629 3282 1862 3351 remissionem
1897 3287 2049 3375 peecato-

683 3416 758 3465 rum
783 3403 987 3484 nostrorum
1015 3393 1058 3466 ad
1083 3398 1369 3490 participationem
1397 3395 1585 3490 adoptionis
1611 3394 1767 3482 filiorum,
1802 3404 1836 3466 et
1872 3395 1917 3465 ad
1942 3397 2047 3488 pignus

686 3512 780 3582 vitae
806 3509 947 3582 futurae.
1033 3587 1043 3622 a

787 3625 950 3717 Populos.
1002 3627 1123 3698 Amen.

787 3738 973 3812 Sacerdos.
1026 3741 1099 3815 Nos
1127 3753 1237 3813 autern
1264 3742 1406 3813 Domine
1434 3744 1467 3812 in
1494 3741 1695 3813 immunditia
1723 3740 1887 3832 demersi,
1916 3754 1951 3814 et
1975 3764 2051 3813 cou-

683 3852 804 3927 turbati
831 3878 893 3950 pro
921 3857 984 3928 illis
1012 3879 1098 3952 quae
1125 3859 1305 3949 gessimus,
1332 3859 1573 3929 conscientiam
1598 3855 1717 3928 fiducia
1744 3858 1884 3952 plenam
1912 3881 1979 3932 uon
1995 3858 2054 3929 ha-

682 3968 813 4063 bemus,
839 3971 901 4042 sed
928 3973 1154 4045 tantummodo
1180 3976 1213 4043 iu
1241 3971 1469 4043 misericordia
1497 3982 1530 4042 et
1547 3972 1723 4044 elementia
1738 3982 1802 4059 tua,
1832 3997 1937 4069 quam
1954 3973 2052 4046 aluu-

686 4085 803 4158 danter
830 4109 1022 4183 supernos
1049 4088 1204 4177 effudisti,
1231 4086 1453 4178 confidentes,
1480 4090 1552 4160 ausi
1578 4108 1691 4159 sumus
1725 4089 1895 4162 accedere
1919 4090 1971 4170 ad
2000 4112 2054 4160 sa·

685 4201 857 4274 cerdotale
889 4202 954 4273 hoc
988 4206 1206 4276 ministerium
1240 4202 1418 4274 timendum
1451 4214 1484 4274 et
1522 4203 1736 4275 tremendum.
1790 4205 1849 4276 Ex
1882 4206 2053 4278 ministerio

683 4316 787 4410 legali
821 4327 856 4389 et
887 4318 1022 4394 umbras
1055 4319 1147 4392 solas
1181 4322 1371 4391 continente
1407 4317 1489 4398 nillil
1524 4318 1699 4414 quidquam
1740 4319 1958 4408 adducimus,
1996 4340 2054 4390 nou

683 4430 815 4528 tiphon,
844 4437 1043 4507 amictumve
1071 4440 1275 4530 pretiosum,
1301 4458 1370 4507 non
1396 4438 1538 4524 mitram,
1565 4457 1631 4505 nou
1657 4434 1802 4530 phialam
1838 4460 1977 4533 auream
2009 4444 2056 4506 aut

682 4552 812 4636 tiaram,
840 4571 949 4644 neque
976 4548 1100 4623 hovem
1127 4554 1259 4643 integre
1287 4548 1446 4641 oblatum,
1472 4572 1541 4622 non
1564 4550 1690 4622 hircum
1716 4575 1779 4647 pro
1806 4557 1974 4647 peccatis,
1999 4570 2057 4621 non

683 4667 822 4736 arietem
848 4663 1045 4760 perlectum,
1071 4688 1139 4737 non
1165 4665 1303 4738 vitulam
1330 4665 1448 4753 rufam,
1476 4676 1510 4736 et
1536 4664 1666 4761 absque
1686 4667 1829 4757 macida,
1856 4689 1930 4740 non
1956 4677 2055 4738 trrrtrr-

683 4801 755 4850 rem
790 4789 846 4851 aut
880 4773 1086 4869 columbam,
1119 4782 1180 4853 sed
1218 4804 1338 4878 panem
1371 4777 1384 4815 ⁷
1419 4803 1465 4852 ex
1499 4781 1606 4855 simila
1639 4785 1770 4855 mistum
1797 4804 1876 4854 curn
1915 4784 2004 4869 oleo,
2028 4790 2056 4851 et

683 4892 791 4985 thure,
817 4899 851 4966 in
880 4896 1017 4967 odorem
1046 4900 1218 4969 suavitatis
1245 4897 1303 4969 tibi
1330 4896 1513 4970 offerimus:
1546 4919 1656 4991 neque
1689 4902 1776 4969 enim
1809 4906 1951 4993 poterat
1981 4916 2055 4968 sau-

684 5012 759 5100 guis
794 5020 963 5085 taurorum
997 5020 1054 5084 aut
1085 5012 1252 5085 hircorum
1285 5011 1419 5085 auferre
1458 5017 1633 5110 peccatum
1668 5014 1789 5085 mundi.
1842 5012 1926 5085 Lux
1959 5022 2054 5085 auum
