4525 6034
685 495 735 570 lv
1183 495 1558 575 DISSERTATIO

689 688 961 781 interpretatione
986 687 1117 781 possint
1149 687 1235 756 inter
1261 706 1300 757 se
1326 685 1506 756 conciliari.
1532 683 1733 775 Lutberana,
1760 684 1948 775 Helvetica,
1975 683 2053 758 Ge-

685 805 865 891 nevensis,
891 801 1101 893 Anglicana,
1129 799 1282 890 Sentice,
1308 808 1344 870 ut
1376 798 1459 871 alias
1491 811 1755 896 praetereamus,
1788 806 1853 874 etsi
1885 801 2054 877 multoties

684 917 834 1007 relictae,
860 921 993 990 omnino
1020 916 1190 1006 differunt,
1217 939 1284 990 non
1311 915 1410 988 modo
1436 919 1470 987 in
1496 915 1720 1006 orationibus,
1747 928 1803 991 aut
1830 923 2053 993 caeremoniis

686 1059 773 1132 quae
799 1039 929 1127 integra
955 1031 1020 1106 lide
1041 1044 1076 1105 et
1102 1031 1273 1129 disciplina
1301 1032 1396 1104 aliter
1421 1055 1461 1106 sc
1486 1031 1611 1106 babere
1636 1044 1788 1130 possunt,
1803 1035 1863 1107 sed
1890 1038 1924 1106 in
1945 1058 2052 1131 prae-

687 1154 793 1247 cipuis
817 1149 985 1247 partibus.
1038 1149 1148 1222 Notae
1184 1158 1259 1221 sant
1284 1152 1535 1221 controversiae
1563 1172 1649 1244 quae
1683 1147 1748 1222 boc
1779 1154 1814 1222 in
1856 1162 2054 1244 argumento

686 1267 763 1341 illos
798 1276 1029 1339 exercnenmt.
1082 1266 1270 1360 Anglicana
1303 1262 1364 1337 sub
1397 1263 1553 1338 Eduardo
1586 1263 1643 1336 Vl
1670 1268 1815 1338 instituta
1843 1277 1877 1338 et
1900 1290 1968 1341 non
1995 1268 2053 1341 le-

687 1387 775 1456 viter
800 1392 935 1472 mutata,
962 1385 1102 1479 ineptias
1130 1382 1271 1456 Calvino
1298 1383 1486 1469 continere,
1513 1381 1573 1453 scd
1599 1380 1790 1454 tolerabiles
1813 1383 1958 1475 judicata
1984 1395 2053 1457 est:

689 1500 751 1575 sub
779 1496 971 1572 Elisabetha
998 1509 1032 1570 et
1056 1496 1187 1571 lacobo
1213 1498 1237 1571 l.
1265 1497 1459 1585 emendata,
1491 1498 1603 1570 Scotis
1630 1498 1794 1595 Papistica
1820 1503 1893 1571 visa
1929 1509 1993 1589 est,
2020 1510 2057 1572 et

689 1615 850 1689 seditiose
875 1618 1019 1707 rejecta3
1047 1624 1112 1687 tum
1149 1637 1169 1685 a
1203 1612 1375 1709 parricidis
1408 1613 1678 1687 Parlamentariis
1711 1637 1902 1712 suppressa,
1929 1640 2054 1690 novam

687 1734 838 1803 restituto
866 1730 990 1804 Carolo
1016 1731 1056 1803 ll.
1082 1730 1224 1803 formam
1251 1733 1386 1826 accepit
1414 1729 1458 1802 Et
1483 1753 1566 1804 sane
1593 1735 1775 1804 communis
1797 1731 1970 1825 Litargiae
1995 1734 2055 1805 lex

689 1851 776 1920 inter
810 1871 870 1922 eos
904 1871 984 1921 esse
1015 1847 1103 1920 nulla
1138 1857 1261 1943 potest,
1298 1850 1354 1941 qui
1388 1845 1430 1919 de
1465 1850 1622 1939 materia,
1657 1847 1698 1920 de
1724 1847 1843 1939 forma,
1870 1848 1911 1921 dc
1937 1847 2057 1921 ritibus

688 1963 905 2060 Apostolicae
939 1964 1112 2056 Liturgiae
1146 1985 1214 2035 non
1246 1967 1470 2053 consentiunt,
1503 1963 1586 2036 lassi
1619 1966 1750 2036 nescire
1790 1987 1830 2038 se
1868 1988 1934 2060 quo
1967 1988 2056 2061 pane

692 2077 842 2154 Christus
868 2104 948 2155 usus
974 2080 1084 2170 fuerit,
1112 2102 1178 2174 qao
1204 2082 1304 2151 vino:
1332 2078 1450 2174 quibus
1476 2078 1591 2153 verbis
1604 2081 1761 2176 Apostoli
1787 2091 1960 2176 utrumque
1986 2079 2056 2153 be-

688 2196 891 2269 nedixerint:
918 2220 962 2268 an
987 2195 1094 2269 verba
1121 2193 1242 2268 Christi
1269 2198 1460 2268 necessaria
1487 2199 1567 2268 sint:
1586 2219 1673 2291 quae
1688 2199 1834 2268 venetas
1863 2200 1951 2270 sacri
1973 2201 2055 2270 ritus

689 2310 830 2385 formam
855 2312 999 2385 funditus
1026 2315 1156 2390 evertit.

386 2451 549 2524 unargus
565 2452 678 2521 :aitqua
792 2428 911 2524 Neque
938 2426 1086 2521 objicere
1112 2425 1210 2501 nobis
1236 2437 1376 2525 possunt
1402 2428 1578 2501 discrimen
1605 2427 1683 2501 illud
1709 2429 1797 2524 quod
1822 2432 1908 2502 inter
1928 2429 2056 2503 Orien-

370 2539 541 2638 ⁰¹³⁸¹¹¹P¹ll⁰³
558 2547 585 2592 ⁰⁸
600 2536 678 2592 ⁰⁰⁰5·
691 2546 790 2618 tolem
825 2556 859 2617 et
892 2543 1141 2618 Occidentalem
1174 2547 1289 2633 ritum,
1323 2556 1378 2616 aut
1416 2544 1618 2639 singularem
1664 2544 1844 2641 aliquarum
1880 2549 2056 2639 insignium

367 2625 929 2783 fffissvssff‘llcclesiarmn,
957 2660 1237 2751 animadvertitur,
1264 2662 1358 2753 cajus
1392 2659 1526 2734 diversa
1561 2684 1698 2756 prorsus
1724 2665 1809 2734 ratio
1836 2673 1906 2734 est:
1935 2667 2057 2759 quippe

532 2772 537 2779 ’
692 2781 862 2853 orationes
889 2787 923 2849 et
949 2780 1181 2849 caeremoniae
1208 2781 1478 2873 praeparatoriae
1511 2777 1609 2850 aliter
1641 2779 1770 2873 disponi
1792 2788 1942 2874 possunt,
1970 2776 2057 2851 abs-

690 2919 755 2992 que
779 2893 847 2967 ullo
873 2893 1039 2991 periculo:
1067 2893 1216 2965 oscultuo
1249 2904 1325 2966 ante
1358 2892 1598 2990 praelationem
1629 2897 1663 2965 in
1691 2893 1846 2968 Oriente:
1884 2898 1917 2966 in
1946 2893 2055 2965 Occi-

690 3014 789 3086 dente
824 3021 900 3083 ante
938 3007 1211 3083 communionem
1254 3008 1510 3107 praescribitur3
1545 3013 1590 3081 ita
1623 3009 1785 3105 Symboli,
1819 3021 1853 3082 et
1888 3011 2057 3083 Orationis

689 3132 885 3203 Dominica'e
920 3129 1087 3201 recitatio:
1119 3125 1202 3200 haec
1237 3138 1313 3201 sunt
1353 3124 1577 3198 indifferentia.
1630 3125 1755 3197 Verum
1789 3125 1878 3198 nulla
1914 3150 2057 3223 unquam

690 3257 788 3322 vetus
814 3234 966 3336 Lit'urgia
999 3246 1073 3317 visa
1100 3254 1164 3329 est,
1190 3247 1225 3314 in
1260 3267 1323 3339 qua
1350 3242 1554 3328 adhortatio,
1582 3264 1680 3336 quam
1711 3242 1958 3316 Praefationem
1984 3265 2057 3315 vo-

691 3384 817 3454 camus,
844 3382 912 3453 non
938 3368 1147 3449 occurreret3
1173 3368 1239 3430 tum
1265 3382 1385 3454 preces
1412 3358 1631 3431 Sacerdotum
1660 3362 1764 3431 variis
1790 3359 1905 3435 verbis
1939 3384 2056 3458 expo-

691 3483 796 3567 sitae,
832 3476 893 3551 sed
931 3499 1017 3571 quae
1058 3476 1208 3548 eamdem
1252 3478 1447 3549 sententiam
1491 3474 1671 3548 efficerent.
1725 3473 1903 3549 Continent
1936 3500 2058 3574 nempe

691 3595 807 3667 laudes
842 3594 906 3665 Dei
941 3601 975 3664 et
1007 3595 1187 3685 gratiarum
1223 3597 1371 3666 actiones
1406 3613 1465 3688 pro
1499 3590 1669 3664 beneficiis
1704 3594 1778 3684 ejus
1816 3597 1850 3665 in
1883 3594 2059 3666 humanum

692 3732 813 3803 genus,
835 3731 973 3805 quorum
996 3711 1221 3806 praecipuum,
1247 3709 1337 3781 salus
1358 3720 1471 3781 nostra
1492 3708 1562 3798 brit,
1582 3732 1644 3804 per
1661 3708 1936 3800 lncamationem,
1959 3734 2058 3783 mor-

692 3838 826 3922 temque
850 3828 1010 3919 unigeniti
1036 3824 1093 3896 lilii
1120 3828 1192 3918 ejus
1219 3825 1299 3897 Jcsu
1327 3824 1450 3899 Christi
1462 3826 1596 3897 Domini
1622 3829 1735 3899 nostri.
1788 3826 1943 3922 Sequitur
1958 3848 2058 3898 com-

692 3947 888 4016 memoratio
915 3941 1049 4013 ultimae
1077 3938 1226 4029 Coenae,
1253 3944 1528 4036 institutionisque
1555 3941 1779 4016 sacramenti:
1812 3942 2059 4037 verborumque

693 4059 816 4134 christi
841 4061 1013 4154 repetitio:
1041 4062 1209 4130 invocatio
1235 4058 1277 4129 ad
1304 4058 1533 4154 postulandum
1569 4058 1745 4129 adventum
1780 4062 1884 4131 sancti
1916 4059 2060 4154 Spiritus

691 4180 725 4247 in
753 4176 839 4249 dona
865 4177 1050 4272 proposita,
1076 4177 1152 4247 sive
1178 4184 1266 4265 ante,
1294 4177 1368 4249 sive
1393 4173 1493 4271 paulo
1520 4183 1598 4268 post
1623 4176 1837 4268 pronunciata
1856 4173 1962 4246 verba
1979 4175 2060 4246 Do-

691 4295 829 4367 minica:
856 4294 1024 4364 orationes
1052 4289 1094 4361 de
1110 4288 1262 4365 omnibus
1289 4299 1323 4364 et
1344 4313 1406 4386 pro
1428 4288 1598 4363 omnibus:
1620 4292 1776 4361 vivorum
1803 4300 1845 4382 et
1857 4300 2060 4363 mortuorum

691 4409 976 4484 commemoratio.
1028 4406 1122 4477 llaec
1149 4409 1269 4495 omnia,
1295 4417 1431 4504 praeter
1455 4404 1700 4478 Praelationem
1733 4415 1767 4477 et
1790 4404 1897 4478 verba
1925 4404 2059 4495 Christi,

693 4547 780 4619 quae
805 4528 840 4596 in
865 4523 1128 4597 lutheranorum
1160 4532 1194 4594 et
1218 4523 1404 4616 Anglorum
1438 4521 1555 4597 officiis
1582 4532 1718 4596 servata
1745 4532 1836 4611 sunt,
1863 4520 2055 4594 reclaman-

693 4636 782 4711 tibus
806 4641 878 4712 aliis
904 4640 1158 4725 Protestantiam
1181 4637 1353 4729 sodalitiis,
1378 4649 1531 4735 tanquam
1558 4641 1800 4736 superstitiosa,
1827 4636 1957 4713 sublata
1974 4648 2060 4711 sont.

694 4753 743 4826 At
767 4777 882 4828 omnes
908 4766 1045 4829 veteres
1071 4755 1243 4848 Liturgiae
1267 4758 1353 4828 irrter
1379 4778 1418 4829 se
1444 4758 1664 4847 consentiunt,
1691 4779 1777 4851 quac
1803 4758 1981 4852 praecipua
2008 4766 2063 4827 est

696 4874 895 4967 antiquitatis
922 4884 956 4945 et
981 4875 1181 4945 sinceritatis
1207 4882 1304 4947 nota:
1321 4896 1395 4944 cum
1413 4872 1551 4946 coenae
1577 4872 1798 4946 celebrandae
1824 4871 1932 4945 forma
1958 4871 2058 4962 nulla,

695 4998 853 5061 autenm
884 4988 957 5061 aliis
991 4991 1025 5061 in
1050 4988 1300 5063 Reformatione
1325 4993 1423 5079 natis,
1457 4998 1511 5061 aut
1537 5014 1611 5062 cum
1645 4992 1879 5086 antiquissimis
1906 4988 2061 5080 Graecis,
