4525 6034
539 581 580 657 Ill
604 514 813 655 tumetum
838 574 1020 653 cumcun
1046 574 1076 652 S.
1102 573 1247 651 busitu.
1491 567 1567 642 327
1596 592 1605 601 ’

209 786 290 831 aare.
332 766 479 829 iudicate
500 767 603 846 capita
622 772 724 827 creba
744 761 828 840 Deo,
858 762 897 824 ita
926 762 957 824 in
983 760 1106 836 Latino,
1135 757 1297 820 Humiliate
1323 775 1380 819 oor
1410 755 1453 818 ud
1473 753 1568 817 berre-

209 868 373 928 dictionm
418 863 452 926 ln
474 862 600 927 Gothico
623 860 736 925 blissab
757 859 1007 941 praescribuntur
1028 858 1180 922 orationes
1202 872 1280 937 quae
1308 854 1464 933 dicuntur,
1494 853 1570 916 Part

209 966 437 1028 commeationem
458 970 489 1026 et
512 962 672 1025 Colieetw
702 959 769 1023 talis
791 959 840 1022 illa
863 966 911 1023 est
931 958 963 1022 in
983 958 1075 1022 blissa
1104 958 1135 1019 in
1164 955 1213 1019 dic
1243 955 1411 1019 Natiuitatis
1437 950 1567 1016 Domini.

208 1063 520 1140 debis,Domine
540 1079 736 1143 quaeamus,
758 1060 908 1122 mediam
933 1059 1040 1120 menda
1061 1065 1090 1119 et
1111 1057 1264 1136 emporia,
1295 1056 1376 1137 qood
1403 1054 1441 1116 ae
1470 1053 1571 1115 soracti
1638 1103 1645 1116 .
1718 1100 1726 1117 .

207 1163 313 1225 muna
335 1165 380 1225 tui
400 1162 604 1224 benedictione
623 1160 823 1240 percipimus,
844 1166 879 1220 at
897 1159 987 1221 mallis
1008 1155 1244 1219 odoeraitatibur
1266 1156 1489 1235 opprimamrtr‚
1518 1152 1570 1234 qui

208 1264 281 1324 tmui
300 1262 429 1324 remedii
445 1261 680 1342 pmaapatione
701 1259 858 1321 ιιιιιιιὲιιιιιν.
902 1257 977 1319 Tum
998 1257 1130 1319 occurrit
1151 1253 1298 1336 prolixior
1315 1253 1485 1316 benedictio
1506 1270 1568 1333 po-

207 1360 284 1442 puli,
306 1361 345 1423 ad
367 1360 455 1422 linem
477 1359 587 1422 Missae
608 1357 826 1420 innocentium.
867 1356 977 1421 Similis
1000 1357 1030 1418 in
1051 1356 1143 1419 llissa
1171 1355 1413 1419 circumcisionis
1435 1352 1566 1416 Domini:

207 1458 256 1520 ubi
278 1459 393 1541 duplex
414 1460 545 1523 occurrit
566 1475 625 1521 una
648 1465 734 1536 ante,
758 1456 852 1519 altera
873 1464 946 1538 post
966 1456 1212 1519 communionem.
1257 1454 1421 1534 Respicere
1442 1454 1569 1533 dipnare
1639 1497 1646 1511 .
1719 1495 1726 1508 .

207 1557 261 1620 itas
275 1560 406 1639 populor
427 1567 503 1633 tuos,
525 1558 577 1638 qai
593 1577 653 1637 per
673 1557 771 1618 nostri
790 1557 856 1618 oris
877 1554 1008 1637 officiam
1026 1555 1263 1618 benedictionem
1275 1559 1394 1614 mamam
1408 1551 1490 1612 dona
1511 1550 1569 1611 tle-

207 1655 351 1717 aideraat.
373 1656 465 1738 lleple
485 1675 538 1719 eoa
559 1663 629 1717 mae
650 1655 778 1717 reiciam
798 1655 976 1731 oolammda,
1002 1662 1037 1716 at
1056 1656 1088 1716 im
1109 1652 1256 1727 amnibur,
1278 1651 1487 1715 mandatorem
1507 1649 1570 1710 im-

203 1756 304 1835 perio,
325 1757 398 1835 pice
417 1758 621 1818 venerationis
639 1753 823 1834 famulantia
844 1751 955 1834 officio.
1000 1752 1110 1815 Aoerte
1122 1750 1278 1832 jommdas
1303 1757 1334 1812 et
1357 1750 1471 1811 moaias
1496 1766 1570 1810 con-

204 1873 311 1933 potum
333 1855 517 1935 vulpaus,
540 1862 596 1917 ete.
640 1854 673 1917 ln
695 1852 847 1931 secunda,
878 1852 1044 1915 Benedicat
1063 1870 1119 1914 oor
1139 1851 1286 1913 Dominus
1313 1851 1513 1928 armipotenm
1541 1852 1572 1908 et

204 1971 259 2032 per
280 1951 498 2015 mmdaatiam
518 1954 746 2017 misericordiae
767 1970 842 2013 auae
864 1970 920 2013 cor
938 1960 1070 2013 oestrum
1092 1949 1284 2013 corroboret:
1306 1956 1431 2010 mertem
1452 1947 1571 2009 samti-

205 2052 285 2130 βαι,
308 2054 405 2113 eitam
425 2054 601 2134 amplificet,
623 2053 834 2114 castimoniam
861 2051 998 2126 decoret,
1028 2059 1117 2132 atque
1144 2067 1250 2111 semmaa
1278 2054 1395 2110 cerbon
1422 2048 1455 2108 ia
1484 2046 1571 2109 borda

207 2152 362 2230 operibus,
396 2171 512 2232 semiper
545 2154 699 2233 aedificet:
730 2169 881 2231 prospera
909 2149 1038 2226 tribuat,
1070 2169 1178 2230 pacem
1207 2146 1360 2210 concedat.
1408 2143 1571 2206 Variantur

206 2249 273 2312 illae
293 2249 521 2314 benedictiones
543 2252 709 2315 secundum
731 2250 867 2313 diversas
890 2249 1101 2330 solennitates,
1125 2254 1303 2332 argumento
1319 2250 1416 2307 sunto
1439 2262 1479 2306 ex
1500 2259 1569 2324 my-

208 2351 305 2412 steriis
330 2368 456 2432 quorum
478 2353 578 2433 agitur
599 2351 756 2427 memoria,
779 2356 830 2413 aut
851 2368 891 2412 ex
912 2358 1082 2413 sanctorum
1105 2365 1233 2431 quomun
1260 2344 1339 2409 festa
1367 2343 1569 2422 celebrantur,

207 2450 296 2513 rebus
320 2452 427 2533 gestis.
471 2450 514 2513 lta
536 2453 567 2514 in
589 2450 653 2514 eliis
676 2450 795 2515 oldoiis:
817 2467 935 2531 unaque
949 2448 1237 2512 omniumsententia
1252 2453 1312 2521 est,
1334 2451 1367 2507 ut
1380 2442 1570 2506 benedictio-
1599 2439 1705 2494 P·289·
1720 2442 1891 2498 mabit.

207 2554 259 2612 iles
281 2568 378 2631 super
399 2551 541 2632 populum
563 2550 714 2633 mysteriis
736 2548 916 2612 salutaribus
939 2547 1102 2628 reiectum,
1124 2567 1142 2611 a
1164 2547 1230 2610 Deo
1253 2543 1453 2623 emmdmtur,
1475 2561 1570 2624 prae·

208 2650 309 2712 sertim
334 2667 410 2712 vero
432 2650 616 2732 spirituales:
639 2668 740 2730 neque
761 2650 934 2713 omittuntur
964 2666 1076 2730 preces
1107 2645 1146 2710 ad
1168 2643 1328 2708 obtinenda
1350 2643 1451 2706 divina
1472 2643 1571 2706 bene-

208 2746 287 2827 licia,
312 2748 352 2812 ad
374 2748 461 2832 bujus
484 2750 562 2813 vitae
591 2749 834 2829 tranquillitatem
863 2756 894 2811 et
923 2750 1124 2812 securitatem.
1174 2746 1258 2809 llaec
1286 2760 1362 2807 vero
1395 2750 1464 2806 sunt
1493 2758 1572 2825 quae

212 2846 321 2911 taltimis
352 2849 409 2912 illis
444 2848 628 2913 orationibus
660 2850 866 2924 continentur,
896 2866 990 2929 quae,
1025 2855 1058 2910 ut
1090 2848 1180 2910 etiam
1215 2843 1378 2925 Copticae,
1410 2862 1451 2906 ex
1480 2844 1571 2908 variis

210 2943 356 3030 liturgiis
379 2947 524 3011 collectae
547 2957 630 3027 sunt,
654 2956 684 3011 et
706 2947 762 3011 sub
785 2946 912 3011 diversis
935 2948 1027 3010 titulis
1049 2946 1199 3028 leguntur.

311 3047 437 3128 Reliqua
459 3066 537 3129 quae
560 3046 597 3111 ad
619 3048 705 3110 istam
727 3045 892 3129 liturgiam
914 3053 1042 3129 possent
1068 3045 1241 3122 observari,
1272 3060 1338 3105 eum
1365 3042 1396 3103 in
1426 3040 1505 3103 notis
1533 3040 1572 3103 ad

212 3143 283 3209 alias
307 3146 459 3227 explicata
481 3149 556 3226 sint,
579 3149 787 3228 praeterimus.

575 3316 1207 3368 ψ

392 3583 975 3701 intitulatio
1028 3580 1402 3702 eilbold

716 3787 853 3866 sancit
894 3787 1066 3866 GREGORll

611 3961 1173 4081 ltbxltbnltlb

670 4284 672 4291 s
799 4158 978 4243 muln
1056 4238 1061 4247 .

641 4416 801 4508 Litarpia
826 4413 949 4486 Sancti
976 4415 1146 4510 Greparii.
1402 4440 1405 4449 ’
1620 4446 1650 4501 Ρ.
1667 4448 1711 4501 aa

303 4575 378 4655 Eu
408 4604 475 4648 cum
502 4584 669 4664 Basiliam,
700 4591 907 4666 repraesentat
929 4583 1034 4648 Codex
1063 4582 1177 4665 Regius
1206 4584 1506 4648 Graeco-Arabicus:
1534 4585 1573 4648 de

215 4709 313 4773 eaque
333 4690 412 4753 idem
434 4688 591 4753 dicendum
613 4695 661 4751 est
682 4687 762 4770 quod
784 4687 823 4751 de
849 4687 1058 4769 praecedenti:
1086 4705 1224 4773 magnam
1253 4688 1368 4752 scilicet
1397 4707 1466 4752 esse
1493 4688 1573 4752 illius

216 4807 283 4851 eum
307 4788 432 4871 Coptica
455 4787 708 4865 conformitatem,
742 4787 819 4850 adeo
842 4796 874 4850 ut
896 4805 955 4850 una
977 4795 1009 4852 et
1031 4788 1136 4853 eadem
1157 4787 1262 4851 haberi
1284 4787 1403 4852 debeat:
1435 4805 1502 4849 oum
1523 4787 1573 4850 di-

217 4890 344 4952 versitas
366 4890 404 4951 sit
426 4889 457 4951 in
479 4887 536 4950 illis
559 4888 632 4953 solis
655 4886 859 4967 emtionibus,
881 4905 958 4969 quae
980 4886 1018 4951 ad
1039 4904 1156 4951 sacram
1178 4888 1336 4952 Actionem
1357 4905 1413 4951 seu
1426 4887 1574 4970 Anapbo-

217 5005 281 5049 ram
302 4990 425 5070 proprie
448 4988 556 5051 dictam
577 5006 637 5051 non
659 4994 810 5069 spectent:
832 4994 866 5050 ut
887 4995 956 5051 sunt
977 4987 1232 5070 praeparatoriae,
1256 4987 1422 5051 Gmtiarum
1436 4987 1574 5068 actionis,

217 5092 248 5148 et
271 5087 345 5151 aliae
367 5087 536 5152 nonnullae.

1393 5244 1414 5283 Ν
