4525 6034
391 597 443 674 DE
458 592 715 672 LITURGlhRUM
733 588 990 671 estsimilis
1006 591 1156 673 cnidus
1173 597 1221 672 ET
1234 596 1485 674 amouimus
1590 594 1639 668 xl

267 791 405 876 meque
445 781 661 853 Testamento
699 777 772 850 heri
814 776 948 851 solebat
983 781 1161 874 antiquitus
1196 790 1230 852 et
1263 783 1298 851 in
1331 779 1485 852 ominibus
1520 781 1638 856 officiis

259 894 501 993 praescribitur
526 905 560 967 at
586 918 661 967 eam
688 893 889 991 sequebatur
915 893 1019 986 vulgo
1051 895 1195 967 Humilia
1231 895 1274 967 ad
1308 895 1487 991 populum,
1522 897 1638 992 quales

258 1022 336 1083 sunt
364 1009 599 1106 chrysostomi
624 1020 661 1081 et
684 1010 864 1102 hamelini
889 1007 1090 1104 permultae:
1117 1021 1185 1082 hum
1210 1011 1367 1084 aliversae
1391 1015 1560 1084 orationes
1575 1034 1638 1084 re-

254 1125 449 1198 citabantur
475 1150 495 1198 a
522 1125 729 1215 Sacerdote,
759 1124 886 1221 populo
910 1125 1155 1219 respondente,
1187 1127 1308 1198 Amen
1359 1126 1501 1222 Reliqua
1532 1149 1639 1222 usqua

143 1312 151 1327 ,
252 1240 301 1312 sd
334 1240 604 1330 Praelationem,
634 1240 814 1313 secundum
845 1241 962 1312 varios
993 1244 1096 1329 ntus,
1135 1239 1199 1313 alio
1235 1252 1336 1337 atqtre
1367 1242 1432 1313 alio
1464 1242 1565 1315 modo
1601 1266 1640 1315 se

250 1353 450 1446 habebunt,
475 1356 565 1429 nullo
590 1355 686 1448 idei,
713 1364 769 1427 aet
793 1354 941 1427 siolaus
967 1354 1161 1451 disciplinae
1188 1357 1394 1429 detrimento.

364 1501 569 1576 Praefationi
608 1500 787 1576 secumdum
823 1501 975 1576 Graeom
1016 1514 1051 1575 et
1084 1503 1272 1577 Orientales
1313 1526 1452 1595 omnes,
1491 1507 1638 1577 osculum

254 1621 354 1714 pacis
379 1620 547 1715 praemitti
573 1616 678 1706 solet,
705 1618 855 1712 quodie
882 1618 1078 1708 Occidente,
1112 1629 1148 1691 ut
1181 1618 1372 1715 plurimam,
1406 1621 1476 1692 dari
1510 1618 1641 1693 solebat

256 1733 362 1830 paulo
391 1742 468 1804 ante
495 1731 780 1805 Gommmrionem.
833 1732 925 1805 lilius
949 1737 1031 1807 ritus
1059 1756 1157 1830 ιιιιιιιιι
1184 1737 1257 1830 ipse
1275 1734 1398 1807 Paulus
1425 1735 1533 1807 multis
1549 1733 1639 1829 Epi-

262 1850 358 1923 stolis
385 1851 455 1921 suis
480 1851 662 1944 praecipit,
689 1850 908 1920 meminemmt
931 1858 1068 1922 veteres
1093 1872 1201 1947 propa
1228 1871 1344 1921 omnes
1370 1849 1491 1921 Graeci
1517 1860 1551 1922 et
1566 1849 1640 1921 Lo-

265 1967 339 2053 tini,
366 1963 606 2054 Tertullianus,
631 1963 798 2055 lustinus,
826 1962 973 2060 cyrillus
999 1964 1345 2061 Hierosolymitanus,
1378 1962 1639 2061 chrysostomus
1655 1995 1717 2046 rsa
1735 1997 1765 2045 a,
1783 1996 1853 2047 orn
1876 2011 1899 2046 ο,
1920 1996 1965 2048 u,

271 2089 302 2152 et
333 2079 424 2151 multi
466 2080 531 2151 alii.
591 2077 809 2168 Adhortatio,
849 2100 936 2174 quae
974 2080 1100 2151 initium
1131 2080 1354 2154 Praefationis
1389 2091 1460 2171 est,
1501 2081 1641 2152 &rmus
1654 2080 1696 2130 Al
1715 2079 1790 2131 Uec-
1805 2098 1829 2131 ⁶·
1843 2081 1947 2131 ΝΜ·

274 2193 391 2282 cordo,
419 2206 454 2266 et
479 2217 567 2290 quae
592 2204 791 2289 sequuntur,
818 2193 1011 2267 eorumdem
1037 2194 1267 2290 frequentibus
1292 2199 1488 2271 tesdmouiis
1514 2194 1641 2269 confir·
1654 2166 1710 2302 ssss·
1723 2166 1749 2301 ζ,
1765 2165 1823 2302 fif
1842 2164 1911 2217 ’Μ’

274 2320 403 2381 uantur.
455 2309 607 2406 Hymnus
634 2308 840 2382 Cherubious
867 2310 1033 2400 Saucius,
1058 2311 1222 2401 weho,
1256 2311 1424 2402 mbas,
1465 2333 1531 2408 quo
1564 2323 1641 2384 ter-

189 2428 194 2437 '
274 2427 423 2519 minetur,
459 2425 596 2499 eosdem
623 2436 728 2501 testes
763 2424 880 2518 habet,
912 2429 1206 2522 vetustissimaque
1238 2431 1381 2500 omnium
1415 2427 1642 2502 Ecclesiarum

276 2545 490 2617 consensione
515 2544 561 2614 ita
576 2541 800 2633 confirmatam,
826 2551 863 2613 ut
887 2541 976 2614 nuda
995 2545 1154 2616 novitatis
1171 2545 1360 2640 suspicione
1378 2545 1513 2640 aspergi
1531 2551 1640 2639 queat

370 2691 507 2763 Oretum
533 2712 613 2765 esse
637 2694 723 2763 inter
749 2712 847 2766 sacra
878 2694 1059 2787 mystesia,
1088 2714 1151 2787 pro
1184 2691 1359 2784 omibus,
1393 2713 1641 2766 commemora·

270 2807 389 2878 tionem
424 2815 635 2898 sanctorum,
666 2815 734 2878 tum
765 2808 922 2878 vivorum
962 2816 997 2879 et
1030 2816 1241 2889 mortuorum⁴
1275 2807 1417 2900 lacum,
1453 2807 1641 2900 singulares

265 2942 327 3017 pro
354 2943 439 3017 pase
465 2932 502 2994 et
525 2922 677 2995 omnbus
703 2921 962 2997 nscessitatibus
989 2926 1160 2996 orationes
1185 2922 1292 2995 iactas
1318 2922 1442 3012 inisse,
1477 2943 1546 2994 non
1572 2924 1641 2993 mi-

263 3059 326 3109 nus
355 3047 482 3109 certum
508 3047 624 3111 estex
649 3040 783 3133 antiqua
803 3036 995 3109 traditione:
1023 3061 1090 3132 quo
1111 3037 1228 3110 ordine
1247 3038 1376 3133 disponi
1392 3036 1547 3127 debeant,
1572 3058 1641 3109 nou

260 3156 413 3226 interest
569 3146 574 3155 ’

368 3281 426 3354 Ad
451 3302 584 3355 sacrans
608 3282 786 3354 Actionem
816 3283 1028 3378 pervenitur,
1063 3283 1228 3353 enarratis
1260 3281 1325 3351 Dei
1350 3302 1434 3373 erga
1465 3279 1641 3352 humanum

254 3419 374 3493 genus
405 3397 594 3487 beneflciis,
636 3396 726 3470 iacta
758 3398 1076 3470 commemoratione
1107 3397 1226 3469 summi
1258 3394 1471 3469 redemtionis
1503 3405 1641 3468 nostrae

252 3516 434 3610 mysterii,
461 3523 499 3585 et
520 3514 729 3587 instintionis
746 3510 976 3585 Eucharistiae
1000 3531 1063 3607 per
1080 3512 1197 3585 lesum
1213 3507 1399 3600 Christum,
1426 3513 1520 3603 cujus
1534 3510 1642 3585 verba

252 3632 463 3719 recitantur,
490 3651 532 3700 ea
557 3630 755 3724 praesertim
781 3627 915 3723 quibus,
942 3635 980 3699 ut
994 3626 1187 3699 Tutanum
1200 3625 1359 3723 Spanius
1371 3625 1528 3721 loquitur,
1554 3646 1642 3698 cor-

248 3769 323 3840 pus
351 3767 447 3816 sassa
472 3750 508 3815 et
538 3746 735 3839 sanquinem
767 3744 907 3814 tudere
940 3764 979 3816 se
1011 3742 1186 3836 discipulis
1218 3763 1287 3813 noa
1323 3742 1468 3839 obscure
1502 3748 1643 3816 εειιαέιιι

252 3868 333 3949 est,
361 3862 436 3932 sine
463 3858 582 3954 quibes
608 3863 802 3932 consecrari
826 3857 1067 3932 Iduchmistiam
1094 3879 1194 3929 nemo
1220 3860 1306 3930 inter
1333 3855 1543 3931 christianos
1570 3880 1640 3929 ve·

251 3987 356 4049 teres
383 3977 757 4071 unquamexistimevit.
808 3970 907 4047 Unde
934 3976 968 4045 in
990 3971 1143 4046 omnibus
1160 3975 1396 4069 cujuscumque
1413 3977 1495 4047 ritus
1512 3983 1546 4045 et
1571 3974 1641 4046 lin-

253 4112 374 4187 guae,
401 4090 521 4162 eadem
546 4089 706 4183 religIose
731 4090 981 4187 pronuncianda
1005 4089 1295 4186 praescribuntur,
1322 4100 1356 4162 et
1380 4090 1544 4162 inmitis
1571 4110 1641 4187 po·-

254 4208 363 4304 pules
391 4209 519 4294 maes,
546 4205 589 4277 ad
615 4204 693 4277 hdei
718 4228 801 4278 suae
827 4208 1049 4280 testimoniann
1075 4205 1260 4298 adjungere
1282 4205 1427 4298 jubetur.

370 4353 410 4426 ln
436 4353 658 4428 Orientalibus
684 4352 843 4447 Liturgiis
870 4358 1017 4450 sequium
1045 4357 1166 4445 statim,
1192 4365 1230 4426 ut
1253 4354 1446 4450 plurimum,
1472 4355 1642 4428 luvooatio

260 4472 413 4568 Spiritus
439 4473 565 4559 sancti,
593 4469 636 4542 ad
661 4469 892 4566 postulandum
920 4473 994 4562 ejus
1019 4468 1171 4564 illapsum
1184 4473 1220 4540 in
1235 4468 1321 4541 dona
1334 4473 1519 4567 proposita,
1545 4492 1641 4567 mam

263 4588 453 4660 orationem
491 4585 570 4657 licet
606 4604 674 4657 non
708 4584 853 4658 habeam
885 4578 1118 4660 Occidentales
1149 4584 1340 4677 Litargiae,
1376 4585 1494 4657 muas
1532 4595 1642 4658 tamen

267 4704 441 4781 medones
467 4704 657 4791 aestuent,
689 4722 775 4796 quac
802 4700 847 4773 sd
871 4722 946 4773 eam
977 4698 1097 4797 referri
1129 4711 1289 4796 possunt,
1321 4723 1396 4772 cmo
1429 4702 1508 4774 hant
1542 4720 1643 4796 super

270 4817 357 4888 dona
381 4818 452 4908 jam
467 4825 678 4889 consecrata,
726 4814 815 4889 lilius
841 4816 1066 4889 msooadonts
1093 4815 1215 4888 Graeci
1229 4817 1349 4890 Patres
1374 4816 1642 4913 frequentissime

271 4935 470 5005 merrtionam
495 4931 638 5022 faciam,
671 4931 756 5005 adeo
783 4943 820 5006 ut
844 4935 917 5029 ipsa
943 4928 1050 5004 verba
1077 4953 1097 5002 a
1123 4930 1288 5005 nonnullis
1322 4931 1526 5028 referuntur,
1560 4944 1642 5005 uta

273 5045 400 5143 Gynilo
427 5047 751 5145 Hierosolymitano,
777 5059 811 5122 et
836 5050 1064 5144 meiqussmo
1088 5047 1239 5144 irenaeo.

1186 5199 1188 5202 .
1388 5167 1411 5238 2
1426 5166 1448 5209 Ι·
