4525 6034
572 612 626 688 AD
641 608 848 686 LITURGlAll
865 605 1059 685 COPllCAbl
1074 608 1105 685 S.
1120 608 1266 685 BASlLll.
1539 607 1615 682 157

243 796 383 860 obesibus
405 796 469 859 suis
487 794 620 877 Cyrillus
643 797 707 878 ejus
722 793 891 875 Episcopus
913 794 986 855 satis
1008 792 1161 876 designat:
1186 744 1614 875 Constantinopolitanampa-

240 897 314 958 riter
336 915 377 958 ex
398 896 605 978 chrysostomi
628 894 821 971 testimoniis,
846 893 974 973 quisque
996 890 1084 954 iacile
1106 894 1285 977 agnoscitz)
1309 901 1341 955 et
1362 893 1399 956 ab
1419 893 1484 955 aliis
1500 912 1614 958 saecu-

240 997 276 1059 lis
288 995 326 1058 ad
340 995 416 1065 baec
429 1015 526 1076 usque
540 1002 709 1077 postrema,
732 993 824 1071 actis,
847 992 947 1071 libris,
971 993 1169 1055 monumentis
1183 992 1328 1074 publicis,
1352 993 1479 1056 testibus
1493 994 1613 1058 tandem

240 1095 367 1158 oculatis
390 1103 509 1158 constet
537 1113 603 1158 eam
625 1092 833 1157 Eucharistiae
855 1091 1082 1155 consecrandae
1104 1089 1229 1154 formam
1257 1111 1275 1155 a
1298 1091 1423 1157 Graecis
1450 1101 1612 1173 servatam,

240 1214 330 1277 quam
341 1195 497 1277 Litargiae
512 1200 761 1276 repraesentant,
784 1190 856 1254 nibil
871 1191 965 1255 refert
980 1192 1080 1254 sintne
1094 1189 1218 1270 lacobi,
1242 1200 1293 1254 aut
1307 1192 1425 1271 Basilii,
1442 1198 1492 1254 aut
1508 1189 1612 1274 Chry-

239 1296 377 1372 sostomi,
401 1313 469 1357 cum
492 1293 559 1356 illas
581 1293 740 1357 Ecclesiae
763 1309 870 1354 vocem
893 1310 962 1355 esse
985 1298 1120 1370 constet,
1146 1309 1223 1372 quac
1244 1294 1395 1373 potiorem
1416 1309 1472 1355 sua
1495 1294 1613 1355 autori-

239 1402 332 1456 tatem
356 1411 418 1456 non
432 1394 582 1476 agnoscit.
605 1393 659 1455 llis
682 1393 723 1454 ita
745 1391 928 1471 constitutis,
951 1393 1016 1471 ipsa
1040 1391 1148 1471 quibus
1171 1391 1276 1455 Critici
1296 1391 1450 1475 bitmgias
1473 1393 1611 1473 antiquas

242 1501 451 1576 oppugnatum
475 1494 595 1556 iverunt
618 1499 807 1575 argumenta,
829 1497 864 1554 ut
885 1508 937 1553 eas
959 1491 1178 1572 suppositionis
1207 1498 1239 1554 et
1268 1490 1336 1555 ialsi
1365 1491 1612 1572 condemnarent,

238 1611 384 1656 summam
408 1591 521 1655 babent
542 1594 572 1655 in
595 1591 711 1655 illarum
733 1591 892 1654 autoritate
913 1589 1090 1653 stabilienda
1107 1590 1168 1652 vim
1191 1597 1222 1652 et
1243 1589 1418 1655 efficaciam.
1441 1590 1613 1654 Observant

237 1711 351 1775 preces
373 1700 406 1755 et
428 1694 635 1755 caeremonias
658 1691 772 1753 alienas
795 1709 812 1752 a
834 1690 937 1771 primis
959 1689 1118 1752 Ecclesiae
1146 1689 1289 1769 saeculis,
1312 1692 1389 1754 adeo
1418 1699 1451 1753 nt
1473 1698 1613 1770 autorum

238 1793 333 1854 aetati
356 1793 523 1855 convenire
552 1809 613 1854 non
642 1792 774 1873 possint:
799 1808 907 1871 nempe
939 1791 1010 1871 quia
1039 1789 1139 1852 addita
1166 1797 1236 1853 sunt
1258 1809 1299 1854 ex
1326 1791 1488 1872 posteriori
1516 1790 1612 1853 disci-

237 1890 333 1973 plina,
358 1910 446 1973 quam
469 1890 520 1953 lex
543 1889 690 1955 credendi
712 1888 867 1974 exigebat.
911 1887 1098 1953 Observatur
1126 1890 1205 1952 inter
1227 1890 1413 1972 exemplaria
1439 1890 1611 1971 divemitas,

238 1991 311 2071 quia
334 1991 365 2052 in
388 1991 518 2053 diversis
540 1990 686 2053 Ecclesiis
709 1989 897 2053 consuetudo
913 2007 968 2050 sua
990 1991 1101 2070 cuique
1115 1989 1272 2054 manebat:
1295 1998 1387 2071 atque
1410 1991 1451 2054 ita
1475 1990 1513 2053 do
1536 2008 1612 2055 cae·

238 2092 326 2155 teris.
370 2089 419 2153 Ex
442 2090 500 2153 illis
522 2092 615 2174 igitur
636 2089 792 2171 principiis
815 2087 853 2151 de
876 2087 1080 2152 Orientalibus
1108 2089 1252 2172 Liturgiis
1280 2088 1437 2153 serendum
1466 2098 1533 2153 erat
1557 2092 1612 2172 jn-

239 2190 362 2267 dicium,
392 2208 454 2253 nou
483 2209 522 2252 ex
550 2190 670 2252 minutis
700 2188 963 2252 observationibus
992 2189 1122 2267 criticis,
1148 2184 1188 2251 'in
1216 2190 1324 2270 quibus
1353 2191 1443 2253 etiam
1471 2189 1612 2272 plerique

238 2308 335 2371 saepe
357 2288 530 2352 hallucinati
552 2297 632 2352 suut.

328 2388 434 2469 ltaque
457 2387 552 2451 altera
575 2396 605 2451 et
627 2388 704 2450 hanc
726 2388 890 2469 praecipue
914 2403 991 2467 quae
1014 2387 1198 2450 inmanibus
1220 2395 1278 2467 est,
1301 2388 1444 2452 aBasilio
1468 2391 1610 2471 scriptam
1675 2388 1745 2441 ilaec
1758 2389 1872 2461 Licurgi·
1888 2407 1938 2445 um

240 2505 313 2550 esse
342 2505 405 2551 non
428 2487 624 2567 arbitramur,
652 2495 683 2549 et
713 2489 894 2550 contrariam
916 2487 1088 2568 opinionem
1111 2486 1239 2568 Coptitis
1262 2486 1467 2570 relinquimus.
1499 2490 1611 2553 Verum
1624 2475 1939 2545 ⁸¹¹²¹l¹¹i⁸⁸¹¹¹¹⁰¹⁴3⁰⁰¹⁰⁸⁵¹⁰

238 2586 328 2649 simul
352 2589 559 2650 constituimus
580 2607 621 2650 ex
635 2587 764 2649 omnium
786 2587 997 2669 Aegyptiacae
1018 2585 1177 2649 Ecclesiae
1199 2597 1458 2652 monumentorum
1472 2591 1612 2653 testimo·
1626 2560 1750 2630 ⁶⁰⁹⁶*
1771 2567 1940 2619 ⁰⁰¹³¹¹⁰⁶⁰⁴¹⁸²

237 2688 296 2749 niis
321 2687 522 2751 certissimum
544 2705 614 2751 esse
637 2687 717 2750 illam
739 2687 834 2767 ipsam
850 2685 1025 2767 Liturgiam,
1042 2686 1149 2749 saltem
1172 2687 1487 2753 ablubamedanorum
1509 2690 1612 2768 initiis,
1626 2656 1676 2701 Μ’

237 2794 422 2868 perpetuum
444 2789 474 2850 in
496 2786 643 2849 Ecclesiis
667 2786 801 2867 Copticis
829 2804 915 2848 usum
938 2785 1089 2862 babuisse,
1113 2788 1165 2867 qui
1187 2786 1323 2851 adhaec
1351 2806 1448 2870 usque
1475 2796 1615 2870 tempora

239 2895 433 2968 perseverat.
477 2886 525 2949 Ex
548 2905 586 2951 eo
610 2906 666 2950 nsu
687 2886 891 2950 Ecclesiamm
913 2893 994 2947 tanta
1022 2886 1088 2968 ejus
1118 2894 1167 2949 est
1193 2887 1274 2967 apud
1296 2886 1433 2970 Coptitas
1450 2891 1613 2970 autoritas,

241 2996 273 3050 ut
297 2994 370 3068 post
392 3005 497 3049 sacras
520 2989 699 3069 scripturas,
722 2987 867 3068 maj0rem
895 2984 1005 3047 nullam
1028 2993 1206 3067 agnoscant.
1236 2986 1303 3050 Etsi
1325 3006 1400 3050 vero
1424 2987 1552 3069 Coptitis
1576 2989 1621 3054 ab.

241 3086 294 3148 illo
324 3095 463 3167 tempore
493 3087 638 3168 propriae
661 3085 758 3149 factae
782 3085 904 3163 luerint,
934 3103 994 3148 non
1026 3093 1125 3147 tamen
1153 3086 1382 3151 existimandum
1412 3095 1470 3166 est,
1500 3106 1553 3151 eas
1582 3088 1615 3151 in

240 3186 362 3250 illorum
393 3195 477 3249 secta
505 3187 652 3270 originem
683 3185 842 3262 babuisse,
872 3204 979 3247 verum
1005 3184 1155 3249 basiliana
1185 3205 1263 3267 quae
1286 3185 1410 3249 duarum
1431 3187 1615 3268 reliquarum

241 3285 361 3364 Canon,
389 3294 424 3349 ut
453 3287 599 3366 diximus,
633 3288 754 3349 censeri
776 3285 878 3361 debet,
908 3304 948 3347 ex
977 3285 1098 3365 antiqua
1126 3284 1243 3348 Graeca
1273 3304 1421 3367 expressa
1448 3294 1506 3366 est,
1533 3286 1614 3349 unde

242 3394 372 3462 certum,
396 3404 463 3447 eam
485 3387 581 3468 ipsam
604 3405 674 3450 esse
696 3385 851 3467 liturgiae
874 3384 1010 3464 formam,
1035 3403 1112 3464 quae
1135 3384 1340 3449 Alexandriae
1365 3386 1421 3450 sub
1438 3385 1614 3450 Christianis

241 3485 479 3566 imperatoribus
497 3484 753 3566 frequentabatur.
776 3486 881 3567 Neque
905 3485 1106 3547 baecuostra
1128 3484 1226 3548 solum
1242 3487 1392 3549 sententia
1405 3493 1462 3566 est,
1486 3506 1552 3549 oum
1576 3486 1614 3549 de

242 3584 362 3647 illorum
386 3584 554 3648 ciliciorum
577 3586 753 3666 antiquitate
775 3583 983 3667 splendidiora
1006 3585 1096 3647 etiam
1118 3584 1288 3648 testimonia
1319 3586 1442 3649 tulerint
1462 3586 1613 3668 losepbus

244 3684 384 3766 Scaliger
407 3691 437 3746 et
451 3683 592 3747 Claudius
616 3685 790 3762 Salmasius,
812 3693 940 3764 uterque
962 3685 992 3746 in
1014 3684 1244 3747 Protestantium
1267 3686 1484 3749 communione.

329 3782 398 3865 lpsa
421 3783 567 3867 Liturgia,
590 3792 623 3847 nt
645 3786 733 3847 etiam
763 3785 794 3847 id
824 3803 841 3846 a
868 3784 955 3847 nobis
977 3783 1175 3861 observetur,
1203 3785 1315 3864 scripta
1344 3792 1390 3848 est
1422 3784 1526 3869 lingua
1549 3777 1902 3850 &Aegyptiacorum
2006 3824 2009 3835 ·
2036 3866 2040 3873 ι

241 3883 334 3964 ptica,
357 3883 415 3946 boc
438 3892 485 3947 est
499 3884 700 3967 Aegyptiam,
717 3903 795 3965 quae
818 3885 847 3946 in
862 3902 919 3946 usn
942 3890 1008 3947 erat
1021 3881 1076 3946 sub
1091 3881 1268 3946 Christianis
1284 3883 1520 3965 imperatoribus
1541 3895 1613 3950 ante
1892 3873 1896 3876 Α

241 3982 461 4046 Enbamedana
483 3991 629 4065 tempora.

330 4084 441 4146 Versio
464 4083 596 4147 Arabica
619 4085 657 4148 ab
680 4084 795 4166 aliquot
816 4082 946 4147 saeculis
970 4082 1008 4145 ad
1030 4100 1115 4145 oram
1145 4082 1267 4165 adjungi
1289 4082 1379 4163 solet,
1403 4104 1444 4146 ex
1467 4101 1527 4165 qno
1550 4085 1614 4149 Co-
1627 4090 1717 4146 Verrio
1732 4091 1787 4160 ejus
1801 4091 1924 4146 Arabica.

240 4183 322 4264 plica
346 4183 450 4267 lingua
473 4201 490 4244 a
513 4184 606 4268 vulgo
629 4184 755 4266 intelligi
777 4184 882 4263 desiit,
911 4200 972 4246 non
1002 4181 1122 4264 quidem
1149 4190 1183 4244 ut
1207 4182 1343 4265 Liturgia
1369 4183 1500 4247 Arabice
1528 4184 1614 4246 cele-

241 4278 407 4361 braretur,
426 4283 507 4365 quod
537 4302 555 4346 a
584 4282 734 4347 nonnullis
769 4292 883 4347 temere
911 4282 1000 4345 nimis
1026 4282 1203 4345 affirmatum
1234 4289 1297 4360 est,
1330 4283 1440 4345 sedat
1468 4283 1616 4346 baberent

246 4382 440 4463 Sacerdotes,
464 4384 543 4446 unde
566 4384 645 4446 iliam
668 4384 771 4468 lingua
792 4382 955 4447 remacula
978 4382 1133 4463 explicaro
1155 4391 1290 4463 possent.
1318 4381 1426 4444 Omnia
1447 4384 1527 4445 enim
1549 4380 1615 4446 Co-

245 4484 326 4564 ptice
353 4490 502 4547 canuntur
535 4491 565 4547 et
593 4484 769 4564 recitantur,
799 4486 888 4547 etiam
918 4483 1002 4564 ipsae
1033 4500 1187 4545 sacrarum
1216 4483 1433 4564 scripturarum
1455 4482 1612 4549 lectiones.

245 4581 305 4646 Sed
327 4584 501 4667 adjungitur
524 4592 594 4665 post
615 4586 740 4648 istarum
761 4584 921 4646 lectionem
944 4581 1108 4663 explicatio
1122 4582 1265 4657 Arabica,
1288 4600 1365 4664 quae
1389 4582 1500 4646 amille
1527 4584 1613 4647 annis

243 4683 274 4745 iu
295 4683 442 4768 Aegypto
466 4684 628 4761 uernacula
651 4692 707 4748 est.
749 4683 871 4765 Duplex
893 4691 991 4745 autem
1014 4682 1142 4746 babetur
1163 4683 1266 4747 versio
1294 4683 1449 4764 Liturgiae
1470 4682 1613 4747 Arabica.

244 4781 318 4844 Nam
341 4784 475 4863 quaein
498 4782 611 4847 Codice
633 4784 730 4867 Regio
754 4783 878 4847 Graecis
901 4783 1020 4865 paginis
1042 4781 1228 4864 respondet,
1258 4781 1295 4844 ab
1325 4799 1361 4846 ea
1385 4799 1472 4862 quam
1496 4780 1615 4863 Coptici

245 4879 373 4946 Codices
401 4892 633 4964 repraesentant
661 4884 783 4947 diversa
810 4889 875 4961 est,
904 4890 935 4944 et
963 4882 1001 4945 ab
1030 4882 1089 4944 alia
1110 4898 1209 4944 maun.
1254 4880 1315 4943 lmo
1346 4890 1487 4963 qnantum
1508 4882 1613 4963 perci-

246 4998 318 5061 pere
339 5001 513 5064 possumus,
535 4985 699 5064 recentior,
723 4992 754 5047 et
782 4984 820 5046 ab
850 4983 886 5044 iis
915 4981 1083 5045 hominibus
1111 4980 1205 5061 lacta,
1236 4982 1344 5062 quibus
1371 4982 1487 5045 Graeca
1509 4981 1612 5066 lingna

246 5084 340 5145 minus
364 5080 517 5146 familiaris
541 5091 632 5165 esset,
655 5103 744 5166 ᾳιιιιιιι
767 5083 892 5166 Coptica
915 5082 1029 5161 alteris,
1052 5082 1103 5163 qui
1125 5100 1166 5145 ex
1181 5100 1217 5145 ea
1230 5082 1507 5166 interpretationem
1528 5100 1614 5147 suam
