4525 6034
736 584 1151 705 nr'runcrnu

822 947 1031 1047 Obsipnatio.

338 1172 430 1244 Dens
458 1173 513 1266 qui
538 1168 635 1243 nohis
661 1172 842 1265 praestitit,
868 1182 905 1245 ut
930 1178 1249 1249 communicaremus
1276 1176 1503 1256 Sacramentis
1529 1186 1604 1278 ojus

234 1287 357 1360 divinis
384 1298 418 1360 et
443 1284 682 1376 ineffabilibus,
707 1291 781 1383 ipse
807 1287 927 1382 dignos
953 1289 1055 1363 iaciat
1080 1313 1144 1364 nos
1170 1315 1278 1386 regno
1305 1317 1388 1387 suo,
1422 1299 1511 1394 quod
1536 1322 1606 1375 non

232 1408 372 1495 transit,
399 1416 434 1477 et
458 1404 534 1478 loco
561 1406 695 1499 quietis,
721 1404 778 1478 uhi
805 1415 857 1477 est
881 1405 1038 1498 gaudium
1063 1408 1269 1483 indesinens:
1296 1396 1525 1510 concedatque
1535 1418 1604 1487 mi-

233 1522 467 1613 sericordiam,
494 1530 529 1593 et
554 1519 676 1594 tribunt
699 1524 834 1594 ueniam
861 1520 1055 1597 delictorum
1081 1534 1115 1597 et
1141 1530 1375 1602 remissionem
1388 1542 1604 1626 peecatorum

232 1643 485 1712 commissorum
519 1636 626 1711 verbo
662 1648 696 1709 et
731 1660 856 1735 opere,
889 1641 1083 1736 unicunque,
1119 1643 1175 1736 qui
1205 1645 1374 1743 particeps
1408 1645 1517 1722 iactus
1551 1658 1604 1722 est

230 1754 461 1829 Eucharistiae
487 1757 600 1828 istius:
625 1758 888 1851 propih‘etnrque
913 1757 1025 1847 Deus,
1060 1766 1095 1828 et
1120 1758 1259 1831 dimittat
1290 1763 1342 1852 ei,
1373 1783 1436 1859 pro
1468 1787 1534 1860 quo
1569 1773 1604 1837 et

231 1875 327 1966 cujus
355 1895 456 1945 causa
483 1869 629 1945 ohlaun
656 1881 708 1944 est
734 1870 833 1945 hodie
860 1873 1057 1948 sacrificium
1082 1874 1185 1965 isud,
1211 1898 1273 1972 per
1299 1881 1470 1954 orationes
1497 1885 1601 1953 etin-

230 1992 471 2063 terccssionem
498 1991 612 2062 matris
640 1993 781 2061 amictae
803 1991 944 2082 justitia,
971 1991 1058 2064 coeli
1084 1991 1243 2082 secundi,
1268 1992 1418 2089 Virginis
1436 1999 1601 2068 immacu·

229 2106 338 2196 latae,
364 2117 501 2179 sanctae
528 2108 698 2198 genitricis
724 2107 789 2179 Dei
815 2107 953 2179 Mariae.
1005 2108 1049 2180 Et
1074 2131 1136 2205 per
1161 2111 1317 2183 virtutem
1340 2135 1498 2205 magnam
1516 2135 1602 2184 crn-

230 2226 281 2297 cis
308 2225 453 2296 victricis
481 2233 515 2295 et
539 2222 696 2295 vivificae
722 2222 963 2313 custodiamur,
990 2236 1024 2297 et
1050 2223 1235 2298 salvemur:
1271 2237 1304 2298 et
1328 2251 1390 2324 per
1416 2230 1600 2317 orationes,

230 2340 394 2430 Domine,
420 2339 681 2435 Prophetarum,
713 2339 970 2435 Apostolorum,
1002 2341 1208 2438 Martyrum,
1241 2340 1499 2435 Coniessornm,
1531 2344 1598 2418 dn-

229 2468 369 2546 storum,
378 2456 608 2545 Sacerdotem,
614 2455 748 2528 Patrum
762 2466 963 2549 sanctorum,
976 2457 1150 2532 Pastorum
1164 2481 1335 2551 verorum,
1350 2460 1600 2558 Doctorumque

230 2573 521 2663 Orthodoxorum,
534 2582 567 2646 et
579 2594 642 2667 per
654 2575 823 2645 orationes
837 2577 937 2647 totius
952 2584 1068 2647 coetus
1081 2585 1116 2647 et
1124 2578 1398 2670 congregationis
1411 2587 1598 2652 sanctorum

230 2696 285 2787 qui
313 2690 479 2765 Christum
505 2698 718 2779 amaverunt,
744 2699 778 2761 et
802 2700 983 2786 praecepte
1009 2693 1082 2783 ejus
1108 2693 1353 2767 custodierunt:
1380 2705 1415 2766 et
1430 2717 1492 2791 per
1512 2718 1598 2768 ora-

228 2812 353 2884 tionem
378 2808 484 2882 sancti
509 2804 552 2877 D.
578 2804 620 2877 N.
656 2805 699 2878 ad
733 2807 828 2898 cujus
863 2829 1012 2879 mensam
1045 2807 1252 2882 Sacrificium
1286 2810 1530 2901 ordinavimus3
1563 2822 1599 2884 ut

229 2928 328 2996 etiam
355 2925 462 2995 sancti
487 2924 580 3014 cujus
606 2921 791 3028 Litnrgiam
817 2921 1083 3015 celebravimus3
1109 2935 1143 2997 et
1168 2925 1259 2999 beati
1284 2925 1394 2999 Patris
1420 2931 1525 2999 nostri
1542 2931 1597 3024 qui

227 3040 328 3114 hodie
352 3037 449 3111 nohis
474 3050 626 3135 praeest,
652 3050 688 3111 ut
713 3042 812 3111 etiarn
838 3062 901 3135 per
926 3051 1077 3132 vestras,
1103 3040 1226 3115 iratres
1240 3047 1307 3116 mei
1327 3054 1362 3116 et
1382 3044 1505 3116 domini
1520 3047 1596 3133 mei,

226 3158 261 3229 in
287 3155 433 3229 saecula.

329 3289 505 3362 Sacerdos
530 3292 671 3383 imponit
697 3289 853 3359 desinam
880 3289 1003 3377 scitari,
1031 3295 1066 3360 et
1092 3290 1177 3360 dicit
1204 3289 1402 3362 Orationem
1423 3311 1595 3362 commen-

226 3408 376 3480 dationis
401 3406 509 3498 hanc,
535 3413 589 3477 ter
613 3409 752 3500 signans
772 3404 933 3499 papalum
957 3408 1055 3500 sipoto
1082 3409 1211 3495 mucis,
1239 3413 1273 3477 et
1299 3407 1393 3478 dicit.

329 3541 431 3614 Ahite
456 3543 491 3612 in
517 3563 602 3636 pace
627 3539 750 3613 fratres
777 3547 811 3611 et
836 3538 947 3611 ddccti
972 3541 1092 3612 nostri:
1121 3537 1388 3613 commendamus
1414 3562 1479 3613 vos
1507 3562 1594 3634 gra-

224 3660 292 3731 tiae
319 3668 353 3729 et
377 3656 627 3730 misericordiae
653 3657 822 3728 Trinitatis
846 3666 1001 3742 sanctae,
1035 3678 1109 3727 cum
1135 3656 1260 3727 uiatico
1287 3663 1322 3727 et
1347 3655 1594 3730 benedictioni-

223 3771 305 3866 hus,
332 3795 414 3870 quas
441 3774 635 3868 suscepistis
663 3771 704 3845 nh
732 3770 828 3844 altari
853 3773 1080 3867 propitiatorio
1107 3770 1258 3843 Domini:
1285 3772 1387 3865 longe
1409 3775 1538 3869 positos
1560 3784 1595 3846 et

223 3892 418 3986 proximos,
443 3872 547 3961 vivos
574 3898 609 3960 et
632 3897 803 3979 mortuos,
828 3886 988 3960 liberatos
1015 3909 1078 3982 per
1104 3910 1237 3959 crucem
1260 3891 1433 3962 victricem
1449 3889 1594 3977 Domini,

224 4009 442 4101 consignatos
469 4007 567 4098 signo
601 4003 754 4101 baptismi
785 4006 900 4078 sancti.
960 4001 1020 4076 llis
1053 4003 1203 4100 expiabit
1236 4005 1354 4077 delicta
1390 4015 1525 4095 vestra,
1561 4014 1595 4077 et

225 4124 362 4196 dimittet
388 4124 524 4194 crimina
551 4132 684 4211 vesun,
711 4131 980 4214 mortuorumque
1006 4129 1215 4201 vestrorum:
1242 4132 1277 4193 et
1302 4143 1369 4214 ego
1397 4142 1517 4197 servus
1535 4123 1593 4192 in-

223 4241 337 4313 firmus
364 4249 399 4312 et
423 4248 584 4334 peccator
608 4236 871 4311 misericordiam
897 4246 931 4309 ct
958 4235 1116 4308 auxilium
1135 4259 1324 4331 consequar
1344 4242 1592 4333 perorationes

223 4368 369 4431 vestras.
420 4354 522 4428 Ahite
547 4356 580 4426 in
607 4377 692 4451 pace
717 4353 902 4447 gaudentes
928 4362 962 4424 et
987 4350 1193 4442 exultantes,
1221 4363 1256 4424 et
1281 4375 1343 4449 pro
1371 4376 1425 4424 me
1452 4362 1557 4424 orate.

327 4486 503 4561 Sacerdos
535 4486 717 4559 tantaene
751 4507 869 4557 coram
896 4508 1012 4559 mensa
1046 4488 1156 4572 citae,
1190 4486 1276 4556 dicit
1309 4488 1402 4557 intra
1433 4507 1472 4556 se
1503 4485 1593 4557 hanc

226 4605 439 4692 Orationesn,
462 4625 530 4698 pro
556 4626 594 4674 se
620 4607 715 4697 ipso,
740 4609 884 4675 secreto.

327 4739 395 4811 Per
421 4736 619 4810 sacrificium
646 4736 735 4833 quod
760 4735 936 4811 obtulimus
961 4734 1079 4823 hodie,
1104 4735 1254 4832 placetur
1272 4737 1435 4809 Dominus
1461 4745 1496 4807 et
1512 4733 1592 4806 An-

221 4854 292 4947 geii
319 4856 392 4946 ejus
419 4853 518 4937 electi
543 4864 578 4926 et
603 4857 729 4944 saneti,
755 4864 790 4927 ct
814 4876 876 4949 per
901 4852 980 4926 illud
1004 4861 1153 4948 praestet
1180 4855 1325 4950 quatem
1343 4860 1377 4923 et
1399 4853 1592 4924 memoriam

159 5030 164 5039 .
220 4967 347 5042 honam
380 4972 534 5062 genitrici
559 4992 643 5043 suae
669 4978 704 5042 et
728 4971 851 5042 sanctis
878 4971 963 5060 suis,
996 4967 1215 5064 cruribusque
1242 4965 1403 5040 defunctis
1427 4966 1591 5058 fidelihus,

222 5087 406 5183 praecipue
431 5085 479 5159 illi
504 5108 567 5184 pro
594 5108 659 5182 quo
685 5094 719 5158 et
745 5086 840 5177 cnjus
866 5106 968 5163 causa
995 5082 1140 5159 oblatum
1167 5093 1220 5161 est
1244 5083 1309 5159 hoc
1335 5083 1541 5160 sacrificium.
