<?xml version="1.0" encoding="UTF-8"?>
<!DOCTYPE html PUBLIC "-//W3C//DTD XHTML 1.0 Transitional//EN"
    "http://www.w3.org/TR/xhtml1/DTD/xhtml1-transitional.dtd">
<html xmlns="http://www.w3.org/1999/xhtml" xml:lang="en" lang="en">
 <head>
  <title>
</title>
<meta http-equiv="Content-Type" content="text/html;charset=utf-8" />
  <meta name='ocr-system' content='tesseract 3.04.00' />
  <meta name='ocr-capabilities' content='ocr_page ocr_carea ocr_par ocr_line ocrx_word'/>
</head>
<body>
  <div class='ocr_page' id='page_1' title='image "./liturgiarumorie00unkngoog/liturgiarumorie00unkngoog_0179.png"; bbox 0 0 4525 6034; ppageno 0'>
   <div class='ocr_carea' id='block_1_1' title="bbox 628 588 1740 727">
    <p class='ocr_par' dir='ltr' id='par_1_1' title="bbox 628 588 1740 727">
     <span class='ocr_line' id='line_1_1' title="bbox 628 588 1740 727; baseline -0.006 -28"><span class='ocrx_word' id='word_1_1' title='bbox 628 588 1249 727; x_wconf 73' lang='lat' dir='ltr'><strong>canonistarum.</strong></span> <span class='ocrx_word' id='word_1_2' title='bbox 1574 619 1628 693; x_wconf 81' lang='lat'><strong>25</strong></span> <span class='ocrx_word' id='word_1_3' title='bbox 1738 648 1740 653; x_wconf 93' lang='lat'>-</span> 
     </span>
    </p>
   </div>
   <div class='ocr_carea' id='block_1_2' title="bbox 244 805 1718 1717">
    <p class='ocr_par' dir='ltr' id='par_1_2' title="bbox 245 805 1658 1485">
     <span class='ocr_line' id='line_1_2' title="bbox 247 805 1627 905; baseline -0.002 -23"><span class='ocrx_word' id='word_1_4' title='bbox 247 819 364 882; x_wconf 86' lang='lat' dir='ltr'><strong>saneta</strong></span> <span class='ocrx_word' id='word_1_5' title='bbox 389 806 511 899; x_wconf 79' lang='lat' dir='ltr'><strong>Maria,</strong></span> <span class='ocrx_word' id='word_1_6' title='bbox 538 819 573 881; x_wconf 89' lang='lat' dir='ltr'><strong>et</strong></span> <span class='ocrx_word' id='word_1_7' title='bbox 599 819 740 905; x_wconf 73' lang='lat' dir='ltr'><strong>quatum</strong></span> <span class='ocrx_word' id='word_1_8' title='bbox 766 808 866 881; x_wconf 89' lang='lat' dir='ltr'><strong>lucidi</strong></span> <span class='ocrx_word' id='word_1_9' title='bbox 893 812 1001 882; x_wconf 86' lang='lat' dir='ltr'><strong>sancti</strong></span> <span class='ocrx_word' id='word_1_10' title='bbox 1026 807 1188 899; x_wconf 85' lang='lat' dir='ltr'><strong>Michael,</strong></span> <span class='ocrx_word' id='word_1_11' title='bbox 1216 806 1373 898; x_wconf 86' lang='lat' dir='ltr'><strong>Gabriel,</strong></span> <span class='ocrx_word' id='word_1_12' title='bbox 1400 805 1554 903; x_wconf 86' lang='lat' dir='ltr'><strong>Rapbael</strong></span> <span class='ocrx_word' id='word_1_13' title='bbox 1589 816 1627 880; x_wconf 89' lang='lat' dir='ltr'><strong>et</strong></span> 
     </span>
     <span class='ocr_line' id='line_1_3' title="bbox 246 923 1625 1020; baseline -0.004 -21"><span class='ocrx_word' id='word_1_14' title='bbox 246 926 369 1015; x_wconf 82' lang='lat' dir='ltr'><strong>Suricl,</strong></span> <span class='ocrx_word' id='word_1_15' title='bbox 395 935 430 997; x_wconf 88' lang='lat' dir='ltr'><strong>et</strong></span> <span class='ocrx_word' id='word_1_16' title='bbox 458 934 601 1020; x_wconf 81' lang='lat' dir='ltr'><strong>quatuor</strong></span> <span class='ocrx_word' id='word_1_17' title='bbox 627 925 780 998; x_wconf 87' lang='lat' dir='ltr'><strong>animalia</strong></span> <span class='ocrx_word' id='word_1_18' title='bbox 811 929 1032 1020; x_wconf 89' lang='lat' dir='ltr'><strong>incorporea,</strong></span> <span class='ocrx_word' id='word_1_19' title='bbox 1058 945 1192 997; x_wconf 86' lang='lat' dir='ltr'><strong>necnon</strong></span> <span class='ocrx_word' id='word_1_20' title='bbox 1217 927 1336 1017; x_wconf 80' lang='lat' dir='ltr'><strong>viginti</strong></span> <span class='ocrx_word' id='word_1_21' title='bbox 1364 935 1505 1020; x_wconf 89' lang='lat' dir='ltr'><strong>quatuor</strong></span> <span class='ocrx_word' id='word_1_22' title='bbox 1531 923 1625 995; x_wconf 87' lang='lat' dir='ltr'><strong>Pre-</strong></span> 
     </span>
     <span class='ocr_line' id='line_1_4' title="bbox 245 1039 1624 1138; baseline -0.002 -24"><span class='ocrx_word' id='word_1_23' title='bbox 245 1042 388 1138; x_wconf 68' lang='lat' dir='ltr'><strong>sbyteri,</strong></span> <span class='ocrx_word' id='word_1_24' title='bbox 416 1040 673 1137; x_wconf 81' lang='lat' dir='ltr'><strong>Cherubimque,</strong></span> <span class='ocrx_word' id='word_1_25' title='bbox 700 1040 875 1137; x_wconf 80' lang='lat' dir='ltr'><strong>Seraphim</strong></span> <span class='ocrx_word' id='word_1_26' title='bbox 904 1050 938 1112; x_wconf 91' lang='lat' dir='ltr'><strong>et</strong></span> <span class='ocrx_word' id='word_1_27' title='bbox 963 1039 1131 1113; x_wconf 87' lang='lat' dir='ltr'><strong>coelestes</strong></span> <span class='ocrx_word' id='word_1_28' title='bbox 1160 1040 1306 1113; x_wconf 82' lang='lat' dir='ltr'><strong>ordines.</strong></span> <span class='ocrx_word' id='word_1_29' title='bbox 1358 1040 1425 1112; x_wconf 91' lang='lat' dir='ltr'><strong>Per</strong></span> <span class='ocrx_word' id='word_1_30' title='bbox 1451 1042 1624 1113; x_wconf 86' lang='lat' dir='ltr'><strong>orationes</strong></span> 
     </span>
     <span class='ocr_line' id='line_1_5' title="bbox 245 1154 1623 1252; baseline -0.004 -22"><span class='ocrx_word' id='word_1_31' title='bbox 245 1155 513 1230; x_wconf 79' lang='lat' dir='ltr'><strong>Patriambamm</strong></span> <span class='ocrx_word' id='word_1_32' title='bbox 541 1166 574 1229; x_wconf 90' lang='lat' dir='ltr'><strong>et</strong></span> <span class='ocrx_word' id='word_1_33' title='bbox 598 1155 853 1252; x_wconf 68' lang='lat' dir='ltr'><strong>Prophetarum,</strong></span> <span class='ocrx_word' id='word_1_34' title='bbox 878 1156 1017 1230; x_wconf 88' lang='lat' dir='ltr'><strong>Joannis</strong></span> <span class='ocrx_word' id='word_1_35' title='bbox 1044 1155 1229 1251; x_wconf 77' lang='lat' dir='ltr'>Baptistae,</span> <span class='ocrx_word' id='word_1_36' title='bbox 1256 1168 1291 1228; x_wconf 90' lang='lat' dir='ltr'><strong>et</strong></span> <span class='ocrx_word' id='word_1_37' title='bbox 1313 1167 1446 1229; x_wconf 89' lang='lat' dir='ltr'><strong>eentum</strong></span> <span class='ocrx_word' id='word_1_38' title='bbox 1472 1154 1623 1251; x_wconf 82' lang='lat' dir='ltr'><strong>quadra-</strong></span> 
     </span>
     <span class='ocr_line' id='line_1_6' title="bbox 245 1271 1623 1370; baseline -0.003 -25"><span class='ocrx_word' id='word_1_39' title='bbox 245 1275 339 1363; x_wconf 78' lang='lat' dir='ltr'><strong>ginta</strong></span> <span class='ocrx_word' id='word_1_40' title='bbox 376 1282 517 1367; x_wconf 85' lang='lat' dir='ltr'><strong>quatuor</strong></span> <span class='ocrx_word' id='word_1_41' title='bbox 548 1271 704 1363; x_wconf 93' lang='lat' dir='ltr'><strong>millium,</strong></span> <span class='ocrx_word' id='word_1_42' title='bbox 739 1272 1013 1367; x_wconf 87' lang='lat' dir='ltr'><strong>dominorumque</strong></span> <span class='ocrx_word' id='word_1_43' title='bbox 1050 1283 1180 1370; x_wconf 83' lang='lat' dir='ltr'><strong>patrum</strong></span> <span class='ocrx_word' id='word_1_44' title='bbox 1222 1272 1486 1368; x_wconf 73' lang='lat' dir='ltr'><strong>Apostolorum,</strong></span> <span class='ocrx_word' id='word_1_45' title='bbox 1525 1275 1623 1342; x_wconf 89' lang='lat' dir='ltr'><strong>trium</strong></span> 
     </span>
     <span class='ocr_line' id='line_1_7' title="bbox 245 1386 1658 1485; baseline -0.003 -25"><span class='ocrx_word' id='word_1_46' title='bbox 245 1397 437 1460; x_wconf 83' lang='lat' dir='ltr'><strong>sanctorum</strong></span> <span class='ocrx_word' id='word_1_47' title='bbox 462 1410 663 1483; x_wconf 81' lang='lat' dir='ltr'><strong>puerorum,</strong></span> <span class='ocrx_word' id='word_1_48' title='bbox 687 1391 795 1462; x_wconf 88' lang='lat' dir='ltr'><strong>sancti</strong></span> <span class='ocrx_word' id='word_1_49' title='bbox 821 1386 1002 1485; x_wconf 83' lang='lat' dir='ltr'><strong>Stephani,</strong></span> <span class='ocrx_word' id='word_1_50' title='bbox 1036 1392 1142 1462; x_wconf 91' lang='lat' dir='ltr'><strong>sancti</strong></span> <span class='ocrx_word' id='word_1_51' title='bbox 1167 1389 1303 1460; x_wconf 86' lang='lat' dir='ltr'><strong>Domini</strong></span> <span class='ocrx_word' id='word_1_52' title='bbox 1331 1386 1490 1480; x_wconf 85' lang='lat' dir='ltr'><strong>Georgii,</strong></span> <span class='ocrx_word' id='word_1_53' title='bbox 1516 1389 1623 1460; x_wconf 87' lang='lat' dir='ltr'><strong>sancti</strong></span> <span class='ocrx_word' id='word_1_54' title='bbox 1655 1476 1658 1479; x_wconf 6' lang='lat' dir='ltr'>x</span> 
     </span>
    </p>

    <p class='ocr_par' dir='ltr' id='par_1_3' title="bbox 244 1503 1718 1717">
     <span class='ocr_line' id='line_1_8' title="bbox 244 1503 1718 1601; baseline -0.003 -25"><span class='ocrx_word' id='word_1_55' title='bbox 244 1508 418 1599; x_wconf 82' lang='lat' dir='ltr'><strong>utriusque</strong></span> <span class='ocrx_word' id='word_1_56' title='bbox 443 1504 635 1596; x_wconf 83' lang='lat' dir='ltr'><strong>Theodori,</strong></span> <span class='ocrx_word' id='word_1_57' title='bbox 672 1513 706 1576; x_wconf 89' lang='lat' dir='ltr'><strong>et</strong></span> <span class='ocrx_word' id='word_1_58' title='bbox 737 1508 843 1581; x_wconf 87' lang='lat' dir='ltr'><strong>sancti</strong></span> <span class='ocrx_word' id='word_1_59' title='bbox 878 1514 1075 1601; x_wconf 89' lang='lat' dir='ltr'><strong>patrumque</strong></span> <span class='ocrx_word' id='word_1_60' title='bbox 1111 1509 1271 1578; x_wconf 86' lang='lat' dir='ltr'><strong>amatoris</strong></span> <span class='ocrx_word' id='word_1_61' title='bbox 1303 1503 1482 1593; x_wconf 86' lang='lat' dir='ltr'><strong>Mercurii,</strong></span> <span class='ocrx_word' id='word_1_62' title='bbox 1514 1503 1622 1575; x_wconf 88' lang='lat' dir='ltr'><strong>sancti</strong></span> <span class='ocrx_word' id='word_1_63' title='bbox 1713 1514 1718 1523; x_wconf 78' lang='grc'><strong>“</strong></span> 
     </span>
     <span class='ocr_line' id='line_1_9' title="bbox 245 1619 1623 1717; baseline 0.002 -27"><span class='ocrx_word' id='word_1_64' title='bbox 245 1619 356 1692; x_wconf 89' lang='lat' dir='ltr'><strong>Patris</strong></span> <span class='ocrx_word' id='word_1_65' title='bbox 382 1619 526 1692; x_wconf 83' lang='lat' dir='ltr'><strong>Menace</strong></span> <span class='ocrx_word' id='word_1_66' title='bbox 552 1630 587 1691; x_wconf 87' lang='lat' dir='ltr'><strong>et</strong></span> <span class='ocrx_word' id='word_1_67' title='bbox 613 1623 758 1693; x_wconf 91' lang='lat' dir='ltr'><strong>omnium</strong></span> <span class='ocrx_word' id='word_1_68' title='bbox 786 1619 963 1693; x_wconf 86' lang='lat' dir='ltr'><strong>chororum</strong></span> <span class='ocrx_word' id='word_1_69' title='bbox 989 1620 1189 1717; x_wconf 66' lang='lat' dir='ltr'><strong>Martyrum,</strong></span> <span class='ocrx_word' id='word_1_70' title='bbox 1215 1630 1249 1691; x_wconf 88' lang='lat' dir='ltr'><strong>et</strong></span> <span class='ocrx_word' id='word_1_71' title='bbox 1273 1619 1383 1692; x_wconf 83' lang='lat' dir='ltr'><strong>Panis</strong></span> <span class='ocrx_word' id='word_1_72' title='bbox 1409 1620 1517 1692; x_wconf 80' lang='lat' dir='ltr'><strong>nostri</strong></span> <span class='ocrx_word' id='word_1_73' title='bbox 1541 1620 1623 1693; x_wconf 82' lang='lat' dir='ltr'><strong>An-</strong></span> 
     </span>
    </p>
   </div>
   <div class='ocr_carea' id='block_1_3' title="bbox 107 1736 1622 1839">
    <p class='ocr_par' dir='ltr' id='par_1_4' title="bbox 107 1736 1622 1839">
     <span class='ocr_line' id='line_1_10' title="bbox 107 1736 1622 1839; baseline -0.001 -31"><span class='ocrx_word' id='word_1_74' title='bbox 107 1832 110 1839; x_wconf 20' lang='grc' dir='ltr'>ι</span> <span class='ocrx_word' id='word_1_75' title='bbox 248 1738 328 1808; x_wconf 89' lang='lat' dir='ltr'><strong>tonii</strong></span> <span class='ocrx_word' id='word_1_76' title='bbox 353 1738 421 1807; x_wconf 84' lang='lat' dir='ltr'><strong>viri</strong></span> <span class='ocrx_word' id='word_1_77' title='bbox 446 1738 658 1827; x_wconf 76' lang='lat' dir='ltr'><strong>sanctissimi,</strong></span> <span class='ocrx_word' id='word_1_78' title='bbox 685 1747 942 1831; x_wconf 81' lang='lat' dir='ltr'><strong>sanctorumque</strong></span> <span class='ocrx_word' id='word_1_79' title='bbox 954 1746 1085 1833; x_wconf 89' lang='lat' dir='ltr'><strong>patrum</strong></span> <span class='ocrx_word' id='word_1_80' title='bbox 1104 1739 1201 1808; x_wconf 88' lang='lat' dir='ltr'><strong>trium</strong></span> <span class='ocrx_word' id='word_1_81' title='bbox 1228 1736 1473 1824; x_wconf 88' lang='lat' dir='ltr'><strong>Macariorum,</strong></span> <span class='ocrx_word' id='word_1_82' title='bbox 1488 1738 1622 1807; x_wconf 91' lang='lat' dir='ltr'><strong>omnis-</strong></span> 
     </span>
    </p>
   </div>
   <div class='ocr_carea' id='block_1_4' title="bbox 251 1849 1670 2411">
    <p class='ocr_par' dir='ltr' id='par_1_5' title="bbox 251 1849 1670 2411">
     <span class='ocr_line' id='line_1_11' title="bbox 251 1849 1623 1953; baseline -0.001 -30"><span class='ocrx_word' id='word_1_83' title='bbox 251 1873 313 1949; x_wconf 86' lang='lat' dir='ltr'><strong>qne</strong></span> <span class='ocrx_word' id='word_1_84' title='bbox 338 1849 433 1923; x_wconf 85' lang='lat' dir='ltr'><strong>ebori</strong></span> <span class='ocrx_word' id='word_1_85' title='bbox 465 1873 566 1923; x_wconf 79' lang='lat' dir='ltr'><strong>onice</strong></span> <span class='ocrx_word' id='word_1_86' title='bbox 594 1853 821 1953; x_wconf 63' lang='lat' dir='ltr'><strong>signatorum,</strong></span> <span class='ocrx_word' id='word_1_87' title='bbox 846 1853 1017 1926; x_wconf 79' lang='lat' dir='ltr'><strong>iustorum</strong></span> <span class='ocrx_word' id='word_1_88' title='bbox 1043 1856 1195 1947; x_wconf 91' lang='lat' dir='ltr'><strong>piorum,</strong></span> <span class='ocrx_word' id='word_1_89' title='bbox 1221 1853 1407 1947; x_wconf 87' lang='lat' dir='ltr'><strong>sapientum</strong></span> <span class='ocrx_word' id='word_1_90' title='bbox 1435 1850 1623 1942; x_wconf 83' lang='lat' dir='ltr'><strong>Virginum,</strong></span> 
     </span>
     <span class='ocr_line' id='line_1_12' title="bbox 252 1965 1670 2065; baseline -0.004 -25"><span class='ocrx_word' id='word_1_91' title='bbox 252 1978 284 2040; x_wconf 91' lang='lat' dir='ltr'><strong>ct</strong></span> <span class='ocrx_word' id='word_1_92' title='bbox 306 1965 430 2058; x_wconf 83' lang='lat' dir='ltr'><strong>Angeli</strong></span> <span class='ocrx_word' id='word_1_93' title='bbox 457 1965 523 2037; x_wconf 87' lang='lat' dir='ltr'><strong>diei</strong></span> <span class='ocrx_word' id='word_1_94' title='bbox 547 1970 641 2039; x_wconf 89' lang='lat' dir='ltr'><strong>istius</strong></span> <span class='ocrx_word' id='word_1_95' title='bbox 668 1966 844 2039; x_wconf 88' lang='lat' dir='ltr'><strong>benedieti.</strong></span> <span class='ocrx_word' id='word_1_96' title='bbox 870 1968 993 2040; x_wconf 89' lang='lat' dir='ltr'><strong>Veniat</strong></span> <span class='ocrx_word' id='word_1_97' title='bbox 1018 1965 1207 2039; x_wconf 74' lang='lat' dir='ltr'><strong>benedictio</strong></span> <span class='ocrx_word' id='word_1_98' title='bbox 1235 1989 1364 2056; x_wconf 89' lang='lat' dir='ltr'><strong>eorum,</strong></span> <span class='ocrx_word' id='word_1_99' title='bbox 1384 1975 1499 2041; x_wconf 85' lang='lat' dir='ltr'><strong>sancta</strong></span> <span class='ocrx_word' id='word_1_100' title='bbox 1513 1969 1623 2058; x_wconf 84' lang='lat' dir='ltr'><strong>gratia</strong></span> <span class='ocrx_word' id='word_1_101' title='bbox 1665 2056 1670 2065; x_wconf 64' lang='lat'><strong>,</strong></span> 
     </span>
     <span class='ocr_line' id='line_1_13' title="bbox 253 2083 1623 2178; baseline -0.001 -25"><span class='ocrx_word' id='word_1_102' title='bbox 253 2104 375 2173; x_wconf 84' lang='lat' dir='ltr'><strong>comm,</strong></span> <span class='ocrx_word' id='word_1_103' title='bbox 412 2091 447 2153; x_wconf 87' lang='lat' dir='ltr'><strong>et</strong></span> <span class='ocrx_word' id='word_1_104' title='bbox 476 2085 626 2178; x_wconf 84' lang='lat' dir='ltr'><strong>potentia</strong></span> <span class='ocrx_word' id='word_1_105' title='bbox 657 2106 790 2175; x_wconf 90' lang='lat' dir='ltr'><strong>eorum,</strong></span> <span class='ocrx_word' id='word_1_106' title='bbox 827 2084 949 2155; x_wconf 89' lang='lat' dir='ltr'><strong>donum</strong></span> <span class='ocrx_word' id='word_1_107' title='bbox 983 2104 1117 2171; x_wconf 88' lang='lat' dir='ltr'><strong>eorum,</strong></span> <span class='ocrx_word' id='word_1_108' title='bbox 1152 2084 1275 2157; x_wconf 87' lang='lat' dir='ltr'><strong>caritas</strong></span> <span class='ocrx_word' id='word_1_109' title='bbox 1302 2104 1438 2173; x_wconf 89' lang='lat' dir='ltr'><strong>eorum,</strong></span> <span class='ocrx_word' id='word_1_110' title='bbox 1463 2083 1623 2178; x_wconf 86' lang='lat' dir='ltr'><strong>patientia</strong></span> 
     </span>
     <span class='ocr_line' id='line_1_14' title="bbox 253 2197 1622 2287; baseline -0.001 -18"><span class='ocrx_word' id='word_1_111' title='bbox 253 2218 373 2287; x_wconf 86' lang='lat' dir='ltr'><strong>corum,</strong></span> <span class='ocrx_word' id='word_1_112' title='bbox 400 2197 558 2270; x_wconf 83' lang='lat' dir='ltr'><strong>auxilium</strong></span> <span class='ocrx_word' id='word_1_113' title='bbox 586 2221 704 2271; x_wconf 87' lang='lat' dir='ltr'><strong>eorum</strong></span> <span class='ocrx_word' id='word_1_114' title='bbox 730 2210 764 2271; x_wconf 90' lang='lat' dir='ltr'><strong>et</strong></span> <span class='ocrx_word' id='word_1_115' title='bbox 789 2199 977 2272; x_wconf 82' lang='lat' dir='ltr'><strong>benedictio</strong></span> <span class='ocrx_word' id='word_1_116' title='bbox 1005 2198 1071 2272; x_wconf 89' lang='lat' dir='ltr'><strong>diei</strong></span> <span class='ocrx_word' id='word_1_117' title='bbox 1089 2200 1287 2271; x_wconf 89' lang='lat' dir='ltr'><strong>Domiuicae</strong></span> <span class='ocrx_word' id='word_1_118' title='bbox 1313 2197 1503 2273; x_wconf 88' lang='lat' dir='ltr'><strong>Salvatoris</strong></span> <span class='ocrx_word' id='word_1_119' title='bbox 1516 2201 1622 2269; x_wconf 89' lang='lat' dir='ltr'><strong>nostri</strong></span> 
     </span>
     <span class='ocr_line' id='line_1_15' title="bbox 251 2309 1376 2411; baseline 0.003 -27"><span class='ocrx_word' id='word_1_120' title='bbox 251 2309 325 2385; x_wconf 88' lang='lat' dir='ltr'><strong>boni</strong></span> <span class='ocrx_word' id='word_1_121' title='bbox 351 2315 395 2387; x_wconf 88' lang='lat' dir='ltr'><strong>sit</strong></span> <span class='ocrx_word' id='word_1_122' title='bbox 420 2335 495 2385; x_wconf 88' lang='lat' dir='ltr'><strong>eum</strong></span> <span class='ocrx_word' id='word_1_123' title='bbox 523 2314 674 2388; x_wconf 90' lang='lat' dir='ltr'><strong>omnibus</strong></span> <span class='ocrx_word' id='word_1_124' title='bbox 700 2312 800 2387; x_wconf 87' lang='lat' dir='ltr'><strong>nobis</strong></span> <span class='ocrx_word' id='word_1_125' title='bbox 825 2335 932 2411; x_wconf 87' lang='lat' dir='ltr'><strong>usque</strong></span> <span class='ocrx_word' id='word_1_126' title='bbox 958 2319 993 2387; x_wconf 90' lang='lat' dir='ltr'><strong>in</strong></span> <span class='ocrx_word' id='word_1_127' title='bbox 1020 2324 1202 2387; x_wconf 89' lang='lat' dir='ltr'><strong>aeternum.</strong></span> <span class='ocrx_word' id='word_1_128' title='bbox 1255 2316 1376 2389; x_wconf 86' lang='lat' dir='ltr'><strong>Amen.</strong></span> 
     </span>
    </p>
   </div>
   <div class='ocr_carea' id='block_1_5' title="bbox 253 2430 1623 2657">
    <p class='ocr_par' dir='ltr' id='par_1_6' title="bbox 253 2430 1623 2657">
     <span class='ocr_line' id='line_1_16' title="bbox 351 2430 1623 2543; baseline 0.002 -27"><span class='ocrx_word' id='word_1_129' title='bbox 351 2446 434 2517; x_wconf 77' lang='lat' dir='ltr'><strong>Cam</strong></span> <span class='ocrx_word' id='word_1_130' title='bbox 465 2445 654 2518; x_wconf 79' lang='lat' dir='ltr'><strong>absolverit</strong></span> <span class='ocrx_word' id='word_1_131' title='bbox 684 2469 844 2518; x_wconf 76' lang='lat' dir='ltr'><strong>cocorum</strong></span> <span class='ocrx_word' id='word_1_132' title='bbox 874 2430 1090 2540; x_wconf 79' lang='lat' dir='ltr'><strong>ablationem,</strong></span> <span class='ocrx_word' id='word_1_133' title='bbox 1126 2448 1221 2519; x_wconf 82' lang='lat' dir='ltr'><strong>bibet</strong></span> <span class='ocrx_word' id='word_1_134' title='bbox 1245 2471 1369 2543; x_wconf 79' lang='lat' dir='ltr'><strong>aquom</strong></span> <span class='ocrx_word' id='word_1_135' title='bbox 1394 2451 1430 2519; x_wconf 87' lang='lat' dir='ltr'><strong>to</strong></span> <span class='ocrx_word' id='word_1_136' title='bbox 1457 2450 1501 2519; x_wconf 81' lang='lat' dir='ltr'><strong>ita</strong></span> <span class='ocrx_word' id='word_1_137' title='bbox 1527 2449 1623 2519; x_wconf 83' lang='lat' dir='ltr'><strong>resi-</strong></span> 
     </span>
     <span class='ocr_line' id='line_1_17' title="bbox 253 2561 1201 2657; baseline 0 -24"><span class='ocrx_word' id='word_1_138' title='bbox 253 2561 355 2651; x_wconf 62' lang='lat' dir='ltr'><strong>doonr,</strong></span> <span class='ocrx_word' id='word_1_139' title='bbox 383 2563 594 2657; x_wconf 60' lang='lat' dir='ltr'><strong>dinuttetpac</strong></span> <span class='ocrx_word' id='word_1_140' title='bbox 614 2561 749 2656; x_wconf 83' lang='lat' dir='ltr'><strong>plebem</strong></span> <span class='ocrx_word' id='word_1_141' title='bbox 775 2563 1014 2635; x_wconf 76' lang='lat' dir='ltr'><strong>bencdictione</strong></span> <span class='ocrx_word' id='word_1_142' title='bbox 1038 2566 1201 2635; x_wconf 79' lang='lat' dir='ltr'><strong>recitata.</strong></span> 
     </span>
    </p>
   </div>
   <div class='ocr_carea' id='block_1_6' title="bbox 710 2722 1162 2816">
    <p class='ocr_par' dir='ltr' id='par_1_7' title="bbox 710 2722 1162 2816">
     <span class='ocr_line' id='line_1_18' title="bbox 710 2722 1162 2816; baseline 0.004 -24"><span class='ocrx_word' id='word_1_143' title='bbox 710 2722 867 2816; x_wconf 76' lang='lat' dir='ltr'><strong>Ecpliett</strong></span> <span class='ocrx_word' id='word_1_144' title='bbox 890 2723 1000 2794; x_wconf 78' lang='lat' dir='ltr'><strong>Missa</strong></span> <span class='ocrx_word' id='word_1_145' title='bbox 1025 2722 1162 2794; x_wconf 75' lang='lat' dir='ltr'><strong>Basilii.</strong></span> 
     </span>
    </p>
   </div>
   <div class='ocr_carea' id='block_1_7' title="bbox 477 3041 1377 3096">
    <p class='ocr_par' dir='ltr' id='par_1_8' title="bbox 477 3041 1377 3096">
     <span class='ocr_line' id='line_1_19' title="bbox 477 3041 1377 3096; baseline 0.002 -10"><span class='ocrx_word' id='word_1_146' title='bbox 477 3041 1377 3096; x_wconf 57' lang='grc' dir='ltr'>ψ</span> 
     </span>
    </p>
   </div>
   <div class='ocr_carea' id='block_1_8' title="bbox 724 3419 1145 3608">
    <p class='ocr_par' dir='ltr' id='par_1_9' title="bbox 724 3419 1145 3608">
     <span class='ocr_line' id='line_1_20' title="bbox 724 3419 1145 3608; baseline -0.002 -11"><span class='ocrx_word' id='word_1_147' title='bbox 724 3419 1145 3608; x_wconf 72' lang='lat' dir='ltr'><strong>titubent</strong></span> 
     </span>
    </p>
   </div>
   <div class='ocr_carea' id='block_1_9' title="bbox 486 3714 1452 3873">
    <p class='ocr_par' dir='ltr' id='par_1_10' title="bbox 486 3714 1452 3873">
     <span class='ocr_line' id='line_1_21' title="bbox 486 3714 1452 3873; baseline -0.003 0"><span class='ocrx_word' id='word_1_148' title='bbox 486 3749 828 3873; x_wconf 78' lang='lat' dir='ltr'><strong>sineri</strong></span> <span class='ocrx_word' id='word_1_149' title='bbox 897 3714 1452 3873; x_wconf 77' lang='lat' dir='ltr'><strong>ciaconii</strong></span> 
     </span>
    </p>
   </div>
   <div class='ocr_carea' id='block_1_10' title="bbox 767 4025 1099 4129">
    <p class='ocr_par' dir='ltr' id='par_1_11' title="bbox 767 4025 1099 4129">
     <span class='ocr_line' id='line_1_22' title="bbox 767 4025 1099 4129; baseline 0.009 -39"><span class='ocrx_word' id='word_1_150' title='bbox 767 4025 949 4129; x_wconf 68' lang='lat' dir='ltr'><strong>onnplo</strong></span> <span class='ocrx_word' id='word_1_151' title='bbox 980 4028 1099 4095; x_wconf 85' lang='lat' dir='ltr'><strong>VELl.</strong></span> 
     </span>
    </p>
   </div>
   <div class='ocr_carea' id='block_1_11' title="bbox 244 4224 1620 5163">
    <p class='ocr_par' dir='ltr' id='par_1_12' title="bbox 244 4224 1620 5163">
     <span class='ocr_line' id='line_1_23' title="bbox 321 4224 1620 4350; baseline 0 -22"><span class='ocrx_word' id='word_1_152' title='bbox 321 4235 497 4309; x_wconf 53' lang='lat' dir='ltr'><strong>&amp;wilm</strong></span> <span class='ocrx_word' id='word_1_153' title='bbox 521 4242 666 4309; x_wconf 59' lang='lat' dir='ltr'><strong>wm-</strong></span> <span class='ocrx_word' id='word_1_154' title='bbox 728 4224 895 4329; x_wconf 76' lang='lat' dir='ltr'><strong>Damae</strong></span> <span class='ocrx_word' id='word_1_155' title='bbox 921 4254 1014 4327; x_wconf 90' lang='lat' dir='ltr'><strong>Deus</strong></span> <span class='ocrx_word' id='word_1_156' title='bbox 1049 4257 1272 4350; x_wconf 81' lang='lat' dir='ltr'><strong>omnipotens,</strong></span> <span class='ocrx_word' id='word_1_157' title='bbox 1308 4257 1363 4350; x_wconf 89' lang='lat' dir='ltr'><strong>qui</strong></span> <span class='ocrx_word' id='word_1_158' title='bbox 1394 4257 1481 4328; x_wconf 89' lang='lat' dir='ltr'><strong>nosti</strong></span> <span class='ocrx_word' id='word_1_159' title='bbox 1516 4258 1620 4349; x_wconf 84' lang='lat' dir='ltr'><strong>cogi·</strong></span> 
     </span>
     <span class='ocr_line' id='line_1_24' title="bbox 252 4368 1620 4465; baseline 0.003 -27"><span class='ocrx_word' id='word_1_160' title='bbox 252 4369 397 4442; x_wconf 70' lang='lat' dir='ltr'><strong>ationes.</strong></span> <span class='ocrx_word' id='word_1_161' title='bbox 420 4368 606 4459; x_wconf 87' lang='lat' dir='ltr'><strong>bominum,</strong></span> <span class='ocrx_word' id='word_1_162' title='bbox 641 4378 809 4442; x_wconf 87' lang='lat' dir='ltr'><strong>scrutator</strong></span> <span class='ocrx_word' id='word_1_163' title='bbox 845 4368 993 4442; x_wconf 89' lang='lat' dir='ltr'><strong>cordium</strong></span> <span class='ocrx_word' id='word_1_164' title='bbox 1027 4380 1061 4442; x_wconf 89' lang='lat' dir='ltr'><strong>et</strong></span> <span class='ocrx_word' id='word_1_165' title='bbox 1091 4392 1227 4443; x_wconf 89' lang='lat' dir='ltr'><strong>renum:</strong></span> <span class='ocrx_word' id='word_1_166' title='bbox 1269 4373 1325 4465; x_wconf 86' lang='lat' dir='ltr'><strong>qui</strong></span> <span class='ocrx_word' id='word_1_167' title='bbox 1359 4394 1413 4443; x_wconf 90' lang='lat' dir='ltr'><strong>me</strong></span> <span class='ocrx_word' id='word_1_168' title='bbox 1449 4370 1620 4464; x_wconf 81' lang='lat' dir='ltr'><strong>indignum</strong></span> 
     </span>
     <span class='ocr_line' id='line_1_25' title="bbox 251 4484 1620 4579; baseline 0.001 -24"><span class='ocrx_word' id='word_1_169' title='bbox 251 4486 375 4559; x_wconf 87' lang='lat' dir='ltr'><strong>vocasti</strong></span> <span class='ocrx_word' id='word_1_170' title='bbox 409 4485 452 4556; x_wconf 91' lang='lat' dir='ltr'><strong>ad</strong></span> <span class='ocrx_word' id='word_1_171' title='bbox 484 4484 550 4558; x_wconf 88' lang='lat' dir='ltr'><strong>hoc</strong></span> <span class='ocrx_word' id='word_1_172' title='bbox 583 4487 799 4558; x_wconf 87' lang='lat' dir='ltr'><strong>ministerium</strong></span> <span class='ocrx_word' id='word_1_173' title='bbox 834 4495 984 4572; x_wconf 82' lang='lat' dir='ltr'><strong>sanctum</strong></span> <span class='ocrx_word' id='word_1_174' title='bbox 1018 4495 1127 4559; x_wconf 81' lang='lat' dir='ltr'><strong>nrum:</strong></span> <span class='ocrx_word' id='word_1_175' title='bbox 1164 4508 1208 4558; x_wconf 93' lang='lat' dir='ltr'><strong>ne</strong></span> <span class='ocrx_word' id='word_1_176' title='bbox 1243 4508 1298 4558; x_wconf 89' lang='lat' dir='ltr'><strong>me</strong></span> <span class='ocrx_word' id='word_1_177' title='bbox 1333 4490 1480 4579; x_wconf 86' lang='lat' dir='ltr'><strong>rejicias,</strong></span> <span class='ocrx_word' id='word_1_178' title='bbox 1516 4496 1550 4558; x_wconf 90' lang='lat' dir='ltr'><strong>et</strong></span> <span class='ocrx_word' id='word_1_179' title='bbox 1575 4509 1620 4557; x_wconf 94' lang='lat' dir='ltr'><strong>ne</strong></span> 
     </span>
     <span class='ocr_line' id='line_1_26' title="bbox 250 4599 1619 4690; baseline 0.001 -19"><span class='ocrx_word' id='word_1_180' title='bbox 250 4610 381 4673; x_wconf 86' lang='lat' dir='ltr'><strong>avertas</strong></span> <span class='ocrx_word' id='word_1_181' title='bbox 408 4599 529 4672; x_wconf 84' lang='lat' dir='ltr'><strong>taciem</strong></span> <span class='ocrx_word' id='word_1_182' title='bbox 555 4610 645 4671; x_wconf 90' lang='lat' dir='ltr'><strong>tuam</strong></span> <span class='ocrx_word' id='word_1_183' title='bbox 678 4624 698 4673; x_wconf 90' lang='lat' dir='ltr'><strong>a</strong></span> <span class='ocrx_word' id='word_1_184' title='bbox 729 4624 806 4690; x_wconf 90' lang='lat' dir='ltr'><strong>me;</strong></span> <span class='ocrx_word' id='word_1_185' title='bbox 842 4601 903 4675; x_wconf 88' lang='lat' dir='ltr'><strong>sed</strong></span> <span class='ocrx_word' id='word_1_186' title='bbox 930 4600 1004 4673; x_wconf 88' lang='lat' dir='ltr'><strong>dele</strong></span> <span class='ocrx_word' id='word_1_187' title='bbox 1038 4604 1148 4675; x_wconf 89' lang='lat' dir='ltr'><strong>omnia</strong></span> <span class='ocrx_word' id='word_1_188' title='bbox 1182 4599 1301 4676; x_wconf 87' lang='lat' dir='ltr'><strong>delicta</strong></span> <span class='ocrx_word' id='word_1_189' title='bbox 1333 4623 1426 4674; x_wconf 86' lang='lat' dir='ltr'><strong>mea:</strong></span> <span class='ocrx_word' id='word_1_190' title='bbox 1454 4612 1489 4673; x_wconf 90' lang='lat' dir='ltr'><strong>et</strong></span> <span class='ocrx_word' id='word_1_191' title='bbox 1521 4601 1619 4674; x_wconf 89' lang='lat' dir='ltr'><strong>ablue</strong></span> 
     </span>
     <span class='ocr_line' id='line_1_27' title="bbox 248 4715 1618 4815; baseline 0 -27"><span class='ocrx_word' id='word_1_192' title='bbox 248 4715 367 4789; x_wconf 87' lang='lat' dir='ltr'><strong>sordes</strong></span> <span class='ocrx_word' id='word_1_193' title='bbox 404 4719 558 4813; x_wconf 89' lang='lat' dir='ltr'><strong>corporis</strong></span> <span class='ocrx_word' id='word_1_194' title='bbox 592 4719 671 4807; x_wconf 85' lang='lat' dir='ltr'><strong>mei,</strong></span> <span class='ocrx_word' id='word_1_195' title='bbox 706 4726 740 4789; x_wconf 87' lang='lat' dir='ltr'><strong>et</strong></span> <span class='ocrx_word' id='word_1_196' title='bbox 773 4717 921 4790; x_wconf 92' lang='lat' dir='ltr'><strong>maculas</strong></span> <span class='ocrx_word' id='word_1_197' title='bbox 960 4720 1090 4790; x_wconf 89' lang='lat' dir='ltr'><strong>animae</strong></span> <span class='ocrx_word' id='word_1_198' title='bbox 1122 4740 1230 4790; x_wconf 90' lang='lat' dir='ltr'><strong>meae.</strong></span> <span class='ocrx_word' id='word_1_199' title='bbox 1283 4717 1425 4790; x_wconf 88' lang='lat' dir='ltr'><strong>Purilica</strong></span> <span class='ocrx_word' id='word_1_200' title='bbox 1452 4741 1506 4790; x_wconf 92' lang='lat' dir='ltr'><strong>me</strong></span> <span class='ocrx_word' id='word_1_201' title='bbox 1532 4741 1618 4815; x_wconf 91' lang='lat' dir='ltr'><strong>pcr-</strong></span> 
     </span>
     <span class='ocr_line' id='line_1_28' title="bbox 246 4829 1619 4932; baseline 0.004 -29"><span class='ocrx_word' id='word_1_202' title='bbox 246 4831 345 4923; x_wconf 89' lang='lat' dir='ltr'><strong>iecte,</strong></span> <span class='ocrx_word' id='word_1_203' title='bbox 371 4855 416 4905; x_wconf 90' lang='lat' dir='ltr'><strong>ne</strong></span> <span class='ocrx_word' id='word_1_204' title='bbox 442 4855 519 4903; x_wconf 89' lang='lat' dir='ltr'><strong>cum</strong></span> <span class='ocrx_word' id='word_1_205' title='bbox 542 4829 726 4904; x_wconf 88' lang='lat' dir='ltr'><strong>bonitatem</strong></span> <span class='ocrx_word' id='word_1_206' title='bbox 752 4845 841 4907; x_wconf 83' lang='lat' dir='ltr'><strong>tuam</strong></span> <span class='ocrx_word' id='word_1_207' title='bbox 868 4833 1090 4930; x_wconf 87' lang='lat' dir='ltr'><strong>deprecabor,</strong></span> <span class='ocrx_word' id='word_1_208' title='bbox 1116 4844 1152 4906; x_wconf 91' lang='lat' dir='ltr'><strong>ut</strong></span> <span class='ocrx_word' id='word_1_209' title='bbox 1177 4834 1345 4908; x_wconf 88' lang='lat' dir='ltr'><strong>concedas</strong></span> <span class='ocrx_word' id='word_1_210' title='bbox 1372 4835 1504 4906; x_wconf 87' lang='lat' dir='ltr'><strong>veniam</strong></span> <span class='ocrx_word' id='word_1_211' title='bbox 1530 4858 1619 4932; x_wconf 88' lang='lat' dir='ltr'><strong>pec-</strong></span> 
     </span>
     <span class='ocr_line' id='line_1_29' title="bbox 245 4946 1620 5047; baseline 0.002 -27"><span class='ocrx_word' id='word_1_212' title='bbox 245 4959 393 5021; x_wconf 91' lang='lat' dir='ltr'><strong>catorum</strong></span> <span class='ocrx_word' id='word_1_213' title='bbox 420 4946 507 5038; x_wconf 88' lang='lat' dir='ltr'><strong>aliis,</strong></span> <span class='ocrx_word' id='word_1_214' title='bbox 534 4969 601 5040; x_wconf 81' lang='lat' dir='ltr'><strong>ego</strong></span> <span class='ocrx_word' id='word_1_215' title='bbox 626 4947 793 5044; x_wconf 88' lang='lat' dir='ltr'><strong>reprobus</strong></span> <span class='ocrx_word' id='word_1_216' title='bbox 820 4951 953 5024; x_wconf 86' lang='lat' dir='ltr'><strong>efficiar.</strong></span> <span class='ocrx_word' id='word_1_217' title='bbox 1006 4949 1075 5042; x_wconf 87' lang='lat' dir='ltr'><strong>lta,</strong></span> <span class='ocrx_word' id='word_1_218' title='bbox 1100 4950 1278 5044; x_wconf 65' lang='lat' dir='ltr'><strong>Domine,</strong></span> <span class='ocrx_word' id='word_1_219' title='bbox 1299 4972 1367 5021; x_wconf 91' lang='lat' dir='ltr'><strong>uon</strong></span> <span class='ocrx_word' id='word_1_220' title='bbox 1394 4949 1539 5047; x_wconf 78' lang='lat' dir='ltr'><strong>repellas</strong></span> <span class='ocrx_word' id='word_1_221' title='bbox 1564 4974 1620 5023; x_wconf 91' lang='lat' dir='ltr'><strong>me</strong></span> 
     </span>
     <span class='ocr_line' id='line_1_30' title="bbox 244 5062 1619 5163; baseline 0.003 -28"><span class='ocrx_word' id='word_1_222' title='bbox 244 5075 407 5139; x_wconf 85' lang='lat' dir='ltr'><strong>moestum</strong></span> <span class='ocrx_word' id='word_1_223' title='bbox 434 5073 468 5136; x_wconf 88' lang='lat' dir='ltr'><strong>et</strong></span> <span class='ocrx_word' id='word_1_224' title='bbox 494 5062 685 5137; x_wconf 80' lang='lat' dir='ltr'><strong>confusum:</strong></span> <span class='ocrx_word' id='word_1_225' title='bbox 713 5066 775 5141; x_wconf 88' lang='lat' dir='ltr'><strong>sed</strong></span> <span class='ocrx_word' id='word_1_226' title='bbox 801 5069 893 5140; x_wconf 88' lang='lat' dir='ltr'><strong>mitte</strong></span> <span class='ocrx_word' id='word_1_227' title='bbox 920 5089 1020 5163; x_wconf 86' lang='lat' dir='ltr'><strong>super</strong></span> <span class='ocrx_word' id='word_1_228' title='bbox 1051 5089 1106 5138; x_wconf 91' lang='lat' dir='ltr'><strong>me</strong></span> <span class='ocrx_word' id='word_1_229' title='bbox 1133 5065 1291 5163; x_wconf 91' lang='lat' dir='ltr'><strong>Spiritum</strong></span> <span class='ocrx_word' id='word_1_230' title='bbox 1327 5077 1477 5139; x_wconf 88' lang='lat' dir='ltr'><strong>sanctum</strong></span> <span class='ocrx_word' id='word_1_231' title='bbox 1504 5078 1619 5157; x_wconf 83' lang='lat' dir='ltr'><strong>tuum3</strong></span> 
     </span>
    </p>
   </div>
   <div class='ocr_carea' id='block_1_12' title="bbox 1326 5185 1412 5259">
    <p class='ocr_par' dir='ltr' id='par_1_13' title="bbox 1326 5185 1412 5259">
     <span class='ocr_line' id='line_1_31' title="bbox 1326 5185 1412 5259; baseline 0 0"><span class='ocrx_word' id='word_1_232' title='bbox 1326 5185 1412 5259; x_wconf 75' lang='lat'><strong>19*</strong></span> 
     </span>
    </p>
   </div>
   <div class='ocr_carea' id='block_1_13' title="bbox 0 0 2268 6034">
    <p class='ocr_par' dir='ltr' id='par_1_14' title="bbox 0 0 2268 6034">
     <span class='ocr_line' id='line_1_32' title="bbox 0 0 2268 6034; baseline 0 9"><span class='ocrx_word' id='word_1_233' title='bbox 0 0 2268 6034; x_wconf 95' lang='lat' dir='ltr'><strong> </strong></span> 
     </span>
    </p>
   </div>
  </div>
 </body>
</html>
