4525 6034
439 569 567 649 lotas
593 573 634 649 lit
660 566 865 649 mutuom
891 569 1094 647 PHILOXENI
1117 568 1333 646 illationis.
1496 566 1571 642 319

214 755 366 831 coelesti:
403 759 564 853 simulque
595 756 653 831 tibi
686 755 870 831 referemus
903 755 1045 850 gloriam
1080 766 1114 827 et
1146 754 1296 847 laudem3
1321 757 1478 851 Patrique
1503 764 1574 845 mo,

210 885 243 947 et
267 872 403 970 Spiritui
429 882 487 948 tuo
514 883 653 962 sancto,
678 895 785 964 nunc,
812 882 875 945 etc.

310 990 472 1084 Populos.
524 992 644 1065 Amen.

309 1106 497 1180 Diaconos.
550 1108 695 1181 Benedio
720 1107 872 1179 Domine.

310 1223 493 1296 Sacerdos.
545 1223 692 1297 Benedio
717 1223 878 1296 omnibus.

426 2043 477 2135 nt
507 2041 755 2137 SECUNDAM
784 2040 1042 2135 Pililoxllltl
1071 2040 1332 2135 LITURGIAM

801 2302 975 2386 Attal.

301 2534 394 2628 Qasr
416 2546 611 2611 Philoxenum
634 2554 782 2630 spactant,
805 2547 883 2611 dieta
905 2547 1033 2611 suntad
1055 2548 1189 2629 priorem
1211 2545 1346 2628 ejusdem
1367 2544 1445 2608 tituli
1466 2546 1572 2610 Litur-

202 2652 296 2734 giam,
319 2669 407 2732 quam
429 2651 467 2713 ab
480 2652 537 2714 ista
556 2650 706 2714 diversam
728 2652 848 2715 omnino
871 2669 940 2715 esse
963 2652 1036 2714 satis
1058 2657 1178 2714 constat
1199 2668 1238 2712 ex
1260 2650 1431 2731 praecipuis
1454 2652 1571 2714 oratio-

202 2751 306 2830 nibus,
329 2751 505 2832 praesertim
528 2770 568 2814 ex
590 2749 686 2813 forma
707 2750 869 2814 verborum
892 2750 1017 2823 Christi,
1039 2756 1071 2813 et
1091 2749 1292 2812 invocationis
1315 2748 1444 2831 Spiritus
1466 2750 1570 2814 sancti.

201 2851 307 2914 Verba
335 2849 455 2913 diversa
484 2856 569 2929 sont,
596 2851 651 2914 sed
682 2850 829 2913 sententia
857 2857 891 2913 ut
918 2850 949 2911 in
978 2849 1045 2912 aliis
1073 2848 1209 2912 omnibus
1235 2847 1358 2938 eadem,
1392 2848 1572 2933 Agnoscunt

201 2948 374 3012 Maronitas
396 2950 595 3028 recentiores,
618 2949 771 3013 Philoxeni
793 2950 956 3032 liturgiam
978 2949 1058 3031 apud
1079 2948 1232 3012 Jacobitas
1255 2956 1374 3024 extare3
1396 2948 1452 3012 sed
1473 2968 1571 3031 quae-

201 3067 273 3111 nam
297 3068 337 3111 ex
359 3047 472 3111 duabus
495 3067 570 3130 quas
593 3049 713 3129 damus,
743 3049 801 3112 illis
823 3055 895 3111 nota
918 3047 1022 3127 luerit,
1050 3065 1112 3110 non
1140 3045 1318 3129 significant.
1361 3046 1448 3120 Quod
1472 3056 1572 3111 autem

201 3149 355 3212 Naironus
378 3149 459 3210 illum
482 3147 576 3212 luisse
597 3149 781 3232 Episcopum
802 3147 1040 3211 Berrbaeensem
1063 3146 1177 3226 scribit,
1200 3163 1305 3209 verum
1327 3162 1388 3208 non
1410 3154 1467 3210 est.
1496 3148 1572 3210 Nam
1601 3152 1833 3226 Natonssccptp.
1849 3159 1893 3212 52.

202 3248 354 3328 Mobotspc
375 3266 431 3311 seu
453 3248 601 3329 Mentipc,
630 3257 664 3312 ut
685 3248 803 3311 Arabes
826 3247 885 3310 boc
906 3264 1015 3309 nomen
1038 3246 1185 3325 efferunt,
1217 3253 1263 3307 est
1284 3246 1466 3327 Hierapolis.
1512 3246 1571 3310 Sed

200 3347 358 3430 Liturgias
380 3347 447 3410 illas
470 3366 574 3411 omnes
598 3347 751 3429 Syriacas,
774 3347 941 3410 Maronitae
955 3347 1142 3410 recentiores
1160 3347 1250 3409 etiam
1267 3345 1319 3426 qui
1337 3346 1436 3426 aliqua
1456 3345 1571 3409 doctri-

199 3464 263 3510 nae
288 3446 376 3509 laude
399 3447 583 3525 claruerumt,
605 3455 664 3509 tam
687 3446 879 3529 indiligenter
901 3453 1115 3525 tractaverunt,
1138 3446 1310 3509 utiliorum
1327 3445 1441 3527 judicia
1462 3446 1571 3509 nullius

201 3544 350 3626 ponderis
379 3565 448 3610 esse
482 3547 619 3611 debeant.
665 3547 753 3621 Quod
783 3550 849 3630 ejus
878 3548 990 3629 scripta
1020 3546 1106 3609 simul
1135 3564 1201 3608 com
1231 3545 1365 3608 llomiliis
1394 3546 1571 3610 Sanctorum

200 3645 325 3707 Patrona
354 3645 473 3727 publice
503 3646 581 3709 lecta
611 3647 681 3709 dicit
710 3647 837 3710 Faustus
859 3647 1024 3723 Naironus,
1047 3645 1210 3709 verisimile
1232 3653 1294 3708 est:
1325 3645 1470 3727 pleraque
1492 3647 1571 3708 enim

200 3741 311 3806 Etbica
333 3752 403 3807 sunt
425 3744 462 3808 de
479 3746 713 3810 Christianorum
736 3746 849 3826 officiis,
873 3766 970 3829 neque
993 3747 1050 3809 alia
1069 3746 1204 3808 continet
1221 3745 1443 3807 vetustissimus
1466 3743 1571 3808 Codex

201 3842 431 3924 Seguierianus,
454 3845 535 3919 nulla
559 3864 636 3927 quae
658 3846 696 3909 ad
709 3846 915 3928 Theologiam,
938 3854 968 3909 et
984 3846 1309 3927 adllonaphysitarum
1323 3844 1472 3926 opinionis
1492 3862 1570 3907 con-

202 3941 402 4005 firmationem
425 3952 581 4026 spectent:
612 3946 709 4027 qualia
739 3953 837 4009 tamen
859 3945 940 4008 illum
962 3945 1094 4009 edidisse
1116 3951 1234 4007 constat
1257 3963 1298 4007 ex
1320 3945 1495 4007 testimoniis
1517 3964 1572 4007 re-

201 4038 274 4102 latis
303 4041 333 4104 in
363 4042 504 4107 'tractatu
533 4044 572 4108 de
601 4045 660 4109 tide
687 4045 824 4125 Petrum,
855 4053 886 4108 ct
916 4045 946 4107 in
974 4045 1102 4108 diversis
1125 4043 1348 4126 Theologorum
1368 4042 1570 4109 Jacobitarum

201 4140 338 4221 scriptis.

517 4454 551 4525 2.
597 4455 711 4529 Locos
735 4456 923 4528 habitaculi
948 4458 1144 4528 sanctitatis
1170 4461 1258 4527 tuae.

304 4661 492 4739 Durricrrnn
515 4675 591 4739 baec
612 4677 706 4740 verba
728 4677 855 4762 intelligi
876 4683 1015 4759 possunt:
1038 4677 1121 4758 prior
1143 4694 1251 4740 sensus
1275 4683 1322 4740 est
1344 4677 1369 4740 is
1392 4694 1481 4757 quem
1495 4695 1570 4739 ver-

203 4777 295 4838 sione
318 4778 524 4858 expressimus
547 4781 597 4861 qui
619 4780 869 4862 praecedentibus
892 4779 1064 4862 respondet.
1094 4780 1193 4859 Alter,
1215 4781 1241 4845 si
1263 4780 1363 4844 ultima
1385 4798 1447 4843 vox
1462 4779 1571 4863 plurali

201 4894 333 4940 numero
356 4877 536 4960 accipiatur,
565 4880 645 4961 quod
668 4880 784 4943 duobus
807 4883 925 4964 punctis
948 4882 1145 4962 superpositis
1167 4881 1236 4963 Syri
1258 4879 1444 4963 significant,
1467 4886 1498 4943 et
1519 4881 1569 4944 illa

203 4993 303 5057 saepe
324 4978 506 5057 omittuntur,
530 4978 596 5041 talis
619 4987 667 5042 est
694 4981 779 5042 iacta
800 4981 966 5043 habitaculi
986 4980 1168 5043 Saootomm
1189 4988 1321 5043 tuentio:
1342 4987 1447 5043 saneta
1469 4985 1569 5042 autem

202 5071 257 5135 bic
278 5076 405 5159 intelligi
427 5066 612 5159 oportetaoi
634 5067 713 5163 dyas
734 5081 799 5144 sive
821 5098 915 5145 samo
936 5082 1088 5163 mysteria.
