4525 6034
1439 417 1453 460 t

584 624 1211 705 sinctlutttttl.
1499 626 1573 701 281
1672 663 1675 672 ·

216 814 410 888 rationalem
435 818 640 908 rigavemnt
692 813 817 887 Eorum
852 817 907 909 qui
941 816 1089 902 statutis,
1124 825 1159 887 et
1190 812 1476 890 constitutionibus
1507 816 1575 888 suis

217 932 340 1028 Spiritu
365 942 423 1004 tuo
451 941 568 1004 sancto
593 933 812 1028 plenissimis,
843 936 1013 1024 ejecermit
1044 953 1090 1002 ex
1115 929 1269 1004 Ecclesia
1296 941 1351 1004 tna
1376 931 1576 1005 haereticam

214 1052 386 1138 insaniam,
413 1072 487 1120 cnm
513 1050 681 1144 impietate
706 1049 931 1139 conjunctam:
958 1068 1073 1118 corum
1100 1050 1156 1141 qui
1181 1050 1214 1118 in
1240 1047 1356 1120 labore
1381 1059 1416 1120 et
1436 1047 1575 1121 sudori·

214 1162 290 1254 bus,
317 1186 445 1257 agones
472 1186 552 1237 suos
578 1164 802 1260 perfecerunt,
835 1174 868 1235 et
892 1161 1096 1236 voluntatem
1122 1173 1209 1234 tuam
1236 1163 1512 1259 adimpleverunt:
1539 1174 1576 1236 ut

213 1300 277 1352 nos
311 1303 463 1376 quoque,
499 1284 553 1375 qui
587 1280 684 1353 fidem
718 1301 832 1352 eorum
869 1280 1113 1374 amplectimur,
1148 1301 1262 1351 coram
1288 1289 1322 1351 te
1349 1302 1475 1353 summa
1500 1304 1575 1352 cum

213 1393 354 1485 fiducia,
389 1408 422 1469 et
460 1395 587 1491 absque
622 1395 822 1470 confusione¹
852 1398 1089 1483 consistamus3
1129 1417 1317 1491 novamque
1353 1394 1410 1468 tibi
1444 1396 1574 1469 landem

212 1509 408 1600 referemus,
435 1523 469 1585 et
494 1511 724 1586 incessabilem
750 1513 929 1604 gratiarum
956 1515 1132 1602 actionem,
1159 1522 1193 1583 et
1218 1516 1388 1604 unigenito
1401 1511 1487 1585 Filio
1505 1522 1573 1602 tuo,

214 1636 249 1699 et
274 1627 408 1723 Spiritui
434 1637 500 1701 tuo.
707 1628 867 1721 Popnlnc.
919 1629 1038 1699 Amen.

318 1743 495 1818 Diaconos
521 1746 606 1817 dicit
631 1745 801 1816 Cononem
827 1751 967 1815 centnm.

316 1860 491 1935 Sacerdos
507 1864 697 1934 inclinatus.
732 1862 872 1934 Praesta
887 1861 1029 1933 Domine
1044 1883 1105 1956 per
1117 1860 1182 1933 hoc
1196 1862 1403 1951 sacrificium,
1418 1862 1573 1953 quietem,

210 1979 495 2073 propitiationem,
521 1981 765 2066 remissionem,
798 1987 832 2048 et
857 1980 1049 2049 memoriam
1075 1977 1214 2064 bonam,
1247 2000 1348 2073 super
1379 1976 1483 2049 altare
1509 1975 1573 2049 hoc

212 2093 394 2189 spirituale,
422 2096 573 2169 omnibus
590 2096 751 2191 patribus,
779 2104 814 2166 et
827 2092 982 2166 fratribus
1003 2095 1126 2166 nostris
1145 2092 1385 2189 corporalibus,
1413 2103 1447 2165 at
1468 2095 1573 2188 spiri-

211 2208 371 2300 tualibus;
397 2233 460 2282 nec
480 2233 547 2284 nou
572 2211 637 2284 illis
664 2210 814 2286 omnibus
841 2213 896 2305 qui
922 2232 967 2281 cx
992 2208 1056 2282 boc
1082 2209 1172 2296 loco,
1195 2220 1229 2281 et
1254 2214 1342 2283 omni
1370 2210 1435 2283 alio
1460 2210 1573 2305 populi

211 2323 339 2413 tidelis,
366 2336 400 2397 et
425 2326 610 2401 Ortbotloxi
638 2327 881 2422 christianique
907 2328 1052 2413 instituti,
1080 2324 1198 2397 dudum
1224 2328 1327 2398 vitam
1352 2326 1510 2399 linierunt.

198 2445 204 2456 '
315 2443 465 2514 Elecuns
489 2467 614 2515 nocem.
665 2445 811 2517 Petimus
838 2466 858 2513 a
892 2454 924 2514 te
949 2443 1106 2528 Domine,
1140 2445 1296 2514 vivorum
1330 2442 1508 2538 Princeps,
1539 2452 1573 2513 et

209 2568 416 2631 mortuorum
443 2560 598 2649 Domine,
624 2582 686 2656 pro
712 2562 752 2631 iis
779 2560 929 2632 omnibus
957 2562 1011 2653 qui
1038 2569 1094 2631 tuo
1117 2561 1213 2650 jussu
1239 2581 1284 2629 ex
1309 2562 1477 2653 praesenti
1502 2562 1572 2631 vitu

208 2678 451 2766 migraverunt,
478 2686 512 2747 et
536 2680 569 2748 in
586 2676 780 2749 Ortlrodoxa
806 2674 872 2747 tide
898 2674 941 2747 ad
966 2684 1000 2746 te
1025 2673 1167 2770 proiecti
1194 2686 1278 2762 sunt,
1301 2685 1337 2746 ut
1352 2697 1414 2770 per
1435 2677 1571 2749 miseri-
1653 2715 1656 2722 ·

209 2789 358 2862 cordiam
386 2791 473 2863 ibam
501 2815 658 2866 summam
687 2814 774 2888 quae,
798 2790 955 2864 naturalis
981 2790 1039 2862 tibi
1066 2802 1134 2877 est,
1161 2799 1195 2861 at
1219 2790 1278 2863 tibi
1304 2794 1389 2863 inest
1411 2789 1570 2864 substan-

208 2906 349 2998 tialiter,
376 2930 491 2981 eorum
517 2913 548 2980 in
576 2908 697 2983 bonum
723 2911 929 2996 memineris,
963 2918 997 2979 et
1029 2929 1071 2978 ne
1106 2907 1303 3001 despexeris
1329 2917 1482 2981 *nostram
1507 2928 1570 3003 pro

208 3022 273 3095 illis
301 3022 587 3119 deprecationem,
619 3028 694 3120 quia
721 3028 833 3117 imago
860 3035 915 3095 tua
942 3027 1005 3121 ipsi
1036 3034 1123 3095 sont:
1157 3022 1218 3093 sed
1253 3045 1385 3096 assume
1418 3044 1483 3130 eos
1511 3047 1572 3119 per

208 3143 352 3231 gratiam
379 3150 480 3230 mam,
507 3149 541 3212 et
566 3139 677 3226 eleva,
704 3144 932 3235 constitueque
956 3139 1032 3211 illos
1059 3142 1092 3210 in
1119 3139 1257 3212 excelso
1283 3142 1374 3211 vitae
1400 3138 1485 3212 illius
1502 3143 1570 3212 im-

209 3254 372 3344 mortalis,
407 3260 441 3328 in
473 3255 668 3329 habitaculis
700 3256 765 3330 illis
792 3254 1010 3344 coelestibus,
1045 3254 1100 3327 nbi
1133 3258 1338 3348 unigenitus,
1372 3265 1570 3351 senonisque

208 3371 314 3445 Filios
340 3383 426 3460 tuus,
453 3397 474 3445 a
501 3373 678 3469 spiritualis
705 3376 873 3446 exercitus
900 3394 1024 3446 corona
1045 3374 1196 3464 cingitur,
1224 3383 1258 3443 et
1275 3369 1471 3444 celebratur.
1503 3374 1570 3443 Per

208 3511 303 3575 eum,
339 3511 401 3585 per
432 3510 529 3583 wem
556 3493 701 3561 maxime
726 3489 1002 3577 misericordiam,
1037 3498 1070 3559 ct
1104 3491 1332 3561 remissionem
1358 3499 1570 3584 peccatorum

207 3615 348 3701 propter
373 3628 448 3676 cum
475 3627 648 3701 speramus
675 3610 854 3701 consequi,
881 3617 915 3677 et
939 3604 1053 3692 nobis,
1081 3616 1115 3677 et
1140 3608 1230 3701 ipsis.

313 3719 474 3814 Popnlns.
528 3721 679 3808 Quietem
705 3733 848 3817 praesta.

314 3835 498 3908 Sacerdos.
562 3834 726 3929 cognitor
754 3836 1037 3927 absconditomm,
1073 3847 1106 3908 et
1140 3839 1375 3930 cogitationum
1406 3847 1570 3911 scmtator

209 3954 366 4038 Domine,
393 3951 499 4041 aufer,
527 3963 560 4025 et
580 3953 655 4025 dele
674 3956 782 4026 omnia
799 3963 938 4051 peccata
955 3964 1082 4042 nostra,
1108 3963 1198 4041 notu,
1225 3963 1258 4025 et
1274 3955 1401 4046 ignota,
1428 3966 1569 4045 secreta,

208 4079 243 4140 et
269 4066 417 4165 publica,
445 4069 630 4141 voluntaria
658 4080 692 4142 et
716 4070 955 4158 involuntaria,
982 4068 1094 4160 hujus,
1127 4068 1375 4164 praecedentis,
1407 4081 1441 4143 et
1471 4070 1570 4144 futuri

207 4188 389 4281 temporis;
423 4196 457 4257 at
482 4207 555 4258 cnm
583 4196 640 4257 tuo
661 4191 758 4280 jussu
785 4185 828 4258 ad
853 4186 950 4258 finem
984 4189 1074 4258 vitae
1103 4188 1311 4274 venerimus,
1342 4190 1439 4279 juxta
1478 4189 1568 4259 viam

208 4304 389 4395 antiquam,
403 4312 437 4373 et
445 4302 649 4394 generalem,
663 4302 847 4375 bominibus
861 4305 1027 4375 universis
1037 4305 1257 4391 comtitutam,
1270 4311 1304 4372 et
1313 4306 1568 4399 praescriptam:

209 4417 350 4513 dispone
376 4439 439 4489 nos
465 4420 528 4507 ita3
553 4428 590 4491 ut
615 4417 734 4492 nullius
760 4423 905 4506 conscii,
937 4441 1051 4491 coram
1079 4417 1230 4492 tribunali
1256 4428 1312 4490 tuo
1338 4418 1508 4491 tremendu
1536 4427 1570 4490 et

207 4532 374 4622 timendo,
408 4537 635 4608 consistamus.
688 4536 821 4629 Adjuva
857 4557 921 4608 nos
952 4537 1044 4608 Dans
1070 4533 1229 4607 Salvator
1260 4546 1392 4624 noster,
1426 4545 1459 4607 ct
1492 4538 1568 4608 vias

207 4653 302 4721 vitae
329 4648 426 4722 nobis
453 4649 659 4738 demonstra,
687 4664 721 4724 et
747 4655 880 4725 semitas
908 4651 1035 4724 luminis
1061 4650 1196 4748 planas,
1228 4673 1314 4745 quae
1340 4663 1432 4723 recte
1459 4650 1568 4724 dedu-

209 4776 288 4838 cant
308 4766 350 4838 ad
368 4778 499 4863 portum
520 4766 733 4861 benignitatis
758 4780 846 4857 tuae,
873 4779 908 4840 ut
928 4772 961 4840 iu
981 4767 1089 4856 nobis,
1116 4778 1150 4838 et
1166 4789 1229 4862 pro
1248 4767 1357 4856 nobis,
1385 4779 1418 4840 et
1432 4779 1569 4865 propter

208 4903 284 4970 nos,
312 4891 346 4954 et
372 4881 414 4954 ab
441 4882 592 4957 omnibus
620 4884 784 4958 exaltetur
809 4907 929 4957 nomen
947 4895 1047 4974 mum,
1073 4905 1220 4956 necnon
1240 4884 1396 4976 unigeniti
1415 4884 1489 4957 Filii
1510 4887 1566 4971 tui,

210 5011 245 5072 et
271 5000 413 5096 Spiritus
439 5002 493 5071 tui.

312 5116 471 5210 Populos.
523 5116 576 5191 Ut.
