4525 6034
308 3164 311 3169 ,
407 3112 457 3166 Per
478 3110 564 3181 Reges
582 3113 678 3167 Ortbo-

371 3198 452 3250 doxos
469 3201 512 3267 qui
530 3217 588 3252 nam
599 3203 678 3255 intel·

369 3283 476 3353 ligendi.

704 526 777 600 196
1185 526 1607 608 COMMENTARIUS

700 711 785 776 ditio.
831 712 943 774 Verum
966 709 1127 775 Christiani
1151 732 1211 777 non
1234 712 1415 777 destiterunt
1440 714 1571 795 idcireo,
1600 735 1690 781 orare
1719 736 1774 798 pro
1803 717 1944 801 Regibus,
1967 724 2042 786 etiam

698 810 877 874 infidelibus.
921 811 955 872 ln
976 812 1038 874 vita
1060 811 1199 894 Dionysii
1221 813 1300 875 Patr.
1323 812 1521 877 Alexandrini
1544 816 1582 878 de
1605 816 1690 879 Gallo
1714 817 1896 898 lmperatore
1911 820 2041 901 scribitur,

699 930 766 974 eam
788 911 938 973 occidisse
959 911 1143 973 Sacerdotes
1163 914 1216 993 qui
1238 933 1299 993 pro
1332 915 1398 993 qus
1418 915 1515 977 sohte
1542 916 1640 978 Deum
1667 918 1899 997 interpellabant.
1940 918 1969 979 ln
1991 921 2043 983 vita

698 1011 862 1073 Zachariae
884 1008 988 1072 uxtv.
1011 1010 1162 1073 inducitur
1183 1011 1387 1074 lacebitarum
1409 1013 1582 1078 Patriarcha
1605 1014 1758 1095 beonnae,
1781 1017 1937 1080 Romanum
1957 1017 2042 1098 lnpo-

698 1119 830 1173 ratorem
842 1109 1029 1188 Melchitam,
1053 1118 1145 1191 atque
1168 1110 1245 1173 adeo
1269 1112 1435 1174 secundum
1457 1114 1536 1177 illius
1556 1122 1660 1178 sectae
1673 1115 1856 1196 praejudicia
1867 1116 2042 1194 Haereticum,

700 1211 740 1272 ita
764 1208 930 1290 alloquens.
974 1209 1102 1271 Dormire
1123 1210 1312 1290 Imperator,
1335 1211 1418 1274 Deire
1439 1216 1599 1294 impertiam
1620 1222 1703 1277 haam
1725 1223 1755 1277 et
1774 1217 1952 1295 ιιιιιιιιιιιιιιιι
1974 1222 2044 1278 hoa

697 1318 872 1374 conseret:
895 1313 980 1373 norit
999 1318 1100 1373 cutem
1125 1312 1176 1373 ille
1204 1331 1252 1373 rte
1277 1313 1480 1376 mdemrceater
1507 1317 1662 1377 oratiom
1685 1332 1851 1396 precesque
1874 1315 1971 1394 secere
1992 1333 2042 1393 pro

677 1402 822 1491 'imperio
846 1419 896 1472 tao
914 1412 1043 1490 potenti,
1066 1412 1146 1473 acret
1172 1410 1261 1473 nobie
1288 1414 1459 1492 scripturae
1488 1421 1614 1476 aooctoe
1637 1416 1838 1494 praecipitari,
1878 1413 1939 1477 Nec
1964 1413 2042 1476 dissi-

697 1511 808 1573 milia
799 1528 828 1571 m
852 1512 913 1571 vita
936 1508 1050 1591 Cyrilli
1095 1509 1178 1573 Elias
1199 1509 1493 1592 Hierosolymitanus
1517 1519 1548 1574 et
1569 1521 1678 1594 postea
1689 1513 1851 1577 Nisibenus
1871 1512 2044 1594 Metropobta

696 1610 908 1688 Nestorianus,
931 1609 961 1671 in
984 1608 1112 1673 Humilia
1136 1609 1173 1671 de
1196 1608 1358 1673 Nativitate
1380 1610 1516 1691 Domini,
1543 1612 1656 1692 Regem
1683 1621 1713 1675 et
1734 1614 1901 1705 prircoipem
1926 1620 2043 1676 ιιοιιιιιιι

693 1710 812 1772 Deris
798 1730 832 1771 ιιι
858 1711 951 1789 septis
979 1710 1066 1791 adyti
1092 1710 1201 1770 muniti
1226 1711 1359 1772 collocet.
1403 1708 1438 1771 ln
1465 1710 1654 1795 Euchologio
1683 1711 1817 1775 Arabico
1846 1712 2041 1791 blelcbitarun,

694 1809 768 1871 Fani
790 1809 942 1871 Fortunae
965 1808 1046 1870 edito
1070 1827 1118 1872 au
1145 1807 1239 1872 1514.
1264 1811 1382 1904 Reges
1402 1818 1525 1872 nothos
1551 1812 1656 1890 fideles
1682 1814 1798 1873 ιιιιιιιιι
1827 1820 1976 1875 marotiam
2000 1820 2044 1873 tuo

695 1910 831 1983 coelesti,
855 1915 885 1969 et
910 1910 952 1969 do
981 1909 1041 1969 illia
1070 1910 1232 1970 victoriam
1261 1910 1445 1971 dationem
1473 1909 1617 1972 bostibree
1662 1909 1779 1991 Nempe
1806 1910 1974 1989 hlelcbitae,
2001 1911 2044 1992 qui

698 2009 808 2073 (liutius
832 2025 920 2088 quam
943 2005 1008 2085 alii,
1031 2007 1164 2069 multis
1155 2024 1186 2069 ur
1213 2008 1378 2070 Provinciis
1408 2008 1464 2070 sub
1495 2007 1672 2071 Christianis
1700 2010 1884 2091 principibus
1913 2013 2044 2087 vixerunt,

695 2115 833 2171 veterem
855 2125 976 2188 quoque
999 2105 1157 2168 formulam
1178 2114 1397 2184 servaverunt,
1420 2107 1516 2188 qualis
1539 2115 1623 2171 extat
1645 2108 1773 2171 adhuc
1765 2128 1796 2171 ιιι
1817 2110 2044 2189 Nestorianorum

694 2206 857 2290 liturgiis,
880 2214 913 2268 ut
935 2213 1059 2268 orarent
1077 2226 1139 2286 pro
1161 2206 1293 2286 Regibus
1312 2208 1465 2287 fiddibaa,
1489 2225 1567 2289 quae
1595 2216 1696 2272 tamen
1724 2201 1844 2273 ultima
1858 2227 1916 2271 vox
1942 2208 2043 2272 sublata

695 2315 761 2370 este
790 2304 911 2387 quando
941 2305 1110 2386 periculum
1140 2304 1260 2386 aliquod
1290 2306 1327 2367 ab
1359 2305 1527 2370 infidelibus
1558 2308 1727 2371 timebatur.
1770 2306 1875 2389 ltaque
1903 2311 1957 2373 boc
1986 2308 2044 2372 loco

693 2413 781 2471 orant
804 2403 942 2486 Coptitae
964 2404 1155 2485 simpliciter,
1175 2425 1236 2485 pro
1257 2406 1339 2486 Rege
1362 2413 1481 2482 terroe,
1509 2406 1566 2469 sed
1587 2415 1621 2469 ut
1648 2408 1679 2470 in
1706 2408 1896 2473 Orationibus
1923 2426 2042 2488 sequen-

693 2507 772 2569 tibus
794 2512 895 2587 patet,
918 2496 1118 2567 servaverunt
1141 2505 1252 2586 antiqui
1274 2505 1520 2589 morisvestigia,
1544 2506 1613 2569 dum
1629 2514 1717 2569 orant
1726 2527 1788 2587 pro
1803 2507 1933 2588 Regibus
1945 2506 2044 2570 Ortio-

692 2605 800 2667 doris·
824 2604 927 2685 quales
951 2622 1030 2667 sane
1047 2622 1108 2666 non
1130 2611 1201 2665 sunt
1222 2603 1447 2667 Mubamedaui:
1471 2623 1570 2686 neque
1593 2605 1669 2668 tales
1691 2606 1843 2669 habentur
1864 2607 1940 2688 apud
1959 2606 2042 2668 Jaco-

692 2703 770 2767 bitas
801 2703 867 2783 alii,
897 2722 985 2784 quam
1015 2705 1066 2785 qui
1096 2722 1201 2766 eorum
1230 2703 1372 2766 haeresin
1401 2704 1588 2785 profitentur
1639 2706 1709 2769 Non
1738 2708 1874 2768 occurrit
1904 2714 1994 2768 autem
2018 2706 2045 2767 in

693 2805 1024 2867 commemorationibus
1046 2802 1163 2886 Regum
1186 2802 1289 2865 titulus
1311 2801 1362 2864 ille
1382 2802 1578 2884 frequenter,
1601 2804 1672 2869 alibi
1694 2825 1782 2887 quarn
1805 2807 1837 2867 in
1866 2807 1929 2869 istis
1954 2806 2044 2867 Lihrr·

693 2904 753 2988 giis
775 2903 966 2983 Jacobitiois,
991 2903 1046 2967 sed
1067 2911 1100 2966 ut
1123 2903 1163 2965 de
1176 2902 1301 2965 Graccis
1322 2921 1395 2964 mox
1412 2902 1651 2984 observavimus,
1669 2906 1819 2986 ριιιιιιιιιι,
1839 2906 2044 2985 ιιιιιιιιιιιιιιιι

692 3003 881 3087 appellantur
903 3002 1005 3087 Reges
1028 3002 1189 3067 Christiani
1213 3021 1270 3084 pro
1292 3001 1400 3085 quibus
1422 3011 1527 3081 orant,
1550 3022 1612 3067 uon
1633 3003 1815 3070 Ortbodoei

776 3103 811 3166 ln
834 3122 871 3167 ea
892 3120 986 3185 porro
1010 3102 1149 3166 affectata
1172 3102 1374 3184 appellatione
1398 3110 1445 3164 est
1462 3121 1554 3168 causa
1570 3104 1716 3185 quaedam
1732 3106 1893 3182 secretior,
1914 3102 1951 3165 ad
1961 3103 2043 3164 luco·

691 3205 769 3269 bitas
791 3206 916 3286 proprie
945 3205 1111 3284 pertinens.
1156 3201 1231 3263 Nam
1262 3220 1279 3264 a
1306 3201 1451 3264 Marciani
1479 3201 1672 3282 Imperatoris
1699 3211 1854 3284 tempore,
1883 3200 2044 3284 perturbata

692 3326 748 3389 per
770 3323 875 3369 eorum
898 3304 1044 3366 factiones
1066 3301 1223 3381 Ecclesia,
1253 3302 1431 3382 praesertim
1459 3300 1665 3384 Aegyptiace,
1693 3321 1798 3365 omnes
1830 3304 1896 3367 lere
1922 3302 2043 3381 lmpera-

691 3414 774 3469 tores
797 3403 931 3467 Graecos
954 3401 1173 3465 infensissimos
1196 3402 1316 3483 experti
1337 3409 1425 3480 sunt,
1447 3410 1571 3483 praeter
1593 3422 1648 3466 eos
1671 3405 1722 3484 qui
1744 3403 1889 3467 haeresin
1910 3398 2042 3465 deiende-

690 3506 778 3583 bant;
802 3505 953 3567 Zenonem
976 3510 1007 3564 et
1028 3503 1192 3584 praecipue
1215 3502 1424 3580 Anastasium,
1448 3518 1524 3583 quos
1547 3503 1579 3563 in
1601 3502 1724 3565 Coelum
1745 3501 1867 3583 ierunt,
1889 3509 1919 3566 et
1941 3502 1969 3561 in
1986 3498 2043 3560 lla-

690 3605 831 3669 lendariis
853 3605 916 3667 suis
940 3603 1151 3686 consignatos,
1176 3600 1213 3663 ad
1236 3618 1362 3663 monam
1385 3594 1697 3665 commemorationem
1709 3600 1830 3668 babent
1865 3603 1911 3665 En
1922 3599 2043 3663 hommes

690 3706 838 3786 aquibus
861 3702 1030 3767 Orthodoxi
1051 3703 1179 3783 primum
1205 3700 1326 3784 Reges,
1356 3701 1435 3763 iuter
1464 3700 1626 3764 Orationes
1655 3700 1887 3765 Ecclesiasticas
1916 3696 2044 3781 appellati

691 3812 778 3883 sunt,
802 3803 937 3886 quamvis
960 3801 1056 3865 aliis
1047 3820 1078 3863 ιιι
1101 3801 1195 3878 lucis,
1218 3800 1428 3881 praesertim
1421 3819 1450 3863 ιιι
1473 3800 1639 3882 Diptyoho,
1662 3799 1717 3864 sub
1740 3819 1776 3863 ea
1800 3801 1900 3865 classe
1915 3798 2044 3863 coutine-

691 3911 780 3968 antur
802 3904 986 3985 antiquiores
1009 3902 1211 3982 lmperatores
1234 3898 1463 3978 Constantinus,
1486 3908 1518 3964 et
1540 3901 1729 3966 Theodosius
1751 3903 1872 3980 senior,
1896 3898 1973 3981 quod
1993 3913 2044 3958 eo·

688 4023 754 4066 rum
777 4022 872 4086 opera
894 4003 1058 4065 Nicaenum
1081 4009 1112 4063 et
1134 4000 1317 4080 Ephesinum
1341 3996 1476 4061 Concilia
1505 3999 1572 4062 Arii
1594 4008 1626 4064 et
1647 4001 1781 4064 Nestorii
1809 4002 1954 4065 haereses
1974 4014 2042 4060 con-

689 4104 914 4167 demnaverunt.
967 4102 1078 4164 Postea
1116 4117 1193 4162 vero
1229 4118 1296 4162 cum
1328 4098 1448 4167 Arabes
1479 4117 1582 4162 rerum
1616 4102 1703 4180 potiti
1739 4110 1827 4180 sunt,
1861 4098 1963 4163 orandi
1993 4111 2042 4177 pro

687 4203 864 4267 Christianis
887 4201 1123 4282 Imperatorihus
1146 4217 1237 4261 causa
1263 4197 1345 4261 nulla
1379 4204 1459 4276 erat,
1489 4216 1507 4260 a
1535 4217 1660 4280 quorum
1691 4199 1893 4265 dominatione
1921 4193 2044 4261 usuarii

687 4311 786 4383 eram,
811 4310 841 4365 et
865 4320 942 4384 quos
964 4308 997 4362 ut
1019 4299 1301 4378 calchedonenses,
1324 4297 1551 4361 haereticorum
1573 4299 1642 4362 loco
1665 4300 1822 4364 habebant.
1868 4301 1942 4364 Cum
1960 4297 2043 4379 igitur

686 4421 744 4484 pro
767 4402 951 4465 Orthodoxis
974 4400 1107 4481 Regibus
1131 4401 1284 4463 orationes
1305 4401 1498 4482 reperiuntur
1519 4399 1598 4461 inter
1618 4400 1821 4463 Jacobitarnm
1832 4401 2042 4484 Aegyptiorum

686 4502 801 4582 cilicia,
826 4502 886 4565 duo
909 4499 1120 4583 designantur,
1143 4500 1210 4562 Rex
1231 4498 1411 4580 Aethiopiae
1433 4506 1464 4561 et
1485 4497 1552 4561 Rex
1578 4498 1711 4578 Nubiae,
1742 4503 1793 4582 qui
1822 4502 1860 4564 ab
1890 4517 1928 4563 eo
1955 4496 2041 4558 ferme

688 4610 827 4683 tempore
850 4599 1312 4683 quobluhamedaniAegvptum
1328 4598 1527 4680 subegerunt,
1550 4599 1589 4661 ad
1612 4598 1808 4662 Jacobiticam
1824 4606 2042 4665 sectamtrans-

683 4701 746 4782 lati,
769 4704 798 4764 in
827 4720 863 4764 ea
885 4700 944 4762 huo
966 4719 1062 4782 usque
1084 4707 1371 4781 perseveraverunt.
1415 4697 1513 4761 Ambo
1536 4701 1647 4780 quippe
1669 4698 1735 4762 sedi
1757 4699 1981 4762 Alexandrinae
1992 4693 2042 4755 la

684 4802 831 4865 cubitieae
855 4801 1000 4885 subjecti,
1025 4820 1091 4862 eam
1113 4807 1238 4862 matrem
1261 4805 1452 4882 agnoscunt,
1467 4815 1526 4860 nec
1549 4799 1669 4861 abunde
1681 4799 1891 4880 histropobtas
1911 4804 1961 4860 aut
1972 4794 2042 4874 Epi

684 4920 796 4982 scopos
830 4902 989 4983 accipiunt
1034 4900 1185 4974 Quocirca
1213 4898 1459 4961 Ortbodoxorum
1487 4898 1604 4984 Regum
1625 4898 1727 4961 titulus
1755 4898 1814 4962 illis
1843 4898 1980 4961 tribuitur
2006 4891 2039 4954 ab

683 5001 837 5063 autoribus
860 5001 1010 5064 Historiae
1032 4999 1257 5078 Patriarcbalis,
1279 4998 1434 5063 Abuselah
1455 4998 1607 5079 Annene,
1628 5007 1660 5062 et
1681 4997 1757 5062 aliis.
1801 4999 1847 5062 Eo
1867 5006 1964 5061 autem
1984 5012 2039 5056 no-
