4525 6034
616 606 645 682 S.
678 604 878 681 talliis
909 604 1242 682 PATRIARGHAE.
1529 610 1606 683 477

233 788 324 860 ditati
352 797 440 877 tuae,
469 799 502 860 et
530 793 620 863 mitte
645 813 747 887 super
768 812 832 863 nos
857 800 890 862 et
912 814 1014 887 super
1034 791 1093 863 has
1112 788 1310 881 oblationes,
1338 794 1494 897 Spiritum
1514 808 1606 869 tuum

232 914 392 977 sanctum.

336 1019 522 1092 Sacerdos.
575 1021 706 1093 Exaudi
734 1045 798 1092 me.

335 1137 498 1230 Papulas.
550 1137 657 1233 llyrie
684 1138 829 1227 eleison,
856 1136 962 1231 llyrie
990 1137 1138 1223 eleison,
1164 1138 1270 1234 llyrie
1298 1139 1437 1214 eleison.

297 1291 300 1297 «
336 1251 512 1325 Sacerdos
539 1255 676 1324 elevans
707 1275 832 1324 ccccm.
887 1253 1031 1339 Potens,
1066 1257 1121 1346 qui
1155 1252 1211 1324 dat
1242 1257 1434 1343 victoriam,
1470 1271 1604 1331 sanctus

232 1378 266 1438 et
292 1366 432 1464 largitor
458 1391 628 1439 munerum
657 1367 893 1464 spiritualium,
926 1368 1068 1463 Spiritus
1102 1378 1236 1440 sanctus
1263 1369 1417 1442 illabatur
1444 1381 1478 1442 et
1504 1373 1606 1447 iaciat

232 1505 353 1578 panem
381 1482 511 1577 quidem
539 1488 655 1571 istum,
683 1506 806 1579 corpus
826 1484 1013 1573 vivificans,
1041 1505 1163 1579 corpus
1181 1488 1454 1579 propitiatorium,
1481 1512 1604 1586 corpus
1736 1585 1741 1592 .

231 1598 396 1685 salutare,
433 1621 556 1695 corpus
590 1600 726 1673 salvans
762 1602 889 1672 animas
922 1609 955 1670 et
989 1620 1134 1694 corpora
1162 1608 1294 1687 nostra,
1322 1623 1461 1696 corpus-
1471 1604 1605 1677 Domini

230 1715 295 1784 Dei
323 1724 356 1785 et
382 1714 571 1787 Salvatoris
599 1717 704 1787 nostri
720 1715 802 1786 lesu
822 1714 955 1801 Christi,
983 1714 1025 1785 ad
1052 1717 1278 1810 expiationem
1305 1714 1513 1809 delictorum,
1540 1743 1626 1791 re-.

233 1832 427 1900 missionem
454 1841 680 1925 peccatorum,
708 1835 868 1902 civitam
895 1851 1017 1900 novam
1044 1840 1144 1925 atque
1172 1840 1352 1903 aeternam.

333 1943 496 2038 Papulas.
524 1935 684 2017 limen.¹
1169 1995 1185 2030 r

334 2058 520 2132 Sacerdos.
573 2062 696 2133 Beatus
724 2062 779 2133 ille
806 2068 839 2131 et
866 2068 1016 2147 sanctus,
1044 2063 1175 2132 mistum
1203 2084 1335 2156 quoque
1363 2063 1452 2158 qnod
1479 2069 1513 2136 in
1539 2066 1602 2139 hoc

229 2173 334 2246 calice
373 2187 445 2264 est,
480 2177 582 2249 iaciat
623 2181 818 2270 sanguinem
852 2176 1096 2265 vivificantem,
1132 2181 1329 2268 sanguinem
1364 2180 1604 2272 purificantem,

230 2300 264 2360 et
291 2292 568 2380 sanctificantem,
595 2296 791 2384 sanguinem
818 2292 1015 2378 salutarem
1042 2295 1239 2382 sanguinem
1263 2291 1448 2367 salvantem
1475 2300 1602 2369 anirum

229 2414 263 2475 et
289 2427 431 2500 corpora
458 2418 591 2496 nostra,
619 2412 815 2502 sanguinem
843 2408 975 2480 Domini
1001 2409 1066 2478 Dei
1094 2416 1127 2478 et
1162 2406 1350 2480 Salvatoris
1381 2414 1488 2483 nostri
1519 2410 1603 2483 lesu

229 2519 369 2611 christi,
396 2523 438 2594 ad
465 2526 687 2619 expiationem
716 2523 931 2614 delictorum,
957 2525 1187 2593 remissionem
1214 2534 1447 2617 peccatorum,
1482 2536 1515 2597 et
1541 2529 1601 2597 vi-

228 2646 296 2707 tam
322 2659 446 2710 novam
475 2647 575 2733 atque
602 2649 785 2710 aeternam.

333 2753 496 2846 Populus.
549 2756 670 2827 Amen.
800 2741 804 2751 ’

332 2867 516 2940 Sacerdos.
569 2870 666 2942 Mare
692 2870 996 2943 misericordiarum
1023 2879 1056 2940 et
1076 2868 1153 2940 fons
1175 2867 1351 2958 bonorum,
1378 2869 1472 2944 Deus
1491 2872 1602 2960 Pater,

228 2988 376 3076 genitor,
403 3005 464 3057 eos
491 2987 603 3080 quiin
631 2989 749 3058 itinere
777 2995 853 3059 sunt
885 2985 1033 3074 custodi,
1068 2984 1144 3056 illos
1177 2986 1231 3078 quii
1264 2987 1297 3054 in
1332 2989 1414 3056 mari
1449 2984 1601 3058 lluoiibus

228 3109 265 3170 et
288 3099 443 3196 procellis
467 3103 635 3191 jactantur
659 3103 800 3195 adjuva3
828 3104 904 3197 quia
931 3112 964 3173 tu
992 3123 1030 3172 es
1056 3102 1295 3196 poenitentium
1329 3111 1515 3197 susceptor,
1542 3105 1600 3193 ju-

228 3214 388 3287 stificator
428 3226 660 3310 peccatorum,
700 3217 903 3313 perditorum
930 3209 1110 3303 'inventam
1145 3224 1374 3306 congregator
1410 3221 1602 3307 errantium,

229 3333 341 3404 socias
362 3321 568 3420 timentium,
594 3331 699 3404 irater
723 3335 998 3427 peregrinorum,
1025 3352 1105 3425 spes
1131 3351 1331 3425 pauperum:
1366 3330 1425 3402 lux
1452 3331 1600 3404 ereden-

229 3449 317 3517 tium.
376 3446 548 3537 Rogamus
584 3458 618 3518 et
652 3448 871 3543 deprecamur
904 3458 956 3536 te,
990 3445 1044 3518 iac
1075 3466 1140 3517 nos
1167 3467 1270 3539 puros
1304 3456 1338 3517 et
1370 3457 1602 3540 sanctos-per

229 3565 492 3633 communionem
519 3560 604 3633 hane
631 3562 792 3651 divinam3
820 3573 853 3634 et
878 3565 1040 3659 mysteria
1066 3559 1150 3630 haec
1177 3560 1309 3631 vivifica
1341 3565 1470 3655 prosint
1503 3562 1602 3634 nobis

229 3676 271 3747 ad
298 3677 504 3769 vigilantiam
532 3681 682 3768 animae,
709 3678 752 3749 atl
778 3678 1043 3750 emundationem
1071 3657 1236 3769 corporis,
1263 3674 1306 3746 ad
1322 3665 1600 3747 communicatio-

229 3813 305 3863 nem
339 3793 545 3886 adoptionis,
581 3792 624 3864 ad
662 3797 948 3889 participationem
980 3792 1123 3888 Spiritus
1158 3795 1283 3878 sancti,
1321 3789 1363 3862 ad
1395 3790 1602 3887 voluptatem

228 3911 326 4000 regni
352 3906 509 3980 eoelestis
537 3908 800 4004 adipiscendam,
827 3922 862 3982 et
889 3909 931 3981 ad
952 3910 1184 3980 remissionem
1202 3904 1396 3977 delictorum
1410 3915 1445 3977 et
1470 3907 1602 3999 pecca‘-

230 4036 353 4096 torum:
382 4027 457 4118 quia
485 4033 518 4095 te
545 4024 790 4112 lecelinum,
823 4047 919 4097 amor
953 4046 1035 4116 erga
1068 4022 1238 4111 homines,
1263 4021 1392 4113 gloria,
1419 4018 1534 4108 decus,
1568 4031 1602 4090 et

230 4137 409 4228 exaltatio,
437 4148 470 4210 et
496 4143 701 4232 unigenitum
727 4140 845 4214 Filium
874 4151 981 4226 tuum,
1009 4149 1042 4210 et
1058 4139 1217 4233 Spiritum
1236 4148 1385 4209 sanctum
1409 4145 1511 4225 tuum,
1538 4145 1600 4205 etc.

334 4254 494 4347 Papulas.
547 4258 667 4330 Amen.
1107 4259 1115 4276 '

333 4369 510 4441 Sacerdos
535 4372 727 4445 inclinatus.
781 4373 985 4446 Sacrificium
1012 4370 1075 4442 hoc
1102 4365 1310 4440 metuendum
1333 4375 1367 4438 et
1384 4355 1601 4438 ‘incruentum

230 4484 396 4557 oilerimus
424 4509 537 4558 coram
565 4497 618 4576 tc,
646 4499 775 4562 amator
801 4489 983 4573 hominum,
1011 4508 1072 4581 pro
1100 4482 1264 4555 Ecclesiis
1285 4481 1349 4553 tuis
1373 4484 1497 4553 sanctis
1524 4479 1601 4552 Ca-

229 4600 378 4689 tholicis,
404 4601 602 4697 ubicumque
629 4606 714 4694 sint,
741 4616 776 4676 ut
803 4604 1035 4676 coinfirmentur
1049 4605 1082 4672 iu
1100 4599 1166 4671 lide
1184 4596 1390 4671 Orthodoxa.
1430 4594 1600 4666 Memento

229 4719 372 4788 Domine
399 4718 573 4789 Pastorum
602 4729 635 4790 et
660 4721 842 4793 Doctorum
869 4723 973 4814 quiin
989 4722 1038 4789 eis
1059 4726 1147 4790 sunt:
1174 4711 1451 4798 Patriareharum‚
1472 4708 1600 4780 Archi-

229 4817 483 4929 epis'eoporum‚
510 4844 544 4904 et
569 4833 814 4931 Episcoporum
841 4834 1120 4908 Orthodoxorum
1174 4831 1342 4902 Memento
1365 4826 1509 4898 Domine
1526 4824 1600 4896 Sa-

230 4946 420 5038 cerdotum‚
462 4949 705 5040 Diacouorum‚
741 4960 775 5022 et
811 4953 954 5023 omnium
989 4947 1147 5021 Ordinnm
1186 4943 1371 5016 Ecclesiae.
1431 4940 1599 5013 Memento

229 5063 372 5135 Domine
386 5071 590 5160 paupertatis
605 5089 719 5157 meae,
746 5077 780 5137 et
792 5088 835 5137 ne
850 5066 1039 5136 memineris
1056 5068 1269 5157 peccatorum
1284 5079 1447 5130 meorum:
1475 5077 1600 5154 asper-

1306 5176 1354 5247 63
1367 5173 1386 5208 ⁴*
