4525 6034
529 622 589 698 ou
621 618 1017 697 NESTORIANORUM
1047 615 1297 695 LITURGIIS.
1515 615 1591 690 575

220 805 307 879 idem
336 809 534 900 significant.
587 807 653 881 Ubi
681 812 920 879 miserationes
945 809 1129 902 posuimus,
1157 808 1212 901 qui
1237 804 1377 878 Missam
1402 801 1591 876 Malabari-
1684 833 1687 844 ·

220 946 293 996 cam
320 929 523 1022 interpretati
552 932 645 1013 sunt,
672 948 807 997 amores
837 934 1024 1012 verterunt,
1059 921 1198 994 ridicule
1223 943 1384 1018 prorsus,
1409 943 1519 1016 neque
1548 944 1595 993 ex

220 1040 296 1113 stilo
322 1038 584 1131 Ecclesiastico,
612 1064 632 1111 a
659 1064 725 1136 quo
753 1063 858 1137 saepe
883 1050 1117 1129 recesserunt,
1144 1042 1208 1110 etsi
1234 1062 1441 1134 magnopere
1467 1036 1594 1110 viden,-

220 1166 272 1228 tur
299 1158 332 1227 in
360 1160 471 1230 animo
498 1156 676 1246 babuisse,
708 1168 745 1229 ut
770 1156 911 1229 verbum
937 1155 1045 1228 verbo
1073 1156 1260 1227 redderent.
1314 1155 1384 1229 Sed
1409 1155 1486 1227 illos
1513 1160 1595 1250 qui-

221 1297 362 1368 cumque
389 1273 522 1362 iueriot,
549 1273 714 1369 Syriacae
739 1272 874 1366 linguae
899 1296 1015 1370 parum
1042 1276 1169 1369 peritos
1186 1272 1302 1364 fuisse,
1320 1272 1438 1347 multis
1465 1273 1594 1344 indiciis

136 1433 142 1456 t
222 1394 431 1481 agnoscitur:
463 1391 551 1463 unde
586 1388 627 1461 ab
660 1389 791 1463 illorum
818 1393 981 1464 sententia
1007 1389 1169 1461 recedere
1196 1393 1330 1484 saepius
1357 1412 1500 1463 neccsse
1526 1387 1595 1461 fuit.

221 1505 345 1578 Versio
371 1527 456 1578 vero
485 1529 582 1602 quam
602 1506 731 1598 damuS,
757 1504 833 1581 talis
854 1516 919 1594 est,
944 1515 980 1577 ut
1001 1506 1243 1601 simplicissima
1262 1508 1304 1578 sit
1318 1516 1351 1578 et
1368 1506 1568 1580 fidelissima.

325 1623 464 1695 XXVII.
517 1622 692 1718 Reliquum
731 1633 783 1694 est
824 1633 860 1694 ut
905 1623 946 1694 de
976 1621 1252 1694 Nestoriauorum
1292 1623 1464 1719 disciplina
1505 1626 1594 1694 circa
1660 1616 1807 1718 decumani
1824 1616 1920 1690 ubique

221 1763 320 1813 usum
346 1743 491 1828 istarum¹
509 1739 732 1832 Liturgiarum
760 1740 888 1812 dicatur
914 1738 1052 1833 aliquid:
1080 1761 1156 1809 nam
1183 1742 1355 1810 intereos
1382 1750 1595 1811 numerantur
1626 1705 1831 1844 {3:33me
1848 1703 1920 1758 Μ’

222 1881 242 1927 a
269 1856 552 1947 Protestantibus,
579 1859 733 1951 quicum
761 1855 842 1951 Syri
873 1858 953 1942 sint,
987 1863 1021 1927 et
1056 1855 1200 1951 Syriaco
1231 1878 1329 1928 soora
1355 1856 1496 1942 iaciant,
1533 1879 1594 1931 suo

222 1974 380 2068 exemplo
414 1973 568 2045 damnant
599 1971 789 2044 Ecclesiam
823 1970 1048 2062 Catholicam,
1081 1969 1171 2067 quod
1202 1972 1383 2043 vernacula
1417 1973 1530 2065 lingum
1562 1977 1595 2044 in

221 2091 291 2162 suis
319 2089 433 2162 officiis
459 2112 526 2162 non
553 2098 670 2160 utatur.
724 2087 855 2160 Nullum
884 2098 994 2160 tamen
1021 2097 1093 2159 erat
1119 2109 1185 2182 quo
1209 2089 1323 2179 juvari
1349 2092 1454 2161 minus
1480 2099 1597 2185 posset

221 2228 325 2277 causa
351 2205 625 2293 Protestantium,
652 2228 748 2300 mam
777 2226 917 2300 prorsus
944 2202 1141 2296 labefactat,
1169 2203 1442 2299 disciplinamque
1467 2204 1596 2276 Eccle-

222 2324 298 2393 siae
322 2321 498 2393 Romanae
524 2320 660 2393 mirifice
686 2320 867 2393 confirmat.
919 2320 1006 2393 Nam
1037 2343 1083 2391 ex
1115 2343 1180 2415 quo
1207 2319 1401 2394 Nestoriani
1425 2320 1597 2418 Mesopo-

221 2439 346 2509 tamiae
372 2436 671 2536 Ecclesiasprope
699 2459 815 2516 omnes
843 2445 1105 2532 occupaverunt,
1134 2440 1258 2508 amisso
1285 2437 1438 2508 Graecae
1464 2437 1597 2531 linguae

221 2577 300 2642 usu,
326 2553 414 2624 illam
443 2575 576 2649 quoque
602 2557 635 2624 in
663 2556 770 2625 sacris
792 2552 914 2625 Officiis
943 2551 1152 2625 celebrandis
1169 2556 1362 2642 omiserunt,
1388 2554 1598 2650 Syriacaque

223 2669 300 2744 sola
333 2672 380 2741 uti
412 2680 604 2765 coeperunt.
658 2669 742 2742 Cum
773 2693 860 2744 vero
892 2668 1038 2742 Arabica
1073 2668 1195 2764 ubique
1226 2673 1351 2765 passim
1392 2671 1598 2759 obtinuisset,

222 2790 270 2860 ita
297 2796 334 2859 ut
359 2777 431 2858 soli'
451 2786 567 2859 eruditi
594 2786 737 2883 Syriaco
770 2789 911 2876 scirent,
945 2784 1043 2882 plebs
1074 2784 1245 2874 illiterata,
1277 2788 1342 2859 imo
1369 2784 1598 2860 Ecclesiastici

223 2906 308 2998 ipsi,
340 2925 409 2974 non
444 2905 507 2974 nisi
539 2901 647 2974 studio
690 2903 853 2992 adhibito,
890 2901 1067 2998 Syriacam
1098 2901 1245 2994 linguam
1278 2901 1516 2994 intelligerent,
1557 2926 1599 2975 ea

223 3029 335 3091 tamen
362 3021 447 3090 ratio
475 3023 554 3090 tanti
581 3023 656 3090 uisa
683 3041 751 3091 non
779 3018 849 3108 luit,
876 3027 912 3089 ut
938 3021 1070 3113 antiqua
1097 3017 1303 3091 consuetudo
1332 3017 1539 3106 aboleretur,
1566 3029 1600 3090 et

222 3135 408 3208 vernacule
435 3158 530 3207 sacra
558 3134 685 3207 fierent.
713 3133 810 3207 Unde
836 3135 900 3207 huc
928 3156 1032 3230 usque
1059 3133 1146 3231 apud
1172 3133 1345 3207 Ecclesias
1379 3157 1495 3207 omnes
1522 3135 1599 3207 Ne-

224 3254 412 3340 storianas,
444 3274 512 3323 non
549 3252 644 3323 aliter
677 3276 775 3348 quam
810 3252 954 3348 Syriaco
987 3252 1097 3325 solent
1122 3250 1305 3341 celebrari,
1340 3252 1418 3324 licet
1448 3252 1599 3349 plerique

225 3367 432 3441 Sacerdotes
465 3392 538 3440 eam
575 3368 722 3461 linguam
755 3391 823 3441 non
854 3368 1046 3462 intelligant
1098 3368 1218 3463 Neque
1249 3372 1283 3439 in
1314 3391 1356 3440 eo
1383 3373 1601 3442 constiterunt

223 3483 436 3556 Nestoriani:
468 3507 543 3556 nam
576 3508 650 3557 cum
686 3485 805 3557 multas
843 3488 877 3556 in
911 3486 1049 3558 Perside
1086 3484 1260 3570 Ecclesiae
1295 3484 1505 3574 fundassent,
1545 3486 1601 3558 ubi

227 3601 396 3696 Syriacae
422 3601 556 3693 linguae
582 3624 662 3673 usus
695 3601 803 3673 nullus
838 3612 923 3691 erat,
958 3625 1031 3674 eam
1064 3613 1175 3674 tamen
1200 3601 1267 3674 illie
1293 3604 1327 3673 in
1360 3605 1465 3675 sacris
1501 3601 1599 3674 cele-

226 3715 364 3788 brandis
398 3722 613 3789 retinuerunt.
666 3717 760 3790 Plebi
793 3721 838 3791 ita
881 3719 1136 3807 consuluerunt,
1170 3730 1206 3790 ut
1236 3713 1448 3791 Lectionaria
1481 3719 1599 3814 quihus

225 3831 401 3927 Epistulae
435 3845 468 3906 et
500 3833 688 3926 Evangelia
721 3833 762 3906 de
796 3833 922 3906 circulo
958 3837 1033 3907 anni
1067 3835 1337 3926 continebantur,
1378 3839 1515 3910 Persice
1541 3839 1599 3907 in-

225 3959 407 4045 terpretata
444 3960 575 4038 essent;
602 3961 636 4021 et
662 3950 729 4022 tale
756 3947 929 4042 eleganter
954 3960 989 4023 et
1014 3962 1171 4024 accurate
1198 3957 1355 4048 scriptum
1381 3951 1478 4025 nobis
1511 3974 1599 4049 sup-

224 4065 388 4161 peditavit
405 4063 609 4138 Bibliotheca
637 4065 840 4140 Colbertina.
872 4068 929 4141 An
954 4090 1070 4162 porro,
1096 4080 1132 4140 ut
1158 4069 1244 4164 apud
1261 4069 1412 4164 Coptitas
1438 4069 1599 4158 Arabica,
1660 4101 1669 4127 ι

224 4185 272 4253 ita
295 4182 433 4254 Persica
461 4185 697 4279 scripturarum
728 4187 844 4256 versio
877 4186 963 4256 inter
997 4183 1176 4257 Missarum
1216 4185 1378 4258 solemnia
1415 4188 1599 4280 legeretur:

226 4320 271 4370 an
307 4298 349 4369 ad
389 4300 539 4393 privatos
573 4322 654 4371 usus
690 4310 815 4372 tantum
846 4303 990 4372 instituta
1027 4301 1142 4397 fuerit3
1186 4306 1248 4374 etsi
1282 4302 1384 4375 valde
1418 4304 1600 4376 verisimile

224 4412 380 4503 videtur,
419 4416 609 4511 exemplum
659 4416 861 4512 reliquorum
901 4417 1115 4490 Orientalium
1164 4416 1425 4492 Christianorum
1466 4432 1600 4494 secutos

225 4551 307 4601 esse
342 4530 583 4605 Nestorianos:
625 4543 751 4620 tamen,
790 4533 879 4609 unde
917 4543 1010 4605 certo
1050 4534 1231 4629 probetur,
1276 4535 1340 4608 bue
1381 4559 1488 4632 usque
1522 4538 1601 4611 nihil

226 4643 327 4718 nobis
359 4652 512 4719 occurrit.
566 4649 603 4721 ln
631 4660 782 4721 extrema
818 4649 972 4722 Tartaria
1013 4660 1047 4722 et
1078 4651 1321 4746 Turquestania
1354 4654 1472 4726 multos
1509 4676 1601 4749 quo-

226 4785 295 4857 que
327 4760 501 4836 Ecclesias
535 4763 736 4857 babuerunt,
772 4776 873 4861 atque
906 4765 973 4839 illic
1004 4766 1225 4864 Episcopales
1259 4779 1293 4840 et
1324 4770 1600 4866 Metropolitanus

226 4878 329 4951 sedes
357 4901 468 4952 novas
495 4892 696 4972 erexerunt,
727 4880 783 4954 ubi
814 4905 882 4956 non
915 4882 1012 4956 aliter
1043 4908 1175 4980 quoque
1207 4909 1305 4980 quam
1332 4886 1476 4983 Syrisce
1503 4908 1602 4958 sacra

226 4994 334 5068 officia
376 4995 658 5089 celebrabantun3
707 4998 795 5095 quod
837 4999 879 5071 de
918 4999 1052 5073 Sinensi
1095 5001 1226 5073 illorum
1263 5000 1419 5075 Ecclesia
1459 5003 1602 5096 judicari

223 5133 295 5184 non
322 5115 396 5186 sine
427 5116 557 5186 ratione
591 5125 713 5213 potest
758 5110 845 5190 Nam
871 5116 956 5215 lapis
982 5116 1125 5194 effossus
1157 5141 1245 5213 anno
1277 5117 1485 5194 MDCXXV.
1537 5121 1600 5197 Si-
