4525 6034
610 577 885 655 ADLllUEGlAll
901 574 1300 653 donnolussslsutt.
1566 577 1643 651 209

359 762 405 824 De
439 761 578 845 'trisagio
611 764 736 844 proprie
765 762 845 824 dieto
875 779 973 843 pauca
997 762 1060 843 jam
1090 760 1280 824 observanda
1313 769 1394 827 sunt.
1438 762 1572 845 Hymnus
1602 763 1644 825 ita
1691 781 1730 836 1),
1747 783 1873 854 trisagio.

271 861 390 924 Graece
413 879 448 923 se
478 861 569 924 habet
594 850 701 946 ‘1472oe
723 851 741 924 ὁ
768 847 866 938 θεός,
893 850 985 943 ἅγιος
1012 847 1156 946 ἰσχυρός,
1189 848 1283 944 ἅγιος
1310 848 1482 935 ἀθάνατος
1510 855 1645 946 ἐλέησον

268 951 368 1043 ἡμᾶς.
419 960 552 1023 Sanan
577 962 675 1037 Deris,
704 968 829 1023 senonis
854 961 963 1040 fortis,
993 968 1118 1022 sanctas
1144 960 1340 1036 immortalis,
1373 964 1518 1024 munere
1545 963 1645 1028 nohis.

267 1059 354 1123 lllius
376 1063 525 1142 originem
547 1062 656 1124 Graeci
678 1069 801 1124 autores
831 1077 936 1124 omnes
964 1061 1100 1124 relerunt
1127 1057 1166 1121 ad
1183 1058 1293 1121 -Proeti
1322 1058 1644 1141 Constantinopolitani

264 1158 463 1223 Patriarchae
492 1169 646 1244 tempora,
677 1180 744 1224 cum
767 1160 897 1240 seilicet,
921 1162 996 1224 urhe
1018 1176 1129 1243 niagno
1151 1166 1253 1221 terrae
1274 1165 1357 1221 motu
1380 1175 1545 1239 concussa,
1567 1175 1645 1242 puer

268 1259 306 1319 in
327 1258 453 1322 sublime
475 1268 599 1341 raptus,
629 1261 711 1322 illum
734 1260 861 1322 edoctus
885 1269 948 1339 est,
972 1275 1150 1339 omnemque
1179 1256 1298 1338 plebem
1327 1275 1395 1321 euru
1424 1275 1536 1322 canere
1565 1260 1645 1322 hor-

266 1365 352 1420 tatus
385 1367 465 1437 est,
486 1368 576 1440 atque
610 1362 650 1422 ita
685 1358 844 1422 calamitati
873 1358 940 1422 linis
970 1360 1034 1423 tait.
1086 1358 1128 1420 lta
1158 1357 1264 1420 tobim
1295 1358 1374 1439 apud
1404 1359 1556 1438 Photium,
1586 1358 1644 1423 Jo-
1692 1369 1751 1423 cod
1768 1374 1830 1426 222.
1847 1374 1875 1427 t.
1894 1378 1920 1429 3.
1937 1378 1968 1432 de

266 1471 368 1519 annes
389 1458 594 1521 Damaseenus
619 1458 836 1540 Theophanes,
860 1466 891 1520 et
920 1476 1024 1520 omnes
1054 1457 1149 1520 terme
1179 1457 1384 1537 recentiores,
1413 1467 1475 1521 tum
1498 1458 1703 1539 dissertatioe
1719 1459 1787 1512 orit
1806 1470 1830 1512 et
1844 1463 1967 1531 opusculo

266 1563 335 1619 tum
357 1559 465 1620 rituum
487 1561 679 1639 interpretes.
725 1557 845 1620 lllornm
868 1559 1036 1621 testimonia
1059 1565 1090 1619 et
1116 1573 1323 1637 quaecumque
1338 1558 1447 1624 ,lerme
1476 1559 1513 1621 de
1537 1545 1687 1622 'ilisa-‘¹⁶
1706 1544 1823 1613 ΜΨ·
1842 1565 1868 1601 't
1882 1548 1920 1600 ’ὦ
1941 1549 1966 1601 Τ·

265 1658 325 1740 gio
354 1656 413 1719 dici
447 1665 593 1739 possunt,
628 1657 806 1738 compendio
840 1656 1005 1738 explicavit
1033 1658 1080 1720 vir
1108 1655 1297 1719 Clarissimus
1331 1658 1361 1719 in
1391 1675 1448 1721 suo
1479 1629 1677 1721 Glossariot¹·
1694 1650 1720 1700 Ρ·
1738 1633 1801 1683 ⁴¹⁸⁰·

263 1756 409 1837 Hymno,
432 1758 521 1838 cujus
544 1757 672 1839 simplex
696 1757 772 1819 haec
793 1758 920 1838 primum
943 1757 1040 1819 torma
1063 1756 1131 1834 luit,
1155 1753 1262 1818 Petrus
1285 1755 1446 1838 Gnapheus
1475 1755 1645 1821 Antioche-

262 1874 330 1917 nus
355 1855 525 1937 Episcopus
549 1856 661 1919 addidit
690 1856 765 1920 haec
795 1855 890 1918 verba
920 1859 972 1937 qui
1000 1858 1165 1935 crucifissus
1193 1875 1227 1917 es
1250 1874 1311 1935 pro
1339 1857 1443 1919 nohis:
1471 1874 1548 1939 quae
1577 1875 1644 1919 cuna

262 1957 436 2018 memoriae
456 1955 556 2037 plebis
579 1957 717 2019 mandata
746 1957 937 2037 supprimere
967 1955 1087 2018 dilltcile
1115 1953 1210 2031 leret,
1241 1954 1406 2017 calandion
1436 1953 1643 2035 Orthodoxus,

261 2062 305 2116 ut
327 2072 364 2117 ea
393 2054 431 2116 ad
462 2057 641 2118 sententiam
671 2057 821 2118 innoxiam
851 2055 1031 2133 reduceret,
1065 2055 1142 2118 haec
1169 2053 1304 2137 adjunxit
1331 2048 1458 2138 Χριστὲ
1487 2050 1641 2135 βασιλεῦ,
1698 2069 1702 2078 ’

264 2153 393 2216 Chn'ste
421 2177 496 2231 res,
521 2163 559 2217 ,ut
595 2156 632 2218 ad
662 2155 812 2218 Christum
841 2155 1047 2218 reterrentur:
1075 2152 1131 2217 sed
1153 2154 1327 2217 reclamavit
1347 2172 1469 2236 semper
1497 2155 1643 2218 adversus

262 2255 353 2335 pium
375 2253 586 2332 calendionis,
610 2254 781 2334 Ephraemii
805 2256 874 2336 (qui
897 2254 934 2317 de
957 2254 1003 2316 his
1032 2254 1111 2336 apad
1139 2253 1274 2316 Photium
1301 2253 1392 2315 multa
1420 2261 1524 2317 notatu
1554 2251 1645 2334 digna

261 2351 400 2432 uelem)
424 2353 609 2435 aliorumque
632 2353 878 2416 orthodoxorum
901 2354 1067 2432 consilium,
1092 2351 1182 2415 factio
1204 2351 1340 2434 Gnaphei
1359 2371 1484 2434 sequax.
1529 2353 1572 2415 lta
1595 2352 1646 2414 la-

263 2461 368 2531 ctum,
391 2460 424 2514 nt
445 2452 678 2534 lllonophysitae
701 2461 840 2534 tanquam
863 2454 1011 2515 communi
1033 2462 1168 2530 tessera,
1190 2451 1248 2514 hoc
1267 2451 1378 2534 hymno
1399 2470 1458 2533 per
1470 2450 1646 2534 Gnapheum

263 2559 431 2633 corrupto,
463 2565 524 2615 non
555 2553 613 2615 alio
643 2560 811 2617 uterentur.
861 2554 973 2615 Extant
1003 2551 1042 2614 de
1071 2553 1129 2614 hoc
1159 2560 1338 2634 argumento
1368 2551 1481 2633 ahqnot
1509 2553 1645 2636 insignes

259 2653 424 2734 Epistolae
447 2653 554 2715 Felicis
578 2647 627 2716 lll.
656 2651 799 2730 Romani,
829 2650 934 2714 Aeacii
963 2650 1299 2731 Constantinopolitani,
1329 2651 1478 2724 Quintiani
1507 2650 1646 2712 Acullia-

264 2772 392 2831 narum,
416 2752 523 2815 tustini
545 2752 688 2833 Episcopi
712 2752 742 2812 in
765 2751 881 2830 Sicilia,
906 2749 1094 2832 Asclepiadis
1118 2750 1270 2826 Tralliani,
1294 2749 1461 2814 Antheonis
1483 2751 1644 2830 Arsinoes,

144 2927 149 2934 .
264 2854 376 2916 Fausti
398 2849 620 2933 Apolloniadis,
644 2850 787 2932 Pamphili
809 2850 1004 2932 Abydoram,
1028 2850 1065 2912 de
1088 2850 1196 2931 quihus
1219 2851 1304 2912 varia
1325 2858 1395 2914 sunt
1417 2849 1573 2914 doctorum
1594 2849 1646 2911 vi·
1738 2901 1741 2906 ,

264 2969 377 3014 rorum
406 2950 527 3032 judicia.
579 2950 759 3013 Anastasius
789 2950 957 3032 Imperator
986 2967 1075 3030 qoem
1104 2948 1259 3012 Jacobitae
1288 2950 1327 3012 ob
1359 2951 1487 3031 partium
1521 2965 1644 3012 suarum

264 3051 419 3127 studium,
442 3052 527 3131 qnasi
558 3066 669 3112 novum
693 3049 921 3112 Constantinum
948 3058 1147 3128 venerantur,
1176 3049 1333 3113 additionis
1364 3048 1497 3130 Gnaphet
1525 3050 1642 3111 acerri-

263 3169 339 3214 mus
361 3149 504 3213 defensor
524 3147 594 3229 fuit,
618 3157 652 3212 ut
673 3168 712 3211 ex
736 3149 936 3231 Theophane,
959 3149 1073 3231 Cyrillo
1097 3149 1343 3230 scythopolitano
1365 3151 1396 3211 in
1410 3151 1469 3212 vita
1486 3147 1515 3210 S.
1534 3148 1642 3228 Sabae,
1675 3151 1966 3206 massabatenen

263 3249 447 3314 Marcellino
471 3247 602 3328 Comite,
626 3250 748 3312 Victore
773 3250 947 3312 Tononensi
968 3247 999 3311 'et
1023 3250 1088 3312 aliis
1111 3249 1285 3312 observavit
1299 3248 1442 3331 (langius,
1466 3251 1516 3330 qui
1530 3250 1673 3329 pariter·

264 3370 313 3414 ex
343 3348 466 3411 Graecis
501 3348 655 3410 autoribus
691 3349 800 3429 prohat
830 3367 896 3411 eam
929 3349 1108 3412 additionem
1139 3368 1156 3410 a
1185 3349 1403 3430 llonophysitis
1434 3356 1644 3412 conservatam

264 3449 382 3524 fuisse;
406 3448 486 3529 quod
509 3454 541 3510 ut
563 3449 688 3510 istorum
711 3450 890 3523 autoritate,
914 3458 1055 3530 quantum
1085 3467 1163 3530 opus
1194 3457 1275 3525 erat,
1297 3449 1453 3531 probavit,
1483 3448 1521 3511 de
1550 3447 1645 3511 Jaco-

263 3550 342 3612 bitis
366 3565 470 3610 eoram
492 3548 741 3626 successoribus,
769 3548 845 3610 idem
873 3551 994 3611 omnino
1025 3548 1215 3611 statuendum
1250 3555 1306 3610 est.
1352 3548 1411 3612 Sed
1441 3548 1478 3610 de
1509 3548 1566 3611 illis
1594 3550 1644 3611 vi·

264 3646 390 3709 dendae
412 3656 481 3709 sunt
503 3646 649 3727 praelatio
673 3655 703 3709 et
724 3654 815 3709 notae
837 3648 999 3711 doctissimi
1014 3649 1045 3710 P.
1060 3648 1214 3710 blichaElis
1237 3648 1372 3728 hequien
1388 3650 1438 3729 qui
1454 3650 1551 3712 omnia
1566 3667 1645 3729 quae

265 3746 352 3829 apud
375 3747 510 3809 Graecos
533 3754 655 3809 autores
678 3745 852 3810 referuntur
875 3747 912 3810 de
935 3746 993 3809 hoo
1015 3755 1209 3831 argumento,
1233 3756 1374 3810 accurate
1398 3748 1570 3830 explicavit.

358 3846 392 3908 ln
414 3846 611 3928 Eucbologiis
634 3847 842 3910 hlelehitarum
865 3849 1075 3928 manuscriptis
1099 3854 1131 3909 et
1144 3848 1182 3935 ¹in
1206 3867 1243 3910 eo
1263 3847 1430 3928 quodFani
1452 3849 1562 3912 editum
1578 3848 1643 3927 luit,
1692 3846 1828 3907 Quomodo
1844 3850 1967 3904 recitatur

264 3946 399 4026 hymnus
424 3945 539 4025 absque
564 3945 613 4007 illa
636 3945 788 4008 additione
811 3948 977 4027 reperitur,
1000 3950 1077 4009 sicut
1100 3944 1277 4010 Orthodoxa
1307 3946 1344 4009 ah
1367 3949 1449 4011 initio
1478 3946 1558 4009 illum
1588 3950 1672 4009 re·l
1689 3932 1818 3987 milit·

265 4046 373 4107 citavit
393 4044 540 4107 Ecclesia.
584 4044 626 4107 lta
649 4052 680 4107 et
703 4047 732 4106 in
762 4045 1009 4108 Nestorianorum
1038 4047 1134 4108 sacris
1164 4043 1288 4125 officiis,
1319 4064 1447 4129 eumque
1474 4067 1582 4129 purum
1611 4054 1643 4109 et

265 4145 387 4224 absque
415 4144 466 4206 tali
498 4143 604 4205 lacinia
632 4143 728 4206 relert
756 4143 867 4207 Amrus
899 4145 1029 4208 blathaei
1056 4143 1144 4208 lilius.
1196 4143 1284 4220 Atio,
1314 4148 1423 4227 inquit,
1452 4148 1570 4219 oratio,
1599 4152 1646 4207 est
1701 4203 1704 4210 .

265 4247 397 4327 hymnum
419 4245 509 4304 Mum
531 4243 708 4318 carbonam,
730 4247 995 4325 antespastus,
1017 4247 1069 4325 qui
1089 4245 1211 4306 audibis
1221 4244 1326 4324 scitia
1344 4249 1520 4308 sanctuario
1531 4244 1644 4306 Eccle-

266 4346 338 4406 sabe
366 4345 494 4422 majoris
524 4341 782 4423 Ommtcntiaopoli
811 4365 852 4406 ec
878 4364 932 4407 ore
957 4343 1080 4424 Ampeli,
1113 4345 1234 4424 macodo
1262 4345 1378 4405 occidit
1404 4346 1561 4405 contahcua
1584 4362 1644 4423 per

266 4443 476 4524 qaredrnpinta
497 4442 565 4503 dies
586 4448 689 4504 terroe
710 4451 825 4520 motus,
848 4447 900 4525 qai
921 4445 1091 4524 conquieoit
1111 4446 1214 4504 amam
1235 4451 1323 4524 atquc
1344 4462 1455 4523 mcprao
1475 4462 1551 4505 uoce
1573 4444 1645 4504 cani

266 4543 397 4623 hfflnaats
419 4549 542 4622 coeptas
563 4547 617 4605 est.
661 4542 694 4603 Is
714 4551 815 4606 eutem
836 4545 881 4604 ita
902 4544 1010 4605 habet:
1032 4543 1163 4605 Sanctae
1184 4542 1282 4619 Deus,
1305 4550 1428 4605 sanctas
1440 4541 1543 4621 sortis,
1565 4561 1642 4603 son·

267 4647 338 4701 ctam
359 4640 554 4717 immortalis,
577 4642 722 4703 miserere
742 4643 839 4704 nohis.
883 4642 1039 4705 Jacobitae
1068 4659 1162 4724 porro
1190 4643 1343 4722 cujusdam
1374 4659 1462 4704 manu
1492 4641 1530 4704 ad
1559 4643 1643 4702 mar-

267 4740 373 4822 girrem
394 4739 566 4821 adjunctum
589 4748 651 4817 est,
674 4743 727 4822 qui
747 4744 913 4822 caeciliano
935 4762 968 4804 es
985 4761 1046 4822 pro
1067 4741 1164 4803 nobb.
1210 4741 1249 4802 Et
1270 4760 1344 4804 sane
1370 4741 1540 4821 Jacobitae,
1574 4740 1644 4821 Syri

267 4844 302 4900 et
324 4838 469 4920 Aegyptii
490 4838 578 4901 aliter
600 4858 668 4902 eum
689 4859 750 4904 non
774 4844 918 4920 recitant,
943 4843 1000 4903 nisi
1023 4858 1089 4902 curn
1113 4839 1264 4903 additione
1287 4840 1336 4903 illa
1359 4842 1479 4922 antiqua
1508 4850 1539 4904 et
1566 4840 1643 4902 hre-

265 4939 364 5015 viori,
388 4939 438 5000 vel
450 4957 516 5000 cum
532 4940 682 5021 ampliori,
706 4949 736 5002 et
759 4960 848 5022 quae.
860 4940 898 5003 ad
920 4941 1055 5003 eamdem
1077 4941 1256 5004 sententiam
1278 4939 1483 5021 explicandam
1508 4940 1644 5003 adhiberi

266 5045 388 5119 potest,
411 5038 605 5120 paraphrasi,
631 5042 716 5122 cujus
740 5043 827 5104 etiam
849 5059 911 5104 non
933 5060 990 5103 una
1013 5039 1109 5104 torma
1132 5048 1189 5104 est.
1232 5039 1267 5104 ln
1287 5039 1475 5124 Euchologio
1505 5043 1645 5124 Coptico.
