<?xml version="1.0" encoding="UTF-8"?>
<!DOCTYPE html PUBLIC "-//W3C//DTD XHTML 1.0 Transitional//EN"
    "http://www.w3.org/TR/xhtml1/DTD/xhtml1-transitional.dtd">
<html xmlns="http://www.w3.org/1999/xhtml" xml:lang="en" lang="en">
 <head>
  <title>
</title>
<meta http-equiv="Content-Type" content="text/html;charset=utf-8" />
  <meta name='ocr-system' content='tesseract 3.04.00' />
  <meta name='ocr-capabilities' content='ocr_page ocr_carea ocr_par ocr_line ocrx_word'/>
</head>
<body>
  <div class='ocr_page' id='page_1' title='image "./liturgiarumorie00unkngoog/liturgiarumorie00unkngoog_0893.png"; bbox 0 0 4525 6034; ppageno 0'>
   <div class='ocr_carea' id='block_1_1' title="bbox 511 581 1616 663">
    <p class='ocr_par' dir='ltr' id='par_1_1' title="bbox 511 581 1616 663">
     <span class='ocr_line' id='line_1_1' title="bbox 511 581 1616 663; baseline -0.003 -1"><span class='ocrx_word' id='word_1_1' title='bbox 511 584 632 662; x_wconf 78' lang='lat' dir='ltr'><strong>blbltlll</strong></span> <span class='ocrx_word' id='word_1_2' title='bbox 656 581 954 662; x_wconf 77' lang='lat' dir='ltr'><strong>PRAEDICATORIS</strong></span> <span class='ocrx_word' id='word_1_3' title='bbox 979 583 1028 661; x_wconf 84' lang='lat' dir='ltr'><strong>El</strong></span> <span class='ocrx_word' id='word_1_4' title='bbox 1053 584 1350 663; x_wconf 78' lang='lat' dir='ltr'><strong>EVANGELISTAE.</strong></span> <span class='ocrx_word' id='word_1_5' title='bbox 1542 584 1616 659; x_wconf 76' lang='lat'><strong>179</strong></span> 
     </span>
    </p>
   </div>
   <div class='ocr_carea' id='block_1_2' title="bbox 238 769 1618 1894">
    <p class='ocr_par' dir='ltr' id='par_1_2' title="bbox 349 769 1435 867">
     <span class='ocr_line' id='line_1_2' title="bbox 349 769 1435 867; baseline 0 -26"><span class='ocrx_word' id='word_1_6' title='bbox 349 770 512 864; x_wconf 75' lang='lat' dir='ltr'><strong>Populus.</strong></span> <span class='ocrx_word' id='word_1_7' title='bbox 564 770 672 867; x_wconf 79' lang='lat' dir='ltr'><strong>Kyrie</strong></span> <span class='ocrx_word' id='word_1_8' title='bbox 697 772 838 860; x_wconf 87' lang='lat' dir='ltr'><strong>eleison,</strong></span> <span class='ocrx_word' id='word_1_9' title='bbox 864 769 971 867; x_wconf 80' lang='lat' dir='ltr'><strong>Kyrie</strong></span> <span class='ocrx_word' id='word_1_10' title='bbox 997 770 1139 859; x_wconf 90' lang='lat' dir='ltr'><strong>eleison,</strong></span> <span class='ocrx_word' id='word_1_11' title='bbox 1165 770 1271 866; x_wconf 77' lang='lat' dir='ltr'><strong>llyrie</strong></span> <span class='ocrx_word' id='word_1_12' title='bbox 1298 770 1435 842; x_wconf 89' lang='lat' dir='ltr'><strong>eleison.</strong></span> 
     </span>
    </p>

    <p class='ocr_par' dir='ltr' id='par_1_3' title="bbox 241 871 1617 1083">
     <span class='ocr_line' id='line_1_3' title="bbox 345 871 1617 970; baseline 0.001 -27"><span class='ocrx_word' id='word_1_13' title='bbox 345 871 530 945; x_wconf 73' lang='lat' dir='ltr'><strong><em>Sacerdos.</em></strong></span> <span class='ocrx_word' id='word_1_14' title='bbox 584 873 629 946; x_wconf 88' lang='lat' dir='ltr'><strong>Ut</strong></span> <span class='ocrx_word' id='word_1_15' title='bbox 654 872 871 961; x_wconf 87' lang='lat' dir='ltr'><strong>benedicens,</strong></span> <span class='ocrx_word' id='word_1_16' title='bbox 899 883 933 944; x_wconf 91' lang='lat' dir='ltr'><strong>et</strong></span> <span class='ocrx_word' id='word_1_17' title='bbox 959 872 1187 962; x_wconf 84' lang='lat' dir='ltr'><strong>sanctificans,</strong></span> <span class='ocrx_word' id='word_1_18' title='bbox 1221 894 1345 968; x_wconf 90' lang='lat' dir='ltr'><strong>corpus</strong></span> <span class='ocrx_word' id='word_1_19' title='bbox 1382 872 1504 947; x_wconf 87' lang='lat' dir='ltr'><strong>Christi</strong></span> <span class='ocrx_word' id='word_1_20' title='bbox 1529 895 1617 970; x_wconf 91' lang='lat' dir='ltr'><strong>per-</strong></span> 
     </span>
     <span class='ocr_line' id='line_1_4' title="bbox 241 987 1152 1083; baseline 0.001 -24"><span class='ocrx_word' id='word_1_21' title='bbox 241 987 331 1060; x_wconf 86' lang='lat' dir='ltr'><strong>ficiat</strong></span> <span class='ocrx_word' id='word_1_22' title='bbox 356 1010 476 1083; x_wconf 89' lang='lat' dir='ltr'><strong>panem</strong></span> <span class='ocrx_word' id='word_1_23' title='bbox 504 993 611 1062; x_wconf 85' lang='lat' dir='ltr'><strong>istum.</strong></span> <span class='ocrx_word' id='word_1_24' title='bbox 821 988 984 1081; x_wconf 72' lang='lat' dir='ltr'><strong>Populus.</strong></span> <span class='ocrx_word' id='word_1_25' title='bbox 1030 990 1152 1063; x_wconf 87' lang='lat' dir='ltr'><strong>Amen.</strong></span> 
     </span>
    </p>

    <p class='ocr_par' dir='ltr' id='par_1_4' title="bbox 346 1102 1525 1196">
     <span class='ocr_line' id='line_1_5' title="bbox 346 1102 1525 1196; baseline 0.002 -23"><span class='ocrx_word' id='word_1_26' title='bbox 346 1103 531 1176; x_wconf 84' lang='lat' dir='ltr'><strong>Sacerdos.</strong></span> <span class='ocrx_word' id='word_1_27' title='bbox 584 1104 629 1177; x_wconf 92' lang='lat' dir='ltr'><strong>Et</strong></span> <span class='ocrx_word' id='word_1_28' title='bbox 655 1104 794 1177; x_wconf 88' lang='lat' dir='ltr'><strong>cabcem</strong></span> <span class='ocrx_word' id='word_1_29' title='bbox 820 1102 918 1192; x_wconf 91' lang='lat' dir='ltr'><strong>bunc,</strong></span> <span class='ocrx_word' id='word_1_30' title='bbox 946 1107 1141 1196; x_wconf 85' lang='lat' dir='ltr'><strong>sanguinem</strong></span> <span class='ocrx_word' id='word_1_31' title='bbox 1169 1103 1292 1177; x_wconf 82' lang='lat' dir='ltr'>Christi</span> <span class='ocrx_word' id='word_1_32' title='bbox 1318 1107 1384 1178; x_wconf 90' lang='lat' dir='ltr'><strong>Dei</strong></span> <span class='ocrx_word' id='word_1_33' title='bbox 1410 1107 1525 1177; x_wconf 79' lang='lat' dir='ltr'><strong>nostri.</strong></span> 
     </span>
    </p>

    <p class='ocr_par' dir='ltr' id='par_1_5' title="bbox 345 1219 682 1312">
     <span class='ocr_line' id='line_1_6' title="bbox 345 1219 682 1312; baseline 0.009 -23"><span class='ocrx_word' id='word_1_34' title='bbox 345 1219 508 1312; x_wconf 78' lang='lat' dir='ltr'><strong>Populos.</strong></span> <span class='ocrx_word' id='word_1_35' title='bbox 561 1222 682 1293; x_wconf 89' lang='lat' dir='ltr'><strong>Amen.</strong></span> 
     </span>
    </p>

    <p class='ocr_par' dir='ltr' id='par_1_6' title="bbox 238 1333 1618 1894">
     <span class='ocr_line' id='line_1_7' title="bbox 346 1333 1618 1430; baseline 0.001 -26"><span class='ocrx_word' id='word_1_36' title='bbox 346 1333 498 1405; x_wconf 69' lang='lat' dir='ltr'><strong>Eteonos</strong></span> <span class='ocrx_word' id='word_1_37' title='bbox 523 1356 649 1406; x_wconf 87' lang='lat' dir='ltr'><strong>ooccm.</strong></span> <span class='ocrx_word' id='word_1_38' title='bbox 702 1333 749 1406; x_wconf 88' lang='lat' dir='ltr'><strong>Ut</strong></span> <span class='ocrx_word' id='word_1_39' title='bbox 773 1337 838 1408; x_wconf 92' lang='lat' dir='ltr'><strong>sint</strong></span> <span class='ocrx_word' id='word_1_40' title='bbox 863 1334 961 1407; x_wconf 88' lang='lat' dir='ltr'><strong>nobis</strong></span> <span class='ocrx_word' id='word_1_41' title='bbox 989 1333 1072 1407; x_wconf 91' lang='lat' dir='ltr'><strong>baec</strong></span> <span class='ocrx_word' id='word_1_42' title='bbox 1106 1338 1269 1430; x_wconf 85' lang='lat' dir='ltr'><strong>mysteria</strong></span> <span class='ocrx_word' id='word_1_43' title='bbox 1303 1345 1419 1409; x_wconf 88' lang='lat' dir='ltr'><strong>sancta</strong></span> <span class='ocrx_word' id='word_1_44' title='bbox 1454 1334 1497 1407; x_wconf 91' lang='lat' dir='ltr'><strong>ad</strong></span> <span class='ocrx_word' id='word_1_45' title='bbox 1529 1356 1618 1430; x_wconf 93' lang='lat' dir='ltr'><strong>pro-</strong></span> 
     </span>
     <span class='ocr_line' id='line_1_8' title="bbox 238 1448 1617 1548; baseline -0.001 -27"><span class='ocrx_word' id='word_1_46' title='bbox 238 1453 446 1548; x_wconf 89' lang='lat' dir='ltr'><strong>pitiationem</strong></span> <span class='ocrx_word' id='word_1_47' title='bbox 474 1450 681 1540; x_wconf 79' lang='lat' dir='ltr'>delictorum,</span> <span class='ocrx_word' id='word_1_48' title='bbox 709 1462 743 1522; x_wconf 92' lang='lat' dir='ltr'><strong>et</strong></span> <span class='ocrx_word' id='word_1_49' title='bbox 767 1454 1000 1523; x_wconf 90' lang='lat' dir='ltr'><strong>remissionem</strong></span> <span class='ocrx_word' id='word_1_50' title='bbox 1025 1462 1261 1546; x_wconf 82' lang='lat' dir='ltr'><strong>peccatorum3</strong></span> <span class='ocrx_word' id='word_1_51' title='bbox 1296 1452 1338 1524; x_wconf 88' lang='lat' dir='ltr'><strong>ad</strong></span> <span class='ocrx_word' id='word_1_52' title='bbox 1369 1452 1522 1524; x_wconf 85' lang='lat' dir='ltr'><strong>fiduciam</strong></span> <span class='ocrx_word' id='word_1_53' title='bbox 1549 1448 1617 1521; x_wconf 91' lang='lat' dir='ltr'><strong>ba-</strong></span> 
     </span>
     <span class='ocr_line' id='line_1_9' title="bbox 239 1562 1618 1661; baseline 0 -25"><span class='ocrx_word' id='word_1_54' title='bbox 239 1562 383 1637; x_wconf 91' lang='lat' dir='ltr'><strong>bendam</strong></span> <span class='ocrx_word' id='word_1_55' title='bbox 410 1587 525 1639; x_wconf 89' lang='lat' dir='ltr'><strong>coram</strong></span> <span class='ocrx_word' id='word_1_56' title='bbox 551 1564 670 1638; x_wconf 93' lang='lat' dir='ltr'><strong>tbrono</strong></span> <span class='ocrx_word' id='word_1_57' title='bbox 697 1574 754 1640; x_wconf 92' lang='lat' dir='ltr'><strong>tuo</strong></span> <span class='ocrx_word' id='word_1_58' title='bbox 780 1566 941 1655; x_wconf 77' lang='lat' dir='ltr'><strong>terribili,</strong></span> <span class='ocrx_word' id='word_1_59' title='bbox 967 1576 1001 1638; x_wconf 91' lang='lat' dir='ltr'><strong>et</strong></span> <span class='ocrx_word' id='word_1_60' title='bbox 1028 1566 1070 1638; x_wconf 93' lang='lat' dir='ltr'><strong>ad</strong></span> <span class='ocrx_word' id='word_1_61' title='bbox 1096 1571 1345 1639; x_wconf 73' lang='lat' dir='ltr'><strong>consistentiam</strong></span> <span class='ocrx_word' id='word_1_62' title='bbox 1373 1565 1501 1661; x_wconf 91' lang='lat' dir='ltr'><strong>absque</strong></span> <span class='ocrx_word' id='word_1_63' title='bbox 1527 1588 1618 1638; x_wconf 89' lang='lat' dir='ltr'><strong>oon-</strong></span> 
     </span>
     <span class='ocr_line' id='line_1_10' title="bbox 239 1678 1616 1770; baseline 0.001 -19"><span class='ocrx_word' id='word_1_64' title='bbox 239 1678 390 1752; x_wconf 88' lang='lat' dir='ltr'><strong>fusione:</strong></span> <span class='ocrx_word' id='word_1_65' title='bbox 420 1680 461 1752; x_wconf 89' lang='lat' dir='ltr'><strong>ad</strong></span> <span class='ocrx_word' id='word_1_66' title='bbox 488 1680 659 1770; x_wconf 86' lang='lat' dir='ltr'>honorem,</span> <span class='ocrx_word' id='word_1_67' title='bbox 686 1692 721 1754; x_wconf 92' lang='lat' dir='ltr'><strong>et</strong></span> <span class='ocrx_word' id='word_1_68' title='bbox 748 1681 1010 1755; x_wconf 85' lang='lat' dir='ltr'><strong>aedificationem</strong></span> <span class='ocrx_word' id='word_1_69' title='bbox 1029 1681 1207 1755; x_wconf 81' lang='lat' dir='ltr'><strong>Ecclesiae</strong></span> <span class='ocrx_word' id='word_1_70' title='bbox 1233 1693 1309 1754; x_wconf 88' lang='lat' dir='ltr'><strong>tuae</strong></span> <span class='ocrx_word' id='word_1_71' title='bbox 1336 1693 1485 1768; x_wconf 86' lang='lat' dir='ltr'><strong>sanctae,</strong></span> <span class='ocrx_word' id='word_1_72' title='bbox 1513 1681 1616 1753; x_wconf 90' lang='lat' dir='ltr'><strong>etad</strong></span> 
     </span>
     <span class='ocr_line' id='line_1_11' title="bbox 241 1784 1615 1894; baseline 0.001 -28"><span class='ocrx_word' id='word_1_73' title='bbox 241 1800 536 1870; x_wconf 82' lang='lat' dir='ltr'><strong>conservationem</strong></span> <span class='ocrx_word' id='word_1_74' title='bbox 561 1796 701 1871; x_wconf 87' lang='lat' dir='ltr'><strong>filiorum</strong></span> <span class='ocrx_word' id='word_1_75' title='bbox 729 1803 802 1891; x_wconf 86' lang='lat' dir='ltr'><strong>ejus</strong></span> <span class='ocrx_word' id='word_1_76' title='bbox 819 1784 892 1872; x_wconf 89' lang='lat' dir='ltr'><strong>sine</strong></span> <span class='ocrx_word' id='word_1_77' title='bbox 917 1808 1074 1894; x_wconf 90' lang='lat' dir='ltr'><strong>peccato:</strong></span> <span class='ocrx_word' id='word_1_78' title='bbox 1102 1809 1136 1869; x_wconf 91' lang='lat' dir='ltr'><strong>et</strong></span> <span class='ocrx_word' id='word_1_79' title='bbox 1161 1797 1347 1870; x_wconf 80' lang='lat' dir='ltr'><strong>referemus</strong></span> <span class='ocrx_word' id='word_1_80' title='bbox 1374 1796 1433 1869; x_wconf 87' lang='lat' dir='ltr'><strong>tibi</strong></span> <span class='ocrx_word' id='word_1_81' title='bbox 1459 1796 1615 1889; x_wconf 86' lang='lat' dir='ltr'><strong>gloriam,</strong></span> 
     </span>
    </p>
   </div>
   <div class='ocr_carea' id='block_1_3' title="bbox 107 1916 684 2006">
    <p class='ocr_par' dir='ltr' id='par_1_7' title="bbox 107 1916 684 2006">
     <span class='ocr_line' id='line_1_12' title="bbox 107 1916 684 2006; baseline 0.005 -24"><span class='ocrx_word' id='word_1_82' title='bbox 107 1999 112 2006; x_wconf 15' lang='grc' dir='ltr'>ι</span> <span class='ocrx_word' id='word_1_83' title='bbox 240 1922 276 1983; x_wconf 92' lang='lat' dir='ltr'><strong>et</strong></span> <span class='ocrx_word' id='word_1_84' title='bbox 301 1916 484 2004; x_wconf 85' lang='lat' dir='ltr'><strong>gratiaram</strong></span> <span class='ocrx_word' id='word_1_85' title='bbox 512 1916 684 1986; x_wconf 83' lang='lat' dir='ltr'><strong>actionem.</strong></span> 
     </span>
    </p>
   </div>
   <div class='ocr_carea' id='block_1_4' title="bbox 224 2026 1629 5007">
    <p class='ocr_par' dir='ltr' id='par_1_8' title="bbox 238 2026 1619 3398">
     <span class='ocr_line' id='line_1_13' title="bbox 346 2026 1617 2117; baseline -0.002 -17"><span class='ocrx_word' id='word_1_86' title='bbox 346 2028 522 2100; x_wconf 75' lang='lat' dir='ltr'><strong>Sacerdos</strong></span> <span class='ocrx_word' id='word_1_87' title='bbox 556 2029 749 2101; x_wconf 81' lang='lat' dir='ltr'><strong>inclinatas.</strong></span> <span class='ocrx_word' id='word_1_88' title='bbox 802 2031 945 2104; x_wconf 90' lang='lat' dir='ltr'><strong>Domine</strong></span> <span class='ocrx_word' id='word_1_89' title='bbox 982 2029 1097 2117; x_wconf 90' lang='lat' dir='ltr'><strong>Deus,</strong></span> <span class='ocrx_word' id='word_1_90' title='bbox 1142 2050 1257 2100; x_wconf 93' lang='lat' dir='ltr'><strong>coram</strong></span> <span class='ocrx_word' id='word_1_91' title='bbox 1298 2038 1331 2101; x_wconf 88' lang='lat' dir='ltr'><strong>to</strong></span> <span class='ocrx_word' id='word_1_92' title='bbox 1370 2028 1511 2101; x_wconf 88' lang='lat' dir='ltr'><strong>inclinor</strong></span> <span class='ocrx_word' id='word_1_93' title='bbox 1551 2026 1617 2100; x_wconf 94' lang='lat' dir='ltr'><strong>boc</strong></span> 
     </span>
     <span class='ocr_line' id='line_1_14' title="bbox 240 2141 1618 2242; baseline 0 -27"><span class='ocrx_word' id='word_1_94' title='bbox 240 2154 411 2240; x_wconf 90' lang='lat' dir='ltr'><strong>tempore,</strong></span> <span class='ocrx_word' id='word_1_95' title='bbox 439 2153 474 2215; x_wconf 89' lang='lat' dir='ltr'><strong>et</strong></span> <span class='ocrx_word' id='word_1_96' title='bbox 501 2141 665 2239; x_wconf 89' lang='lat' dir='ltr'><strong>deprecor</strong></span> <span class='ocrx_word' id='word_1_97' title='bbox 691 2144 900 2217; x_wconf 87' lang='lat' dir='ltr'><strong>clementiam</strong></span> <span class='ocrx_word' id='word_1_98' title='bbox 927 2156 1026 2232; x_wconf 88' lang='lat' dir='ltr'><strong>tuam,</strong></span> <span class='ocrx_word' id='word_1_99' title='bbox 1056 2142 1178 2236; x_wconf 84' lang='lat' dir='ltr'><strong>adjuva</strong></span> <span class='ocrx_word' id='word_1_100' title='bbox 1211 2167 1290 2232; x_wconf 85' lang='lat' dir='ltr'><strong>me3</strong></span> <span class='ocrx_word' id='word_1_101' title='bbox 1322 2167 1426 2242; x_wconf 89' lang='lat' dir='ltr'><strong>parce</strong></span> <span class='ocrx_word' id='word_1_102' title='bbox 1453 2143 1549 2234; x_wconf 91' lang='lat' dir='ltr'><strong>mibi,</strong></span> <span class='ocrx_word' id='word_1_103' title='bbox 1583 2154 1618 2215; x_wconf 93' lang='lat' dir='ltr'><strong>et</strong></span> 
     </span>
     <span class='ocr_line' id='line_1_15' title="bbox 242 2258 1617 2357; baseline 0.001 -28"><span class='ocrx_word' id='word_1_104' title='bbox 242 2261 386 2351; x_wconf 86' lang='lat' dir='ltr'><strong>ignosce</strong></span> <span class='ocrx_word' id='word_1_105' title='bbox 412 2258 491 2331; x_wconf 94' lang='lat' dir='ltr'><strong>mibi</strong></span> <span class='ocrx_word' id='word_1_106' title='bbox 516 2271 656 2354; x_wconf 91' lang='lat' dir='ltr'><strong>peccata</strong></span> <span class='ocrx_word' id='word_1_107' title='bbox 683 2283 776 2350; x_wconf 89' lang='lat' dir='ltr'><strong>mea;</strong></span> <span class='ocrx_word' id='word_1_108' title='bbox 803 2264 1076 2357; x_wconf 78' lang='lat' dir='ltr'><strong>insipientiaeque</strong></span> <span class='ocrx_word' id='word_1_109' title='bbox 1101 2282 1208 2350; x_wconf 90' lang='lat' dir='ltr'><strong>meas,</strong></span> <span class='ocrx_word' id='word_1_110' title='bbox 1236 2270 1269 2332; x_wconf 91' lang='lat' dir='ltr'><strong>et</strong></span> <span class='ocrx_word' id='word_1_111' title='bbox 1285 2264 1472 2356; x_wconf 85' lang='lat' dir='ltr'><strong>iniquitates</strong></span> <span class='ocrx_word' id='word_1_112' title='bbox 1501 2280 1617 2331; x_wconf 90' lang='lat' dir='ltr'><strong>omnes</strong></span> 
     </span>
     <span class='ocr_line' id='line_1_16' title="bbox 241 2375 1618 2472; baseline 0 -25"><span class='ocrx_word' id='word_1_113' title='bbox 241 2398 329 2470; x_wconf 92' lang='lat' dir='ltr'><strong>quae</strong></span> <span class='ocrx_word' id='word_1_114' title='bbox 357 2400 376 2447; x_wconf 92' lang='lat' dir='ltr'><strong>a</strong></span> <span class='ocrx_word' id='word_1_115' title='bbox 404 2397 458 2447; x_wconf 89' lang='lat' dir='ltr'><strong>ma</strong></span> <span class='ocrx_word' id='word_1_116' title='bbox 485 2385 698 2472; x_wconf 76' lang='lat' dir='ltr'><strong>perpetratae</strong></span> <span class='ocrx_word' id='word_1_117' title='bbox 724 2387 812 2466; x_wconf 86' lang='lat' dir='ltr'><strong>sunt,</strong></span> <span class='ocrx_word' id='word_1_118' title='bbox 839 2387 996 2471; x_wconf 87' lang='lat' dir='ltr'><strong>tanquam</strong></span> <span class='ocrx_word' id='word_1_119' title='bbox 1021 2375 1154 2450; x_wconf 88' lang='lat' dir='ltr'><strong>bomine</strong></span> <span class='ocrx_word' id='word_1_120' title='bbox 1181 2398 1283 2447; x_wconf 91' lang='lat' dir='ltr'><strong>carne</strong></span> <span class='ocrx_word' id='word_1_121' title='bbox 1308 2380 1442 2449; x_wconf 84' lang='lat' dir='ltr'><strong>vestito.</strong></span> <span class='ocrx_word' id='word_1_122' title='bbox 1475 2377 1618 2472; x_wconf 88' lang='lat' dir='ltr'><strong>Suscipe</strong></span> 
     </span>
     <span class='ocr_line' id='line_1_17' title="bbox 240 2490 1619 2589; baseline 0.002 -27"><span class='ocrx_word' id='word_1_123' title='bbox 240 2494 341 2563; x_wconf 89' lang='lat' dir='ltr'><strong>ctiam</strong></span> <span class='ocrx_word' id='word_1_124' title='bbox 369 2491 411 2563; x_wconf 90' lang='lat' dir='ltr'><strong>de</strong></span> <span class='ocrx_word' id='word_1_125' title='bbox 438 2491 590 2564; x_wconf 90' lang='lat' dir='ltr'><strong>manibus</strong></span> <span class='ocrx_word' id='word_1_126' title='bbox 617 2495 701 2565; x_wconf 93' lang='lat' dir='ltr'><strong>meis</strong></span> <span class='ocrx_word' id='word_1_127' title='bbox 728 2491 926 2565; x_wconf 87' lang='lat' dir='ltr'><strong>sacrificium</strong></span> <span class='ocrx_word' id='word_1_128' title='bbox 951 2491 1016 2564; x_wconf 90' lang='lat' dir='ltr'><strong>boc</strong></span> <span class='ocrx_word' id='word_1_129' title='bbox 1042 2490 1266 2589; x_wconf 89' lang='lat' dir='ltr'><strong>praeclarum,</strong></span> <span class='ocrx_word' id='word_1_130' title='bbox 1292 2497 1556 2583; x_wconf 89' lang='lat' dir='ltr'><strong>etincruentum,</strong></span> <span class='ocrx_word' id='word_1_131' title='bbox 1584 2506 1619 2565; x_wconf 87' lang='lat' dir='ltr'><strong>et</strong></span> 
     </span>
     <span class='ocr_line' id='line_1_18' title="bbox 240 2606 1619 2696; baseline -0.001 -18"><span class='ocrx_word' id='word_1_132' title='bbox 240 2608 369 2680; x_wconf 80' lang='lat' dir='ltr'><strong>extolle</strong></span> <span class='ocrx_word' id='word_1_133' title='bbox 396 2630 500 2679; x_wconf 90' lang='lat' dir='ltr'><strong>cornu</strong></span> <span class='ocrx_word' id='word_1_134' title='bbox 525 2606 702 2681; x_wconf 86' lang='lat' dir='ltr'><strong>Ecclesiae</strong></span> <span class='ocrx_word' id='word_1_135' title='bbox 727 2619 806 2681; x_wconf 91' lang='lat' dir='ltr'><strong>tuae</strong></span> <span class='ocrx_word' id='word_1_136' title='bbox 832 2620 990 2696; x_wconf 88' lang='lat' dir='ltr'><strong>sanctae,</strong></span> <span class='ocrx_word' id='word_1_137' title='bbox 1027 2617 1096 2680; x_wconf 88' lang='lat' dir='ltr'><strong>toto</strong></span> <span class='ocrx_word' id='word_1_138' title='bbox 1129 2608 1213 2681; x_wconf 89' lang='lat' dir='ltr'><strong>orbe</strong></span> <span class='ocrx_word' id='word_1_139' title='bbox 1240 2607 1398 2696; x_wconf 86' lang='lat' dir='ltr'><strong>diffusae,</strong></span> <span class='ocrx_word' id='word_1_140' title='bbox 1429 2617 1464 2680; x_wconf 91' lang='lat' dir='ltr'><strong>et</strong></span> <span class='ocrx_word' id='word_1_141' title='bbox 1490 2606 1619 2679; x_wconf 88' lang='lat' dir='ltr'><strong>custodi</strong></span> 
     </span>
     <span class='ocr_line' id='line_1_19' title="bbox 240 2722 1617 2821; baseline 0 -27"><span class='ocrx_word' id='word_1_142' title='bbox 240 2732 398 2819; x_wconf 90' lang='lat' dir='ltr'><strong>pastores</strong></span> <span class='ocrx_word' id='word_1_143' title='bbox 425 2727 498 2817; x_wconf 90' lang='lat' dir='ltr'><strong>ejus</strong></span> <span class='ocrx_word' id='word_1_144' title='bbox 527 2722 754 2798; x_wconf 85' lang='lat' dir='ltr'><strong>Ortbodoxos.</strong></span> <span class='ocrx_word' id='word_1_145' title='bbox 809 2723 995 2821; x_wconf 87' lang='lat' dir='ltr'><strong>Praecipue</strong></span> <span class='ocrx_word' id='word_1_146' title='bbox 1022 2723 1200 2796; x_wconf 90' lang='lat' dir='ltr'><strong>Dominum</strong></span> <span class='ocrx_word' id='word_1_147' title='bbox 1228 2722 1268 2794; x_wconf 92' lang='lat' dir='ltr'><strong>N.</strong></span> <span class='ocrx_word' id='word_1_148' title='bbox 1295 2722 1521 2796; x_wconf 90' lang='lat' dir='ltr'><strong>Patriarcbam</strong></span> <span class='ocrx_word' id='word_1_149' title='bbox 1547 2744 1617 2794; x_wconf 93' lang='lat' dir='ltr'><strong>no-</strong></span> 
     </span>
     <span class='ocr_line' id='line_1_20' title="bbox 241 2837 1617 2936; baseline -0.002 -25"><span class='ocrx_word' id='word_1_150' title='bbox 241 2850 359 2931; x_wconf 87' lang='lat' dir='ltr'><strong>strum,</strong></span> <span class='ocrx_word' id='word_1_151' title='bbox 386 2849 420 2911; x_wconf 89' lang='lat' dir='ltr'><strong>et</strong></span> <span class='ocrx_word' id='word_1_152' title='bbox 445 2839 625 2913; x_wconf 89' lang='lat' dir='ltr'><strong>Dominum</strong></span> <span class='ocrx_word' id='word_1_153' title='bbox 651 2840 692 2913; x_wconf 92' lang='lat' dir='ltr'><strong>N.</strong></span> <span class='ocrx_word' id='word_1_154' title='bbox 718 2839 922 2936; x_wconf 86' lang='lat' dir='ltr'><strong>Episcopum</strong></span> <span class='ocrx_word' id='word_1_155' title='bbox 949 2849 1111 2927; x_wconf 85' lang='lat' dir='ltr'><strong>nostrum,</strong></span> <span class='ocrx_word' id='word_1_156' title='bbox 1139 2848 1174 2910; x_wconf 93' lang='lat' dir='ltr'><strong>et</strong></span> <span class='ocrx_word' id='word_1_157' title='bbox 1196 2838 1441 2935; x_wconf 84' lang='lat' dir='ltr'><strong>Metropolitas,</strong></span> <span class='ocrx_word' id='word_1_158' title='bbox 1468 2850 1503 2910; x_wconf 90' lang='lat' dir='ltr'><strong>et</strong></span> <span class='ocrx_word' id='word_1_159' title='bbox 1527 2837 1617 2934; x_wconf 91' lang='lat' dir='ltr'><strong>Epi-</strong></span> 
     </span>
     <span class='ocr_line' id='line_1_21' title="bbox 242 2952 1618 3050; baseline 0 -24"><span class='ocrx_word' id='word_1_160' title='bbox 242 2976 369 3050; x_wconf 89' lang='lat' dir='ltr'><strong>scopos</strong></span> <span class='ocrx_word' id='word_1_161' title='bbox 396 2954 614 3028; x_wconf 84' lang='lat' dir='ltr'><strong>Ortbodoxos</strong></span> <span class='ocrx_word' id='word_1_162' title='bbox 641 2960 675 3026; x_wconf 91' lang='lat' dir='ltr'><strong>in</strong></span> <span class='ocrx_word' id='word_1_163' title='bbox 708 2956 961 3050; x_wconf 84' lang='lat' dir='ltr'><strong>tranquillitate,</strong></span> <span class='ocrx_word' id='word_1_164' title='bbox 996 2965 1030 3027; x_wconf 91' lang='lat' dir='ltr'><strong>et</strong></span> <span class='ocrx_word' id='word_1_165' title='bbox 1064 2977 1150 3050; x_wconf 89' lang='lat' dir='ltr'><strong>pace</strong></span> <span class='ocrx_word' id='word_1_166' title='bbox 1185 2952 1336 3027; x_wconf 91' lang='lat' dir='ltr'><strong>omnibus</strong></span> <span class='ocrx_word' id='word_1_167' title='bbox 1370 2954 1487 3027; x_wconf 90' lang='lat' dir='ltr'><strong>diebus</strong></span> <span class='ocrx_word' id='word_1_168' title='bbox 1526 2957 1618 3026; x_wconf 83' lang='lat' dir='ltr'><strong>vitae</strong></span> 
     </span>
     <span class='ocr_line' id='line_1_22' title="bbox 241 3069 1617 3167; baseline -0.002 -25"><span class='ocrx_word' id='word_1_169' title='bbox 241 3092 342 3143; x_wconf 90' lang='lat' dir='ltr'><strong>suae:</strong></span> <span class='ocrx_word' id='word_1_170' title='bbox 375 3071 580 3144; x_wconf 84' lang='lat' dir='ltr'><strong>Sacerdotes</strong></span> <span class='ocrx_word' id='word_1_171' title='bbox 608 3094 741 3167; x_wconf 90' lang='lat' dir='ltr'><strong>quoque</strong></span> <span class='ocrx_word' id='word_1_172' title='bbox 773 3071 935 3161; x_wconf 89' lang='lat' dir='ltr'><strong>decoros,</strong></span> <span class='ocrx_word' id='word_1_173' title='bbox 963 3082 997 3143; x_wconf 87' lang='lat' dir='ltr'><strong>et</strong></span> <span class='ocrx_word' id='word_1_174' title='bbox 1022 3092 1143 3158; x_wconf 87' lang='lat' dir='ltr'><strong>veros,</strong></span> <span class='ocrx_word' id='word_1_175' title='bbox 1175 3080 1210 3141; x_wconf 90' lang='lat' dir='ltr'><strong>et</strong></span> <span class='ocrx_word' id='word_1_176' title='bbox 1235 3070 1407 3142; x_wconf 90' lang='lat' dir='ltr'><strong>Diaconos</strong></span> <span class='ocrx_word' id='word_1_177' title='bbox 1434 3069 1617 3155; x_wconf 88' lang='lat' dir='ltr'><strong>modestos,</strong></span> 
     </span>
     <span class='ocr_line' id='line_1_23' title="bbox 238 3184 1617 3283; baseline -0.004 -25"><span class='ocrx_word' id='word_1_178' title='bbox 238 3197 274 3258; x_wconf 92' lang='lat' dir='ltr'><strong>et</strong></span> <span class='ocrx_word' id='word_1_179' title='bbox 299 3209 414 3283; x_wconf 87' lang='lat' dir='ltr'><strong>puros,</strong></span> <span class='ocrx_word' id='word_1_180' title='bbox 442 3197 476 3259; x_wconf 91' lang='lat' dir='ltr'><strong>et</strong></span> <span class='ocrx_word' id='word_1_181' title='bbox 504 3209 634 3260; x_wconf 89' lang='lat' dir='ltr'><strong>omnem</strong></span> <span class='ocrx_word' id='word_1_182' title='bbox 663 3187 822 3259; x_wconf 87' lang='lat' dir='ltr'><strong>Ordinem</strong></span> <span class='ocrx_word' id='word_1_183' title='bbox 849 3189 945 3259; x_wconf 90' lang='lat' dir='ltr'><strong>altari</strong></span> <span class='ocrx_word' id='word_1_184' title='bbox 971 3198 1028 3259; x_wconf 88' lang='lat' dir='ltr'><strong>tuo</strong></span> <span class='ocrx_word' id='word_1_185' title='bbox 1056 3197 1174 3260; x_wconf 87' lang='lat' dir='ltr'><strong>sancto</strong></span> <span class='ocrx_word' id='word_1_186' title='bbox 1202 3185 1447 3258; x_wconf 89' lang='lat' dir='ltr'><strong>deservientem</strong></span> <span class='ocrx_word' id='word_1_187' title='bbox 1474 3184 1617 3272; x_wconf 90' lang='lat' dir='ltr'><strong>honora,</strong></span> 
     </span>
     <span class='ocr_line' id='line_1_24' title="bbox 241 3302 1279 3398; baseline -0.002 -24"><span class='ocrx_word' id='word_1_188' title='bbox 241 3313 276 3374; x_wconf 91' lang='lat' dir='ltr'><strong>et</strong></span> <span class='ocrx_word' id='word_1_189' title='bbox 301 3302 432 3374; x_wconf 88' lang='lat' dir='ltr'><strong>custodi</strong></span> <span class='ocrx_word' id='word_1_190' title='bbox 457 3302 533 3375; x_wconf 91' lang='lat' dir='ltr'><strong>illos</strong></span> <span class='ocrx_word' id='word_1_191' title='bbox 561 3302 603 3375; x_wconf 89' lang='lat' dir='ltr'><strong>ab</strong></span> <span class='ocrx_word' id='word_1_192' title='bbox 632 3303 784 3375; x_wconf 88' lang='lat' dir='ltr'><strong>omnibus</strong></span> <span class='ocrx_word' id='word_1_193' title='bbox 811 3303 895 3376; x_wconf 90' lang='lat' dir='ltr'><strong>dolis</strong></span> <span class='ocrx_word' id='word_1_194' title='bbox 922 3306 1154 3398; x_wconf 85' lang='lat' dir='ltr'><strong>pergratiam</strong></span> <span class='ocrx_word' id='word_1_195' title='bbox 1180 3312 1279 3373; x_wconf 80' lang='lat' dir='ltr'><strong>mam.</strong></span> 
     </span>
    </p>

    <p class='ocr_par' dir='ltr' id='par_1_9' title="bbox 224 3414 1629 4321">
     <span class='ocr_line' id='line_1_25' title="bbox 347 3414 1618 3515; baseline -0.004 -24"><span class='ocrx_word' id='word_1_196' title='bbox 347 3419 499 3491; x_wconf 77' lang='lat' dir='ltr'><strong>Eleoona</strong></span> <span class='ocrx_word' id='word_1_197' title='bbox 523 3440 650 3491; x_wconf 82' lang='lat' dir='ltr'><strong>nocem.</strong></span> <span class='ocrx_word' id='word_1_198' title='bbox 679 3419 846 3493; x_wconf 83' lang='lat' dir='ltr'><strong>Confirma</strong></span> <span class='ocrx_word' id='word_1_199' title='bbox 871 3419 1015 3492; x_wconf 91' lang='lat' dir='ltr'><strong>Domine</strong></span> <span class='ocrx_word' id='word_1_200' title='bbox 1042 3440 1105 3515; x_wconf 90' lang='lat' dir='ltr'><strong>per</strong></span> <span class='ocrx_word' id='word_1_201' title='bbox 1130 3416 1337 3489; x_wconf 89' lang='lat' dir='ltr'><strong>clementiam</strong></span> <span class='ocrx_word' id='word_1_202' title='bbox 1355 3425 1463 3504; x_wconf 89' lang='lat' dir='ltr'><strong>tuam,</strong></span> <span class='ocrx_word' id='word_1_203' title='bbox 1489 3414 1618 3487; x_wconf 90' lang='lat' dir='ltr'><strong>Eccle-</strong></span> 
     </span>
     <span class='ocr_line' id='line_1_26' title="bbox 240 3532 1618 3631; baseline -0.004 -26"><span class='ocrx_word' id='word_1_204' title='bbox 240 3536 325 3606; x_wconf 91' lang='lat' dir='ltr'><strong>siam</strong></span> <span class='ocrx_word' id='word_1_205' title='bbox 353 3543 442 3607; x_wconf 90' lang='lat' dir='ltr'><strong>tuam</strong></span> <span class='ocrx_word' id='word_1_206' title='bbox 469 3544 618 3608; x_wconf 85' lang='lat' dir='ltr'><strong>sanctam</strong></span> <span class='ocrx_word' id='word_1_207' title='bbox 646 3538 678 3605; x_wconf 92' lang='lat' dir='ltr'><strong>in</strong></span> <span class='ocrx_word' id='word_1_208' title='bbox 705 3534 882 3631; x_wconf 91' lang='lat' dir='ltr'><strong>praeclaro</strong></span> <span class='ocrx_word' id='word_1_209' title='bbox 914 3546 1003 3608; x_wconf 88' lang='lat' dir='ltr'><strong>statu</strong></span> <span class='ocrx_word' id='word_1_210' title='bbox 1029 3556 1147 3606; x_wconf 91' lang='lat' dir='ltr'><strong>eorum</strong></span> <span class='ocrx_word' id='word_1_211' title='bbox 1174 3536 1228 3626; x_wconf 95' lang='lat' dir='ltr'><strong>qui</strong></span> <span class='ocrx_word' id='word_1_212' title='bbox 1260 3535 1293 3603; x_wconf 90' lang='lat' dir='ltr'><strong>in</strong></span> <span class='ocrx_word' id='word_1_213' title='bbox 1327 3555 1368 3603; x_wconf 89' lang='lat' dir='ltr'><strong>ea</strong></span> <span class='ocrx_word' id='word_1_214' title='bbox 1400 3532 1618 3603; x_wconf 89' lang='lat' dir='ltr'><strong>Sacramenta</strong></span> 
     </span>
     <span class='ocr_line' id='line_1_27' title="bbox 240 3646 1619 3746; baseline -0.004 -23"><span class='ocrx_word' id='word_1_215' title='bbox 240 3650 489 3738; x_wconf 89' lang='lat' dir='ltr'><strong>administrant,</strong></span> <span class='ocrx_word' id='word_1_216' title='bbox 516 3655 664 3746; x_wconf 89' lang='lat' dir='ltr'><strong>piorum,</strong></span> <span class='ocrx_word' id='word_1_217' title='bbox 691 3662 726 3723; x_wconf 89' lang='lat' dir='ltr'><strong>et</strong></span> <span class='ocrx_word' id='word_1_218' title='bbox 757 3660 935 3723; x_wconf 87' lang='lat' dir='ltr'><strong>rectorum.</strong></span> <span class='ocrx_word' id='word_1_219' title='bbox 988 3650 1177 3746; x_wconf 91' lang='lat' dir='ltr'><strong>Episcopos</strong></span> <span class='ocrx_word' id='word_1_220' title='bbox 1212 3651 1285 3740; x_wconf 75' lang='lat' dir='ltr'><strong>eius</strong></span> <span class='ocrx_word' id='word_1_221' title='bbox 1322 3651 1490 3743; x_wconf 88' lang='lat' dir='ltr'><strong>sapientes</strong></span> <span class='ocrx_word' id='word_1_222' title='bbox 1524 3646 1619 3718; x_wconf 90' lang='lat' dir='ltr'><strong>effice</strong></span> 
     </span>
     <span class='ocr_line' id='line_1_28' title="bbox 237 3761 1618 3862; baseline -0.004 -24"><span class='ocrx_word' id='word_1_223' title='bbox 237 3785 302 3862; x_wconf 90' lang='lat' dir='ltr'><strong>per</strong></span> <span class='ocrx_word' id='word_1_224' title='bbox 328 3770 469 3858; x_wconf 87' lang='lat' dir='ltr'><strong>gratiam</strong></span> <span class='ocrx_word' id='word_1_225' title='bbox 498 3777 607 3855; x_wconf 78' lang='lat' dir='ltr'><strong>mam,</strong></span> <span class='ocrx_word' id='word_1_226' title='bbox 635 3775 670 3838; x_wconf 93' lang='lat' dir='ltr'><strong>et</strong></span> <span class='ocrx_word' id='word_1_227' title='bbox 695 3765 898 3838; x_wconf 87' lang='lat' dir='ltr'><strong>Sacerdotes</strong></span> <span class='ocrx_word' id='word_1_228' title='bbox 925 3769 958 3836; x_wconf 97' lang='lat' dir='ltr'><strong>in</strong></span> <span class='ocrx_word' id='word_1_229' title='bbox 992 3766 1102 3857; x_wconf 86' lang='lat' dir='ltr'><strong>gloria</strong></span> <span class='ocrx_word' id='word_1_230' title='bbox 1136 3761 1354 3859; x_wconf 86' lang='lat' dir='ltr'><strong>perfectionis</strong></span> <span class='ocrx_word' id='word_1_231' title='bbox 1380 3766 1618 3859; x_wconf 75' lang='lat' dir='ltr'><strong>mysteriorum</strong></span> 
     </span>
     <span class='ocr_line' id='line_1_29' title="bbox 237 3878 1618 3974; baseline -0.004 -20"><span class='ocrx_word' id='word_1_232' title='bbox 237 3892 369 3954; x_wconf 78' lang='lat' dir='ltr'><strong>brorum</strong></span> <span class='ocrx_word' id='word_1_233' title='bbox 396 3891 604 3971; x_wconf 90' lang='lat' dir='ltr'><strong>sanctorum,</strong></span> <span class='ocrx_word' id='word_1_234' title='bbox 632 3892 666 3953; x_wconf 88' lang='lat' dir='ltr'><strong>et</strong></span> <span class='ocrx_word' id='word_1_235' title='bbox 691 3884 864 3955; x_wconf 90' lang='lat' dir='ltr'><strong>Diaconos</strong></span> <span class='ocrx_word' id='word_1_236' title='bbox 891 3883 1063 3953; x_wconf 89' lang='lat' dir='ltr'><strong>ministerii</strong></span> <span class='ocrx_word' id='word_1_237' title='bbox 1089 3882 1136 3951; x_wconf 91' lang='lat' dir='ltr'><strong>tui</strong></span> <span class='ocrx_word' id='word_1_238' title='bbox 1163 3878 1359 3972; x_wconf 86' lang='lat' dir='ltr'><strong>spiritualis,</strong></span> <span class='ocrx_word' id='word_1_239' title='bbox 1396 3882 1428 3950; x_wconf 93' lang='lat' dir='ltr'><strong>in</strong></span> <span class='ocrx_word' id='word_1_240' title='bbox 1463 3883 1618 3974; x_wconf 85' lang='lat' dir='ltr'><strong>paritate,</strong></span> 
     </span>
     <span class='ocr_line' id='line_1_30' title="bbox 240 3992 1620 4093; baseline -0.003 -26"><span class='ocrx_word' id='word_1_241' title='bbox 240 4004 275 4067; x_wconf 89' lang='lat' dir='ltr'><strong>et</strong></span> <span class='ocrx_word' id='word_1_242' title='bbox 302 4000 497 4085; x_wconf 78' lang='lat' dir='ltr'><strong>sanctitate,</strong></span> <span class='ocrx_word' id='word_1_243' title='bbox 525 4008 558 4068; x_wconf 87' lang='lat' dir='ltr'><strong>et</strong></span> <span class='ocrx_word' id='word_1_244' title='bbox 583 3996 741 4093; x_wconf 90' lang='lat' dir='ltr'><strong>populum</strong></span> <span class='ocrx_word' id='word_1_245' title='bbox 769 4008 857 4069; x_wconf 91' lang='lat' dir='ltr'><strong>tuum</strong></span> <span class='ocrx_word' id='word_1_246' title='bbox 885 3995 1015 4068; x_wconf 87' lang='lat' dir='ltr'><strong>fidelem</strong></span> <span class='ocrx_word' id='word_1_247' title='bbox 1043 4004 1077 4067; x_wconf 91' lang='lat' dir='ltr'><strong>et</strong></span> <span class='ocrx_word' id='word_1_248' title='bbox 1107 4004 1276 4081; x_wconf 86' lang='lat' dir='ltr'><strong>sanctum,</strong></span> <span class='ocrx_word' id='word_1_249' title='bbox 1303 3993 1388 4067; x_wconf 86' lang='lat' dir='ltr'><strong>tales</strong></span> <span class='ocrx_word' id='word_1_250' title='bbox 1417 3992 1557 4078; x_wconf 83' lang='lat' dir='ltr'><strong>exlribe,</strong></span> <span class='ocrx_word' id='word_1_251' title='bbox 1584 4000 1620 4064; x_wconf 90' lang='lat' dir='ltr'><strong>ut</strong></span> 
     </span>
     <span class='ocr_line' id='line_1_31' title="bbox 224 4107 1617 4205; baseline -0.004 -23"><span class='ocrx_word' id='word_1_252' title='bbox 224 4121 464 4205; x_wconf 86' lang='lat' dir='ltr'><strong>¹perseverent</strong></span> <span class='ocrx_word' id='word_1_253' title='bbox 490 4133 610 4185; x_wconf 86' lang='lat' dir='ltr'><strong>secure</strong></span> <span class='ocrx_word' id='word_1_254' title='bbox 642 4117 674 4183; x_wconf 93' lang='lat' dir='ltr'><strong>in</strong></span> <span class='ocrx_word' id='word_1_255' title='bbox 709 4135 836 4185; x_wconf 91' lang='lat' dir='ltr'><strong>moram</strong></span> <span class='ocrx_word' id='word_1_256' title='bbox 871 4109 1136 4185; x_wconf 89' lang='lat' dir='ltr'><strong>Christianorum</strong></span> <span class='ocrx_word' id='word_1_257' title='bbox 1168 4107 1423 4199; x_wconf 87' lang='lat' dir='ltr'><strong>observatione,</strong></span> <span class='ocrx_word' id='word_1_258' title='bbox 1460 4119 1495 4181; x_wconf 90' lang='lat' dir='ltr'><strong>ut</strong></span> <span class='ocrx_word' id='word_1_259' title='bbox 1528 4108 1617 4179; x_wconf 82' lang='lat' dir='ltr'><strong>festo</strong></span> 
     </span>
     <span class='ocr_line' id='line_1_32' title="bbox 244 4226 1629 4321; baseline -0.002 -23"><span class='ocrx_word' id='word_1_260' title='bbox 244 4226 406 4321; x_wconf 82' lang='lat' dir='ltr'><strong>spirituali</strong></span> <span class='ocrx_word' id='word_1_261' title='bbox 432 4227 602 4316; x_wconf 83' lang='lat' dir='ltr'><strong>exultent,</strong></span> <span class='ocrx_word' id='word_1_262' title='bbox 630 4238 663 4299; x_wconf 91' lang='lat' dir='ltr'><strong>et</strong></span> <span class='ocrx_word' id='word_1_263' title='bbox 689 4228 838 4300; x_wconf 85' lang='lat' dir='ltr'><strong>referant</strong></span> <span class='ocrx_word' id='word_1_264' title='bbox 864 4226 922 4299; x_wconf 93' lang='lat' dir='ltr'><strong>tibi</strong></span> <span class='ocrx_word' id='word_1_265' title='bbox 948 4226 1101 4318; x_wconf 83' lang='lat' dir='ltr'><strong>gloriam.</strong></span> <span class='ocrx_word' id='word_1_266' title='bbox 1624 4301 1629 4312; x_wconf 60' lang='grc'><strong>,</strong></span> 
     </span>
    </p>

    <p class='ocr_par' dir='ltr' id='par_1_10' title="bbox 240 4340 1619 4902">
     <span class='ocr_line' id='line_1_33' title="bbox 350 4340 1618 4435; baseline -0.002 -23"><span class='ocrx_word' id='word_1_267' title='bbox 350 4341 525 4414; x_wconf 82' lang='lat' dir='ltr'><strong>Sacerdos</strong></span> <span class='ocrx_word' id='word_1_268' title='bbox 551 4343 743 4414; x_wconf 80' lang='lat' dir='ltr'><strong>inclinatos.</strong></span> <span class='ocrx_word' id='word_1_269' title='bbox 776 4342 820 4414; x_wconf 90' lang='lat' dir='ltr'><strong>Et</strong></span> <span class='ocrx_word' id='word_1_270' title='bbox 851 4341 1006 4415; x_wconf 86' lang='lat' dir='ltr'><strong>sacrificii</strong></span> <span class='ocrx_word' id='word_1_271' title='bbox 1037 4340 1133 4432; x_wconf 86' lang='lat' dir='ltr'><strong>bajus</strong></span> <span class='ocrx_word' id='word_1_272' title='bbox 1161 4340 1283 4428; x_wconf 90' lang='lat' dir='ltr'><strong>divini,</strong></span> <span class='ocrx_word' id='word_1_273' title='bbox 1317 4362 1432 4414; x_wconf 92' lang='lat' dir='ltr'><strong>coram</strong></span> <span class='ocrx_word' id='word_1_274' title='bbox 1466 4350 1499 4411; x_wconf 88' lang='lat' dir='ltr'><strong>te</strong></span> <span class='ocrx_word' id='word_1_275' title='bbox 1530 4360 1618 4435; x_wconf 92' lang='lat' dir='ltr'><strong>pro-</strong></span> 
     </span>
     <span class='ocr_line' id='line_1_34' title="bbox 242 4454 1619 4553; baseline -0.003 -23"><span class='ocrx_word' id='word_1_276' title='bbox 242 4461 359 4553; x_wconf 88' lang='lat' dir='ltr'><strong>positi,</strong></span> <span class='ocrx_word' id='word_1_277' title='bbox 386 4470 553 4531; x_wconf 86' lang='lat' dir='ltr'><strong>memento</strong></span> <span class='ocrx_word' id='word_1_278' title='bbox 580 4457 741 4531; x_wconf 88' lang='lat' dir='ltr'><strong>Domine:</strong></span> <span class='ocrx_word' id='word_1_279' title='bbox 769 4457 938 4531; x_wconf 86' lang='lat' dir='ltr'><strong>sanctifica</strong></span> <span class='ocrx_word' id='word_1_280' title='bbox 963 4479 1025 4553; x_wconf 91' lang='lat' dir='ltr'><strong>per</strong></span> <span class='ocrx_word' id='word_1_281' title='bbox 1053 4456 1261 4528; x_wconf 88' lang='lat' dir='ltr'><strong>clementiam</strong></span> <span class='ocrx_word' id='word_1_282' title='bbox 1287 4465 1392 4546; x_wconf 89' lang='lat' dir='ltr'><strong>tuam,</strong></span> <span class='ocrx_word' id='word_1_283' title='bbox 1426 4466 1460 4528; x_wconf 91' lang='lat' dir='ltr'><strong>et</strong></span> <span class='ocrx_word' id='word_1_284' title='bbox 1493 4454 1619 4551; x_wconf 86' lang='lat' dir='ltr'><strong>perfice</strong></span> 
     </span>
     <span class='ocr_line' id='line_1_35' title="bbox 240 4570 1617 4669; baseline -0.004 -25"><span class='ocrx_word' id='word_1_285' title='bbox 240 4594 304 4645; x_wconf 92' lang='lat' dir='ltr'><strong>nos</strong></span> <span class='ocrx_word' id='word_1_286' title='bbox 331 4571 418 4644; x_wconf 92' lang='lat' dir='ltr'><strong>illius</strong></span> <span class='ocrx_word' id='word_1_287' title='bbox 449 4572 614 4646; x_wconf 86' lang='lat' dir='ltr'><strong>beneficio</strong></span> <span class='ocrx_word' id='word_1_288' title='bbox 642 4575 683 4645; x_wconf 90' lang='lat' dir='ltr'><strong>ad</strong></span> <span class='ocrx_word' id='word_1_289' title='bbox 710 4573 908 4669; x_wconf 87' lang='lat' dir='ltr'><strong>implendam</strong></span> <span class='ocrx_word' id='word_1_290' title='bbox 937 4570 1141 4645; x_wconf 89' lang='lat' dir='ltr'><strong>voluntatem</strong></span> <span class='ocrx_word' id='word_1_291' title='bbox 1171 4581 1257 4643; x_wconf 80' lang='lat' dir='ltr'><strong>biam</strong></span> <span class='ocrx_word' id='word_1_292' title='bbox 1284 4571 1426 4659; x_wconf 91' lang='lat' dir='ltr'><strong>bonam,</strong></span> <span class='ocrx_word' id='word_1_293' title='bbox 1462 4581 1496 4641; x_wconf 92' lang='lat' dir='ltr'><strong>et</strong></span> <span class='ocrx_word' id='word_1_294' title='bbox 1522 4573 1617 4643; x_wconf 87' lang='lat' dir='ltr'><strong>vivi-</strong></span> 
     </span>
     <span class='ocr_line' id='line_1_36' title="bbox 241 4688 1619 4786; baseline -0.004 -25"><span class='ocrx_word' id='word_1_295' title='bbox 241 4689 353 4761; x_wconf 89' lang='lat' dir='ltr'><strong>ficam:</strong></span> <span class='ocrx_word' id='word_1_296' title='bbox 386 4691 462 4764; x_wconf 91' lang='lat' dir='ltr'><strong>illos</strong></span> <span class='ocrx_word' id='word_1_297' title='bbox 501 4712 586 4764; x_wconf 87' lang='lat' dir='ltr'><strong>vero</strong></span> <span class='ocrx_word' id='word_1_298' title='bbox 621 4695 675 4786; x_wconf 93' lang='lat' dir='ltr'><strong>qui</strong></span> <span class='ocrx_word' id='word_1_299' title='bbox 708 4691 759 4762; x_wconf 93' lang='lat' dir='ltr'><strong>bis</strong></span> <span class='ocrx_word' id='word_1_300' title='bbox 793 4689 1017 4763; x_wconf 90' lang='lat' dir='ltr'><strong>oblationibus</strong></span> <span class='ocrx_word' id='word_1_301' title='bbox 1049 4688 1354 4774; x_wconf 87' lang='lat' dir='ltr'><strong>communicabunt,</strong></span> <span class='ocrx_word' id='word_1_302' title='bbox 1386 4691 1545 4779; x_wconf 80' lang='lat' dir='ltr'><strong>ignosce,</strong></span> <span class='ocrx_word' id='word_1_303' title='bbox 1585 4695 1619 4756; x_wconf 90' lang='lat' dir='ltr'><strong>et</strong></span> 
     </span>
     <span class='ocr_line' id='line_1_37' title="bbox 242 4806 1214 4902; baseline -0.001 -24"><span class='ocrx_word' id='word_1_304' title='bbox 242 4806 338 4878; x_wconf 89' lang='lat' dir='ltr'><strong>salva</strong></span> <span class='ocrx_word' id='word_1_305' title='bbox 367 4827 428 4880; x_wconf 92' lang='lat' dir='ltr'><strong>eos</strong></span> <span class='ocrx_word' id='word_1_306' title='bbox 457 4809 499 4881; x_wconf 94' lang='lat' dir='ltr'><strong>ab</strong></span> <span class='ocrx_word' id='word_1_307' title='bbox 527 4806 679 4880; x_wconf 89' lang='lat' dir='ltr'><strong>omnibus</strong></span> <span class='ocrx_word' id='word_1_308' title='bbox 705 4806 801 4879; x_wconf 89' lang='lat' dir='ltr'><strong>malis</strong></span> <span class='ocrx_word' id='word_1_309' title='bbox 827 4829 890 4902; x_wconf 92' lang='lat' dir='ltr'><strong>per</strong></span> <span class='ocrx_word' id='word_1_310' title='bbox 916 4810 1088 4877; x_wconf 89' lang='lat' dir='ltr'><strong>caritatem</strong></span> <span class='ocrx_word' id='word_1_311' title='bbox 1116 4817 1214 4877; x_wconf 86' lang='lat' dir='ltr'><strong>tuam.</strong></span> 
     </span>
    </p>

    <p class='ocr_par' dir='ltr' id='par_1_11' title="bbox 347 4917 1619 5007">
     <span class='ocr_line' id='line_1_38' title="bbox 347 4917 1619 5007; baseline -0.004 -15"><span class='ocrx_word' id='word_1_312' title='bbox 347 4922 499 4995; x_wconf 71' lang='lat' dir='ltr'><strong>bileooao</strong></span> <span class='ocrx_word' id='word_1_313' title='bbox 523 4945 649 4994; x_wconf 82' lang='lat' dir='ltr'><strong>nocem.</strong></span> <span class='ocrx_word' id='word_1_314' title='bbox 676 4922 720 4993; x_wconf 92' lang='lat' dir='ltr'><strong>Et</strong></span> <span class='ocrx_word' id='word_1_315' title='bbox 746 4919 844 4994; x_wconf 92' lang='lat' dir='ltr'><strong>simul</strong></span> <span class='ocrx_word' id='word_1_316' title='bbox 874 4944 948 4992; x_wconf 90' lang='lat' dir='ltr'><strong>cum</strong></span> <span class='ocrx_word' id='word_1_317' title='bbox 983 4920 1049 4992; x_wconf 91' lang='lat' dir='ltr'><strong>illis</strong></span> <span class='ocrx_word' id='word_1_318' title='bbox 1075 4919 1236 5007; x_wconf 85' lang='lat' dir='ltr'><strong>Domine,</strong></span> <span class='ocrx_word' id='word_1_319' title='bbox 1273 4926 1439 4991; x_wconf 89' lang='lat' dir='ltr'><strong>memento</strong></span> <span class='ocrx_word' id='word_1_320' title='bbox 1473 4917 1619 4989; x_wconf 90' lang='lat' dir='ltr'><strong>omnium</strong></span> 
     </span>
    </p>
   </div>
   <div class='ocr_carea' id='block_1_5' title="bbox 244 5031 1619 5224">
    <p class='ocr_par' dir='ltr' id='par_1_12' title="bbox 244 5031 1619 5224">
     <span class='ocr_line' id='line_1_39' title="bbox 244 5031 1619 5133; baseline -0.004 -24"><span class='ocrx_word' id='word_1_321' title='bbox 244 5041 299 5133; x_wconf 93' lang='lat' dir='ltr'><strong>qui</strong></span> <span class='ocrx_word' id='word_1_322' title='bbox 327 5041 486 5110; x_wconf 89' lang='lat' dir='ltr'><strong>invocant</strong></span> <span class='ocrx_word' id='word_1_323' title='bbox 511 5060 633 5110; x_wconf 90' lang='lat' dir='ltr'><strong>nomen</strong></span> <span class='ocrx_word' id='word_1_324' title='bbox 661 5048 750 5109; x_wconf 89' lang='lat' dir='ltr'><strong>tuum</strong></span> <span class='ocrx_word' id='word_1_325' title='bbox 777 5048 936 5109; x_wconf 85' lang='lat' dir='ltr'><strong>sanctum.</strong></span> <span class='ocrx_word' id='word_1_326' title='bbox 990 5037 1102 5132; x_wconf 91' lang='lat' dir='ltr'><strong>Prope</strong></span> <span class='ocrx_word' id='word_1_327' title='bbox 1116 5035 1285 5108; x_wconf 89' lang='lat' dir='ltr'><strong>adstantes</strong></span> <span class='ocrx_word' id='word_1_328' title='bbox 1303 5033 1460 5121; x_wconf 88' lang='lat' dir='ltr'><strong>benedic,</strong></span> <span class='ocrx_word' id='word_1_329' title='bbox 1488 5031 1619 5106; x_wconf 87' lang='lat' dir='ltr'><strong>absen-</strong></span> 
     </span>
     <span class='ocr_line' id='line_1_40' title="bbox 284 5152 1431 5224; baseline 0.006 -7"><span class='ocrx_word' id='word_1_330' title='bbox 284 5174 409 5218; x_wconf 78' lang='lat' dir='ltr'><strong>rommn.</strong></span> <span class='ocrx_word' id='word_1_331' title='bbox 1380 5152 1431 5224; x_wconf 82' lang='lat'><strong>26</strong></span> 
     </span>
    </p>
   </div>
   <div class='ocr_carea' id='block_1_6' title="bbox 0 0 2272 6034">
    <p class='ocr_par' dir='ltr' id='par_1_13' title="bbox 0 0 2272 6034">
     <span class='ocr_line' id='line_1_41' title="bbox 0 0 2272 6034; baseline 0 0"><span class='ocrx_word' id='word_1_332' title='bbox 0 0 2272 6034; x_wconf 95' lang='lat' dir='ltr'><strong> </strong></span> 
     </span>
    </p>
   </div>
  </div>
 </body>
</html>
