4525 6034
638 607 697 681 AD
732 605 942 683 NESTORll
972 604 1239 683 LITURGlAbl.
1553 609 1629 683 639

253 791 406 873 proditum
428 801 486 870 cst,
508 799 541 853 ut
564 791 738 854 observavit
760 791 797 853 ad
820 790 952 854 Facundi
976 790 1200 855 Hermiauensis
1227 791 1334 854 librum
1360 790 1409 854 Vl.
1437 792 1491 855 Vir
1518 793 1631 857 claris-

253 891 346 953 simus
366 892 500 956 lacobus
523 890 717 956 sirmondus:
736 888 870 953 Verbum
890 889 998 953 Filium
1019 891 1076 952 Dei
1098 909 1161 954 non
1182 891 1332 954 bominem
1350 890 1493 953 calloria
1506 891 1628 972 sactmn,

252 1000 396 1071 suscepta
419 992 547 1055 humana
568 997 686 1064 natura,
709 989 765 1053 sed
788 990 990 1053 inhominem
1014 989 1161 1052 exllaria
1184 998 1285 1053 natum
1308 997 1414 1072 postea
1431 992 1462 1052 in
1476 989 1629 1071 Baptismo

253 1087 459 1155 descendisse.
503 1089 584 1153 ldem
607 1096 757 1165 testantur
778 1089 979 1152 Ebnassalus:
1002 1089 1095 1153 labia
1116 1091 1150 1152 F.
1168 1088 1239 1170 Adi,
1260 1089 1449 1170 Abulbircat,
1463 1089 1629 1171 Dionysius

251 1187 409 1270 Barsalibi,
433 1200 464 1253 et
486 1190 536 1253 alii
558 1208 620 1251 non
641 1189 731 1270 pauci
754 1188 928 1256 Orientales
951 1189 1113 1272 Theologi.
1151 1188 1196 1251 lta
1218 1191 1244 1253 si
1266 1190 1333 1271 quis
1356 1188 1394 1252 ad
1416 1189 1494 1252 bano
1514 1189 1630 1252 Nesto-

251 1288 406 1352 rianorum
429 1290 601 1371 opinionem
624 1307 660 1350 ea
684 1286 778 1350 verba
793 1286 955 1350 reserenda
973 1287 1178 1367 arbitrabitur,
1202 1287 1323 1352 babebit
1344 1289 1376 1350 in
1397 1288 1517 1352 illorum
1539 1289 1629 1353 testi-

250 1389 358 1451 moniis
380 1407 442 1452 nou
465 1387 714 1452 contemnendam
737 1387 937 1449 autoritatem.

385 1770 446 1842 11.
487 1769 531 1840 Ut
551 1770 742 1839 memineris
761 1769 808 1838 ccl
835 1769 926 1839 banc
956 1767 1170 1839 Oblatiooem
1197 1768 1343 1839 Patrem
1366 1768 1495 1839 Patri-

657 1977 663 1990 ,
780 1896 978 1987 arctarant,
1003 1904 1068 1969 etc.
1463 1856 1473 1874 x

361 2125 455 2202 lunen
478 2136 569 2198 multa
592 2153 670 2216 quae
694 2135 834 2217 Synodus
849 2135 1076 2216 Diamperensis
1099 2136 1128 2197 in
1149 2133 1424 2216 Angamalensibus
1444 2133 1622 2197 Christianis

251 2241 475 2318 condemnavit,
506 2257 568 2300 non
597 2245 752 2318 postrema
782 2238 835 2301 luit
866 2241 1110 2302 commemoratio
1139 2257 1218 2320 quae
1240 2238 1299 2301 boc
1321 2239 1390 2301 loco
1413 2240 1545 2301 occurrit
1567 2239 1627 2301 Pa-

250 2339 459 2412 triarcharum,
482 2337 709 2419 Prophetarum,
731 2337 909 2420 Martyrum,
933 2347 964 2401 et
977 2338 1103 2401 aliorum
1117 2340 1305 2414 Sanctorum,
1328 2346 1467 2419 tauquam
1488 2356 1546 2419 pro
1568 2337 1627 2401 illis

251 2447 371 2514 oretur,
399 2446 432 2501 ut
453 2438 537 2500 Deus
560 2438 633 2517 ipsis
656 2437 740 2499 velut
761 2438 886 2518 reliquis
909 2437 1048 2501 fidelibus
1072 2436 1222 2501 defunctis
1245 2439 1376 2519 quietem
1398 2445 1550 2519 praestet,
1572 2457 1627 2500 re-

251 2539 487 2617 missionemque
508 2544 704 2617 peccatorum
726 2538 884 2602 concedat.
913 2537 1009 2600 Recte
1031 2556 1122 2601 sane:
1146 2537 1174 2600 id
1198 2538 1278 2601 enim
1299 2537 1390 2600 babet
1411 2537 1628 2601 Ecclesiastica

251 2638 425 2720 disciplina,
454 2644 487 2699 ut
517 2636 558 2699 ait
585 2635 792 2719 Augustinus:
836 2637 926 2713 Quod
944 2639 1050 2716 fideles
1069 2644 1221 2700 macerant
1239 2657 1306 2700 oum
1327 2637 1480 2719 Martyres
1501 2657 1538 2700 eo
1561 2640 1628 2700 loco

250 2739 419 2800 recitantur
438 2738 482 2798 od
505 2735 683 2811 altareDer',
704 2736 758 2798 ubi
776 2756 838 2798 oco
856 2756 916 2816 pro
937 2739 1014 2816 ipsis
1037 2745 1167 2806 oratore.
1184 2756 1246 2817 pro
1268 2737 1399 2799 caeteris
1420 2743 1520 2799 cutem
1542 2756 1629 2799 com-

251 2838 428 2898 memoratas
450 2834 600 2914 defunctis
622 2840 738 2897 arcum.
784 2834 902 2914 lajaria
924 2843 972 2896 est
991 2837 1070 2897 enim
1087 2854 1149 2915 pro
1171 2843 1304 2917 martyre
1326 2853 1435 2910 orare,
1465 2838 1551 2914 cajus
1571 2856 1628 2899 uos

252 2936 395 2998 debenus
417 2933 609 2996 orationibus
637 2934 852 2997 commendari.
896 2934 1004 3016 Neque
1033 2942 1132 2997 tamen
1164 2953 1201 2996 ea
1230 2935 1403 3015 suspicione
1428 2933 1626 2998 Nestorianos

252 3035 351 3097 teneri
373 3032 537 3095 verisimile
560 3039 623 3109 est,
647 3050 735 3113 quam
758 3032 954 3096 Orientalium
977 3035 1028 3115 qui
1050 3033 1089 3097 de
1111 3033 1312 3111 Haeresibus,
1343 3041 1373 3095 et
1403 3032 1549 3097 adversus
1571 3053 1626 3098 eos
1652 3023 1654 3032 ¹

249 3132 422 3197 nominatim
445 3132 649 3211 scripserunt,
678 3131 778 3193 nullus
806 3134 837 3194 in
865 3133 925 3196 illis
952 3116 1079 3195 notavit:
1108 3132 1165 3194 sed
1187 3151 1244 3195 nec
1266 3132 1326 3194 tale
1349 3132 1500 3214 quidpiam
1522 3134 1627 3214 suspi-

252 3233 357 3308 candi,
387 3249 478 3293 causa
508 3230 617 3293 idonea
647 3230 707 3292 ulla
739 3238 796 3295 est.
842 3231 1091 3295 Constantissima
1113 3232 1193 3293 enim
1215 3234 1305 3294 totius
1326 3231 1483 3295 Ecclesiae
1507 3231 1625 3296 traditio

250 3340 298 3394 est
320 3350 355 3394 ea
380 3348 467 3410 quarn
489 3329 652 3412 Augustini
673 3329 776 3393 verbis
800 3332 1006 3413 exposuimus,
1030 3348 1088 3393 nec
1112 3331 1150 3392 ab
1172 3349 1209 3393 ea
1232 3339 1427 3394 recesserunt
1441 3331 1626 3410 Nestoriani,

251 3431 303 3511 qui
324 3431 417 3492 variis
441 3429 634 3492 Orationibus
657 3430 769 3492 Beatue
791 3430 904 3493 Mariae
926 3438 958 3493 et
980 3431 1157 3494 Sanctorum
1180 3431 1430 3494 intercessionem
1452 3438 1570 3511 petunt,
1593 3440 1626 3494 ut

249 3538 334 3611 patet
357 3548 397 3591 ex
419 3528 518 3591 multis
541 3547 616 3610 quas
640 3528 850 3613 Horologium,
874 3538 906 3593 ct
928 3530 977 3592 alii
998 3529 1207 3592 Ecclesiastioi
1228 3530 1296 3592 libri
1318 3537 1556 3611 repraesentant.
1592 3531 1627 3593 ln

249 3630 308 3692 illis
332 3648 371 3692 ne
386 3629 447 3692 ulla
465 3629 585 3710 quidem
599 3630 742 3710 occurrit,
765 3632 795 3693 in
819 3650 879 3712 qua
899 3648 956 3711 pro
979 3631 1087 3712 requie
1108 3632 1228 3694 illorum
1252 3640 1368 3712 oretur,
1390 3633 1445 3695 scd
1468 3632 1627 3696 laudantur

223 3761 226 3766 ,
251 3737 391 3810 tanquam
413 3731 547 3793 victores
570 3729 681 3791 diaboli
703 3738 735 3792 et
756 3738 985 3806 tormentorum,
1007 3737 1041 3792 ut
1061 3749 1138 3812 prae
1159 3732 1289 3794 caeteris
1300 3732 1330 3795 S.
1346 3731 1495 3814 Georgius
1518 3739 1549 3794 et
1570 3750 1626 3793 rc-

250 3826 323 3907 liqui
346 3827 505 3910 llartyres.
549 3829 614 3892 Nec
635 3827 677 3890 illi
707 3829 782 3909 soli,
813 3829 868 3892 sed
891 3829 929 3892 ad
951 3830 1027 3893 alios
1049 3848 1159 3911 preces
1182 3830 1369 3912 diriguntur,
1399 3840 1433 3894 ut
1454 3833 1484 3894 in
1506 3832 1564 3894 ista
1588 3830 1625 3893 ad

248 3925 315 3988 Mar
336 3926 404 3989 Aba
427 3945 517 3990 unum
541 3946 580 3991 ex
602 3927 722 3990 illorum
745 3928 919 4007 Catholicis,
942 3928 1017 3992 baec
1038 3929 1191 4012 leguntur.
1222 3930 1319 3994 Pater
1337 3939 1441 3994 noster
1459 3929 1626 4011 praeclare

248 4033 280 4087 et
306 4035 426 4102 sancte,
455 4026 525 4089 Mar
551 4026 623 4089 Aba
652 4025 822 4103 Catltols'ce,
852 4030 905 4109 qui
932 4039 1076 4109 operamus
1103 4049 1137 4092 es
1165 4048 1241 4110 opas
1259 4033 1401 4110 justitiae
1425 4033 1458 4092 ia
1484 4028 1626 4091 Ecclesia
1717 4070 1722 4082 .

248 4143 363 4203 sportsa
385 4123 515 4202 Cltristi,
544 4128 596 4206 qui
617 4126 754 4188 dilexisti
770 4128 919 4207 jejunium
941 4137 971 4190 et
991 4130 1178 4207 orationem:
1200 4132 1417 4212 caritatemque
1437 4148 1542 4191 ceram
1564 4127 1626 4188 ta

246 4222 348 4290 haisti.
393 4224 426 4286 ls
452 4226 518 4304 ipse
546 4228 631 4304 maus
660 4224 800 4305 corpores
823 4228 978 4307 pretiosas
1006 4228 1182 4289 alescarco·
1197 4229 1247 4290 Aio
1274 4237 1335 4291 est:
1362 4231 1493 4309 petimus
1520 4226 1560 4288 ab
1587 4244 1624 4287 eo

245 4324 393 4385 ancilium
426 4330 455 4385 et
490 4324 652 4386 sanitatem
676 4343 738 4403 pro
767 4325 904 4387 omnebus
933 4328 985 4406 qui
1011 4323 1118 4405 afflicti
1145 4327 1261 4390 morbis
1297 4328 1340 4390 ast
1373 4333 1402 4386 te
1436 4326 1622 4405 consopiant.

248 4422 332 4486 llaec
354 4424 452 4486 oratio
475 4430 506 4486 et
528 4422 664 4505 ejusdem
686 4426 855 4487 sententiae
876 4443 938 4487 non
960 4443 1092 4507 paucae,
1123 4424 1161 4487 ad
1190 4445 1245 4489 eos
1276 4426 1365 4508 dirigi
1394 4440 1456 4486 nou
1484 4432 1622 4504 possunt,

248 4519 287 4582 de
322 4540 448 4603 quorum
483 4523 666 4586 beatitudine
701 4523 862 4588 dubitetur.
921 4524 954 4588 ln
988 4524 1102 4606 aliquot
1136 4524 1289 4588 codicibus
1330 4541 1392 4587 non
1425 4530 1507 4585 extat
1545 4523 1623 4586 haec

248 4639 336 4702 quam
359 4621 557 4703 expendimus
581 4624 690 4685 oratio:
723 4625 778 4686 sed
809 4643 876 4687 cum
905 4625 1106 4689 recentissimi
1136 4626 1213 4703 sint,
1243 4643 1297 4688 eos
1327 4622 1502 4686 emendatos
1529 4621 1624 4686 luisse

247 4738 308 4783 non
339 4722 517 4785 dubitamus.
563 4722 660 4806 lgitur
690 4723 771 4803 quod
794 4725 986 4788 verisimilius
1008 4725 1048 4787 de
1069 4724 1129 4786 boc
1151 4732 1328 4808 argurcento
1351 4723 1482 4802 videtur,
1504 4740 1625 4804 propo·

247 4838 363 4883 nemus.
410 4820 538 4896 Carent,
561 4830 594 4884 ut
616 4821 687 4884 alibi
710 4821 890 4887 dictumest
912 4824 1050 4886 liubricis
1073 4822 1220 4907 Liturgici
1242 4841 1341 4905 prope
1364 4841 1468 4885 ornnes
1492 4821 1622 4885 Codices

247 4917 430 5000 Orientales,
456 4921 510 4983 sed
533 4921 783 4985 Nestorianorum
806 4925 943 4988 maxime.
989 4924 1148 4989 Orationes
1171 4925 1202 4986 in
1224 4925 1332 5006 quibus
1354 4923 1517 4986 memoriae
1539 4922 1623 5002 liunt,

246 5017 277 5079 in
300 5019 365 5082 aliis
389 5039 467 5102 quae
490 5022 661 5083 accuratius
685 5022 798 5104 scripta
820 5032 889 5087 sunt
911 5024 1148 5105 exemplaribus,
1170 5033 1203 5087 ut
1225 5025 1256 5087 io
1279 5023 1403 5087 Graecis
1426 5030 1458 5087 et
1478 5022 1622 5104 Coptiois,
