4525 6034
480 618 529 694 lll
563 616 823 694 trtuuurlu
852 613 1023 693 thobal
1061 617 1355 696 suuouubsts.
1527 619 1602 692 369

232 802 382 865 multoties
404 804 552 883 repetitur
574 802 604 864 in
628 801 732 865 iisdem
755 802 904 880 llomiliis,
935 809 966 865 et
994 804 1026 864 in
1053 803 1243 866 tractatibus
1273 802 1477 887 theologicis.
1527 804 1601 868 lude

232 909 352 964 constat
380 919 442 964 nou
464 900 650 982 singularem
679 903 836 983 quamdam
865 902 894 963 in
924 904 982 964 ista
1010 902 1146 985 Litargia
1168 905 1298 984 proponi
1321 904 1511 986 opinionem,
1545 904 1601 968 sed

232 1020 420 1064 communem
441 1001 598 1064 Ecclesiae
619 999 805 1065 Jacobiticae
828 1001 1003 1065 doctrinam.

513 1118 524 1152 h

629 1265 663 1335 2.
700 1265 878 1336 Incoeolio
905 1262 1058 1357 Spiritus
1083 1268 1203 1335 sancti

338 1457 504 1534 luvocurro
528 1466 657 1549 Spiritus
679 1469 785 1546 sancti,
808 1486 993 1531 communem
1017 1467 1153 1532 omnihus
1168 1468 1310 1551 Liturgiis
1326 1467 1528 1530 Orientalibus
1551 1468 1600 1530 le-

232 1573 361 1635 ctionem
390 1579 601 1653 repraesentat
628 1589 696 1633 cum
729 1572 890 1651 perspicua
920 1569 971 1634 illa
1005 1571 1195 1634 distinctione
1227 1569 1352 1652 duplicis
1386 1569 1513 1633 effectus
1543 1589 1601 1650 per

233 1673 329 1734 sancti
353 1671 479 1752 Spiritus
504 1670 664 1733 adventum
687 1669 845 1751 postulati:
876 1688 984 1751 nempe
1012 1673 1042 1733 iu
1069 1670 1146 1732 dona
1168 1672 1341 1751 proposita,
1373 1677 1406 1731 ut
1434 1690 1470 1732 ea
1494 1670 1601 1732 efficiat

233 1789 347 1851 corpus
376 1779 407 1833 et
437 1772 614 1851 sanguinem
638 1769 749 1833 Christi
780 1770 913 1832 Domini:
947 1773 977 1832 iu
1008 1770 1203 1834 Sacerdotem
1234 1777 1264 1832 et
1294 1771 1536 1849 circumstantes,
1567 1777 1602 1833 ut

233 1872 444 1951 mysteriorum
474 1869 663 1950 participatio
692 1870 788 1950 prosit
825 1869 883 1931 illis
915 1870 953 1931 ad
986 1869 1194 1933 remissionem
1221 1875 1416 1949 peccatorum
1451 1878 1482 1932 ot
1510 1872 1601 1932 vitam

232 1977 395 2033 aeternam.
441 1968 604 2049 Utrumque
628 1970 705 2032 enirn
728 1968 879 2044 ellectum,
903 1970 972 2033 dum
1007 1968 1131 2031 similem
1161 1987 1200 2031 ex
1228 1967 1368 2050 Gregorii
1399 1967 1523 2049 Coptica
1545 1968 1599 2032 Li-

231 2071 330 2151 turgia
355 2069 510 2132 formulam
533 2071 657 2132 vexarit
672 2069 844 2147 Salmasius
857 2068 1053 2132 *confundere
1069 2076 1194 2130 conatus
1217 2075 1275 2147 est,
1299 2076 1331 2130 ut
1352 2067 1472 2131 scilicet
1493 2068 1601 2131 herent

231 2169 310 2231 dona
333 2170 492 2250 proposita
515 2186 626 2250 corpus
650 2176 680 2231 et
702 2170 838 2251 sanguis,
861 2169 914 2233 sed
945 2169 1003 2231 illis
1034 2167 1178 2230 duntaxat
1208 2186 1285 2248 quos
1318 2167 1445 2249 Spiritus
1475 2178 1598 2231 sanctus

228 2270 312 2349 prius
335 2268 601 2343 sanctificavisset3
625 2287 684 2349 qua
707 2269 956 2350 interpretatione
971 2268 1043 2329 nihil
1062 2266 1231 2345 absurdius,
1255 2275 1305 2328 aut
1320 2269 1415 2348 magis
1431 2267 1598 2331 abhorrens

231 2366 267 2428 ab
298 2366 495 2431 Orientalium
524 2367 709 2451 Theologia‚
742 2376 776 2430 ut
809 2369 846 2430 ab
884 2369 1073 2450 antiquorum
1099 2368 1218 2429 Patrum
1249 2366 1393 2429 doctrina.
1444 2367 1478 2429 ln
1510 2367 1597 2450 hujus

153 2478 159 2489 ·
231 2473 330 2528 autam
358 2467 510 2550 liturgiae
533 2466 725 2530 luvocationa
748 2468 901 2551 singulare
924 2477 988 2546 est,
1017 2465 1097 2547 quod
1120 2484 1188 2528 cum
1209 2465 1385 2548 pleraeque,
1409 2485 1449 2528 ex
1471 2450 1598 2567 vo'cibps

233 2583 312 2646 quae
334 2565 495 2629 adventurn
518 2584 572 2628 seu
596 2559 813 2652 ἕπιφοιτησιν,
837 2575 867 2629 et
891 2560 1077 2629 ἕπισκίασιν
1097 2565 1225 2647 Spiritus
1248 2567 1345 2629 sancti
1367 2566 1544 2649 significant,
1569 2575 1599 2630 et

231 2684 337 2728 ornnes
360 2667 496 2729 eamdem
518 2669 577 2728 vim
600 2674 630 2729 et
653 2667 900 2749 significationem
928 2665 1058 2740 habeut,
1086 2684 1173 2727 unam
1200 2672 1252 2728 aut
1280 2665 1354 2728 duas
1377 2673 1597 2746 repraesentet,

229 2767 287 2828 ista
311 2784 415 2828 omnes
438 2766 671 2847 complectatur:
695 2784 803 2847 nempe
825 2778 891 2863 Jtrtt
909 2767 1111 2845 crumenat,
1134 2776 1219 2850 ³]th
1242 2764 1404 2843 obumbret,
1433 2777 1523 2835 tobith
1545 2787 1598 2829 re-

229 2867 376 2945 quiescat,
400 2866 507 2946 quibus
529 2867 665 2946 illapsam
689 2865 888 2941 obumbratio,
911 2867 1113 2945 aduentuque
1141 2866 1237 2927 sancti
1267 2863 1395 2945 Spiritus
1424 2866 1454 2926 in
1476 2865 1598 2929 Beatam

229 2964 386 3045 Virginem
409 2963 448 3027 ad
470 2965 685 3028 lncarnationis
708 2965 882 3045 mysterium
905 2963 1111 3046 significantur
1134 2983 1151 3025 a
1174 2963 1350 3046 theologis,
1374 2964 1443 3027 duru
1465 2966 1597 3028 miracu-

229 3062 290 3124 lum
312 3064 392 3144 quod
416 3066 446 3126 in
467 3064 656 3127 Eucharistia
679 3063 720 3142 lit,
745 3063 831 3125 alteri
853 3063 933 3144 quod
955 3063 1065 3126 lactum
1088 3071 1134 3126 est
1150 3064 1181 3125 in
1194 3063 1410 3127 lncarnationis
1433 3075 1594 3146 momento,

231 3170 414 3243 comparant.
468 3163 502 3225 ln
529 3164 586 3225 ista
614 3180 707 3244 porro
741 3162 835 3224 forma
862 3162 1061 3225 invocationis
1091 3163 1246 3245 adjicitur,
1279 3172 1310 3226 et
1338 3172 1515 3227 transmutet
1543 3184 1594 3228 eas

231 3261 415 3324 oblationes:
439 3281 516 3343 quae
539 3262 634 3324 verba
656 3270 819 3325 occurrunt
842 3264 871 3324 in
889 3264 1006 3325 Graeca
1020 3262 1155 3346 liturgia
1178 3261 1401 3343 Chrysostomi:
1429 3273 1460 3327 ct
1481 3266 1510 3325 iu
1534 3265 1596 3346 Sy-

230 3362 312 3423 riaca
335 3380 413 3442 quae
435 3362 578 3425 Nestorio
601 3363 754 3425 tribuitur:
779 3370 840 3424 turn
862 3363 892 3424 iu
914 3361 1079 3425 Jacobitica
1100 3361 1208 3424 Jacohi
1223 3361 1381 3442 Edesseui,
1405 3363 1540 3425 Marutaa
1564 3373 1594 3427 et

230 3460 306 3524 aliis.
351 3462 426 3523 llinc
449 3463 622 3543 agnoscitur
645 3481 751 3525 vocem
773 3473 863 3540 utttt,
894 3481 971 3543 quae
994 3462 1185 3543 insequenti
1211 3462 1339 3543 periodo
1361 3463 1488 3545 legitur,
1510 3471 1542 3525 ut
1563 3466 1594 3526 iu

231 3560 356 3641 Syriaca
378 3578 499 3641 quoque
520 3560 625 3624 Jacobi
638 3561 788 3643 Apostoli,
811 3580 871 3624 non
895 3563 982 3625 aliter
994 3561 1231 3645 intelligendam,
1254 3580 1340 3642 quarn
1355 3570 1387 3624 ut
1400 3562 1594 3646 intelligenda

231 3667 279 3721 est
301 3679 362 3724 vox
385 3649 538 3744 ἄιαδείξῃ
561 3679 638 3741 quae
662 3660 771 3724 eodem
792 3662 861 3725 loco
890 3669 1053 3742 usurpatur
1079 3662 1108 3722 in
1133 3658 1258 3724 Graecis
1288 3661 1457 3725 codicibus:
1486 3681 1594 3744 nempe

231 3767 397 3837 consecret,
421 3767 451 3821 et
474 3757 596 3839 efficiat,
619 3768 651 3822 ut
674 3763 795 3841 saepius
818 3763 997 3842 exprimitur
1019 3764 1048 3822 iu
1065 3760 1194 3823 diversis
1216 3762 1281 3824 aliis
1295 3762 1435 3844 Liturgiis
1453 3761 1594 3843 Syriacis.

230 3857 277 3920 De
301 3857 358 3919 illis
382 3877 457 3921 vero
480 3858 691 3937 locutionibuS,
715 3867 745 3923 et
759 3860 952 3923 Orientalium
974 3861 1030 3923 hac
1052 3861 1082 3922 in
1104 3868 1192 3941 parte
1215 3861 1391 3946 Theologia,
1414 3862 1595 3926 sufficienter

230 3957 340 4019 dictum
363 3965 409 4020 est
431 3957 510 4022 alibi.

230 4217 264 4289 3.
308 4218 354 4288 Et
376 4222 491 4312 saciat
517 4227 691 4316 utrumque
717 4247 816 4293 uuum
837 4222 974 4315 'Corpus
1001 4229 1035 4292 el
1060 4220 1266 4317 Sanguinem
1292 4246 1405 4310 uuam,
1431 4230 1591 4310 sunctum,

710 4339 853 4433 aequale
880 4345 915 4410 et
939 4341 1118 4430 mysticum.

328 4526 503 4604 Sarranum
533 4540 621 4622 hujus
655 4540 714 4603 loci
744 4541 883 4622 quiddam
913 4542 1073 4604 obscurum
1102 4543 1215 4607 habere
1247 4544 1410 4622 videbitur,
1448 4545 1506 4607 illis
1539 4545 1591 4625 qui

230 4642 404 4725 Theologos
428 4642 597 4706 Orientales
620 4645 717 4707 minus
740 4645 900 4715 familiares
921 4646 1041 4710 hahent.
1071 4646 1189 4710 Doceut
1210 4667 1271 4712 non
1293 4648 1381 4712 modo
1403 4651 1434 4710 in
1457 4649 1592 4711 Tracta-

227 4742 307 4804 tibus
331 4741 534 4826 theologicis,
557 4744 610 4806 sed
634 4746 664 4806 in
687 4744 872 4807 orationibus
895 4764 972 4826 quae
995 4746 1032 4809 ad
1055 4748 1198 4830 populum
1221 4749 1376 4829 dicuntur,
1400 4756 1490 4830 atque
1512 4749 1589 4811 adeo

227 4841 461 4922 simplicissimae
493 4851 579 4922 sunt,
616 4853 647 4907 et
674 4846 710 4907 ad
739 4844 835 4926 plebis
866 4838 990 4935 captum¹
1015 4848 1272 4929 accommodatae,
1307 4851 1384 4913 dona
1412 4853 1589 4912 consecrata

226 4959 317 5003 unum
341 4961 426 5018 esse3
449 4944 526 5007 sicut
549 4943 686 5007 Christus
707 4946 773 5026 ipse
802 4963 880 5007 unus
902 4954 959 5022 est,
982 4965 1082 5028 neque
1104 4965 1212 5029 panem
1241 4958 1271 5012 et
1301 4949 1425 5012 calicem
1454 4944 1588 5031 quamvis

227 5040 356 5103 seorsim
378 5050 595 5106 consecrentur
619 5052 649 5107 et
671 5052 834 5124 sumantur,
858 5043 917 5106 duo
935 5050 1017 5110 'esse
1038 5048 1183 5128 mysteria
1211 5049 1275 5113 sive
1303 5057 1505 5126 sacramenta,
1533 5047 1589 5110 sed
1623 5058 1628 5070 '

228 5157 330 5204 unum.
370 5141 435 5205 lloc
457 5143 639 5224 simplicibus
661 5144 762 5207 verbis
785 5144 827 5207 ita
849 5146 1017 5226 exprimunt
1040 5148 1070 5209 in
1092 5151 1240 5228 oratione,
1263 5168 1349 5231 mam
1371 5149 1509 5232 plerique
1532 5164 1589 5209 co-
