4525 6034
727 571 803 646 562
1145 573 1651 651 DISSllRTAl'lO

693 802 696 808 ·
726 761 879 855 Regibus
918 765 1052 858 saepius
1091 762 1194 833 armis
1226 772 1408 857 occupata,
1443 772 1546 835 tntum
1578 760 1733 834 exulibus
1765 760 1892 857 asylum
1922 762 2050 858 praebuit:

727 881 925 976 pracsertim
952 901 1026 950 cum
1055 876 1225 966 eosroes,
1253 901 1350 973 quern
1377 879 1481 971 vulgo
1508 878 1772 952 Nuscbiruauum
1787 890 1918 965 vocant,
1939 878 1991 952 illis
2010 880 2052 953 la-

726 1007 824 1068 veret
850 998 1050 1091 impensius,
1077 994 1162 1066 adeo
1188 1002 1224 1066 ut
1256 994 1445 1068 Ecclesiam
1479 995 1687 1074 Edessenam
1723 999 1806 1092 ipsis
1840 995 1999 1067 attribuerit
2020 1021 2054 1069 ex

406 1135 794 1242 maen.r.1.p.rrsu.q¹¹⁸
822 1111 863 1184 ab
891 1111 1048 1184 Heraclio
1077 1111 1199 1204 dejecti
1226 1122 1317 1183 sunt:
1352 1111 1500 1207 reliquos
1534 1116 1633 1184 etiam
1666 1111 1872 1185 Christianos
1903 1112 1941 1182 ad
1968 1136 2054 1186 eorum

728 1228 883 1301 haeresin
915 1227 1181 1323 amplectendam
1215 1238 1373 1320 cogeret,
1406 1239 1562 1324 quantum
1596 1231 1628 1299 in
1660 1229 1717 1301 illo
1753 1239 1837 1300 erat
1885 1226 1932 1300 Ea
1958 1232 2057 1301 ratione

727 1345 851 1418 facturn
876 1355 912 1417 at
937 1349 1057 1438 ingens
1083 1345 1248 1441 Syromm
1275 1344 1446 1417 multitudo
1474 1345 1516 1417 ad
1544 1367 1604 1418 eos
1638 1367 1677 1417 se
1711 1345 1916 1439 adjunxerit,
1946 1349 2057 1416 marine

728 1486 805 1535 cum
838 1461 970 1534 scholas
997 1460 1191 1550 Nisibenam
1219 1470 1253 1531 et
1278 1459 1486 1534 Edessenam
1516 1472 1751 1557 occupassent,
1782 1484 1830 1532 cx
1856 1459 1963 1555 quibus
1986 1460 2059 1530 ocle-

729 1578 864 1651 berrimi
890 1578 1066 1656 Ecclesiae
1092 1578 1259 1674 Syriacae
1284 1578 1452 1650 Doctores
1470 1577 1683 1674 prodierant,
1710 1587 1883 1672 antequam
1898 1576 2060 1650 Nestorium

729 1695 881 1768 haeresis
907 1695 1186 1789 Mesopotamiam
1213 1692 1392 1766 iniecisset.

440 1846 480 1899 no
502 1843 718 1915 pasturingo
834 1811 889 1883 ΠΙ.
943 1810 1054 1883 Prima
1080 1809 1235 1903 Liturgia
1262 1833 1348 1906 quae
1374 1810 1575 1906 reliquarum
1602 1811 1719 1884 Conon
1748 1810 1879 1905 quidam
1905 1819 1959 1895 esi,
1983 1817 2011 1880 et
2030 1830 2063 1878 er

406 1947 474 2002 quaa
491 1932 585 1984 divitur
602 1930 717 1999 apono-
731 1953 797 2025 qua
823 1949 943 2024 preces
970 1949 1163 2000 communes
1190 1925 1312 1998 multae
1338 1930 1421 1999 sumi
1454 1927 1583 2016 solent,
1617 1929 1734 2000 dicitur
1765 1926 1962 1998 Sanctorum
1983 1925 2063 2017 Apo-

406 2018 500 2073 ¹⁰¹¹¹“'·
628 2083 635 2096 ·
729 2045 911 2116 stolorum:
937 2046 983 2115 ita
1009 2042 1202 2116 Nestoriani
1229 2054 1352 2115 vocant
1376 2043 1530 2116 Adaeum
1557 2056 1592 2116 et
1617 2045 1744 2133 Marin,
1780 2065 1866 2138 quos
1893 2046 1983 2114 etiam
2001 2041 2065 2111 llu-

440 2191 535 2244 m,
550 2194 578 2243 p.
594 2191 656 2243 nn,
669 2189 717 2241 η..
731 2167 846 2233 olores
873 2162 1025 2232 Orientis
1051 2158 1240 2255 appellant,
1268 2170 1301 2231 et
1327 2159 1370 2231 de
1398 2159 1517 2255 quibus
1544 2159 1644 2232 multa
1671 2170 1808 2231 narrant
1834 2160 1957 2231 illomm
1980 2156 2066 2229 bisb-

406 2276 454 2333 Ar.
730 2281 820 2367 riae,
860 2277 921 2348 sed
957 2298 1043 2372 quae
1087 2298 1162 2348 cum
1205 2278 1411 2371 antiquorum
1446 2276 1652 2349 Graecorum
1690 2278 1888 2348 testimoniis
1921 2271 2067 2346 conciliare

728 2394 829 2467 facile
861 2415 928 2465 non
962 2403 1024 2465 est.
1077 2391 1222 2465 Nomina
1254 2392 1364 2464 Adaei
1396 2402 1429 2464 et
1463 2394 1568 2465 Maris
1594 2414 1661 2464 non
1686 2401 1939 2488 repraesentant
1962 2387 2069 2461 codices

729 2514 958 2598 recentiores,
984 2511 1070 2582 sicut
1096 2507 1152 2581 illa
1179 2512 1305 2581 omissa
1332 2519 1407 2581 sunt
1432 2513 1466 2579 in
1480 2509 1597 2582 Latina
1615 2513 1775 2582 versione
1789 2509 1918 2580 Missae
1932 2504 2068 2578 Christia-

730 2650 849 2702 norum
877 2624 964 2723 apud
991 2625 1102 2699 ludos.
1156 2625 1211 2698 An
1237 2647 1339 2720 porro
1366 2628 1471 2720 prima
1498 2629 1562 2697 ista
1576 2625 1727 2718 Litnrgia
1753 2636 1906 2696 veterem
1922 2622 2070 2695 Ecclesia-

594 2812 597 2816 ,
729 2767 800 2820 rum
827 2745 1095 2840 Mesopotamiae
1121 2740 1328 2837 disciplinam
1358 2744 1546 2830 contineat,
1582 2764 1679 2837 quam
1712 2740 1905 2815 Nestoriani
1933 2742 2071 2835 pmpriam

729 2861 889 2956 deinceps
916 2858 981 2933 sibi
1006 2858 1166 2946 fecerint,
1192 2869 1249 2930 aut
1273 2880 1398 2931 novam
1425 2855 1467 2930 ab
1488 2861 1570 2953 ipsis
1588 2857 1819 2946 introductam,
1843 2856 1989 2947 judicare
2005 2855 2071 2926 dili-

731 2977 795 3049 cile
822 2985 883 3048 est.
936 2978 1098 3063 Quamvis
1125 2978 1212 3047 enirn
1240 2978 1357 3046 merito
1384 2983 1541 3069 suspecta
1572 2977 1616 3045 sit
1646 2974 1925 3047 Nestoriauornm
1956 2972 2073 3057 traditio,

731 3094 864 3190 quando
891 3094 967 3167 solo
993 3098 1141 3189 ipsorum
1169 3094 1357 3165 testimonio
1384 3093 1515 3180 nititur,
1542 3088 1599 3161 ubi
1625 3100 1736 3161 tamen
1768 3089 1911 3163 aliorum
1942 3089 2074 3162 Orienta-

729 3211 808 3283 lium
835 3213 1055 3285 monumentis
1086 3210 1319 3294 conlirmatur,
1353 3210 1560 3280 autoritatem
1593 3203 1702 3278 habet
1752 3208 1800 3279 At
1836 3206 1925 3302 quod
1954 3205 2075 3287 Adaeus,

731 3330 806 3401 sive
832 3326 1027 3419 Tbadaeus,
1052 3325 1237 3399 Edessenis
1263 3323 1484 3416 Evangelium
1513 3323 1775 3420 praedicaverit,
1807 3334 1889 3419 post
1924 3323 2076 3396 ascensio-

729 3467 806 3518 nem
833 3443 983 3532 Domini,
1011 3465 1194 3538 omnesquc
1220 3441 1517 3536 Mesopotamenos
1542 3443 1576 3510 in
1601 3439 1668 3512 lide
1694 3439 1885 3512 Christiana
1920 3438 2076 3523 insument,

730 3559 892 3655 simulque
919 3560 1069 3635 ordinem
1095 3559 1271 3631 Ministerii
1297 3561 1386 3631 sacri
1413 3556 1500 3653 apud
1527 3577 1589 3628 eos
1616 3555 1838 3646 ordinaverit,
1866 3578 1940 3628 cum
1954 3557 2075 3645 Aginna

675 3711 677 3718 s
732 3676 914 3773 discipulo;
941 3677 1123 3751 communis
1150 3684 1202 3747 est
1228 3696 1361 3769 quoque
1387 3674 1615 3747 lucebitarum
1641 3672 1783 3744 traditio.
1839 3672 1934 3745 Mam
1967 3670 2076 3766 reperi·

731 3815 804 3865 mus
831 3798 864 3864 in
877 3796 1024 3888 ,andqua
1052 3789 1258 3865 collectione
1289 3790 1481 3879 Canonum,
1515 3790 1790 3883 diversarumque
1827 3788 2078 3861 constitutionum

732 3909 876 4005 Syriaca
902 3908 992 3981 MS³.
1044 3906 1273 3981 Bibliothecae
1298 3906 1471 3978 Palatinae
1499 3905 1615 3981 Cosmi
1639 3906 1694 3977 Ill.
1721 3903 1842 3998 Magni
1869 3905 1972 3977 Ducis
1994 3901 2078 3972 llan-

731 4028 803 4098 riae
830 4025 891 4100 sub
918 4025 983 4099 lroc
1010 4024 1112 4099 titulo.
1164 4024 1340 4094 Doctrina
1365 4025 1482 4096 Adoci
1507 4024 1685 4118 Apostoli,
1712 4028 1770 4118 qui
1797 4025 1920 4095 docuit
1943 4029 1977 4094 et
1998 4024 2078 4089 cute-

735 4144 882 4216 eticonit
907 4143 1102 4213 Edessenoa
1127 4146 1162 4211 et
1189 4162 1302 4211 omnes
1326 4140 1633 4233 Mesopotamenos.
1685 4141 1776 4213 Fieri
1802 4143 1908 4232 igitur
1932 4140 2080 4235 potuitut

732 4260 789 4333 illa
815 4259 1055 4332 Ecclesiastico
1082 4254 1274 4351 disciplina,
1302 4279 1388 4352 quae
1414 4261 1594 4352 praecipue
1622 4257 1664 4329 ad
1680 4267 1894 4331 sacramenta
1907 4247 2080 4328 celebranda

733 4381 895 4473 pertinet,
922 4377 1097 4470 antiquitus
1123 4376 1157 4444 in
1182 4374 1448 4468 Mesopotamiae
1474 4374 1637 4447 Ecclesiis
1664 4378 1830 4466 viguerit,
1860 4386 1895 4446 et
1917 4366 2079 4444 Nestoriani

735 4516 826 4583 eam,
854 4497 907 4567 cui
933 4493 1110 4585 indigenae
1137 4494 1260 4568 assueti
1288 4502 1383 4564 erant
1408 4493 1611 4566 retinuerint
1663 4489 1781 4586 Neque
1802 4495 1896 4562 enim
1915 4484 2080 4583 exprobra-

735 4623 801 4683 tum
829 4610 1005 4706 aliquando
1033 4609 1097 4681 illis
1122 4607 1228 4681 luisse
1254 4608 1407 4680 videmus
1434 4607 1476 4681 ab
1505 4606 1708 4681 Ortlrodoxis
1735 4593 2081 4695 carlamannum

735 4750 858 4800 novam
892 4725 1168 4799 celebrandorum
1201 4725 1493 4798 Sacramentorum
1525 4723 1667 4796 formam
1699 4726 1919 4813 invexerint,
1950 4727 2080 4817 praeter-

736 4868 835 4941 quam
862 4844 903 4916 ab
930 4865 997 4916 uno
1023 4843 1184 4932 Leontio,
1212 4842 1254 4914 de
1281 4864 1347 4937 quo
1374 4841 1502 4913 dicetur
1527 4839 1674 4912 inferius.

449 4974 540 5044 ungar
553 4975 723 5029 nnusnnur-
839 4961 897 5035 IV.
932 4961 1041 5059 'Sane
1068 4968 1224 5053 quantum
1251 4981 1297 5031 ex
1323 4960 1574 5054 comparatione
1600 4956 1737 5030 aliarum
1771 4954 1905 5029 diversi
1936 4957 2013 5027 rius
2033 4945 2080 5018 ld-

415 5060 474 5129 ⁸¹⁸⁶
491 5064 637 5131 'mmmm‘
736 5083 920 5172 torgiarum
946 5079 1116 5171 conjicere
1143 5098 1339 5172 possumus,
1366 5078 1513 5146 maxima
1540 5082 1592 5147 est
1616 5076 1649 5144 in
1667 5072 1883 5146 Nestorianis
1910 5069 2079 5166 simplicitas
