4525 6034
717 558 794 634 514
1091 561 1710 639 OBSERVATIONES

715 745 901 827 disciplinam
925 747 987 827 jam
1016 745 1207 809 obsolevisse
1235 752 1382 809 testantur
1417 756 1540 811 autores
1570 745 1639 829 Syri
1672 747 1875 812 vetustissimi.
1915 750 1945 811 lo
1974 744 2056 814 basili

716 843 843 927 Coptica
863 844 999 927 Litargia
1022 865 1061 908 ex
1084 864 1142 927 qua
1164 847 1222 908 ista
1245 846 1341 909 oratio
1365 848 1457 927 petita
1480 854 1539 926 est,
1561 846 1664 909 titulus
1687 856 1748 910 est:
1771 847 2056 912 Oratioobsoloh‘ooir

716 946 759 1007 ad
779 945 913 1009 Patrem.
950 932 1066 1026 Nempe
1090 944 1186 1008 iorma
1209 953 1256 1008 est
1278 945 1474 1009 absolutionis
1498 946 1653 1027 cujusdam
1675 948 1838 1028 generalis,
1861 949 1959 1011 iisdem
1977 966 2056 1029 prope

716 1045 818 1106 verbis
842 1053 872 1107 et
894 1046 1051 1108 sententiis
1074 1053 1228 1122 constans,
1252 1062 1286 1107 ac
1308 1046 1359 1109 illa
1382 1065 1459 1128 quae
1481 1065 1575 1127 super
1597 1047 1695 1127 ipsum
1707 1047 1902 1111 Sacerdotem
1921 1047 2059 1110 celebran-

717 1152 778 1206 tem
804 1146 1015 1224 pronnntiatar
1045 1146 1128 1207 initio
1150 1143 1305 1225 liturgiae
1327 1152 1358 1207 et
1379 1145 1418 1207 ad
1439 1144 1544 1207 Filium
1565 1145 1623 1208 Dei
1646 1145 1794 1228 dirigitur.
1839 1146 1906 1226 lpsa
1926 1154 1968 1209 est
1986 1164 2058 1227 praa

715 1243 870 1306 Victorius
901 1243 1037 1307 Scialach
1065 1244 1196 1323 pessime
1226 1262 1266 1305 ex
1287 1242 1419 1307 Arabico
1441 1262 1602 1326 perperam
1623 1245 1704 1309 lecto
1727 1244 1891 1326 appellavit
1910 1244 2060 1307 Orationem

714 1344 946 1423 palaemone
966 1344 1052 1405 rou:
1075 1361 1143 1405 nam
1172 1361 1234 1406 vox
1257 1343 1446 1425 aegyptiaca
1468 1345 1628 1406 nemete
1650 1351 1681 1406 er
1702 1344 1832 1407 aaaron
1855 1326 1949 1412 tatae
1975 1343 2060 1421 rou

716 1442 941 1505 Absolutionem
963 1444 1142 1523 significant.
1175 1443 1312 1506 videnda
1337 1462 1414 1523 quae
1437 1443 1476 1505 ad
1498 1444 1633 1506 eamdem
1648 1444 1824 1507 Orationem
1846 1451 1977 1506 annotata
1996 1450 2059 1505 sunt.

715 1541 750 1604 ln
772 1543 924 1620 versione,
946 1541 1112 1623 Aethiopes
1136 1561 1244 1606 nomen
1268 1542 1383 1606 Claudi
1405 1542 1498 1625 Regis
1522 1544 1568 1605 sui
1590 1544 1641 1606 lilii
1663 1543 1922 1625 LebnaDintghil,
1942 1544 2061 1604 inserue-

714 1650 801 1704 runt:
833 1643 858 1704 is
888 1641 966 1703 enim
989 1649 1059 1704 tunc
1081 1644 1111 1703 in
1134 1643 1296 1724 Aethiopia
1318 1643 1480 1725 regnabat:
1516 1652 1546 1705 et
1576 1644 1613 1706 ab
1644 1662 1682 1706 eo
1712 1644 1824 1724 scripta
1854 1649 1900 1705 est
1927 1640 2060 1704 Confessio

715 1740 796 1820 fidei,
819 1760 908 1823 quam
929 1743 1026 1821 priori
1047 1742 1153 1804 Lexici
1174 1744 1223 1805 sui
1244 1742 1368 1805 editioni
1390 1742 1536 1806 Ludolius
1559 1743 1722 1825 subjunxit,
1745 1743 1906 1824 retulitque
1925 1750 2019 1823 postea
2036 1741 2061 1801 ia

717 1830 937 1903 Commentario
961 1840 998 1902 ad
1020 1841 1182 1904 Historiam
1204 1860 1299 1922 suam,
1323 1860 1390 1905 oum
1412 1844 1502 1922 notis,
1525 1860 1601 1924 quas
1624 1843 1684 1907 alio
1706 1843 1775 1906 loco
1799 1843 2003 1924 expendemus.

1199 2120 1260 2193 18.
1304 2121 1438 2193 Sancto
1463 2126 1600 2194 sanctes.

820 2331 877 2409 lm
905 2352 989 2404 recte
1018 2343 1069 2423 qui
1096 2343 1230 2404 versioni
1252 2342 1378 2406 Latinae
1400 2363 1523 2426 operam
1546 2343 1711 2406 dederunt:
1740 2362 1840 2425 neque
1862 2343 1901 2405 de
1921 2341 2059 2405 verborum

711 2445 831 2509 illorum
853 2446 1101 2526 interpretatione
1124 2465 1191 2508 cum
1213 2449 1292 2509 inter
1314 2465 1402 2509 sacra
1424 2448 1527 2511 Olllcia
1549 2449 1706 2531 leguntur,
1730 2465 1908 2529 quemquam
1929 2446 2060 2509 dubitasse

713 2545 866 2624 videmus,
895 2564 961 2607 cum
989 2544 1106 2609 Graece
1136 2554 1258 2609 extent·
1272 2548 1301 2608 in
1330 2547 1467 2610 omnibus
1497 2547 1641 2631 Litargiis
1664 2548 1748 2611 etin
1769 2557 1940 2610 sanctorum
1961 2546 2059 2608 Patron

713 2646 846 2726 scriptis,
867 2646 898 2707 in
921 2645 1054 2726 Copticis
1077 2664 1210 2731 quoque,
1234 2647 1385 2729 Syriacis,
1408 2647 1544 2710 omnibus
1568 2647 1688 2709 tandem
1710 2646 1913 2710 Orientalibus
1934 2645 2060 2708 Euchari-

711 2745 789 2808 stiae
812 2745 1038 2808 consecrandae
1060 2746 1181 2809 Ollloiis.
1226 2747 1341 2810 Primus
1367 2746 1512 2810 Ludollus
1541 2748 1573 2809 in
1600 2746 1794 2829 quarumdam
1824 2764 1864 2808 ex
1889 2742 2058 2809 Clementiuis

713 2842 964 2908 Constitutionum
985 2846 1127 2909 versione
1151 2846 1257 2909 eadem
1278 2845 1373 2910 verba
1394 2847 1609 2928 interpretatus
1631 2854 1693 2925 est,
1724 2846 1936 2908 Commodias
1955 2844 2059 2920 raab,

712 2962 773 3024 quo
796 2945 868 3008 nihil
891 2946 1059 3010 absurdius.
1096 2945 1201 3028 Nugas
1228 2946 1307 3025 apim
1332 2945 1591 3024 Grammaticales,
1614 2946 1737 3027 siquas
1760 2945 1928 3008 obtendere
1949 2949 2057 3025 poterat,

712 3062 785 3107 usns
807 3044 1037 3109 Ecclesiasticus
1060 3052 1091 3106 et
1113 3046 1244 3108 omnium
1259 3045 1461 3127 liturgiarum
1484 3063 1650 3109 consensus
1674 3043 1842 3110 refellebat.
1871 3043 2058 3108 Certamenin

712 3151 759 3207 est
782 3163 820 3207 eo
843 3144 912 3208 loco
932 3145 1011 3207 idem
1026 3144 1254 3227 intelligendum
1269 3164 1350 3225 esse,
1373 3146 1454 3227 quod
1477 3146 1556 3227 apud
1580 3163 1684 3209 omnes
1699 3144 1870 3207 Orientales
1885 3143 2057 3217 Christianos,

711 3244 844 3323 quotidie
867 3244 1058 3322 audiebatur,
1081 3253 1112 3307 et
1134 3243 1217 3325 quod
1239 3244 1338 3307 nullus
1361 3245 1532 3308 nesciebat:
1554 3243 1682 3321 scilicet,
1704 3245 1849 3306 monitum
1871 3243 1998 3306 omnibus
2017 3240 2056 3320 qul

711 3344 806 3406 sacris
829 3344 940 3407 Officiis
962 3345 1143 3423 intererant,
1171 3362 1228 3424 per
1250 3343 1430 3408 Sacerdotes
1453 3345 1504 3408 vel
1525 3345 1678 3407 Diaconos
1700 3342 1918 3426 significatum,
1945 3361 1980 3404 ne
2006 3342 2057 3420 quir

710 3444 769 3505 nisi
791 3452 931 3522 sanctus,
956 3445 1021 3507 sive
1042 3443 1154 3506 nullius
1176 3446 1296 3524 peccati
1318 3443 1437 3506 lethalis
1460 3444 1518 3507 sibi
1541 3444 1698 3522 conscius,
1729 3442 1767 3504 ad
1796 3450 1920 3518 sancta,
1948 3442 1999 3504 hoc
2021 3444 2057 3500 est

711 3542 750 3604 ad
772 3561 860 3605 sacra
881 3545 1025 3624 mysteria
1046 3542 1242 3625 percipienda
1264 3543 1412 3606 accedere
1435 3542 1537 3607 vellet.
1581 3542 1687 3622 Neque
1716 3544 1871 3623 meduan
1895 3540 2055 3604 Christianus

711 3643 887 3725 ignorabat,
911 3645 983 3725 qnid
1005 3662 1061 3724 per
1082 3632 1126 3705 aci
1148 3632 1228 3725 <tyra
1250 3650 1333 3706 esset
1352 3643 1591 3725 intelligendum.
1637 3642 1692 3720 At,
1722 3642 1930 3704 saccharum
1955 3637 2055 3708 abactis

712 3740 842 3805 formula
863 3752 911 3806 est
934 3744 971 3805 ab
993 3743 1077 3805 initio
1099 3742 1258 3805 Ecclesiae
1280 3744 1460 3805 constitutae
1483 3742 1520 3804 ad
1542 3743 1619 3804 haec
1642 3759 1738 3822 usque
1759 3750 1915 3820 tempora,
1944 3735 2054 3799 omnihus

644 3898 649 3909 .
713 3841 855 3924 Liturgiis
877 3845 1032 3926 incognita
1055 3851 1086 3906 et
1108 3842 1257 3917 inaudita,
1279 3850 1310 3904 et
1333 3860 1411 3923 quae
1432 3841 1520 3905 simul
1541 3841 1728 3904 falsissimam
1747 3840 1923 3903 sententiam
1942 3839 2054 3899 insinuat.

712 3941 789 4004 Natn
810 3942 927 4005 Sancto
949 3945 1064 4006 sanctis
1085 3940 1266 4024 significavit
1287 3942 1318 4002 in
1339 3944 1438 4004 reteri
1449 3941 1595 4016 Ecclesia,
1616 3948 1647 4003 et
1668 3942 1698 4002 in
1716 3939 1862 4002 Orientali
1883 3938 1960 4002 idem
1978 3934 2055 4018 sigal-

713 4039 800 4120 ficat,
814 4050 855 4104 ‘ut
877 4044 928 4125 qui
952 4044 990 4106 ad
1011 4044 1153 4125 mysteria
1175 4040 1366 4122 suscipienda
1388 4041 1445 4103 rite
1467 4042 1563 4122 parati
1585 4049 1665 4120 sunt,
1689 4040 1746 4103 soli
1768 4038 1807 4101 ad
1830 4056 1935 4102 eorum
1954 4031 2055 4118 partiri·

712 4144 864 4222 potionem
893 4143 1052 4219 accedant;
1082 4160 1183 4224 neque
1212 4140 1287 4203 haec
1317 4140 1503 4203 denuntiatio
1532 4141 1570 4203 ad
1599 4140 1831 4203 Ecclesiasticus
1859 4138 1940 4199 solos
1969 4131 2054 4216 quiin

712 4228 846 4326 Βὴματι
868 4261 924 4305 sen
945 4243 1115 4321 sanctuario
1144 4240 1280 4317 stabant,
1310 4238 1365 4302 scd
1394 4239 1432 4301 ad
1458 4240 1565 4303 Laioos
1595 4258 1715 4321 quoque
1744 4238 1928 4321 pertinebat,
1954 4238 2003 4299 imo
2025 4225 2054 4291 td

712 4340 865 4406 mulieres.
910 4342 951 4405 At
979 4345 1078 4406 neutri
1108 4350 1141 4404 ut
1163 4340 1308 4423 mysteria
1330 4358 1417 4403 saera
1439 4341 1644 4421 perciperent,
1667 4339 1705 4401 ad
1726 4339 1928 4403 sanctuarium
1949 4330 2054 4398 accede·

713 4441 799 4503 bant:
822 4460 928 4504 verum
951 4460 988 4505 eo
1010 4443 1071 4504 ritu
1093 4440 1358 4517 distribuebantur,
1381 4457 1469 4519 quem
1491 4439 1558 4502 fuse
1581 4459 1622 4502 ex
1644 4439 1790 4503 Gabrielis
1813 4436 1995 4509 Patriarchae
2012 4428 2054 4492 lii·

714 4541 787 4602 tuali
816 4549 848 4603 et
877 4542 943 4604 aliis
965 4541 1137 4616 retulimus,
1166 4542 1197 4602 in
1220 4537 1439 4602 Commentario
1462 4539 1500 4601 ad
1521 4539 1625 4603 Basilii
1647 4538 1801 4631 Copticam
1822 4538 1989 4618 Litargiam.
2021 4529 2053 4589 llt

714 4641 747 4703 lit
761 4650 794 4704 ut
805 4641 1020 4705 absurditatem
1041 4641 1190 4723 insignem
1213 4638 1365 4700 contineat
1387 4639 1533 4721 ejusmodi
1556 4639 1782 4721 interpretatio,
1806 4636 1967 4702 secundnm
1985 4644 2052 4712 quum

713 4750 862 4805 vocantur
892 4742 930 4805 ad
959 4740 1178 4820 sanctuarium,
1207 4741 1257 4820 qui
1286 4740 1317 4800 in
1347 4738 1420 4800 illud
1447 4739 1566 4821 ingredi
1595 4757 1656 4803 non
1683 4746 1820 4820 possunt.
1866 4735 1942 4809 Ouid
1963 4726 2052 4815 igitar?

712 4840 849 4905 >Coenam
871 4861 955 4906 suam
969 4842 1171 4904 Lutheranam
1193 4839 1271 4902 adeo
1294 4839 1414 4902 infixam
1436 4841 1532 4937 anieno
1555 4838 1699 4902 Ludollus
1721 4838 1835 4918 habuit,
1857 4846 1891 4899 ut
1917 4834 1990 4897 nulla
2006 4841 2053 4889 tux

713 4940 912 5023 Aethiopica,
937 4944 994 5005 etsi
1016 4941 1186 5005 llebraicae
1209 4946 1260 5001 aut
1282 4936 1417 5002 Graecae
1441 4940 1584 5024 originis,
1607 4947 1638 5002 et
1659 4957 1716 5001 usu
1737 4938 1952 5001 Ecclesiastico
1971 4930 2052 4993 ddet·

713 5042 833 5120 minata,
856 5043 937 5107 aliud
951 5044 1009 5125 ipsi
1023 5040 1217 5127 signiticaret,
1240 5056 1329 5120 quam
1343 5039 1484 5104 Coenam.
1513 5039 1695 5122 Litorptirm,
1717 5038 1853 5117 llrsscm,
1874 5032 2051 5116 muron
