4525 6034
486 1034 537 1125 IN
566 1033 830 1126 LITURGIAM
885 1034 1142 1127 CLEMENTIS
1173 1035 1358 1130 ttottmu

806 1242 835 1324 ll
860 1242 885 1325 ll
907 1242 935 1325 t
956 1243 1037 1325 tlt.

324 1491 643 1576 1.Ριιιιιτιιιιὶεῑιιιιι,
666 1499 746 1562 nulla
769 1500 827 1563 alia
855 1500 936 1581 apud
966 1500 1137 1564 Orientales
1161 1500 1309 1565 Clementi
1332 1503 1484 1587 adscripta
1506 1506 1611 1571 Litur-

234 1610 287 1691 gia
315 1608 468 1687 reperitur
497 1606 528 1666 in
550 1603 622 1666 ttss.
646 1602 827 1680 Codicibus‚
859 1602 939 1684 quod
971 1605 1077 1666 mirum
1107 1622 1182 1667 sane
1209 1604 1306 1668 videri
1339 1616 1462 1687 posset,
1490 1611 1611 1692 quando

235 1707 356 1790 quidem
384 1706 413 1767 in
444 1702 639 1767 clementinis
667 1700 938 1766 Constitutionibus
968 1709 1051 1766 extat
1079 1704 1199 1785 integra
1226 1703 1304 1768 illius
1334 1704 1430 1769 lorma
1460 1708 1538 1773 libro
1565 1709 1613 1772 8⁰.

234 1806 400 1887 descripta.
445 1805 558 1868 Verum
580 1804 716 1885 quanms
738 1802 855 1866 illarum
884 1803 1137 1866 Constitutionum
1159 1820 1234 1883 quas
1260 1803 1426 1882 Doscnlin,
1454 1806 1613 1871 decurtato

234 1899 467 1978 Aadcoxclicc
488 1904 620 1979 nomino,
644 1902 713 1984 Syri
737 1909 768 1964 et
789 1901 910 1965 Arabes
944 1920 1056 1964 vocare
1078 1901 1189 1978 solent,
1213 1902 1372 1967 versiones
1402 1913 1434 1967 et
1462 1907 1613 1986 epitomae

234 2003 340 2087 plures
370 2003 563 2086 reperiantur
591 2002 623 2064 in
654 1999 892 2064 Collectionibus
920 2001 1085 2084 ,Canonum
1122 1999 1278 2076 Arabicis,
1315 2001 1409 2072 ultimi
1437 2003 1516 2067 illius
1544 2003 1613 2068 libri

99 2143 104 2150 ·
234 2103 406 2185 fragmenta
427 2109 541 2165 tantum
563 2099 689 2163 babent:
718 2107 750 2161 et
778 2101 803 2162 is
831 2100 908 2162 liber
936 2103 967 2163 in
997 2100 1200 2163 vetustissima
1229 2099 1353 2181 Syriaca
1375 2103 1526 2166 versione
1549 2103 1613 2166 Co-

236 2201 311 2264 dicis
334 2201 500 2265 Florentini
523 2216 583 2261 non
606 2206 701 2261 extat.
755 2197 862 2279 Neque
892 2198 973 2281 apud
1004 2199 1156 2277 Graecos,
1188 2215 1206 2259 a
1235 2200 1345 2280 quibus
1375 2200 1613 2265 constitutiones

235 2299 431 2382 Apostolicas
454 2299 522 2381 Syri
545 2305 577 2361 et
599 2295 650 2359 alii
672 2304 874 2377 acceperunt,
905 2298 1049 2361 memoria
1077 2297 1137 2360 ulla
1167 2303 1215 2359 est
1243 2296 1398 2383 liturgiae
1429 2319 1507 2381 quac
1538 2300 1613 2363 Cle-

234 2400 329 2462 menti
350 2400 545 2470 tribueretur,
568 2395 638 2478 quia
661 2395 777 2458 scilicet
798 2396 829 2462 io
852 2395 932 2458 nulla
956 2394 1093 2458 Ecclesia
1117 2395 1244 2474 celebri,
1267 2404 1298 2458 et
1320 2415 1399 2479 quae
1422 2399 1489 2462 aliis
1512 2399 1613 2481 legem

236 2505 288 2561 aut
310 2498 482 2579 exemplunm
504 2496 578 2559 dare
601 2503 715 2576 posset,
738 2493 836 2559 lorma
863 2497 973 2558 rituum
1003 2504 1035 2558 et
1064 2496 1233 2558 orationum
1263 2496 1441 2578 singularis,
1470 2516 1511 2559 ex
1539 2496 1614 2559 Cle·

235 2598 376 2661 mentinis
400 2612 560 2678 expressa,
583 2595 612 2656 in
635 2612 692 2657 usu
715 2594 779 2658 luit.
824 2594 911 2659 Ratio
941 2613 997 2657 cur
1026 2596 1113 2658 istam
1135 2595 1294 2659 ,lacobitae
1323 2596 1552 2677 composuerint
1583 2603 1614 2657 et

237 2697 387 2760 Clementi
409 2694 600 2759 attribuerint
620 2693 733 2756 frustra
756 2702 967 2774 quaereretur,
991 2695 1047 2756 nisi
1063 2693 1216 2775 dignitatis
1230 2713 1319 2775 quam
1341 2712 1519 2776 comparare
1543 2693 1614 2756 huic

236 2796 335 2858 obicio
365 2795 465 2858 conati
494 2798 563 2854 sunt
591 2810 631 2853 ex
659 2793 779 2854 nomine
809 2792 867 2855 viri
889 2792 1075 2874 Apostolioi,
1103 2794 1189 2874 cujus
1218 2794 1393 2856 memoriam
1421 2794 1615 2855 inseruerunt

237 2894 398 2974 aliquoties
421 2893 452 2952 in
474 2889 630 2971 [liptyctnts
654 2892 729 2966 suis,
751 2898 783 2952 ut
806 2892 894 2953 etiam
916 2893 947 2953 in
970 2890 1171 2953 Confessione
1193 2909 1282 2972 quam
1295 2890 1476 2954 Ordinandis
1500 2891 1614 2954 Sacer-

238 2994 360 3057 dotibus
383 2988 520 3072 praelegi
539 2986 627 3069 jubet
654 2988 834 3052 Pontificalis
864 2990 1035 3065 llediceus3
1067 2999 1098 3053 et
1128 2990 1214 3072 cujus
1244 2989 1358 3071 aliquot
1387 2992 1556 3054 testimonia
1583 2992 1614 3054 in

237 3111 313 3156 suae
337 3089 486 3170 opinionis
508 3088 708 3167 patrocinium
731 3087 866 3150 referunt
894 3091 924 3150 in
955 3087 1169 3166 Collectaneis,
1193 3087 1231 3151 de
1254 3090 1363 3171 quibus
1385 3108 1480 3171 saepo
1503 3090 1614 3152 dictum

238 3198 297 3254 est.
341 3189 409 3252 Non
432 3188 511 3250 edita
534 3194 582 3249 est
605 3187 634 3247 in
657 3185 770 3248 blissali
800 3186 974 3257 Chaldaico,
998 3206 1098 3268 neque
1130 3186 1252 3249 Gabriel
1275 3187 1388 3250 Sionita
1416 3190 1446 3250 in
1476 3188 1613 3270 Epistola
1690 3203 1824 3271 εμεοιιι
1859 3202 1937 3256 Adae.

237 3289 277 3353 ad
300 3288 465 3365 Nibusium‚
489 3294 540 3348 aut
562 3283 714 3347 Abrabam
737 3285 925 3348 Ecbellensis
948 3285 1034 3348 Notis
1064 3285 1100 3348 ad
1125 3284 1335 3365 debet-lesu,
1357 3285 1436 3350 illius
1464 3287 1613 3349 memine—
1640 3307 1667 3359 p.
1685 3288 1748 3342 29¹·

237 3396 319 3464 runt,
343 3395 374 3449 et
395 3387 484 3467 pauci
508 3384 637 3448 Codices
660 3402 726 3446 eant
749 3392 988 3465 repraesentant.
1039 3386 1148 3447 versio
1171 3383 1250 3448 lacta
1273 3393 1320 3448 est
1342 3385 1381 3448 ad
1402 3385 1501 3448 bonae
1524 3392 1614 3448 notae

240 3485 385 3548 Codicem
408 3483 613 3548 Colbertinum
636 3480 732 3546 3921.

328 3583 366 3646 Ut
388 3582 535 3663 probetur
556 3580 721 3663 liturgiam
751 3583 837 3643 istam
861 3581 1023 3644 Clementis
1045 3581 1172 3644 Romani
1200 3601 1277 3663 opus
1307 3599 1366 3644 non
1394 3601 1481 3659 esse,
1516 3581 1615 3644 multis

239 3683 346 3746 verbis
368 3699 428 3744 non
451 3698 528 3762 opus
552 3689 610 3759 est,
633 3699 701 3743 curn
724 3698 763 3742 ne
792 3680 890 3742 levem
913 3681 1032 3761 quidem
1060 3681 1128 3743 talis
1157 3682 1339 3762 antiquitatis
1366 3689 1467 3745 notam
1496 3682 1616 3756 babeat,

241 3781 299 3845 sed
321 3782 501 3844 recentioris
524 3783 591 3842 aevi
614 3797 673 3842 non
697 3798 827 3859 paucas,
858 3782 938 3842 inter
967 3798 1042 3861 quas
1072 3782 1235 3861 praecipua
1264 3780 1383 3843 videtur
1412 3799 1500 3858 esse,
1529 3780 1616 3843 stilus

239 3879 293 3943 ille
315 3898 332 3941 a
356 3881 450 3960 prima
472 3878 662 3960 simplicitate
684 3878 894 3960 degenerans,
916 3887 948 3940 et
969 3898 1043 3942 vere
1066 3879 1201 3942 Asiatica
1222 3897 1470 3961 synonymorum,
1493 3879 1616 3959 epitbe-

240 3987 351 4054 torum,
374 3979 677 4059 metaphorarumque
700 3978 877 4060 congeries,
911 3995 1077 4057 perquam
1101 3977 1137 4040 ad
1161 3996 1333 4058 supremum
1355 3979 1525 4062 elegantiae
1547 3977 1616 4040 cul-

240 4096 309 4139 men
332 4077 487 4158 perveniri
510 4075 683 4138 Orientales
706 4075 887 4139 existimant.
933 4075 965 4137 ld
988 4077 1075 4138 etiam
1097 4077 1207 4157 probat
1229 4076 1339 4140 additio
1363 4079 1477 4159 aliquot
1499 4078 1616 4141 verbo-

240 4192 308 4237 rum
331 4175 361 4234 in
384 4174 480 4238 lorma
504 4174 703 4237 consecrandi
731 4175 817 4254 panis
848 4183 878 4236 et
907 4173 1027 4253 calicis,
1059 4183 1091 4236 ut
1119 4177 1149 4236 in
1177 4176 1288 4256 prima,
1317 4179 1399 4257 qnod
1426 4195 1487 4257 pro
1516 4177 1617 4238 maltis

237 4272 378 4352 fidelibus
400 4274 589 4337 immolatam:
612 4275 641 4334 in
664 4272 770 4352 altera,
793 4275 919 4353 sanguis
940 4276 1090 4354 metasqai
1102 4276 1262 4354 confirmat
1282 4282 1489 4337 testamentum
1511 4274 1618 4334 mortis

239 4390 344 4432 meae:
367 4391 445 4454 quae
469 4371 615 4434 formulae
638 4373 734 4454 magis
761 4373 981 4435 recentioribus
1010 4372 1122 4435 similes
1152 4379 1232 4450 sunt,
1255 4391 1344 4453 quam
1366 4374 1494 4437 vetustis
1517 4370 1616 4434 Grae·

241 4470 297 4547 cis,
321 4469 533 4552 Syriacisque,
556 4489 682 4551 quarum
705 4463 855 4533 sententia
879 4470 916 4533 ad
940 4472 1103 4534 verborum
1122 4471 1376 4554 Evangelicornm
1398 4471 1618 4553 simplicitatem

240 4571 369 4649 propius
394 4569 522 4634 accedit
560 4569 593 4631 ln
617 4570 811 4634 invocatione
834 4571 964 4651 Spiritus
986 4572 1083 4633 sancti
1106 4571 1136 4634 id
1159 4569 1392 4642 observandum,
1415 4568 1495 4651 quod
1519 4570 1617 4632 oratio

241 4685 322 4747 quae
344 4670 438 4732 verba
463 4669 572 4732 Christi
595 4672 734 4750 sequitur
755 4677 879 4750 praeter
893 4669 1017 4732 aliarum
1032 4688 1147 4733 morem
1162 4670 1278 4751 prolixa
1302 4678 1351 4732 est
1372 4686 1464 4750 supra
1486 4668 1617 4746 modum,

240 4766 281 4826 ita
305 4773 338 4828 ut
360 4769 456 4849 majus
479 4769 601 4831 omnino
625 4768 704 4831 inter
726 4768 776 4831 illa
800 4777 832 4831 et
854 4768 1090 4847 luvocationem,
1112 4770 1153 4831 sit
1167 4767 1368 4831 intervallum.
1390 4766 1497 4848 Neque
1519 4775 1619 4832 mmen

240 4864 437 4929 interlocutio
461 4866 588 4929 [liaconi
611 4867 744 4930 occurrit
768 4874 799 4929 ut
823 4868 854 4929 in
878 4867 1003 4931 Graecis
1026 4868 1258 4950 posterioribus,
1281 4883 1350 4928 nam
1373 4884 1426 4929 eas
1450 4866 1617 4930 additiones

241 4961 367 5026 Graecis
391 4973 563 5046 usurpatas,
588 4967 730 5049 ignorant
753 4965 923 5030 Orientales
946 4966 1115 5032 Ecclesiae.
