4525 6034
698 589 775 663 470
1272 584 1502 663 NOTAE

788 775 875 848 Quod
899 792 991 856 porro
1008 773 1171 854 liturgiam
1194 771 1359 854 scripserit,
1381 772 1479 853 potuit
1499 772 1529 835 id
1543 765 1707 835 secundum
1721 771 1918 835 lacobitnrum
1939 791 2040 854 morem,

700 877 729 936 in
760 879 855 955 prima
883 882 952 956 post
983 873 1201 936 Antiochenum
1230 871 1431 935 Patriarcham
1459 871 1674 936 Ecclesiastico
1703 862 1847 954 dignitate
1874 873 2041 937 constitutus:

701 994 767 1037 cum
796 995 836 1037 ex
866 974 1025 1037 multorum
1055 973 1195 1055 exemplo
1219 980 1337 1035 constet
1358 971 1587 1052 Metropolitas,
1617 974 1677 1038 imo
1706 980 1737 1036 et
1766 972 1931 1054 Episcopus
1957 990 2042 1036 muas

700 1093 821 1156 preces,
844 1083 876 1137 et
899 1092 952 1137 eas
975 1093 1052 1155 quae
1076 1072 1113 1136 ad
1136 1072 1317 1135 sacrificium
1338 1071 1577 1134 Eucharisticum
1603 1080 1742 1152 spectant
1769 1071 1860 1152 pleno
1885 1074 1951 1154 jure
1975 1073 2044 1135 ordi-

700 1190 799 1234 nasse.
844 1173 929 1235 Unde
951 1174 1031 1236 inter
1053 1181 1111 1235 tam
1139 1172 1246 1234 multas
1275 1169 1415 1252 Syriacas
1442 1170 1593 1255 liturgias
1623 1190 1663 1235 ne
1689 1190 1748 1234 una
1780 1171 1899 1252 quidem
1924 1174 2043 1251 occurrit,

701 1272 738 1334 ab
763 1272 828 1335 aliis
851 1292 939 1355 quam
963 1272 1142 1336 Patriarchis
1165 1279 1216 1334 aut
1238 1270 1397 1353 Episcopis
1429 1271 1558 1353 scripta,
1588 1288 1667 1352 quae
1694 1270 1867 1334 observatio
1890 1273 1998 1334 maximi
2015 1272 2045 1335 ad

701 1372 817 1435 illarum
840 1375 974 1456 origines
998 1370 1217 1455 agnoscendas,
1240 1372 1382 1433 momenti
1404 1377 1462 1432 est.

789 1472 877 1534 lstam
908 1490 1000 1554 porro
1029 1472 1190 1555 genuinam
1218 1489 1288 1533 esse
1311 1478 1343 1533 et
1364 1487 1381 1531 a
1405 1470 1489 1551 Syris
1511 1468 1655 1532 Jacobitis
1679 1476 1832 1550 receptam
1853 1468 1959 1549 probat
1977 1467 2047 1530 tiss,

702 1571 798 1635 Codd.
823 1590 988 1635 consensus
1012 1574 1042 1634 in
1065 1589 1191 1651 quorum
1214 1568 1369 1651 plerisque
1395 1577 1443 1631 sat
1469 1569 1595 1631 vetustis
1618 1568 1781 1650 reperitur.
1833 1567 1929 1631 Habet
1956 1566 2000 1630 illa
2021 1574 2047 1629 ut

701 1671 864 1734 nonnullae
885 1671 998 1734 similes
1022 1690 1039 1733 a
1062 1669 1282 1733 recentioribus
1312 1669 1466 1731 autoribus
1489 1670 1631 1750 scriptae,
1653 1668 1791 1731 lloridurn
1819 1668 1902 1730 illum
1924 1669 2047 1730 orationis

702 1771 848 1847 colorem,
871 1790 888 1833 a
912 1789 972 1853 quo
995 1778 1117 1834 veteres
1141 1768 1249 1832 absunt
1271 1768 1465 1852 longissime,
1494 1786 1562 1830 curn
1591 1768 1828 1849 simplicissimus
1851 1766 1958 1847 ubique
1978 1767 2048 1829 stilus

701 1879 855 1952 appareat.
891 1871 950 1935 Sed
975 1889 1041 1932 oum
1065 1870 1233 1953 Gregorius
1256 1869 1400 1950 Syriacae
1422 1866 1543 1950 linguae
1566 1885 1639 1929 suae
1658 1868 1858 1947 peritissimus
1880 1865 1966 1942 loret,
1985 1865 2049 1926 illius

702 1971 818 2033 divitias
846 1971 876 2033 in
907 1989 1002 2052 opere
1032 1986 1120 2032 sacro
1144 1967 1319 2050 impendere
1342 1967 1409 2029 dum
1439 1967 1563 2049 satagit,
1595 1966 1742 2030 obscurus
1770 1984 1866 2047 saepe
1895 1972 1957 2044 est,
1985 1962 2050 2027 unde

701 2070 849 2153 quaedam
871 2071 1007 2152 pressius
1031 2071 1213 2152 exprimere,
1236 2066 1316 2149 quod
1340 2073 1482 2148 quantum
1511 2066 1541 2127 in
1564 2066 1652 2128 nobis
1674 2065 1729 2128 luit
1750 2065 1852 2129 conati
1877 2084 1983 2143 sumus,
2002 2063 2051 2125 dil·

701 2171 779 2234 ficile
803 2178 883 2233 erat:
907 2171 1084 2233 sententiam
1107 2167 1307 2244 reddidimus,
1330 2185 1408 2248 quae
1431 2184 1497 2228 cum
1521 2165 1656 2247 ejusdem
1691 2167 1816 2250 generis
1846 2164 1954 2227 Officiis
1975 2181 2051 2226 accu-

700 2279 768 2333 rate
791 2271 955 2332 convenire
977 2267 1232 2351 deprehendetur.
1285 2265 1376 2331 Stilus
1404 2282 1498 2347 porro
1521 2265 1572 2328 ille
1601 2266 1653 2347 qui
1682 2265 1838 2347 plerisque
1870 2261 2051 2328 Orientalibus

701 2369 846 2453 liturgiis
869 2369 1033 2432 communis
1056 2375 1120 2431 est:
1143 2369 1174 2429 in
1196 2367 1252 2429 ista
1275 2365 1439 2447 praecipue
1461 2364 1650 2446 agnoscitur:
1678 2364 1796 2428 sedita
1819 2373 1920 2427 tamen
1941 2371 1971 2426 ut
1989 2363 2053 2424 inter

702 2487 840 2554 magnam
870 2468 1032 2531 verborum
1060 2467 1271 2530 abundantiam
1300 2473 1331 2529 et
1356 2466 1532 2528 varietatem
1561 2482 1655 2527 verae
1683 2464 1872 2546 'l'heologiae
1900 2460 2053 2542 simplicitas

702 2575 896 2652 agnoscatur.
942 2567 1047 2630 Omnia
1071 2568 1149 2629 enim
1172 2566 1317 2629 orationis
1345 2565 1454 2627 lumina
1483 2563 1591 2646 quibus
1614 2564 1784 2627 Orientales
1805 2564 1989 2646 potissimum
2008 2558 2052 2620 de-
2076 2563 2078 2568 ’

701 2668 862 2745 lactantur,
885 2687 924 2730 ex
947 2666 1097 2748 scriptura
1120 2683 1208 2729 sacra
1231 2664 1365 2727 desumta
1395 2671 1480 2742 sunt,
1509 2672 1560 2726 aut
1582 2662 1619 2725 ad
1641 2664 1727 2728 locos
1750 2664 1816 2746 ejus
1847 2664 1960 2746 aliquot
1983 2657 2053 2723 rele-

704 2775 826 2831 runtur:
850 2774 880 2830 et
903 2768 933 2828 in
956 2766 1015 2829 illis
1038 2764 1241 2847 exprimendis
1257 2764 1373 2827 divitias
1390 2781 1494 2826 omnes
1507 2764 1649 2846 Syriacae
1673 2764 1803 2848 linguae,
1827 2783 1909 2845 quae
1923 2759 2052 2825 uberrima

702 2877 759 2944 cst,
784 2866 981 2949 profundunt:
1011 2865 1090 2946 quod
1119 2866 1250 2947 majores
1278 2871 1400 2927 nostros
1423 2863 1463 2925 in'
1475 2862 1580 2925 Latina
1603 2863 1739 2927 Ecclesia
1770 2862 1934 2945 aliquando
1961 2859 2052 2923 fecisse

701 2968 849 3052 videmus,
872 2976 932 3030 tum
955 2968 985 3028 in
1007 2967 1099 3028 variis
1113 2963 1350 3028 Praelationibus
1374 2981 1451 3043 quae
1474 2971 1578 3025 extant
1599 2964 1629 3025 in
1648 2962 1820 3026 blissalibus
1837 2963 1975 3039 Gothico,
1995 2956 2055 3019 Gal-

700 3068 799 3130 licano
823 3074 853 3129 et
875 3066 1008 3129 Romano
1032 3066 1140 3138 veteri,
1163 3072 1223 3127 tum
1245 3066 1275 3125 in
1299 3060 1475 3144 quibusdam
1497 3063 1701 3146 singularibus
1724 3071 1979 3125 sacramentorum
1993 3055 2052 3119 Oli-

703 3170 768 3244 ciis,
792 3175 822 3230 et
844 3168 874 3228 in
896 3164 1109 3228 Benedictione
1125 3163 1277 3226 Puscbalis
1300 3164 1392 3225 cerei.
1416 3161 1489 3225 Erat
1501 3180 1622 3244 quoque
1636 3161 1716 3245 apud
1729 3161 1906 3225 Orientales
1928 3157 2053 3243 quaedam

703 3288 743 3329 ox
766 3266 911 3329 orationis
935 3264 1085 3348 elegantia
1107 3263 1234 3326 utilitas:
1257 3262 1310 3325 illo
1333 3262 1411 3325 enim
1433 3260 1624 3342 eloquentiae
1644 3262 1749 3325 colore
1765 3262 1893 3325 mirifice
1916 3261 2054 3343 capiuntur

702 3365 833 3444 Arabes,
857 3365 907 3446 qui
929 3371 1020 3426 totam
1033 3363 1134 3425 Asiam
1158 3363 1247 3423 armis
1270 3359 1483 3423 obtinuerunt:
1503 3368 1533 3423 et
1556 3379 1627 3423 esse
1649 3361 1728 3423 inter
1751 3361 1941 3424 Christianos
1963 3359 2008 3439 qui
2026 3352 2055 3414 ad

703 3465 785 3528 illum
808 3464 977 3545 elegantiae
993 3463 1120 3546 gradum
1134 3463 1338 3545 pervenirent,
1362 3460 1540 3544 satagebant
1551 3460 1696 3543 Episcopi
1710 3479 1776 3522 cum
1792 3460 1895 3523 aditus
1917 3458 1955 3523 ad
1975 3454 2055 3519 aulica

703 3564 866 3626 ministeria
889 3580 983 3644 saepe
1011 3565 1050 3624 ita
1080 3562 1249 3643 aperiretur
1282 3561 1346 3622 suis
1379 3560 1563 3637 hominibus,
1598 3562 1648 3641 qui
1675 3568 1782 3643 postea
1816 3555 1977 3624 autoritate
2002 3571 2054 3628 sua,

702 3663 849 3727 Ecclesiis
872 3680 961 3743 opem
983 3661 1166 3724 afferebant:
1197 3678 1290 3741 saepe
1319 3669 1417 3722 tamen
1439 3660 1631 3722 maximarum
1655 3660 1807 3723 turbarum
1831 3677 1954 3724 causam
1974 3651 2055 3718 dede·

702 3769 772 3823 runt
794 3771 826 3824 ut
848 3763 961 3842 passim
983 3762 1013 3822 in
1035 3760 1166 3823 Historia
1188 3757 1392 3821 Alexandrina
1414 3759 1580 3823 observare
1601 3760 1680 3822 licet.

790 3862 820 3924 2.
856 3860 889 3923 ln
919 3859 1063 3922 Oratione
1092 3878 1180 3940 qnam
1203 3857 1353 3922 Sacerdos
1364 3860 1554 3940 pronunciat
1583 3866 1652 3921 ante
1680 3858 1821 3940 hymnum
1852 3853 2054 3939 triumphalem,

704 3963 795 4044 longa
817 3969 849 4024 et
871 3960 1001 4024 obscura
1017 3968 1070 4032 xest
1092 3958 1235 4023 Ordinum
1270 3957 1446 4021 coelestium
1476 3976 1543 4019 cum
1566 3957 1785 4021 Ecclesiasticis
1809 3958 2008 4039 comparatio,
2031 3952 2055 4011 in

705 4079 764 4143 qua
786 4060 854 4143 plus
877 4058 1043 4123 rhetorices
1067 4058 1231 4121 Orientalis
1254 4066 1310 4136 est,
1334 4076 1421 4138 quarn
1446 4056 1642 4141 Theologiae.
1686 4057 1758 4119 Eam
1782 4076 1863 4138 quae
1888 4057 1927 4119 de
1948 4050 2055 4136 Angelis

705 4169 762 4238 est,
785 4159 954 4223 Orientales
977 4158 1142 4221 hauserunt
1165 4177 1204 4220 ex
1225 4156 1308 4219 libris
1332 4157 1369 4220 de
1392 4156 1517 4219 coelesti
1530 4156 1706 4219 Hierarcbia
1728 4174 1805 4238 quos
1818 4157 1957 4238 Dionysii
1969 4153 2055 4214 Areo-

704 4262 827 4343 pagitae
850 4277 920 4321 esse
943 4275 1003 4320 non
1026 4258 1171 4321 dubitant.
1201 4256 1349 4337 Quidquid
1371 4264 1530 4336 praeterea
1552 4258 1583 4319 in
1605 4257 1763 4338 scripturis
1786 4264 1874 4318 extat
1897 4252 2055 4318 derisione

703 4361 810 4436 lsaiae,
833 4366 865 4421 et
887 4357 1066 4436 Ezechielis,
1089 4375 1127 4421 eo
1150 4356 1219 4420 loco
1242 4373 1412 4438 congerere
1435 4355 1580 4419 solentut
1593 4355 1748 4421 beatorum
1763 4354 1933 4436 Spiritunm
1954 4353 2055 4414 dinem

704 4461 835 4534 nomina,
858 4457 1059 4538 sublimesque
1082 4457 1273 4538 operationes
1303 4456 1482 4537 exprimant,
1505 4465 1537 4518 ut
1560 4456 1597 4519 ad
1619 4456 1775 4539 hymnum,
1804 4464 1934 4518 conches
1960 4467 2056 4534 pene·

704 4561 812 4621 niatur.
857 4556 962 4620 Omnia
991 4558 1085 4642 igitur
1114 4555 1189 4619 haec
1212 4563 1243 4618 et
1264 4555 1370 4618 similia
1392 4572 1470 4635 quac
1491 4557 1602 4638 passim
1632 4562 1794 4619 occurnmt
1823 4553 1955 4637 figurate
1981 4549 2055 4622 dina,

705 4676 763 4721 nec
787 4658 875 4721 aliter
896 4664 965 4720 sunt
987 4655 1190 4739 intelligenda.

985 4849 1020 4921 3.
1061 4849 1193 4920 Panem
1219 4850 1276 4943 qai
1298 4852 1414 4941 soclus
1442 4854 1520 4918 erat
1545 4869 1670 4940 corpus
1695 4870 1796 4920 auton

797 4987 922 5074 Acrona
945 4999 993 5062 bie
1012 4998 1179 5063 obscuritas
1209 5000 1309 5062 estin
1331 5000 1467 5063 oratione
1490 4987 1628 5080 Syriaca:
1651 5016 1718 5061 cum
1739 4996 1818 5059 enim
1843 4995 1930 5079 Syri,
1953 5002 1981 5057 et
1997 4988 2054 5075 ple-

708 5106 796 5185 rique
819 5103 989 5167 Orientales
1012 5104 1131 5167 modum
1163 5104 1306 5185 temporis
1335 5100 1622 5187 plusquamperfecti
1641 5119 1703 5165 non
1734 5099 1885 5181 habeant,
1915 5101 1987 5163 verti
2004 5111 2053 5176 pu·
