4525 6034
685 560 762 634 270
1181 555 1573 636 COMMENTARIUS

686 744 796 808 cecidit
823 763 863 806 ex
891 744 976 806 disco
1006 743 1056 806 vel
1077 762 1125 806 ex
1148 742 1254 807 calice.
1298 741 1432 805 loannes
1459 742 1617 826 lejuuator
1644 745 1676 806 in
1704 744 1921 809 Nomocanone
1948 763 2056 809 manu-

685 845 799 925 scripto
822 851 853 907 et
875 842 1081 906 Poenitentiali
1110 843 1249 922 ineditis,
1277 843 1307 905 in
1335 841 1444 923 quibus
1472 843 1630 908 Sacerdoti
1658 851 1690 907 et
1718 844 1853 908 Diacono
1882 862 1937 925 pro
1968 844 2055 926 culpa

685 942 773 1006 simili
802 943 965 1024 imponitur
993 942 1179 1024 poenitentia
1209 942 1336 1021 biennii,
1365 949 1396 1004 et
1425 942 1559 1022 quotidie
1587 950 1764 1008 metanoeae
1792 943 1959 1007 ducentae:
1993 951 2055 1006 tres

686 1046 755 1107 anni
778 1044 804 1106 si
827 1042 936 1105 animal
957 1042 1138 1105 immundum
1167 1044 1360 1106 Sacramenta
1388 1042 1536 1125 attigerim
1559 1050 1591 1105 et
1612 1044 1653 1105 ita
1675 1043 1714 1105 de
1736 1042 1812 1107 aliis.
1839 1042 1947 1125 Neque
1970 1041 2055 1104 aliter

686 1144 790 1206 Latina
812 1142 960 1221 Ecclesia,
984 1161 1073 1224 quae,
1096 1151 1128 1205 ut
1151 1162 1191 1205 ex
1213 1141 1304 1204 variis
1332 1140 1609 1220 Paenitentialibns‚
1632 1143 1737 1206 ivone
1760 1141 1950 1221 Camutensi,
1974 1141 2054 1204 Bur-

686 1242 810 1322 cbardo,
833 1241 991 1323 Reginone
1014 1248 1044 1305 et
1067 1240 1132 1303 aliis
1156 1241 1310 1303 autoribus
1341 1239 1529 1304 manifestum
1558 1250 1615 1321 est,
1639 1242 1774 1305 eamdem
1796 1259 1922 1323 pmrsus
1944 1242 2004 1304 boc
2025 1241 2055 1302 in

686 1360 801 1426 genere
826 1340 1011 1420 disciplinam
1042 1338 1156 1403 babuit:
1182 1348 1215 1402 ut
1243 1359 1283 1402 ex
1306 1358 1410 1403 eornm
1438 1341 1615 1404 testimoniis
1644 1341 1748 1404 relatis
1775 1342 1807 1405 in
1835 1341 2053 1405 Dissertatione

686 1440 724 1505 de
751 1440 939 1504 Eucharistia
962 1447 1046 1521 patet
1068 1437 1236 1503 manifeste.

382 1543 673 1609 bocomnnniouenue-
772 1540 805 1602 ln
828 1541 1035 1603 communione
1059 1538 1194 1622 aegrotis
1223 1546 1254 1602 et
1275 1538 1379 1620 pueris
1409 1538 1660 1616 administranda,
1692 1539 1798 1602 eadem
1828 1558 1950 1622 quoque
1979 1540 2053 1603 reli-

365 1647 453 1684 ¹⁰f¹¹¹¹¹
470 1638 496 1683 θ’
509 1629 672 1682 infirmorum.
685 1642 737 1724 gio
759 1647 815 1703 est.
860 1638 908 1701 Ad
931 1638 998 1700 illos
1028 1640 1106 1700 enim
1136 1640 1163 1701 si
1185 1638 1335 1702 Sacerdos
1366 1637 1487 1701 deterre
1516 1638 1733 1702 Eucharistiam
1762 1646 1882 1720 potest,
1912 1659 1950 1702 ea
1980 1641 2053 1721 ipsis

382 3456 524 3522 Singularis
538 3458 672 3526 disciplina

687 1738 919 1816 administratur,
942 1744 975 1799 ut
996 1736 1079 1800 aliis:
1109 1739 1136 1800 si
1158 1738 1279 1821 longius
1302 1736 1489 1820 pergendum
1512 1739 1586 1815 erit,
1611 1738 1736 1820 jubetur
1757 1756 1825 1801 eam
1847 1757 1914 1801 cum
1937 1740 2051 1803 bonore

685 1839 822 1916 deleme,
845 1837 886 1900 ita
914 1844 947 1898 ut
969 1837 996 1899 si
1013 1837 1151 1917 jumento
1177 1835 1248 1900 vebi
1278 1833 1474 1899 Sacerdotem
1504 1845 1658 1918 oporteat,
1688 1837 1877 1901 Eucharistia
1906 1839 2052 1901 manticae

683 1956 747 2003 non
769 1936 953 2015 includatur,
984 1936 1039 1999 sed
1068 1937 1136 2017 ipse
1158 1955 1224 1999 eam
1245 1944 1357 2019 gestet.
1407 1939 1438 2001 Si
1468 1936 1618 2000 Sacerdos
1648 1936 1686 1999 ad
1716 1944 1874 2020 aegrotum
1902 1937 2053 2019 proticisci

683 2056 745 2103 non
767 2038 875 2119 possit,
897 2036 973 2098 mitti
995 2053 1088 2117 posse
1110 2036 1214 2098 dicunt
1235 2035 1467 2112 Eucharistiam,
1494 2036 1584 2099 etiam
1606 2054 1662 2117 per
1683 2036 1870 2100 saecularem
1892 2045 1924 2101 et
1945 2036 2052 2100 anube-

683 2156 759 2215 rem,
781 2138 811 2198 in
834 2153 934 2217 panno
956 2137 1136 2218 gossypino,
1159 2135 1209 2198 vel
1232 2136 1262 2197 in
1285 2134 1388 2198 charta
1410 2135 1536 2214 munda,
1566 2134 1615 2197 vel
1644 2135 1675 2197 in
1702 2154 1800 2217 pane,
1829 2136 1879 2199 vel
1906 2137 1938 2198 in
1967 2139 2051 2215 cista,

684 2256 763 2320 quae
792 2234 831 2297 ad
855 2234 1023 2298 Ecclesiam
1053 2233 1163 2298 referri
1186 2233 1326 2316 jubetur;
1357 2236 1460 2299 charta
1489 2235 1642 2314 comburi,
1671 2237 1758 2317 panis
1787 2254 1854 2299 cum
1882 2237 2052 2298 reverentia

685 2337 830 2401 consumi.
864 2334 908 2396 lta
930 2336 1035 2397 variae
1058 2333 1297 2398 Constitutiones
1320 2335 1351 2396 in
1372 2335 1574 2399 lacebitarum
1591 2335 1813 2416 Nomocanone,
1838 2354 1963 2418 quarum
1986 2354 2053 2398 eum

684 2454 746 2500 non
771 2452 887 2517 paucae
918 2453 935 2496 a
964 2433 1143 2497 Patriarcbis
1179 2433 1393 2498 Alexandrinis
1425 2434 1523 2498 editae
1554 2434 1630 2513 sint,
1667 2435 1804 2499 eamdem
1831 2434 1944 2499 babent
1971 2436 2051 2517 apud

685 2533 925 2612 Alexandrinos,
960 2551 1047 2614 quarn
1070 2533 1150 2615 apud
1171 2532 1377 2598 Antiochenos
1406 2534 1558 2597 Jacobitas
1586 2537 1784 2600 autoritatem.
1832 2535 1898 2598 Nec
1926 2537 2051 2599 interest

686 2635 776 2717 quod,
798 2641 831 2697 nt
852 2633 963 2715 passim
986 2632 1177 2710 observatur,
1199 2650 1260 2695 non
1282 2633 1389 2696 eadem
1411 2634 1531 2696 omnino
1552 2634 1593 2697 sit
1615 2634 1696 2696 circa
1718 2636 1936 2698 communionis
1958 2652 2052 2716 prae-

685 2735 828 2797 bitionem
850 2733 881 2795 in
902 2732 1049 2795 Ecclesiis
1077 2734 1187 2795 rituum
1216 2732 1384 2814 dispositio.
1440 2733 1515 2795 Nam
1543 2733 1632 2797 etiam
1659 2733 1689 2795 in
1716 2735 1798 2814 ipsa,
1828 2734 2055 2816 qualiscumque

685 2835 734 2912 sit,
757 2832 1004 2911 dissimilitudine,
1028 2832 1134 2895 eadem
1156 2833 1402 2895 animadvertitur
1423 2831 1532 2916 religio
1555 2831 1638 2895 cirea
1659 2832 1887 2913 Eucharistiam‚
1911 2842 1943 2897 ut
1965 2852 2053 2915 quam

685 2933 898 2996 decentissime
922 2939 1077 3011 tractetur,
1099 2932 1259 3013 nullusque
1282 2933 1321 2994 sit
1349 2931 1562 3014 profanationi,
1585 2932 1809 3016 negligentiae,
1837 2934 1896 2996 imo
1917 2951 1976 2996 nec
1997 2952 2054 2996 sa-

684 3033 854 3114 perstitioni
877 3032 971 3095 locus.
1015 3031 1091 3094 Nam
1113 3051 1182 3095 cum
1204 3051 1244 3094 ex
1265 3050 1378 3094 summa
1406 3050 1482 3114 erga
1504 3032 1729 3096 Sacramentum
1755 3035 1952 3096 veneratione
1982 3035 2053 3113 qui-

685 3133 752 3195 dam
782 3132 945 3214 particulas
978 3132 1201 3195 Eucharisticas
1228 3140 1404 3211 servarent,
1439 3141 1471 3195 et
1500 3133 1531 3195 in
1560 3150 1742 3215 pergamena
1771 3132 1874 3195 charta
1904 3152 1944 3195 ex
1973 3132 2053 3196 collo

685 3232 892 3314 appenderent
914 3250 981 3294 eam
1005 3249 1096 3295 cruce
1119 3239 1151 3294 et
1172 3231 1324 3313 reliquiis,
1353 3240 1404 3295 aut
1432 3234 1462 3294 in
1493 3230 1639 3295 cubiculis
1666 3233 1704 3295 ad
1735 3232 1856 3295 tutelam
1883 3240 2052 3310 servarent,

684 3333 865 3413 prohibitum
888 3331 918 3395 id
941 3330 995 3394 fuit
1022 3331 1078 3395 sub
1101 3334 1419 3395 excommunicationis
1442 3349 1553 3414 poena,
1577 3333 1607 3394 in
1629 3332 1738 3394 eodem
1759 3331 1982 3396 Nomocanone,

770 3432 803 3494 ln
831 3430 969 3493 Ecclesia
998 3430 1206 3494 Alexandrina
1242 3452 1259 3494 a
1288 3431 1387 3524 multis
1413 3432 1475 3512 jam
1504 3431 1634 3494 saeculis
1662 3431 1849 3494 Eucharistia
1877 3450 1938 3497 non
1964 3432 2054 3495 datur

362 3542 580 3599 arelatensium
601 3532 715 3599 eom-in
737 3549 856 3594 manum
879 3530 1176 3609 communicantibus,
1200 3531 1285 3612 cujus
1314 3530 1538 3596 consuetudinis
1560 3531 1706 3594 rationem
1728 3532 1882 3613 mysticam
1904 3532 2053 3613 qnaesivit

364 3630 517 3685 munionem.

685 3631 806 3695 Gabriel
828 3630 999 3693 Patriarcba
1023 3629 1141 3693 inistis
1164 3629 1275 3693 Christi
1303 3630 1340 3693 ad
1367 3631 1491 3694 llariam
1520 3629 1728 3712 llagdalenam
1756 3630 1875 3708 verbis,
1908 3631 1978 3694 Noti
2005 3651 2052 3692 me

685 3740 817 3812 tempere.
870 3729 1087 3810 Simpliciorem
1126 3730 1246 3793 omnino
1288 3731 1501 3811 verioremque
1535 3748 1604 3793 esse
1639 3731 1841 3793 existbnamus
1884 3748 1987 3811 parem
2021 3730 2053 3793 in

685 3832 803 3894 Gmeca
825 3829 1026 3911 disciplinam,
1055 3831 1167 3910 inqua
1195 3829 1362 3893 cochlearis
1390 3847 1464 3892 usus
1500 3830 1649 3909 antiquam
1677 3830 1802 3892 sormam
1829 3829 2059 3892 distribuendae·

684 3931 899 3994 communionis
922 3930 1065 4008 abolevit,
1088 3931 1140 4009 qui
1162 3928 1272 3992 diutius
1302 3929 1334 3990 in
1356 3928 1489 4011 Syriacis
1512 3928 1657 3993 Eccleeiis
1680 3930 1899 4010 perseveravit,
1922 3931 1980 3992 etsi
2001 3929 2051 3991 ubi

685 4032 779 4112 rriajor
800 4028 880 4092 foret
902 4031 1181 4093 communicantium
1203 4047 1365 4108 numerus,
1393 4030 1531 4091 intinctas
1564 4032 1623 4111 ipsi
1650 4046 1772 4111 quoque
1802 4028 1964 4111 particulas
1994 4046 2051 4091 ce-

684 4129 798 4192 cbleari
819 4129 972 4211 praebitas
995 4131 1135 4211 accipere
1159 4129 1303 4193 solerent.
1328 4128 1426 4192 'lestis
1438 4127 1569 4192 lacobus
1581 4130 1755 4193 Edessenus
1777 4137 1866 4210 atque
1889 4128 1949 4209 alii,
1971 4147 2053 4210 quo·

682 4247 749 4292 rum
776 4230 945 4292 sententiae
965 4228 1140 4292 reiemntur
1161 4230 1191 4290 in
1214 4229 1436 4292 Nomocanone.

772 4328 859 4393 Circa
898 4347 1063 4410 puerorum
1104 4335 1196 4409 atque
1231 4330 1365 4410 ipsorum
1401 4326 1554 4391 infantium
1588 4328 1824 4391 communionem
1861 4329 1901 4390 ita
1931 4327 2052 4391 Gabriel

687 4428 834 4510 praecipit
857 4430 887 4490 in
909 4426 1019 4491 Rituali
1041 4446 1107 4492 suo.
1148 4427 1280 4491 Debitor
1300 4435 1414 4491 motum
1435 4430 1602 4491 communio
1624 4430 1654 4489 ei
1674 4430 1726 4509 qai
1738 4431 1807 4508 jam
1828 4429 1917 4490 edere
1934 4435 2053 4508 potest:

686 4535 720 4590 ct
740 4546 814 4590 cero
832 4525 917 4605 flenti
936 4536 967 4590 et
986 4528 1108 4590 moleste
1129 4546 1163 4589 ae
1184 4528 1316 4604 babenti,
1338 4528 1491 4590 Smenos
1508 4547 1653 4591 ιιιιιιιιιιιιιι
1673 4528 1798 4609 dipitam
1811 4529 1942 4591 indicem
1962 4529 2056 4608 tirapet

686 4627 831 4706 sooynim
857 4630 1010 4706 pretioso:
1038 4646 1111 4689 mox
1132 4629 1265 4707 imponet
1289 4631 1422 4707 corpori,
1445 4628 1553 4690 deinde
1575 4629 1699 4708 dipitnm
1719 4629 1855 4690 immittet
1880 4629 1913 4689 in
1940 4646 1977 4690 os
2002 4631 2054 4689 in-

684 4726 790 4806 fanda,
814 4730 865 4790 oni
885 4730 988 4790 stobm
1010 4746 1091 4809 epac
1112 4727 1242 4789 bibenda
1261 4726 1464 4808 praebebitur.
1515 4727 1562 4789 De
1583 4725 1642 4789 boc
1664 4727 1723 4789 ritu
1751 4734 1845 4791 testes
1874 4733 1944 4789 sunt
1972 4725 2055 4788 multi

685 4826 908 4890 ltinerariorum
938 4829 1121 4910 scriptores,
1150 4835 1181 4889 et
1210 4826 1249 4889 de
1271 4825 1409 4889 Ecclesia
1436 4826 1640 4890 Alexandrina
1670 4826 1710 4887 ita
1737 4827 1841 4889 scribit
1863 4824 2053 4888 Vanslebius.

687 4925 817 4988 Videant
839 4929 889 5008 qni
912 4933 971 4989 ιιιιιι
992 4926 1091 4990 multis
1114 4926 1261 4989 adversas
1282 4925 1449 4990 Ecclesiam
1471 4924 1632 4988 Romanam
1659 4924 1826 4990 declamant
1847 4928 1928 4989 circa
1950 4924 2051 4987 calicis

686 5024 941 5106 subtractionem,
972 5044 1010 5090 an
1034 5046 1074 5090 ex
1096 5044 1202 5090 eorum
1231 5043 1326 5090 sensu
1352 5026 1429 5120 istae
1451 5043 1631 5107 puerorum,
1662 5034 1692 5089 et
1722 5026 1800 5090 aliae
1826 5032 1901 5108 quas
1931 5024 2052 5087 descri-
