4525 6034
294 544 299 553 ’
367 590 442 683 ,ΒΕ
458 587 713 664 mnrium
732 585 983 663 ommium
1002 583 1151 661 cnunc
1166 584 1213 659 n
1229 581 1476 659 amonium.
1519 576 1648 650 cxxv

292 789 341 853 est
365 779 446 852 ahhi
483 774 715 847 hallucinatum
747 773 852 845 fuisse
885 778 919 846 in
953 770 1061 844 multis
1097 781 1248 843 autorem
1274 769 1380 858 illum,
1412 792 1486 840 eum
1513 768 1555 840 de
1581 767 1646 840 fide

284 893 499 971 Odentalium
526 892 720 988 disputaret:
747 889 855 985 deque
880 889 1105 962 Jacohitarum
1132 898 1166 959 et
1191 886 1463 959 Nestorianorum
1484 885 1647 965 ,doctrinis

279 1015 454 1088 divinasse
480 1012 599 1105 potius,
633 1031 748 1105 parum
776 1006 934 1095 feliciter,
973 1029 1069 1100 quam
1103 1004 1176 1077 illas
1215 1013 1370 1075 accurate
1410 999 1645 1097 explicavisse.

283 1128 347 1215 Qui
372 1130 461 1197 enim
495 1125 725 1225 λογομαχίαν
758 1146 884 1195 meram
909 1122 1206 1195 Nestorianismum
1233 1131 1267 1192 et
1292 1120 1542 1192 Jacohitismum
1569 1138 1646 1189 esse

291 1243 462 1332 contendit,
487 1253 524 1314 ut
549 1247 622 1338 ipse
648 1264 715 1314 non
742 1263 808 1313 uno
833 1239 925 1330 loeo,
950 1239 1041 1311 illum
1070 1237 1178 1310 nullos
1206 1236 1418 1311 Orientalium
1446 1233 1646 1325 Theologo-

298 1374 364 1426 rum
384 1357 484 1431 lihros
517 1359 645 1431 vidisse
677 1357 885 1430 manifestum
919 1366 1000 1428 erat.
1052 1354 1104 1427 De
1138 1355 1296 1448 liturgiis
1332 1373 1414 1449 quas
1450 1371 1583 1446 semper
1614 1358 1647 1419 et

310 1467 464 1567 aliquem
490 1498 551 1547 ore
576 1474 731 1565 hahebat,
758 1485 792 1546 et
818 1496 955 1569 quarum
980 1472 1116 1566 longam
1137 1472 1289 1568 analysin
1306 1469 1406 1557 dedit,
1431 1467 1526 1563 plura
1547 1488 1648 1537 com-

318 1600 447 1662 mentatus
473 1603 536 1681 est,
563 1615 649 1687 quac
675 1614 750 1663 cum
775 1601 844 1663 tota
870 1592 983 1685 operis
1009 1592 1102 1661 istius
1127 1593 1233 1661 nostri
1251 1588 1400 1660 doctrina
1428 1605 1531 1679 saepe
1557 1603 1648 1653 con-

323 1701 401 1776 eihari
420 1730 483 1780 uon
508 1718 657 1803 possunt.
709 1709 824 1803 ltaque
839 1707 912 1778 heri
933 1709 1065 1803 poterit,
1091 1716 1127 1777 ut
1141 1705 1368 1777 Protestantes
1394 1701 1534 1774 hominis
1562 1701 1647 1769 inter

321 1818 435 1895 lienus
460 1824 667 1897 celeberrimi
692 1847 814 1896 nomen
838 1823 937 1896 nohis
963 1832 1150 1919 opponant,
1177 1820 1266 1916 quod
1292 1841 1374 1915 prae
1401 1820 1543 1890 caeteris
1568 1814 1648 1885 iecit

318 1938 402 2011 detor
419 1940 658 2013 sordidissimus
676 1941 963 2012 Monuneotorom
980 1940 1255 2010 authenticam
1307 1938 1354 2009 At
1367 1958 1476 2030 neque
1490 1932 1658 2018 Simonis„

316 2078 403 2151 neque
431 2056 564 2128 alterius
597 2059 830 2152 cujuscumque
863 2061 1019 2129 autoritas
1054 2056 1120 2129 ulla
1136 2086 1140 2101 ¹
1158 2066 1209 2128 est
1243 2059 1275 2126 in
1309 2053 1406 2127 simili
1440 2062 1646 2143 argumento,

312 2177 361 2243 nisi
387 2184 534 2268 quantum
565 2177 704 2269 quisque
734 2175 863 2269 prohat.
925 2156 1160 2268 Quaecumque
1178 2172 1235 2244 'de
1271 2169 1485 2244 Orientalium
1516 2168 1582 2240 fide
1612 2172 1647 2239 in

310 2288 466 2377 illiricus,
479 2301 512 2362 ct
526 2294 558 2361 in
569 2288 634 2362 hoc
651 2294 856 2385 potissimum
875 2311 980 2386 opere
996 2289 1147 2362 dicuntur
1164 2315 1183 2362 a
1201 2290 1312 2377 nohis,
1328 2296 1488 2382 excerpta
1509 2295 1583 2356 sunt
1600 2308 1646 2357 cx

305 2409 370 2501 ipsis
382 2404 590 2478 Orientalium
604 2410 834 2497 monumentis,
861 2430 946 2502 quae
966 2405 1050 2478 alter
1060 2406 1147 2478 nulla
1168 2406 1311 2496 viderat,
1328 2428 1391 2476 uec
1406 2408 1434 2477 si
1448 2402 1588 2475 vidisset
1600 2404 1645 2474 uti

302 2532 421 2617 poterat.
472 2521 559 2595 Nam
584 2522 775 2616 Liturgicos
802 2523 937 2596 codices
955 2533 1090 2618 praeter
1104 2546 1203 2595 unum
1222 2522 1443 2595 Nestorianae
1462 2519 1645 2612 liturgiae,

302 2660 424 2735 eumque
453 2644 735 2731 recentissimum,
772 2639 880 2712 nullos
915 2650 1134 2712 tractaverat:
1169 2649 1203 2711 et
1238 2661 1284 2712 ex
1317 2640 1468 2711 Romana
1503 2636 1654 2708 editione

299 2753 429 2829 llissahs
462 2755 630 2828 Chaldaici
664 2757 816 2855 analysin
848 2780 941 2831 suam
976 2768 1139 2829 texuerat.
1193 2756 1342 2852 Copticis
1374 2753 1553 2828 (lodicibus
1579 2775 1646 2826 uon

297 2894 364 2945 usus
388 2883 454 2944 est:
482 2884 527 2963 et,
554 2874 642 2969 quod
668 2879 893 2971 praecipuum,
920 2873 1125 2966 Theologos,
1154 2872 1314 2947 Canonici
1329 2876 1413 2964 juris
1435 2875 1645 2966 interpretes,

293 2986 460 3063 himeneus
476 2989 663 3062 Omentules
674 2994 803 3087 penitus
814 2994 994 3085 ignoravit,
1012 3013 1085 3064 cum
1095 2990 1243 3064 Arahice
1255 2992 1414 3063 nesciet:
1440 2996 1583 3060 attamen
1603 2986 1645 3057 de

290 3106 438 3179 Arabicis
453 3103 580 3179 Serme
595 3104 787 3203 Scripturas
798 3107 1029 3198 Versionihus,
1056 3130 1193 3203 quarum
1209 3110 1273 3182 nisi
1297 3111 1330 3179 iu
1348 3105 1548 3201 Polyglottis
1565 3104 1645 3176 An-

286 3220 421 3315 glicanis
448 3223 569 3296 nullam
595 3223 746 3314 viderat,
778 3224 934 3318 iudicium
968 3226 1040 3297 ulit
1070 3247 1138 3297 non
1170 3227 1277 3297 minus
1308 3246 1406 3319 quam
1432 3222 1475 3294 de
1500 3221 1644 3298 Persicis

286 3348 317 3410 et
342 3335 510 3437 Oopticis,
543 3360 618 3413 cum
652 3340 785 3434 liutguae
819 3345 990 3436 utriusque
1022 3363 1065 3413 ne
1101 3343 1229 3437 apicem
1256 3340 1386 3435 quidem
1412 3350 1537 3413 nosset.
1589 3337 1642 3409 Dc

283 3454 460 3549 llehgione
486 3455 726 3529 hiuhamedana
753 3460 1022 3531 commentarium
1049 3456 1149 3546 dedit,
1176 3456 1218 3527 de
1245 3479 1310 3552 quo
1336 3467 1435 3529 vetus
1456 3454 1511 3527 ille
1525 3476 1646 3528 versus

283 3571 348 3644 dici
373 3582 500 3669 potest:
527 3573 678 3669 Perpuln
699 3577 877 3667 pictorum,
904 3580 979 3646 ocri
1002 3574 1097 3664 nihil,
1124 3576 1237 3644 omniu
1251 3578 1352 3668 ficte:
1379 3584 1414 3646 ut
1433 3575 1496 3645 viri
1516 3573 1646 3644 doctis-

282 3691 356 3762 simi
382 3690 509 3785 pridem
532 3690 772 3783 judicaverunt.
825 3692 862 3764 ln
889 3689 1149 3766 Christianorum
1177 3689 1390 3763 Orientalium
1417 3688 1517 3762 rehus
1543 3689 1646 3781 longe

281 3805 377 3901 plura
412 3829 575 3903 peccasse
607 3807 694 3880 illum
730 3818 935 3901 agnoscent,
969 3812 1165 3904 quicumque
1198 3816 1322 3880 attente
1354 3808 1467 3900 legent
1501 3809 1646 3901 quaein

282 3920 369 3994 hunc
401 3920 680 3996 commentarium
713 3925 924 4017 contrdhnus,
960 3926 1048 4022 quod
1074 3925 1179 3998 semel
1205 3927 1324 3999 dictim
1351 3930 1403 3998 sit.
1454 3924 1539 3997 Nam
1564 3921 1645 3994 uhi-

285 4060 349 4134 que
375 4037 540 4112 hominum
567 4043 621 4136 qui
647 4040 734 4112 idem
761 4052 837 4115 ante
861 4066 925 4117 nos
942 4053 1169 4137 argumentum
1195 4040 1421 4116 tractaverunt
1438 4043 1648 4135 conjecturas

284 4164 320 4227 et
345 4153 599 4232 ohservationes
625 4155 793 4251 refellere,
819 4182 886 4232 non
911 4162 1020 4236 visum
1046 4171 1098 4234 est
1122 4182 1247 4256 operae
1273 4163 1422 4256 pretium.
