4525 6034
1335 526 1748 602 LXXXVIII
2287 535 3031 613 DISSERTATIO

1341 729 1567 792 tamen
1646 719 1961 795 Criticos:
2030 721 2202 795 falsa
2254 721 2558 815 Liturgia
2624 723 2735 796 illa
2801 733 2945 815 est,
3015 724 3348 822 planeque
3418 729 3872 823 supposititia,
3926 732 4074 824 quia

1335 838 1535 910 multa
1587 835 1788 934 babet
1841 860 2010 934 quae
2063 839 2274 912 Marci
2326 837 2809 932 Evangelistae
2864 842 3135 913 saeculo
3189 845 3554 916 convenire
3604 866 3740 915 non
3779 855 4073 939 possunt.

1331 949 1800 1052 Ὁμοούσιον,
1828 952 2216 1044 Θεοτόκον,
2244 962 2661 1045 sanctorum,
2720 959 2832 1051 qui
2869 979 3004 1029 non
3056 960 3182 1031 nisi
3233 969 3390 1055 post
3442 981 3651 1032 annos
3705 962 4077 1057 complures

1333 1077 1691 1161 vixerunt,
1743 1074 2008 1143 nomina
2030 1124 2052 1161 .,
2106 1071 2621 1161 Monachorum‚
2675 1070 3244 1165 Patriarcharum.,
3300 1084 3367 1146 et
3394 1075 3562 1149 alios
3592 1080 3862 1169 generis
3884 1077 4076 1169 hujus

1334 1191 1580 1263 titulos
1632 1188 1726 1260 At
1776 1188 1945 1260 haec
1997 1191 2216 1260 omnia
2245 1241 2268 1277 .,
2326 1191 2384 1263 si
2435 1210 2572 1260 non
2625 1187 2709 1258 ad
2760 1189 2844 1264 D.
2895 1190 3109 1262 Marci
3164 1200 3451 1263 aetatem
3501 1197 3839 1287 pertinere
3902 1217 4079 1265 cen-

1337 1307 1545 1381 senda
1599 1316 1781 1396 sunt,
1835 1305 1919 1376 ad
1969 1304 2305 1377 fundatam
2358 1306 2505 1396 ejus
2557 1304 3056 1399 praedicatione
3102 1318 3167 1379 et
3193 1311 3516 1404 martyrio
3550 1307 4075 1382 Alexandrinam

1334 1423 1711 1496 Ecclesiam
1776 1420 2013 1492 referri
2077 1419 2497 1492 manifestum
2570 1431 2753 1511 erat,
2826 1431 3023 1517 atque
3095 1422 3264 1495 adeo
3336 1422 3707 1499 traditionis
3775 1425 4074 1518 ejusdem

1338 1537 1689 1612 Ecclesiae
1743 1560 1914 1632 quae
1964 1560 2094 1610 una
2161 1559 2254 1609 ex
2319 1546 2598 1632 quatuor
2659 1536 3216 1613 Patriarchalihus
3288 1550 3422 1630 est,
3492 1544 3756 1633 insigne
3828 1564 4076 1613 monu-

1337 1665 1628 1726 mentum
1682 1676 2059 1747 agnoscere
2110 1656 2175 1724 in
2231 1676 2313 1725 ea
2366 1651 2754 1726 debuissent
2804 1654 3109 1729 homines
3161 1660 3741 1752 perspicacissimi.
3852 1657 4076 1729 Rive-

1335 1781 1471 1842 tum
1523 1793 1718 1842 nemo
1772 1768 2113 1842 mirabitur
2180 1772 2369 1861 cujus
2423 1768 2718 1842 Criticus
2766 1794 2969 1842 sacer
3032 1775 3156 1845 vix
3220 1772 3553 1867 pagellam
3615 1796 3811 1844 unam
3880 1771 4080 1845 habet

1334 1889 1644 1957 intactam
1714 1885 1795 1960 ab
1867 1885 2269 1959 eruditorum
2334 1884 2558 1974 sibilo,
2628 1897 2699 1958 ut
2763 1910 2984 1983 neque
3050 1888 3373 1983 quosdam
3444 1889 4073 1984 Septentrionalium

1337 2000 1727 2074 Scholarum
1755 2003 2047 2078 eruditos
2068 2055 2090 2093 ,
2146 2005 2255 2097 qui
2288 2024 2437 2073 cum
2469 2004 2590 2074 vix
2632 2002 2957 2075 editorum
3002 2003 3318 2077 librorum
3366 2008 3699 2095 notitiam,
3751 2017 4072 2100 praeter-

1339 2142 1534 2213 quam
1561 2142 1652 2191 ex
1673 2117 2104 2191 nundinarum
2135 2118 2461 2211 catalogis
2493 2117 2851 2210 haherent,
2908 2130 2975 2192 et
3014 2123 3501 2216 manuscriptos
3526 2119 3815 2203 Codices
3853 2122 4072 2195 nullos

1335 2234 1699 2324 vidissent,
1755 2234 1840 2306 de
1892 2238 2158 2307 noviter
2206 2231 2556 2331 publicatis
2609 2239 2733 2307 vix
2784 2245 2939 2332 post
3001 2236 3391 2309 decennium
3460 2235 3908 2326 audivissent2
3978 2259 4077 2310 ex

1339 2348 1670 2423 centuriis
1696 2350 2424 2444 Magdehurgensibus.,
2455 2351 2838 2447 Rivetoque
2861 2356 3288 2449 praesertim,
3321 2352 3561 2427 Cooko
3596 2363 3709 2425 aut
3750 2353 4076 2427 similibus

1336 2490 1656 2541 censores
1712 2479 2009 2541 autorem
2057 2466 2678 2543 Ecclesiasticorum
2734 2491 2810 2544 se
2863 2471 3286 2560 constituunt,
3339 2480 3409 2541 et
3469 2471 3891 2565 ineptissimis
3944 2474 4076 2563 ju—

1337 2584 1526 2656 diciis
1579 2586 1831 2657 animos
1879 2585 2194 2675 juvenum
2216 2638 2238 2676 ‚
2310 2589 2421 2681 qui
2486 2585 2571 2658 ab
2638 2608 2869 2658 eorum
2932 2584 3438 2659 admiratoribus
3493 2587 3727 2659 eadem
3780 2585 4076 2676 audiunt,

1337 2700 1532 2773 facile
1582 2711 2088 2796 praeoccupant.
2194 2699 2388 2773 Unde
2443 2706 2552 2797 qui
2614 2701 3154 2775 Reformatorum
3206 2702 3547 2775 audaciam
3580 2701 3802 2795 ¹longe
3854 2724 4074 2799 prae—

1336 2826 1716 2908 tergressus
1769 2824 1874 2889 est
1923 2816 2214 2890 Arianus
2267 2817 2574 2908 Sandius.,
2627 2821 2695 2890 in
2746 2840 2945 2891 casso
2997 2818 3111 2890 illo
3158 2841 3280 2892 suo
3312 2818 3667 2890 Historiae
3701 2818 4074 2890 Ecclesia-

1335 2937 1556 3005 sticae
1605 2934 1875 3022 molen,
1947 2935 2306 3005 maximum
2386 2934 2693 3030 quiddam
2751 2938 3087 3030 reperisse
3154 2957 3232 3007 se
3299 2935 3651 3009 arbitratus
3727 2944 3860 3026 est,
3913 2935 4073 3007 dum

1333 3040 1548 3121 Marci
1597 3049 1910 3146 Apostoli
1975 3048 2316 3142 Liturgiae
2386 3059 2718 3142 autorem,
2787 3074 2920 3124 non
2982 3051 3521 3144 Evangelistam‚
3596 3050 3718 3124 sed
3767 3055 4072 3148 praesti—

1332 3167 1686 3258 giatorem,
1740 3166 1824 3238 de
1877 3188 2008 3261 quo
2059 3167 2378 3238 Irenaeus
2433 3176 2500 3238 et
2529 3166 2931 3263 Epiphanius
2966 3167 3339 3263 loquuntur„
3385 3167 3726 3259 judicavit.
3830 3167 4072 3263 Neque

1336 3304 1498 3355 sane
1552 3294 1657 3357 est
1690 3306 1809 3356 cur
1848 3283 1932 3354 ad
1965 3282 2133 3354 haec
2170 3294 2466 3356 monstra
2522 3286 2899 3379 opinionum
2932 3294 3258 3381 stupeant,
3310 3286 3377 3355 in
3413 3305 3578 3379 quas
3619 3282 3799 3355 facili
3832 3306 4069 3376 nego-

1336 3403 1440 3470 cio
1496 3399 1977 3490 devolvuntur,
2043 3403 2184 3495 qui,
2215 3399 2631 3472 traditionem
2676 3412 3116 3474 contemnunt.
3216 3399 3353 3473 Sed
3401 3398 3782 3473 Catholicos
3825 3397 4068 3471 Theo-

1334 3513 1561 3607 logos‚
1613 3538 1749 3589 non
1789 3515 2103 3589 Sandium
2135 3515 2420 3611 quidem,
2474 3527 2541 3588 at
2566 3517 2877 3591 Rivetum
2913 3520 3356 3613 exscripsisse
3390 3519 3743 3612 permirum
3782 3515 4066 3588 videtur.

1337 3630 1507 3702 Tota
1559 3635 1731 3704 enim
1783 3655 2014 3705 eorum
2064 3633 2296 3732 κρίσις
2343 3631 2696 3707 Rivetiana
2757 3645 2890 3726 est,
2956 3638 3064 3706 cui
3134 3657 3227 3706 ex
3277 3637 3564 3730 propriis
3621 3630 4067 3728 opinionibuS‚

1338 3769 1379 3817 a
1431 3747 1713 3822 diversis
1765 3748 2100 3822 autorIbus
2167 3749 2295 3820 alia
2346 3751 2470 3822 vix
2518 3750 2795 3822 meliora
2848 3754 3099 3847 passim
3151 3749 3368 3822 addita
3420 3749 3745 3822 videmus.

732 3879 1124 3950 MarciLiturgia
1145 3881 1315 3950 pluri·
1545 3865 1752 3937 XXI..
1782 3864 2083 3937 Omnium
2137 3875 2357 3938 tamen
2431 3888 2602 3960 quae
2668 3878 2933 3960 extant,
2992 3870 3116 3940 vix
3182 3865 3317 3938 ulla
3380 3865 3606 3962 plures
3661 3867 4063 3961 antiquitatis

693 3982 805 4019 '¹¹⁸³
828 3968 1138 4035 “miquimss
1166 3975 1315 4021 ΝΜ
1340 3991 1535 4055 notas
1585 3979 1807 4073 habet,
1862 3982 2038 4079 quod
2090 3992 2163 4054 ut
2214 3982 2370 4055 olim
2422 3985 2820 4076 conjecturis
2873 3987 3161 4055 maxime
3214 3980 3693 4079 probabilibuS‚
3746 3985 3835 4054 ita
3886 4003 4065 4053 nunc

697 4052 868 4106 haben
1339 4100 1539 4171 certis
1595 4102 1995 4190 argumentis
2051 4097 2489 4173 demonstrari
2538 4121 2746 4193 posse
2799 4104 3269 4173 existimamus,
3332 4098 3504 4170 Nam
3554 4096 3822 4169 futilitas
3868 4096 4063 4190 judi-

1339 4217 1589 4287 ciorum
1641 4214 1897 4287 illorum
1949 4238 2121 4311 quae
2172 4237 2336 4286 mox
2387 4213 2725 4289 retulimus
2762 4220 2923 4289 satis
2974 4226 3178 4312 patet,
3233 4238 3382 4286 cum
3412 4213 3635 4286 codex
3683 4213 4062 4287 Basilianus

1341 4355 1433 4404 ex
1513 4355 1643 4426 quo
1726 4332 2057 4427 descripta
2123 4340 2264 4423 est,
2339 4334 2899 4427 septingentorum
2975 4332 3209 4407 saltem
3277 4353 3597 4404 annorum
3660 4339 4063 4403 vetustatem

1338 4447 1603 4539 habeat,
1656 4458 1854 4543 atque
1906 4471 1998 4520 ex
2049 4447 2177 4520 illis
2229 4469 2516 4539 magnae
2571 4446 2899 4521 Graeciae
2945 4449 3370 4522 Bibliothecis
3401 4447 3788 4519 Monasticis
3839 4447 4066 4542 prod-

1338 4567 1510 4654 ierit,
1581 4569 1650 4637 in
1722 4564 1954 4660 quibus
2016 4568 2416 4660 optimorum
2480 4563 2800 4638 librorum
2870 4569 3065 4662 copia
3117 4565 3271 4637 fuit:
3348 4562 3637 4656 fingendi
3703 4584 3874 4636 vero
3946 4573 4068 4634 aut

1342 4680 1728 4773 subjiciendi
1796 4692 2109 4777 tanquam
2181 4703 2423 4771 ver05‚
2494 4681 2660 4755 tales
2715 4680 3021 4772 codices,
3082 4680 3281 4753 nulla*
3312 4683 3501 4752 ratio.
3572 4679 3678 4750 De
3731 4679 4064 4771 supposi-

1340 4800 1532 4872 tionis
1588 4802 1782 4871 etiam
1835 4799 1966 4870 fine
2032 4798 2158 4869 dici
2221 4820 2486 4894 quoque
2538 4795 2696 4868 illud
2746 4799 2997 4871 veteris
3049 4797 3221 4869 illius
3273 4795 3608 4867 Praetoris
3648 4802 3890 4889 potest,
3945 4796 4065 4863 cai

1343 4912 1539 5003 bona,
1595 4925 1706 4987 aut
1758 4937 1887 5011 quo
1939 4914 2186 4988 fraudis
2238 4914 2485 4986 fructus
2538 4917 2941 5008 pervenerit.
3014 4913 3270 4986 Nullius
3323 4914 3484 4984 novi
3536 4910 3859 5002 dogmatis
3911 4930 4059 4982 ve-

1342 5033 1608 5135 stigium
1653 5034 1721 5102 in
1772 5032 1883 5105 illa
1944 5035 2256 5105 occurrit:
2325 5034 2487 5106 ritus
2541 5033 2650 5127 qui
2701 5033 2769 5102 in
2822 5030 2963 5106 aliis
3031 5027 3357 5105 Ecclesiis
3418 5051 3555 5101 non
3604 5032 4061 5123 usurparetur,
