4525 6034
666 579 740 655 162
1131 580 1573 660 COMMENTARIUS

663 766 742 829 inter
769 766 1005 833 muhamedanos
1037 767 1287 849 christianosque
1315 786 1357 830 ex
1385 765 1487 830 habitu
1509 766 1672 832 discrimen
1692 767 1862 850 Episcopus
1889 784 1953 831 nou
1974 789 2043 833 ma-

662 883 801 947 gnopere
816 868 1035 945 commovebat,
1058 886 1125 931 cum
1138 869 1208 931 inde
1224 869 1321 931 minus
1344 864 1511 947 perieulum
1533 868 1705 930 commercii
1726 866 1880 930 familiaris
1903 886 1970 930 cum
1987 868 2042 931 ln-

661 963 801 1026 fidelibus
831 974 930 1042 esset,
964 965 1046 1048 quod
1073 984 1168 1047 saepe
1194 965 1373 1029 Christianis
1402 972 1433 1028 et
1460 964 1558 1027 baudi
1585 972 1616 1027 et
1638 966 1731 1028 exitio
1753 973 1827 1028 crat
1871 965 1976 1048 ltaque
2003 967 2042 1031 ad

661 1065 787 1125 istorum
819 1064 1060 1128 consolationem
1093 1064 1184 1126 multa
1222 1065 1253 1126 in
1277 1063 1430 1141 Homiliis,
1464 1063 1701 1146 tractatibusque
1728 1064 1932 1145 spiritualibus
1961 1064 2042 1129 dicta

337 1162 397 1231 Μ·
414 1161 544 1230 Μῦν·
562 1179 585 1213 0·
603 1164 648 1216 22.
661 1169 731 1225 sunt
753 1161 791 1222 ad
813 1162 916 1225 Zonae
939 1164 1113 1246 dignitatem
1132 1161 1409 1239 commendandam,
1432 1161 1663 1241 exscriptoris,
1685 1162 1787 1225 basilii
1802 1163 1928 1247 Regulis
1944 1162 2042 1226 fusius

661 1260 831 1341 disputatis,
855 1270 886 1325 et
904 1258 969 1326 aliis
988 1263 1148 1325 Ascetieis.
1173 1262 1247 1325 Tum
1268 1262 1354 1343 quasi
1371 1262 1423 1323 lex
1438 1261 1611 1340 constituta,
1635 1279 1721 1343 quam
1743 1261 1839 1325 refert
1855 1261 2042 1326 Ebnassalus

660 1361 691 1421 in
713 1359 872 1441 Principiis
894 1361 982 1439 bdcl,
1014 1371 1046 1424 ut
1069 1362 1107 1425 ad
1130 1363 1298 1424 orationem
1319 1362 1377 1423 rite
1400 1357 1567 1422 faciendam
1589 1359 1749 1423 Christiani
1771 1362 1854 1425 Zona
1874 1361 2042 1442 praecincti

661 1459 857 1522 accederent:
881 1460 962 1542 quod
985 1462 1074 1523 etiam
1090 1461 1232 1541 exposuit
1243 1458 1376 1523 Severus
1398 1460 1569 1541 Episcopus
1588 1457 1822 1540 Ascbmoninae‚
1845 1461 1876 1522 in
1898 1460 2042 1524 Tractatu

661 1557 701 1620 de
723 1560 878 1622 exercitiis
902 1558 1151 1623 Christianorum.
1195 1558 1228 1620 ln
1252 1558 1312 1622 alio
1335 1558 1491 1640 Opusculo
1515 1558 1554 1621 de
1575 1556 1667 1641 Agno
1689 1558 1825 1622 Paschali
1847 1560 2042 1637 Sacerdotes,

659 1657 772 1738 inquit,
798 1660 918 1738 fideles,
952 1660 1072 1721 calceos
1101 1661 1134 1719 in
1161 1658 1291 1738 pedibm
1317 1658 1441 1738 badad,
1476 1658 1547 1720 dum
1576 1668 1756 1721 conuectant
1780 1678 1892 1738 corpus
1919 1656 2042 1735 Christi,

659 1758 777 1836 mgnum
799 1767 956 1820 coeternum
980 1758 1029 1819 rei
1045 1760 1200 1819 humeae:
1223 1758 1302 1819 sieta
1318 1759 1409 1819 etiam
1430 1756 1511 1839 qood
1531 1755 1626 1818 Zoitia
1644 1761 1896 1838 mucdngtmtar,
1925 1759 2043 1838 mgnum

660 1864 707 1918 est
729 1858 967 1935 praemetioois
996 1858 1162 1919 interioris.
1213 1854 1289 1928 Quia
1310 1873 1387 1919 vero
1409 1875 1484 1937 prae
1510 1858 1642 1922 caeteris
1665 1857 1869 1921 Orientalibus
1895 1856 2043 1940 Aegyptii

660 1955 742 2017 Zona
775 1956 812 2018 ab
844 1956 909 2019 aliis
940 1955 1220 2039 distinguebantur,
1263 1953 1378 2016 idcirco
1409 1973 1426 2017 a
1456 1956 1607 2019 nonnullis
1641 1958 1709 2021 aevi
1739 1955 1891 2036 sequioris
1922 1955 2042 2017 autori-

659 2053 717 2116 bus
745 2053 914 2116 Christiani
936 2056 1189 2134 proecinctarae,
1217 2060 1267 2115 aut
1292 2055 1331 2115 de
1358 2055 1476 2135 cirrpdo
1505 2056 1646 2137 appellati
1674 2065 1758 2119 sunt:
1795 2056 1878 2137 cujus
1902 2052 2042 2117 denomi-

659 2153 790 2215 nationis
826 2170 916 2215 causa
953 2170 1015 2216 non
1046 2153 1120 2214 satis
1155 2150 1328 2229 intellecta,
1366 2154 1577 2237 nugacissimis
1611 2154 1709 2217 multis
1743 2153 2041 2235 interpretationibus

660 2251 854 2314 occasionem
877 2250 969 2314 dedit.

748 2414 862 2488 Quarto
885 2420 917 2476 et
939 2412 1043 2494 quinto
1065 2411 1135 2474 loeo
1157 2412 1294 2475 blanioae
1316 2421 1522 2493 numerantur,
1547 2418 1697 2498 quisunt,
1720 2422 1753 2478 ut
1772 2415 1946 2479 existimare
1964 2430 2041 2494 pos-

660 2529 779 2591 sumus,
803 2511 989 2574 Graecorum
1007 2498 1233 2589 Ἐπιμανίκια,
1257 2529 1351 2591 quae,
1374 2521 1406 2574 ut
1429 2521 1514 2576 notat
1537 2514 1665 2578 Goarius
1689 2514 1727 2578 ad
1748 2514 1914 2597 Liturgiam
1938 2512 2041 2595 Chry-

660 2611 802 2689 sostomi,
833 2610 931 2673 soluta
960 2618 1084 2694 gerunt,
1116 2617 1148 2672 et
1175 2609 1247 2673 lune
1276 2611 1395 2674 sericeo
1425 2630 1484 2694 per
1506 2612 1623 2677 illorum
1646 2632 1716 2677 oras
1738 2614 1936 2677 transversim
1958 2619 2039 2691 acto,

659 2708 791 2772 brachiis
814 2710 948 2772 strictius
972 2709 1110 2792 alligant:
1145 2709 1189 2772 Ea
1211 2716 1309 2771 tanmn
1328 2696 1539 2789 Ἐπιμανίκια
1561 2714 1696 2794 quamvis
1719 2713 1806 2775 aliam
1828 2713 1955 2775 lormam
1982 2713 2040 2774 ha·

658 2807 767 2885 beant,
794 2808 1016 2871 similitudinem
1038 2807 1175 2871 referunt
1197 2806 1416 2889 manipulorum
1438 2809 1523 2874 Ritus
1545 2811 1681 2877 Romani.
1725 2812 1767 2874 At
1790 2809 2039 2892 quemadmodum

661 2906 797 2969 Manieae
820 2925 838 2969 a
861 2905 989 2988 Coptitis
1002 2906 1232 2984 describuntur,
1256 2906 1313 2971 alia
1336 2906 1474 2973 fortassis
1494 2928 1598 2973 earum
1625 2911 1811 2994 figuraest,
1839 2909 1894 2973 sed
1918 2907 1957 2971 de
1980 2926 2038 2988 qua

658 3004 732 3068 nihil
754 3008 832 3069 certi
853 3007 942 3071 nobis
966 3007 1098 3070 occurrit
1119 3005 1289 3070 dicendum.
1371 3072 1377 3087 J

746 3168 841 3231 Sexto
863 3167 933 3232 loco
955 3168 1039 3232 Stola
1062 3167 1109 3233 est
1131 3190 1219 3252 quam
1243 3179 1274 3234 et
1296 3187 1406 3233 nomen
1427 3170 1525 3250 ipsum
1545 3180 1576 3234 et
1595 3172 1709 3233 autoris
1732 3189 1803 3233 mox
1822 3171 1919 3234 relata
1942 3170 2037 3235 verba

658 3287 677 3331 c
699 3267 779 3331 collo
802 3268 932 3349 appendi
950 3268 1072 3347 docent,
1095 3270 1181 3350 cujus
1200 3269 1319 3351 quidem
1339 3288 1380 3331 ex
1401 3268 1537 3333 Graecae
1554 3270 1676 3354 linguae
1695 3272 1865 3353 ignorantia
1884 3271 2038 3333 mirificam

657 3368 939 3449 interpretationem
967 3368 1050 3431 dedit
1077 3368 1257 3432 Abusebah:
1289 3369 1331 3431 ait
1359 3369 1437 3432 enim
1462 3368 1629 3447 Bitorcbil,
1659 3368 1832 3454 significare
1860 3379 1980 3451 petram
2007 3377 2038 3431 et

657 3469 752 3543 mide,
782 3486 822 3529 ex
851 3485 909 3549 qua
940 3466 1013 3530 illud
1043 3466 1140 3530 solum
1163 3468 1330 3551 colligitur,
1361 3467 1442 3548 quod
1465 3487 1501 3531 ea
1525 3486 1602 3532 voce
1627 3467 1765 3550 Coptitae
1786 3456 2038 3553 Ἐπιτραχήλιον

656 3565 835 3649 intelligant.
857 3567 891 3630 ln
912 3566 1144 3655 Nomenclatere
1167 3567 1295 3649 Coptice
1318 3567 1485 3648 respondet
1509 3567 1662 3630 Arabicae
1685 3567 1733 3628 isti
1756 3566 1813 3629 alia
1836 3587 1898 3630 vox
1919 3567 2037 3629 Graeca

657 3656 830 3750 Σκόρδιον,
855 3667 939 3748 eujus
962 3673 1061 3728 tamen
1083 3666 1182 3729 nullus
1206 3672 1253 3729 est
1274 3683 1348 3728 usus
1371 3666 1401 3727 in
1423 3665 1516 3729 rebus
1531 3667 1702 3750 biturgiois.
1736 3665 1782 3728 De
1804 3652 2038 3750 Ἐπιτραχηλίῳ

656 3765 748 3827 multa
770 3765 889 3828 erudite
912 3766 1070 3849 congessit
1090 3773 1178 3828 autor
1201 3765 1356 3828 Glossarii.

744 3931 878 3995 Tandem
900 3932 1001 3995 ultimo
1023 3932 1092 3995 loco
1114 3939 1289 3995 numeratur
1310 3932 1480 4011 Adamas,
1510 3949 1584 4009 seu,
1613 3938 1646 3993 ut
1668 3929 1807 4010 Coptitae
1834 3947 1902 3992 eam
1928 3945 2038 3991 vocem

657 4030 819 4095 Arabicam
841 4030 1026 4112 intelligunt,
1055 4018 1248 4109 Καμᾶσιονς
1279 4050 1358 4113 quae
1379 4031 1498 4112 quidem
1520 4049 1583 4093 vox
1611 4031 1641 4092 in
1670 4028 1845 4111 quibusdam
1872 4027 1949 4090 locis
1982 4046 2038 4091 re·

657 4129 788 4212 spondet
811 4128 965 4192 Comisioe
985 4148 1042 4193 seu
1056 4130 1155 4194 Albae
1170 4131 1358 4193 Latinorum:
1381 4130 1436 4193 sed
1457 4147 1519 4192 non
1541 4130 1600 4192 hoc
1621 4129 1702 4193 loeo.
1745 4128 1821 4191 Nam
1842 4125 2037 4209 intelligenda

656 4230 756 4310 potius
779 4237 826 4291 est
847 4229 941 4291 vestis
964 4229 1111 4310 quaedam
1133 4230 1274 4311 autiquae
1297 4229 1419 4293 casulae
1441 4228 1646 4310 respondeus,
1670 4244 1747 4307 quae
1770 4229 1901 4290 caeteris
1923 4245 2036 4308 super-

655 4329 828 4411 imponatur
856 4336 887 4390 et
914 4335 1008 4390 totum
1035 4347 1148 4410 corpus
1170 4329 1343 4392 circumdet
1386 4329 1420 4391 ln
1443 4345 1575 4406 summo,
1605 4324 1742 4398 (limbum
1763 4324 1855 4389 habet
1876 4342 1961 4400 auro,
1985 4331 2036 4387 aut

655 4426 716 4490 alie
739 4445 833 4511 opere
854 4426 1057 4509 phrygionico
1080 4436 1288 4509 praetextum,
1316 4428 1450 4493 τκοκλια
1471 4427 1582 4490 dictum
1605 4424 1749 4505 Coptitis3
1776 4424 1882 4488 Kosbt
1903 4423 2035 4488 Arabica

654 4525 781 4602 dieitur)
811 4533 844 4588 ut
873 4526 985 4603 habent
1013 4543 1135 4607 quoque
1166 4527 1350 4591 Graecorum
1379 4545 1486 4591 sacrae
1513 4535 1616 4590 vestes
1639 4525 1677 4587 de
1700 4523 1808 4606 quibus
1830 4523 2035 4588 consulendus

654 4624 784 4689 Goarius
808 4627 859 4708 qui
881 4642 934 4690 eas
957 4635 1099 4690 accurate
1128 4625 1299 4708 descripsit.
1342 4626 1512 4708 Pleraeque
1539 4634 1624 4706 sunt,
1651 4632 1685 4687 ut
1706 4623 1851 4704 diximm,
1882 4625 2035 4688 sericeae:

653 4731 684 4787 at
706 4744 747 4788 ex
768 4724 916 4787 modestia
939 4732 970 4787 et
992 4724 1182 4807 simplicitate
1204 4725 1287 4788 multi
1309 4725 1449 4789 blonachi
1472 4734 1504 4789 et
1526 4725 1709 4790 Sacerdotes
1738 4743 1777 4787 ex
1799 4723 1925 4804 Kabira,
1957 4731 2036 4787 teste

654 4823 852 4902 Abulbircat‚
880 4831 998 4887 vestem
1020 4823 1101 4887 illam
1124 4826 1315 4906 superiorem
1344 4824 1463 4888 laneam
1490 4825 1658 4903 habebant,
1690 4822 1750 4886 albi
1780 4822 1894 4887 coleris
1918 4822 2035 4903 absque

653 4921 756 5000 limbo,
781 4928 832 4985 aut
853 4924 953 4987 serico
976 4930 1148 5004 praetexto,
1172 4923 1289 5004 qualem
1307 4923 1477 4988 Cartusiani
1499 4924 1536 4988 ad
1556 4924 1650 4986 altare
1668 4930 1825 5004 usurpant,
1848 4923 1879 4983 in
1894 4922 2035 4983 ministe-

653 5021 701 5082 rio
723 5020 899 5085 Diaconico.
921 5021 996 5085 Erat
1018 5040 1140 5105 quoque
1164 5023 1351 5088 oonsuehtdo
1374 5024 1455 5104 apud
1473 5022 1638 5088 blonachos
1662 5021 1693 5087 S.
1716 5022 1855 5103 blacarii,
1877 5028 1911 5083 ut
1932 5018 2047 5083 ultima
