4525 6034
642 490 743 595 '24
1074 519 1250 598 oano
1304 517 1680 597 conr-nats

686 711 768 802 igne
793 706 1055 801 inextinguibili,
1082 707 1269 803 dignusque
1296 708 1418 782 efficiar
1442 708 1641 779 remissione
1666 714 1879 800 peccatorum
1905 717 1937 778 et
1960 707 2038 780 deli-

688 834 836 917 ntomm,
862 828 948 897 sicut
972 829 1147 921 peccatrix
1173 834 1207 897 et
1231 824 1333 898 lano:
1360 825 1504 897 Domine
1530 825 1622 895 Deus
1649 833 1764 894 noster
1789 826 1822 893 in
1849 824 1986 896 saecula.

793 943 841 1013 Et
873 966 946 1013 cam
979 945 1201 1013 communicat
1233 942 1332 1013 dicit:
1374 940 1540 1013 Particula
1570 941 1798 1036 propitiatoria
1838 945 1983 1036 corporis
2011 951 2041 1013 et

690 1062 860 1152 sanguinis
888 1057 1009 1132 Christi
1041 1057 1122 1147 Dei,
1155 1057 1250 1130 datur
1282 1081 1385 1132 servo
1417 1057 1547 1130 infirmo
1581 1066 1615 1128 et
1645 1058 1817 1150 peccatori
1849 1056 2041 1130 adveniam

692 1175 887 1249 delictomm
914 1185 947 1247 et
973 1177 1207 1248 remissionem
1233 1185 1448 1271 peccatorum
1474 1178 1509 1246 in
1533 1184 1675 1268 utroque
1689 1171 1835 1261 saeculo,
1862 1174 2042 1247 insaecula

689 1291 909 1365 saecrdorum.
966 1291 1086 1364 Amen.

792 1409 840 1479 Et
863 1432 935 1478 cnm
957 1407 1043 1479 bibit
1067 1431 1113 1479 en
1138 1407 1266 1497 calice,
1296 1409 1389 1479 dicit.
1416 1404 1581 1478 Particula
1596 1407 1825 1501 propitiatoria
1843 1406 1991 1500 corporis
2014 1413 2044 1474 et

689 1527 860 1618 sanguinis
888 1524 1009 1597 Christi
1038 1524 1103 1595 Dei
1128 1526 1253 1614 nostri,
1287 1524 1382 1597 datur
1416 1521 1592 1596 Sacerdoti
1627 1522 1837 1609 venerando,
1872 1543 2042 1594 oeconomo

691 1642 808 1715 domus
835 1640 917 1729 Dei,
945 1644 1000 1735 qui
1031 1638 1138 1711 lundit
1162 1662 1283 1736 preces
1316 1664 1402 1736 quae
1433 1637 1667 1724 exaudiuntur,
1705 1638 1867 1732 offertque
1898 1637 2043 1709 sacrificia

689 1755 927 1853 acceptabilia,
959 1754 1209 1852 custoditurque
1242 1781 1262 1828 a
1288 1760 1437 1853 principe
1466 1757 1643 1829 Pastorum
1677 1751 1818 1827 Christo.
1882 1753 2042 1826 Orationes

635 1878 640 1883 ’
688 1873 774 1945 illius
801 1878 866 1947 sint
892 1870 1075 1945 nobiscum.
1130 1871 1250 1945 Amen.

791 1990 852 2061 Ad
875 1988 1077 2060 Diaconum.
1104 1989 1270 2063 Modesto.
1297 1990 1379 2062 Ant.
1406 1989 1571 2063 Monacho
1598 1991 1789 2062 Antoniano
1817 1997 1852 2060 et
1865 1988 2042 2061 Oeconomo

690 2105 806 2179 domus
833 2105 914 2194 Dei,
943 2103 985 2176 ad
1011 2107 1278 2200 propitiationem
1305 2106 1499 2178 delictomm
1516 2108 1600 2199 ejus,
1628 2116 1662 2177 et
1675 2110 1908 2179 rendssionem
1929 2127 2044 2201 pecca-

689 2232 797 2296 torum
825 2224 906 2313 ejus.
961 2221 1140 2294 Orationes
1168 2224 1240 2314 ejus
1268 2226 1332 2295 sint
1357 2220 1540 2294 nobiscum.
1592 2222 1712 2294 Amen.

792 2337 967 2409 Sacerdos
995 2343 1118 2431 portat
1153 2338 1280 2409 discam
1309 2342 1346 2409 in
1378 2339 1525 2409 declara
1550 2363 1630 2410 naa:
1663 2338 1803 2409 calicem
1836 2340 1874 2409 in
1907 2341 2041 2425 nnana,

688 2458 847 2549 venitque
873 2477 897 2523 a
911 2453 1032 2537 ¹latere
1057 2453 1329 2549 septentrionali
1355 2456 1401 2526 ad
1425 2455 1611 2526 Anetrnle:
1637 2478 1710 2526 carn
1730 2477 1813 2525 nero
1838 2458 2041 2542 concanae,

691 2572 804 2643 elevat
829 2570 986 2641 taetram
1012 2594 1115 2643 canna
1171 2571 1316 2666 Cumque
1343 2572 1562 2665 egrediantur
1587 2574 1767 2665 mysteria,
1795 2572 1888 2642 dicit.

792 2685 849 2758 Ex
885 2684 979 2758 altari
1020 2695 1076 2759 tuo
1119 2691 1348 2784 propitiatorio
1388 2687 1569 2761 descendat
1600 2690 1700 2761 venia
1740 2688 1781 2757 ad
1816 2708 1938 2761 servos
1968 2697 2043 2773 tuos,

688 2803 754 2877 Fili
778 2803 862 2891 Dei,
889 2804 944 2896 qui
969 2805 1092 2874 venisti
1119 2801 1326 2877 adsalutem
1353 2813 1519 2895 nostram,
1544 2813 1770 2897 venturusque
1797 2826 1837 2876 es
1866 2803 1909 2876 ad
1938 2824 2042 2875 resur-

688 2921 872 2990 rectionem
906 2929 1071 3010 nostram,
1111 2928 1146 2992 et
1180 2919 1222 2993 ad
1255 2923 1508 2993 renovationem
1541 2921 1675 3012 generis
1707 2923 1811 2991 nostri
1848 2923 1884 2991 in
1923 2917 2042 2991 saecula

690 3032 911 3109 saeculorum.

793 3149 841 3219 Et
867 3172 941 3219 cana
967 3151 1158 3240 descendit,
1185 3151 1278 3223 dicit.
1330 3151 1656 3239 MiserationesDei
1681 3154 1795 3245 magni
1822 3163 1859 3224 et
1875 3150 2042 3224 salvatoris

689 3267 794 3341 nostri
819 3266 901 3337 tesu
929 3261 1064 3356 Christi,
1092 3271 1158 3341 sint
1183 3291 1285 3366 super
1311 3293 1373 3344 eos
1400 3273 1454 3364 qui
1479 3278 1612 3365 portant
1644 3278 1759 3343 sancta
1794 3279 1830 3340 et
1866 3291 1964 3366 super
1992 3286 2042 3338 eos

690 3388 745 3479 qui
769 3382 826 3455 illa
853 3381 1068 3475 distribuunt,
1102 3396 1158 3457 ant
1192 3390 1247 3481 qui
1278 3386 1334 3459 illa
1370 3389 1566 3483 suscipiunt:
1603 3395 1658 3457 aut
1692 3387 1892 3480 quicumque
1924 3405 2050 3480 operam-

690 3499 746 3573 dat
771 3512 807 3573 ut
831 3499 896 3571 illis
923 3503 1160 3593 communicet,
1186 3503 1221 3573 in
1246 3515 1386 3598 utroque
1419 3502 1571 3597 saeculo,
1606 3505 1639 3572 in
1673 3500 1809 3574 saccula
1841 3501 2041 3574 saeculomm.

689 3618 809 3715 Amen.
861 3617 909 3686 Et
931 3621 1160 3712 prosequitur.
1199 3617 1356 3692 Extende
1382 3620 1525 3692 Domine
1551 3619 1724 3691 dexteram
1742 3629 1831 3690 tuam
1849 3617 2040 3704 invisibilem,

691 3744 725 3806 et
750 3731 890 3806 benedic
917 3737 1170 3826 congregationi
1197 3734 1402 3809 adorantium
1427 3748 1479 3826 te,
1515 3738 1570 3830 qui
1601 3735 1783 3829 suscipiunt
1815 3757 1939 3832 corpus
1968 3745 2043 3805 tuum

692 3858 726 3919 et
752 3851 946 3940 sanguinem
972 3860 1061 3923 tuum
1087 3855 1366 3946 propitiatorium,
1393 3852 1435 3924 ad
1463 3855 1687 3948 expiationem
1702 3848 1909 3942 delictorum,
1934 3852 2042 3922 remis-

692 3965 820 4038 sionem
845 3980 1080 4061 peccatorum,
1106 3979 1140 4040 et
1167 3968 1396 4041 confidentiam
1422 3991 1537 4043 coram
1563 3978 1612 4057 te,
1639 3968 1782 4040 Domine
1807 3967 1902 4039 Deus
1933 3974 2041 4052 noster,

690 4082 726 4151 in
751 4080 898 4153 saccula.
949 4085 1069 4158 Amen.
1624 4152 1628 4169 ,

794 4196 843 4268 Es
868 4199 944 4270 darn
969 4203 1120 4294 impertit
1146 4205 1406 4272 communionem
1426 4202 1573 4296 populo,
1600 4203 1693 4273 dicit.

795 4314 852 4387 Ad
879 4318 1102 4412 expiationem
1130 4316 1342 4407 delictorum,
1368 4327 1403 4390 et
1427 4321 1657 4391 remissionem
1679 4325 1894 4414 peccatorum
1911 4320 2040 4387 innno-

695 4454 760 4526 que
787 4430 941 4521 saeculo,
969 4436 1001 4503 in
1029 4432 1164 4506 saecrda
1191 4432 1409 4506 saeculorum.
1448 4435 1582 4508 Amen.
1690 4418 1693 4424 ¹

799 4546 865 4633 Oai
891 4552 1151 4621 commonionem
1177 4553 1326 4644 accipit,
1353 4552 1445 4622 dicit.
1496 4553 1617 4624 Amen
1687 4606 1692 4615 .
1821 4612 1824 4619 .

798 4664 986 4737 sacerdon
1007 4688 1081 4759 cam
1113 4688 1273 4738 recanat
1304 4673 1371 4757 eet,
1405 4668 1499 4738 dicit.
1559 4667 1675 4741 Gloria
1708 4667 1766 4740 tibi
1799 4668 1940 4740 Domine
1963 4663 2040 4735 Deus

694 4790 810 4853 nostm
835 4781 867 4851 in
895 4781 1039 4855 saecrda.
1091 4782 1234 4854 Domine
1260 4782 1342 4856 lesu
1368 4781 1518 4875 Christe,
1545 4807 1667 4880 eorpus
1685 4796 1774 4857 tuum
1793 4795 1951 4872 sanctum,
1967 4773 2040 4874 quod

696 4896 916 4989 comedimus,
944 4907 979 4970 et
1004 4902 1140 4990 sangnis
1167 4909 1241 4971 tuus
1267 4902 1512 4996 propitiatorius
1539 4924 1636 4997 quem
1662 4900 1822 4994 bibimus,
1846 4923 1916 4973 non
1939 4897 2038 4987 inju-

696 5011 826 5106 dieium,
853 5025 909 5086 aut
934 5018 968 5086 in
994 5014 1175 5089 vindictam
1200 5016 1257 5088 liat
1281 5015 1396 5110 nobis,
1424 5018 1485 5092 sed
1511 5021 1544 5090 in
1570 5023 1673 5092 vitam
1700 5029 1734 5091 at
1758 5022 1793 5091 in
1818 5018 1963 5093 salntem
