4525 6034
570 589 943 668 latitabatis
976 586 1246 667 SYthChS.
1538 589 1590 662 93

219 777 320 838 nicant
349 773 441 858 digne
470 775 521 838 illa
554 774 733 858 percipere,
763 775 919 856 quisquam
950 792 1079 857 unquam
1109 773 1304 849 existimarim
1340 791 1407 836 nam
1440 773 1589 835 neminem

213 875 360 958 judicium
383 873 439 937 sibi
462 875 643 939 manducare
666 882 696 938 et
718 874 824 937 bibere
847 882 951 938 contra
962 874 1102 957 Apostoli
1124 875 1302 937 sententiam
1317 872 1386 935 inde
1399 881 1589 953 sequeretur.

218 975 313 1038 Multo
344 975 454 1052 minus,
485 975 732 1054 nomsomcotio,
756 974 914 1036 translatio
941 974 1040 1055 sulpic
1068 976 1100 1036 in
1122 993 1267 1055 corpore,
1291 973 1397 1035 coticis
1418 974 1450 1033 ln
1472 990 1590 1048 onore,

218 1075 351 1157 petenda
364 1083 440 1154 erat,
464 1074 501 1138 ad
522 1075 602 1157 piam
616 1075 798 1137 sacramenti
811 1073 1082 1155 participationem,
1105 1092 1173 1136 cum
1185 1071 1255 1134 inda
1265 1079 1455 1154 sequeretur,
1479 1070 1590 1132 nullam

219 1193 290 1237 esse
312 1176 605 1253 transmutationem,
635 1193 710 1256 erga
739 1173 862 1256 indigne
891 1173 1161 1252 communicantes,
1191 1190 1270 1253 quae
1296 1171 1523 1255 germanissima
1543 1176 1591 1233 est

218 1274 450 1337 Protestantium
476 1273 621 1337 doctrina.
663 1272 863 1355 Distinguitur
893 1290 1014 1354 quoque
1045 1279 1185 1334 accurate
1214 1272 1245 1333 in
1274 1270 1410 1334 omnibus
1441 1276 1590 1351 quotquot

219 1379 323 1435 extant
349 1370 552 1436 invocationis
581 1371 736 1451 formulis,
766 1373 914 1434 adventata
929 1378 993 1434 'aut
1021 1373 1149 1452 lllopnca
1178 1371 1307 1452 Spiritus
1336 1370 1433 1433 sancti
1455 1372 1486 1431 iu
1509 1367 1589 1432 dona

219 1473 392 1554 proposita,
422 1479 453 1534 et
475 1473 505 1534 in
527 1489 583 1536 eos
606 1475 657 1556 qui
680 1471 786 1537 eadem
808 1472 979 1553 suscepturi
1001 1479 1079 1535 sunt.
1123 1472 1253 1549 Primus,
1275 1478 1310 1533 ct
1330 1471 1413 1532 dano
1430 1469 1591 1549 proposito

214 1575 317 1655 sodet
337 1593 449 1654 corpus
470 1582 501 1636 et
513 1576 688 1654 canoniam
702 1570 832 1634 Christi:
855 1572 942 1651 alter,
963 1579 997 1633 nt
1017 1574 1070 1652 qui
1089 1572 1209 1633 ἰίἰονιιια
1227 1572 1396 1650 participes
1417 1575 1514 1645 mmet,
1536 1588 1590 1629 re-

216 1677 390 1737 missionem
408 1681 606 1753 peccatoram
628 1679 857 1754 consopiantur,
879 1680 909 1733 et
928 1673 1023 1733 vitum
1045 1678 1210 1735 celemon.
1242 1670 1273 1733 Si
1286 1669 1344 1732 duo
1357 1669 1432 1732 haec
1446 1666 1590 1730 adsolam

216 1772 403 1835 fructuosam
425 1773 661 1835 communionem
673 1771 854 1851 referantur,
869 1769 950 1834 nulia
964 1773 1059 1854 magis
1070 1770 1225 1835 commoda
1237 1771 1469 1834 Protestantium
1481 1787 1591 1831 causae

216 1871 429 1953 interpretatio
452 1872 622 1953 excogitari
645 1877 775 1952 poterat.

305 1969 374 2052 ipsa
395 1968 549 2034 invocatio
572 1988 650 2052 quae
672 1970 867 2033 firmissimam
891 1970 1025 2032 continet
1046 1988 1139 2033 verae
1157 1969 1421 2050 substantialisque
1436 1975 1590 2030 transmu·
1637 1966 1688 2019 Par
1711 1968 1825 2019 diversas
1844 1984 1912 2037 qao-

217 2071 339 2133 tationis
361 2070 588 2151 probationem,
611 2070 787 2150 simpliciter
809 2067 975 2147 intellecta,
998 2076 1029 2131 ut
1052 2087 1118 2133 eam
1142 2070 1212 2151 Syri
1235 2069 1385 2152 Theologi
1407 2065 1588 2148 intelligunt,
1604 2054 1716 2153 rumdam
1724 2057 1915 2154 interpretatio·

216 2188 277 2251 per
299 2170 445 2250 ejusmodi
467 2169 708 2232 commentarium
731 2187 792 2231 non
815 2186 891 2231 vana
914 2168 1003 2231 modo
1027 2175 1057 2231 et
1079 2169 1191 2232 inutilis
1214 2168 1349 2248 efficitur,
1373 2168 1427 2231 sed
1452 2157 1648 2278 difficili-¹¹3⁸
1675 2156 1716 2278 '¹3
1739 2140 1911 2278 ¹¹d¹'⁰“‘¹⁰⁰¹³

216 2286 284 2329 mas
306 2267 492 2350 objtrctiones
515 2269 611 2349 parit,
642 2286 717 2349 quas
741 2269 911 2331 acutissima
932 2268 1099 2332 Dialectica
1120 2268 1262 2332 refellere
1284 2286 1344 2331 non
1368 2274 1479 2349 potest.
1525 2266 1589 2328 Nec
1603 2243 1700 2367 2⁰⁰2:
1715 2237 1910 2368 3:⁸3⁰*

216 2368 299 2430 enim
321 2367 401 2449 quod
424 2387 465 2430 ex
486 2367 705 2430 recentioribus
729 2367 857 2448 quidam,
881 2369 927 2429 vir
948 2386 1022 2431 sane
1046 2369 1165 2447 doctus,
1187 2368 1243 2432 sed
1265 2371 1383 2431 minime
1403 2367 1589 2450 Theologus,
1854 2355 1860 2367 ’

214 2467 250 2529 in
272 2467 360 2529 simili
383 2475 559 2551 argumento
582 2466 672 2546 dixit,
696 2468 770 2529 mihi
790 2487 884 2530 curae
904 2487 965 2529 non
987 2477 1032 2530 est
1053 2470 1127 2549 quid
1147 2470 1251 2531 dmont
1272 2469 1434 2545 haeream,
1468 2467 1591 2549 probari

214 2574 321 2650 potest
342 2566 379 2629 ab
401 2566 464 2629 ullo
479 2565 666 2630 Christianae
690 2566 871 2630 concordiae
894 2566 1041 2631 studioso.
1077 2568 1175 2631 Curae
1198 2568 1286 2631 nobis
1309 2587 1380 2632 esse
1398 2567 1487 2631 debet
1500 2567 1590 2649 quid·

216 2666 291 2747 quid
308 2666 429 2728 veritati
449 2665 683 2745 incommodare,
708 2674 757 2728 aut
780 2665 890 2729 iratres
913 2673 1035 2730 nostros
1057 2669 1087 2729 in
1110 2667 1301 2731 dissensione
1321 2669 1456 2732 retinere
1478 2673 1589 2749 potest.

217 2765 395 2830 Consensus
417 2783 509 2846 porro
532 2765 737 2829 Ecclesiarum
766 2767 894 2828 omnium
925 2766 955 2827 in
985 2765 1181 2850 agnoscenda
1209 2768 1426 2832 elementorum
1450 2769 1536 2848 panis
1559 2773 1590 2828 et

214 2867 281 2928 vini
294 2867 551 2944 transmutatione,
567 2867 663 2949 magis
677 2866 840 2929 elhcaciter
862 2883 916 2928 eos
939 2865 989 2946 qui
1011 2866 1170 2930 veritatem
1193 2875 1357 2945 sectantur,
1380 2867 1478 2945 adicit,
1501 2883 1590 2946 quam

213 2965 430 3029 subtilissimae
453 2964 681 3046 disputationes.
722 2965 801 3027 Nihil
824 2971 922 3026 autem
945 2950 1125 3028 consensum
1148 2969 1236 3030 istum
1259 2968 1371 3030 firmius
1394 2967 1589 3042 demonstrat,

211 3084 304 3147 quam
332 3071 476 3129 constans
507 3066 618 3146 ubique
653 3072 682 3127 et
712 3082 834 3145 semper
862 3070 987 3143 recepta
1015 3066 1094 3146 apud
1118 3066 1289 3130 Orientales
1312 3068 1407 3129 Deum
1430 3064 1590 3128 invocandi

209 3165 322 3243 torma,
345 3172 378 3227 ut
399 3183 544 3227 summum
566 3165 596 3225 in
619 3181 698 3245 pane
721 3170 752 3226 et
773 3165 844 3226 vino
867 3162 1041 3226 miraculum
1063 3164 1164 3246 iaciat,
1189 3167 1279 3249 idque
1302 3166 1497 3247 omnipotenti
1520 3165 1588 3226 vir·

211 3273 280 3328 tute
302 3283 374 3342 sua3
397 3272 428 3327 et
448 3266 479 3327 in
502 3264 598 3342 altari,
622 3282 731 3345 nempe
753 3271 786 3325 nt
809 3264 880 3331 haut
901 3281 1012 3344 corpus
1036 3273 1066 3326 et
1087 3267 1212 3348 sanguis
1235 3266 1354 3330 Christi.
1376 3266 1420 3328 Ea
1429 3266 1521 3327 verba
1529 3280 1590 3325 nnn

211 3385 231 3428 a
256 3364 420 3447 Theologis
444 3363 602 3443 dictantur,
625 3381 687 3425 non
710 3363 746 3425 ab
770 3363 947 3426 Oratoribus
970 3361 1124 3427 rhetorice
1147 3366 1361 3447 praedicantur
1380 3384 1420 3427 ex
1440 3364 1591 3446 superiori

214 3464 305 3541 loco,
334 3464 389 3527 sed
411 3462 571 3526 illiteratae
593 3463 675 3545 plebi
697 3470 899 3544 exponuntur,
922 3473 1121 3545 praeparatae
1141 3467 1202 3547 jam
1225 3485 1281 3548 per
1302 3466 1429 3529 Diaconi
1452 3464 1589 3527 admoui·

215 3565 331 3627 tionem
361 3571 393 3625 ut
423 3582 490 3625 cum
511 3562 619 3625 timore
643 3571 673 3625 et
696 3572 828 3626 tremore
851 3581 955 3626 amnes
978 3572 1067 3627 orent
1088 3566 1269 3648 impensius,
1292 3585 1330 3629 eo
1352 3572 1504 3628 momento
1528 3582 1589 3646 quo

215 3683 270 3727 res
294 3671 352 3725 tam
375 3663 448 3726 mira
471 3663 633 3743 perficitur.
678 3662 760 3724 illius
787 3663 878 3744 igitur
906 3664 1051 3727 orationis
1081 3660 1261 3728 sententiam
1284 3666 1412 3729 diversis
1436 3665 1591 3746 interpre-

215 3763 396 3840 tationibus,
426 3780 551 3844 marum
574 3770 655 3825 stare
679 3761 758 3824 nulla
781 3770 899 3842 potest,
931 3766 1164 3845 circumvenire,
1186 3766 1353 3829 Ecclesiam
1375 3764 1509 3847 prodere
1531 3771 1590 3841 est,

215 3862 351 3944 nequid
382 3863 584 3924 recentiorum
614 3860 808 3943 quorumdam
836 3860 1002 3946 'theologia
1032 3864 1202 3927 detrimenti
1231 3867 1339 3946 capiat.
1385 3864 1496 3927 Omnes
1523 3864 1589 3945 ejus

216 3964 342 4046 generis
365 3961 595 4043 explicationes,
618 3962 858 4024 constantissime
881 3963 1020 4044 rejiciunt
1039 3963 1222 4043 Orientaies‚
1246 3967 1345 4046 itaque
1368 3963 1480 4027 trustra
1503 3962 1590 4024 adhi-

215 4062 328 4124 bentur
351 4062 388 4123 ad
411 4079 465 4124 eos
488 4062 526 4124 ab
549 4080 655 4124 errare
677 4050 883 4140 vindicandos,
907 4080 967 4143 quo
990 4080 1178 4145 nequaquam
1190 4066 1287 4127 teneri
1301 4065 1370 4128 ilios
1387 4063 1479 4125 certis
1494 4081 1590 4146 argu·

217 4162 328 4224 mentis
351 4161 585 4223 demonstratur.
619 4160 660 4223 ht
683 4162 803 4224 omnino
825 4163 970 4223 immunes
992 4171 1061 4224 sunt
1084 4165 1199 4225 erroris
1222 4164 1311 4227 ullius
1335 4166 1415 4227 cirea
1439 4180 1540 4225 veram
1559 4168 1590 4223 et

216 4261 332 4325 realem
355 4261 570 4324 elementorum
594 4262 623 4323 in
647 4279 758 4341 corpus
782 4268 813 4324 et
834 4264 1013 4343 sanquinem
1037 4260 1148 4325 Christi
1179 4265 1472 4340 transmutationem,
1502 4277 1590 4342 quam

215 4361 295 4423 haec
317 4363 414 4424 oratio
436 4363 597 4443 perspicue
621 4360 779 4443 significat.
812 4359 1003 4442 Comparatio
1027 4362 1320 4426 cumlncarnationis
1344 4364 1487 4445 mysterio
1509 4360 1590 4423 iilam

217 4461 396 4541 expressius
419 4460 562 4523 inculcat:
585 4468 742 4542 utramque
764 4459 882 4524 scilicet
904 4478 1017 4539 reram,
1040 4479 1099 4524 non
1123 4464 1264 4544 typicam,
1288 4462 1506 4545 anthguratam
1520 4476 1590 4521 essa

216 4559 494 4643 volunt'lheologi:
516 4578 617 4642 neque
629 4559 725 4622 nunus
736 4578 838 4622 verum
854 4578 935 4638 esse,
950 4578 1058 4642 panem
1068 4569 1099 4624 et
1109 4563 1210 4625 vinum
1222 4563 1287 4626 lieri
1296 4580 1408 4643 corpus
1417 4570 1448 4624 et
1462 4559 1591 4642 sangui-

217 4678 288 4722 nem
311 4659 438 4739 Christi,
462 4678 676 4741 quamverum
700 4666 747 4723 est
768 4659 873 4721 Filium
894 4658 951 4722 Dei
974 4681 1014 4723 ex
1035 4661 1128 4724 diaria
1154 4663 1278 4744 Virgine
1301 4681 1371 4725 esse
1394 4663 1588 4724 incarnatum.

217 4758 306 4823 Unde
328 4761 407 4823 inter
421 4759 490 4824 ilios
504 4760 639 4824 nonnulli
652 4759 734 4822 iilum
755 4761 787 4820 in
809 4760 905 4821 colice
926 4769 955 4822 et
976 4761 1008 4822 in
1030 4762 1116 4823 disco
1138 4764 1299 4824 incarnari
1318 4763 1471 4837 dixeram,
1494 4759 1589 4823 auda-

218 4860 304 4922 ciore
325 4846 463 4923 fortassis
486 4860 670 4942 metaphora,
694 4858 748 4923 sed
771 4876 849 4940 quae
871 4877 889 4921 a
911 4861 1007 4942 tropis
1030 4870 1060 4924 et
1082 4861 1186 4945 figuris
1208 4862 1383 4945 longissime
1407 4867 1521 4924 remota
1531 4869 1588 4927 est.

217 4957 303 5020 Haec
326 4958 474 5022 sufficiunt
497 4978 564 5023 cum
586 4961 706 5024 diversa
728 4958 855 5021 aliorum
877 4961 1057 5027 testimonia.
1074 4978 1152 5043 quae
1181 4960 1404 5024 lnvocatianem
1426 4960 1587 5041 illustrant,

219 5057 292 5121 alibi
313 5057 409 5122 relata
431 5060 501 5125 sint

1217 5218 1220 5231 =
1309 5177 1382 5252 15*
