4525 6034
693 566 770 639 204
1190 562 1583 642 COMMENTARIUS

389 768 491 820 accan.
501 767 575 822 acar.
584 789 608 839 ρ.
618 771 679 822 136.
694 751 924 834 primariamque
947 749 1034 813 simul
1056 749 1134 814 illius
1157 755 1284 831 partem,
1308 750 1338 810 in
1351 768 1411 830 qua
1433 750 1546 813 oblatio
1569 752 1601 814 lit
1619 750 1777 831 donorum,
1800 769 1961 833 eorumque
1982 770 2052 815 oon-

693 852 825 915 secratio
860 856 891 912 et
927 849 1112 928 distributio,
1151 867 1229 930 quae
1267 847 1432 931 gratiarum
1465 851 1584 912 actione
1621 850 1818 916 concluditur.
1866 851 1911 912 lla
1936 861 2051 932 propter

694 939 846 1035 ἆναφορᾶ
868 953 993 1031 proprie
1011 949 1192 1030 appellatur,
1215 951 1296 1029 quia,
1320 950 1397 1010 utin
1415 948 1865 1031 NissaCbrysostomilegitur,
1888 957 1957 1010 tuno
1979 940 2052 1012 rire-

693 1038 782 1136 φορᾶ
804 1043 1035 1136 προφέρεται,
1058 1048 1178 1111 Oblatio
1204 1046 1347 1129 offerncr:
1371 1056 1402 1111 et
1424 1048 1509 1111 utin
1531 1049 1693 1112 Clementis
1716 1048 1990 1127 Constitutionibus
2011 1061 2052 1114 est

693 1150 818 1232 proprie
846 1158 964 1230 tempus
995 1148 1154 1213 oblationis
1182 1135 1295 1235 καιρός
1324 1135 1506 1234 ἀναφορᾶς,
1537 1167 1597 1230 qrro
1627 1156 1806 1228 appetente,
1835 1157 1938 1230 portas
1964 1150 2052 1215 claudi

690 1250 823 1331 jubetur.
868 1250 914 1312 Eo
938 1268 1031 1312 sensu
1053 1250 1142 1311 etiam
1164 1235 1344 1332 Προςφορᾶ
1366 1248 1475 1311 dicitur
1496 1250 1526 1311 in
1549 1248 1737 1312 Collectione
1766 1248 1921 1312 Canobum
1942 1251 2053 1331 saepius

693 1348 823 1414 laudata.
868 1350 1025 1411 Diaconos
1047 1346 1154 1428 afferet
1175 1365 1295 1428 aquam,
1319 1347 1519 1429 lavabuntque
1530 1348 1712 1411 Sacerdotes
1732 1367 1841 1411 marnes
1856 1366 1938 1423 scas,
1960 1358 1988 1410 et
2007 1352 2052 1412 di-

694 1457 779 1512 cetar
799 1434 987 1535 Προςφορᾶ.
1033 1449 1077 1511 lta
1108 1446 1184 1508 haec
1207 1445 1298 1508 ollicli
1320 1464 1393 1527 pars
1416 1448 1532 1512 Canoni
1552 1455 1658 1511 nostro
1671 1448 1846 1528 respondet,
1870 1447 1949 1527 quod
1969 1451 2052 1512 intel-

693 1549 846 1631 ligendum
868 1558 968 1613 tamen
990 1568 1026 1612 ea
1048 1549 1177 1625 ratione,
1201 1565 1290 1628 quam
1312 1544 1399 1627 hujus
1422 1542 1627 1611 tommentarii
1648 1549 1733 1611 initio
1755 1550 1959 1628 exposuimus.
1985 1549 2053 1613 Nam

694 1650 819 1731 proprie
843 1649 1006 1730 loquendo,
1028 1649 1077 1711 lric
1100 1647 1205 1727 incipit
1226 1646 1372 1729 liturgia,
1397 1666 1464 1709 cum
1483 1646 1618 1729 reliquae
1640 1647 1794 1711 orationes
1809 1656 1842 1709 et
1855 1651 2053 1713 caeremoniae

695 1749 833 1812 adhunc
857 1736 952 1830 usque
979 1747 1095 1826 locum,
1122 1744 1492 1832 προπαρασκευαστικαὶ
1523 1747 1693 1810 censendae
1720 1746 1796 1810 sint:
1828 1754 1918 1828 atque
1945 1746 2055 1810 caluit

697 1850 861 1911 communis
884 1849 1097 1930 Expositorum
1119 1846 1231 1909 Missae
1253 1844 1407 1909 Romanae
1430 1849 1630 1929 antiquiorum
1653 1848 1810 1910 sententia.
1835 1846 1942 1909 Florus
1962 1848 2053 1929 blagi-

695 1957 768 2012 ster.
813 1947 1465 2030 Antiqrdantoresr'tasentinnt‚l1iesam
1491 1966 1513 2008 a
1537 1946 1730 2026 praefatione
1754 1948 1906 2025 incipere,
1931 1967 2054 2027 proem-

695 2051 783 2111 deate
805 2049 931 2110 lectione
952 2048 1166 2128 Apostolornm
1193 2053 1224 2107 et
1249 2045 1500 2126 Econqelr'ornrn:
1519 2046 1721 2125 praecedente
1741 2064 1951 2126 nonmcaqaam
1972 2048 2055 2107 &aar

695 2150 875 2211 dicendane
896 2151 1119 2229 mapiatroram,
1149 2147 1308 2226 adamata
1330 2165 1444 2226 quoqne
1465 2145 1599 2228 symboli
1625 2144 1832 2223 confessione,
1860 2153 1892 2206 et
1916 2144 2055 2207 oblobbne

690 2250 870 2330 pcpnontrn
891 2256 921 2309 et
941 2249 1063 2308 initiata
1075 2248 1303 2308 consecratione
1318 2246 1593 2308 Sacramentornm.
1620 2244 1752 2323 Antiqua
1768 2243 1929 2325 Expositio
1949 2244 2052 2305 autoris

694 2349 844 2429 anonymi.
890 2347 986 2409 Missa
1014 2353 1145 2407 occatur
1171 2345 1210 2406 ab
1238 2364 1275 2406 eo
1302 2347 1386 2420 loco,
1414 2344 1468 2406 abi
1487 2345 1596 2423 decipit
1613 2342 1766 2405 Socerdm
1787 2343 1975 2421 Sacrificim
1994 2343 2053 2404 lleo

692 2447 810 2529 offerre,
832 2467 926 2528 aspie
948 2446 991 2507 ad
1012 2445 1056 2507 lte
1077 2444 1175 2506 Missa
1197 2452 1250 2507 eet.
1296 2445 1330 2507 ln
1353 2444 1567 2525 antiquissimis
1591 2442 1745 2505 codicibus
1760 2449 1829 2503 ante
1845 2441 2051 2522 praefationem

693 2546 876 2609 adscribitur
898 2545 1001 2607 titulus
1024 2544 1243 2607 immolationis
1264 2545 1483 2607 etlnlotione's:
1506 2544 1544 2606 de
1558 2559 1618 2624 qua
1631 2541 1765 2605 lsidorus
1788 2540 1808 2602 l.
1832 2540 1856 2606 l.
1887 2561 1914 2606 c.
1938 2539 1985 2602 15.
2005 2542 2052 2600 in-

689 2647 790 2726 fertar
810 2646 908 2707 illatio
936 2646 969 2706 r'n
998 2644 1237 2722 sactificatioae
1260 2644 1440 2720 oblationis,
1468 2641 1501 2704 ln
1531 2641 1645 2705 llissali
1677 2640 1804 2704 Gothico
1833 2649 1869 2714 ct
1900 2638 2050 2701 GaNicana.

692 2745 861 2807 Nnmolatio
882 2744 1005 2808 nasae.

780 2843 856 2906 Cum
878 2844 971 2925 igitur
993 2841 1189 2924 significatam
1212 2859 1276 2904 rem
1297 2841 1459 2904 habeamus
1482 2860 1523 2904 en
1537 2839 1693 2903 ‘communi
1714 2840 1847 2901 omnium
1860 2838 2053 2900 Ecclesiarum

693 2943 890 3007 Orientalium
926 2940 1223 3022 Occidentaliumque
1252 2940 1429 3021 disciplina,
1461 2949 1551 3021 atque
1581 2948 1696 3003 certum
1725 2940 1764 3001 sit
1792 2938 1978 3001 Oblationem
2000 2938 2053 2999 lroc

693 3043 761 3105 loco
784 3045 935 3124 incipere,
959 3040 1047 3104 lecile
1068 3040 1282 3123 inteNiguntu'r
1304 3040 1398 3102 verbo
1421 3041 1629 3122 semi-graeca
1650 3056 1728 3119 quae
1757 3038 1815 3100 boc
1843 3038 1914 3100 loco
1935 3036 2052 3101 Codices

692 3142 810 3223 Coptici
840 3146 1085 3224 repraesentant,
1114 3158 1254 3221 quaeque
1282 3141 1402 3203 Arabes
1431 3141 1613 3221 interpretes
1644 3137 1826 3201 lelcllerunt.
1880 3138 1923 3201 lta
1950 3136 2051 3219 legitur

692 3235 888 3328 προςφέρειν
909 3234 995 3305 eard
1016 3227 1137 3326 τρόπον
1159 3230 1259 3324 ἡμῶν.
1303 3226 1459 3322 Σώθητε
1482 3231 1532 3312 εἰς
1553 3225 1713 3310 ἀνατολὰς
1743 3232 1899 3317 titiane:
1928 3244 1957 3298 at
1987 3252 2053 3297 rer-

692 3344 786 3405 sionis
808 3340 958 3405 Arabicae
980 3339 1048 3402 talis
1071 3345 1119 3401 est
1141 3355 1262 3402 sensus.
1309 3338 1453 3401 accedite
1482 3358 1502 3401 a
1530 3340 1677 3415 bambae,
1708 3344 1804 3411 stote,
1833 3338 1879 3399 ad
1903 3335 2052 3406 Ornatam

692 3443 820 3521 aspicite
842 3447 873 3501 et
891 3440 1077 3519 respondete.
1121 3438 1278 3501 blaronita.
1324 3435 1481 3513 Acceditc,
1505 3439 1601 3500 stante
1621 3455 1694 3511 ooo,
1722 3445 1752 3499 et
1778 3436 1931 3499 Orientem
1955 3448 2051 3495 cereas

693 3542 829 3619 aspicite.
875 3537 990 3619 Nempe
1013 3539 1043 3598 in
1073 3535 1186 3599 Codice
1216 3537 1412 3619 Scaligeraao
1436 3536 1505 3599 talis
1535 3536 1590 3598 fuir
1619 3536 1777 3616 Scriptura
1806 3524 2053 3620 προςφερήμπα

693 3625 843 3720 στάθητε
865 3629 912 3710 εἰς
934 3625 1097 3710 α’νατολᾶς
1117 3629 1276 3719 ‚titianae
1312 3636 1372 3701 Sed
1394 3635 1470 3699 baec
1491 3644 1561 3699 sunt
1581 3636 1671 3717 plane
1693 3634 1786 3699 nihili.
1839 3636 1944 3716 ltaque
1964 3635 2053 3715 primo

691 3736 854 3818 legendum
876 3730 1090 3821 προςφέρεινε
1114 3754 1192 3817 quae
1214 3754 1277 3798 vox
1298 3737 1403 3798 titrdus
1421 3738 1636 3816 estsequentis
1659 3735 1748 3798 allicii
1772 3735 1855 3815 quod
1877 3718 2050 3820 nqogpooqdr

691 3843 723 3897 et
744 3824 909 3921 ἀναφορὰν
930 3837 1034 3898 vocari
1056 3836 1167 3899 dictum
1196 3844 1256 3897 est:
1287 3835 1356 3897 inde
1383 3835 1527 3914 formata,
1562 3841 1632 3916 quia
1659 3835 1749 3916 paulo
1777 3842 1847 3897 ante
1878 3835 1908 3896 in
1937 3832 2048 3895 Graecis

690 3934 834 4018 Liturgiis
862 3936 995 4019 legitor,
1027 3921 1223 4020 πρόσχωμεν
1251 3923 1311 4018 τῆν
1339 3924 1433 4016 ἁγίαν
1461 3921 1631 4021 ἅναφορᾶν
1658 3927 1693 3995 ἐν
1719 3919 1831 4019 εἰρήνη
1860 3924 2048 4019 προφέρειν,

690 4037 880 4098 attendamus
901 4037 944 4097 ad
964 4043 1102 4097 sanctam
1123 4035 1304 4098 obladonem
1324 4036 1357 4096 in
1375 4054 1454 4114 pace
1475 4033 1674 4113 asserendam.
1698 4033 1782 4096 llanc
1802 4034 1932 4095 ultimam
1953 4046 2049 4094 vocem

691 4235 871 4313 asserimus,
909 4234 989 4316 quod
1022 4234 1141 4297 Arabes
1180 4252 1247 4296 eam
1277 4233 1411 4296 scribunt
1442 4233 1634 4313 Ebroaforin.
1684 4233 1732 4296 Ex
1761 4251 1839 4295 voce
1868 4223 2049 4320 προςφὲρειν

691 4331 810 4395 Arabes
834 4341 1005 4411 carterium,
1030 4334 1116 4413 quasi
1144 4333 1258 4396 initium
1287 4335 1432 4397 orationis
1462 4333 1540 4395 foret
1573 4342 1696 4421 tonan,
1725 4351 1803 4415 quae
1832 4340 1882 4395 est
1909 4331 2048 4411 ambigite:

690 4432 901 4516 significatque
923 4434 1075 4509 accedite,
1105 4433 1154 4495 vel
1182 4435 1282 4514 potius
1311 4431 1435 4514 offerte:
1463 4432 1545 4495 nullo
1577 4435 1665 4495 etiarn
1693 4433 1783 4514 plane
1810 4450 1913 4495 sensu.
1955 4428 2051 4507 Neque

692 4534 771 4595 enim
794 4534 946 4595 Diaconus
970 4533 1117 4613 populum
1141 4531 1319 4612 alloquitur,
1343 4529 1379 4595 ad
1403 4550 1492 4612 quem
1515 4531 1682 4596 adhortatio
1712 4532 1876 4595 accedendi
1905 4530 1952 4592 vel
1979 4526 2050 4590 olle-

690 4631 794 4710 rendi,
817 4632 898 4695 nulla
921 4633 1039 4694 ratione
1061 4632 1210 4712 pertinet,
1234 4633 1303 4712 quia
1325 4650 1383 4694 nec
1406 4631 1553 4694 accedunt
1576 4631 1613 4694 ad
1636 4632 1730 4694 altere
1753 4632 1852 4709 balei,
1885 4639 1918 4693 ut
1947 4626 2049 4692 oblatas

690 4731 836 4794 offerant:
861 4750 960 4812 neque
983 4732 1040 4811 ipsi
1065 4730 1196 4793 ollerunt
1219 4749 1271 4793 eas
1295 4731 1361 4794 Deo
1383 4750 1440 4813 per
1463 4731 1666 4811 Sacrificium,
1689 4751 1747 4794 nec
1769 4731 1901 4794 inierunt
1915 4730 1951 4792 ad
1966 4726 2050 4788 altare

690 4839 724 4892 ut
747 4849 807 4905 eos¹
822 4830 971 4896 Sacerdos
988 4832 1172 4904 consecret,
1196 4830 1250 4892 sed
1272 4829 1348 4894 baec
1371 4839 1439 4893 sunt
1462 4832 1661 4894 sacerdotalia
1682 4832 1789 4893 munia.
1838 4831 1942 4911 Neque
1971 4825 2049 4887 etiam

692 4930 730 4991 ad
753 4930 935 4992 Sacerdotes
958 4936 1008 4991 aut
1030 4929 1182 4992 Diaconos
1205 4930 1299 4992 verba
1321 4932 1395 4993 siunt
1416 4915 1474 5012 pro
1496 4931 1657 4994 afferendis
1679 4932 1868 5006 muneribus,
1898 4931 1957 5011 jam
1978 4923 2047 4986 euim

691 5028 770 5092 iacta
792 5038 839 5092 est
862 5020 882 5114 ἦ
902 5019 1030 5113 μεγάλη
1052 5017 1191 5109 aleariae,
1222 5048 1277 5092 seu
1298 5049 1454 5093 manerem
1475 5031 1595 5093 illatio.-
1616 5030 1708 5094 multo
1730 5033 1826 5094 minus
1853 5031 1889 5094 ad
1912 5023 2046 5091 sacerdo-

2216 2264 2217 2329 l

2216 2340 2217 2411 l

2216 2462 2217 2527 l

690 4136 788 4216 ignari
810 4135 929 4217 linguae
953 4133 1088 4197 Graecae
1109 4134 1198 4197 laoile
1227 4150 1284 4214 pro
1318 4129 1491 4219 προςφορᾷ
1519 4140 1726 4214 acceperunt3
1755 4133 1847 4213 idque
1876 4150 1913 4195 eo
1948 4131 2049 4193 ceruus
