4525 6034
765 581 1183 660 tironatus.
1580 584 1629 658 21

264 794 348 843 rum.
401 771 494 843 Deus
520 791 583 866 per
607 769 868 843 misericordiam
893 777 984 842 tuam
1008 792 1111 866 parce
1146 778 1181 840 et
1212 768 1336 841 dimitte
1368 778 1511 864 peccata
1545 791 1634 843 con-

268 888 526 980 sanguineomm
543 896 751 974 nostram,
774 896 903 981 patrum
917 896 950 958 et
964 884 1104 959 fratrum
1117 895 1325 974 nostrorum,
1352 893 1386 956 et
1402 887 1635 979 magistrorum

265 1013 470 1090 nostrorum,
497 1011 533 1073 ut
559 1004 657 1075 etiam
682 1002 768 1075 illius
794 1024 856 1098 pro
883 1025 949 1098 quo
977 1001 1110 1075 offertur
1135 1002 1200 1076 hoc
1226 1000 1432 1074 sacrificium.
1569 988 1574 995 ’

371 1119 448 1191 Hoc
474 1117 551 1189 loco
576 1121 771 1190 morium
792 1121 883 1212 fucit
909 1125 1142 1214 cujmcauaque
1167 1118 1246 1189 carlt.
1284 1118 1464 1191 (trudatur
1492 1120 1635 1216 padum

265 1235 408 1323 altaris,
434 1234 541 1307 etad
565 1234 649 1304 illud
673 1235 844 1323 ascendit,
871 1238 1058 1330 incipitque
1085 1235 1304 1322 oblationem,
1338 1241 1441 1306 cautu
1471 1240 1572 1332 preci
1597 1242 1633 1307 ct

266 1351 460 1446 eaquae.
512 1351 697 1444 Postquam
722 1349 846 1422 dictura
871 1357 931 1422 eut.
983 1352 1116 1424 Stemus
1144 1351 1319 1423 decenter:
1346 1354 1460 1447 siqrrat
1484 1358 1537 1424 ter
1560 1373 1633 1446 po-

262 1468 379 1561 pulum
404 1470 501 1562 siquo
528 1470 662 1538 crucia:
687 1474 754 1538 tum
780 1471 921 1561 imponit
946 1468 1104 1539 deutrum
1128 1490 1231 1561 super
1247 1466 1394 1538 neuun
1406 1468 1538 1559 altaris,
1565 1492 1636 1540 ac-

265 1588 416 1678 cipitque
441 1587 599 1654 uirtutum
624 1606 648 1653 a
672 1587 850 1676 mysteriis.
902 1583 990 1655 Mon
1015 1588 1128 1680 uqaat
1153 1606 1191 1654 rc
1217 1585 1339 1677 ipsum,
1366 1584 1487 1656 deiude
1500 1608 1560 1658 eoa
1575 1588 1634 1681 qui

264 1707 343 1772 ruat
367 1724 391 1771 u
411 1705 517 1793 parte
542 1698 833 1793 Septentriouali‚
860 1706 928 1771 turn
954 1722 1014 1772 eoa
1045 1702 1103 1794 qui
1136 1705 1214 1770 cuut
1247 1700 1291 1771 ab
1326 1699 1502 1789 Australi,
1534 1706 1632 1795 sacto

265 1820 320 1886 ter
344 1819 442 1911 εἱφηο
469 1819 582 1888 cuuis
607 1838 710 1909 super
733 1816 901 1911 poputum.
945 1816 987 1888 Si
1012 1816 1121 1888 uultus
1147 1820 1194 1887 sit
1218 1816 1265 1886 ud
1291 1817 1469 1887 deuterum
1490 1822 1562 1908 ejus
1579 1817 1636 1888 ccl

264 1932 453 2021 duanam,
481 1939 534 2003 ter
559 1935 689 2025 aquus
715 1936 828 2004 mucio
850 1935 942 2027 facit
964 1956 1068 2027 super
1094 1956 1134 2004 ae
1160 1936 1283 2025 ipsum,
1311 1939 1365 2004 ter
1389 1955 1492 2026 super
1514 1954 1632 2026 popu-

264 2044 348 2134 lum,
375 2054 410 2118 et
435 2049 529 2121 dicit.

370 2161 501 2238 Caritas
533 2167 598 2238 Dei
629 2164 753 2239 Patris:
789 2175 823 2238 et
854 2167 964 2258 gratia
994 2167 1155 2257 unigeniti
1187 2162 1282 2255 Filii,
1316 2171 1350 2235 et
1382 2165 1633 2236 communicatio

264 2274 470 2376 illapsusque
496 2282 637 2379 Spiritus
664 2284 736 2355 vivi
762 2292 796 2355 ot
830 2284 957 2373 sancu',
992 2283 1035 2355 sit
1066 2303 1142 2352 cum
1178 2277 1328 2353 omuibus
1363 2277 1478 2370 vohis,
1511 2279 1635 2353 fratres

266 2397 335 2466 mei
359 2399 393 2467 in
419 2397 564 2471 saecula.

370 2512 529 2607 Populus.
581 2515 626 2587 Et
652 2539 727 2587 cum
753 2518 869 2612 spiritu
895 2525 962 2587 tuo.

367 2626 551 2704 Sacerdos.
604 2630 743 2705 Sursum
768 2632 824 2705 uhi
850 2630 1000 2704 Christus
1027 2628 1121 2703 sedet
1148 2627 1191 2701 ad
1217 2628 1390 2701 dexteram
1419 2629 1483 2701 Dei
1510 2629 1632 2720 Patris,

265 2745 332 2816 sint
356 2756 504 2838 mentes,
529 2745 714 2821 intellectus
741 2758 776 2819 et
801 2746 904 2820 corda
931 2749 1075 2819 omnium
1100 2754 1259 2818 nostrum.

368 2862 531 2955 Poputru.
583 2862 668 2935 Sunt
694 2863 737 2936 ad
762 2863 948 2936 Dominum.

369 2976 553 3050 Sacerdos.
606 2978 739 3052 Gratias
766 2958 906 3073 agamus
931 2977 1096 3067 Domino,
1123 3000 1197 3049 cum
1223 2979 1351 3050 timore.
1568 3057 1571 3068 ¹

369 3094 531 3189 Poprdus.
583 3094 728 3188 Dignum
755 3105 789 3168 et
809 3100 934 3190 justum
960 3105 1022 3167 cst
1073 3092 1239 3166 Miserere
1264 3099 1369 3169 nostri
1394 3095 1498 3167 Deus.

369 3210 553 3283 Sacerdos.
604 3210 649 3284 Et
673 3234 737 3285 nos
765 3233 897 3308 quoque
921 3209 1082 3298 Domine,
1112 3208 1231 3282 infirmi
1256 3220 1291 3282 et
1314 3221 1514 3308 peccatores
1540 3213 1633 3283 servi

265 3327 328 3415 tui,
355 3332 482 3419 gratias
509 3332 638 3422 agimus
665 3329 743 3417 tibi,
771 3337 805 3401 et
829 3327 999 3400 laudamus
1024 3326 1263 3419 benignitatem
1288 3337 1396 3424 uram,
1430 3347 1492 3424 pro
1519 3332 1632 3399 omni-

253 3439 328 3513 ·bus
356 3443 458 3515 etde
489 3443 651 3517 omnibus.

370 3560 531 3655 Populus.
583 3561 677 3633 Sicut
703 3571 777 3633 erat
803 3571 837 3633 et
863 3570 924 3634 est.

370 3676 545 3749 Sacerdos
571 3681 713 3770 impertit
736 3701 867 3749 manum
892 3701 995 3772 cuper
1020 3679 1162 3767 diacum,
1189 3681 1366 3773 siqoatque
1391 3702 1429 3751 sc
1454 3681 1561 3773 ipuuu
1576 3685 1632 3751 ter

265 3795 363 3889 rique
389 3797 518 3881 crucia,
544 3793 624 3864 linc
651 3801 686 3865 ct
711 3795 790 3866 iude
816 3815 948 3889 quoquc
969 3794 1145 3889 populun,
1172 3793 1306 3865 diceru:

369 3908 621 3982 Misericordiae
647 3912 710 3982 Dei
736 3914 848 4003 magni
874 3921 908 3983 et
938 3910 1125 3984 Salvatoris
1158 3915 1264 3985 nostri
1295 3910 1378 3984 tesu
1413 3908 1534 3986 Christi
1569 3915 1634 3985 sint

266 4050 342 4099 cum
367 4024 467 4099 vobis
493 4028 668 4119 omuibus,
695 4025 831 4101 Fratres
857 4033 944 4120 mei,
969 4030 1002 4100 in
1029 4026 1173 4101 saecula.

372 4141 550 4214 Dianam
576 4145 662 4215 dicit
687 4145 904 4216 Canalicum.

372 4259 546 4331 Sacerdm
567 4264 702 4357 frauqit
727 4268 761 4333 ct
785 4264 912 4358 nipast,
948 4259 1098 4354 dicitque
1122 4259 1212 4330 dunc
1240 4258 1436 4332 Orationem
1452 4261 1528 4333 dum
1546 4284 1632 4334 cor-

262 4400 331 4470 pur
357 4383 410 4447 est
434 4399 537 4469 super
561 4400 679 4448 manua
705 4383 786 4470 ejus.

373 4492 425 4564 'lu
452 4514 490 4563 es
517 4489 666 4565 Christus
692 4493 784 4566 Deus
810 4501 941 4567 noster:
969 4495 1024 4590 qui
1050 4497 1084 4566 iu
1117 4495 1246 4567 vertice
1273 4489 1438 4583 Gorgona
1469 4494 1502 4564 in
1528 4495 1635 4568 Jeru-

268 4608 375 4682 salem
400 4608 579 4683 transfixus
607 4631 645 4682 es
672 4612 705 4682 in
729 4611 834 4683 latere
860 4621 933 4699 tuo,
960 4619 1097 4707 propter
1122 4631 1194 4685 nos.
1247 4609 1299 4681 Tu
1334 4631 1371 4681 es
1405 4609 1524 4702 Agnus
1556 4611 1633 4702 Dei,

269 4729 326 4821 qui
352 4724 440 4798 tollis
465 4735 639 4821 peccatum
664 4727 790 4800 muudi:
817 4739 851 4800 tu
877 4749 981 4823 parce
1007 4728 1135 4800 delictis
1160 4728 1302 4813 uostris,
1336 4736 1370 4797 et
1396 4726 1519 4799 dimitte
1544 4749 1633 4822 pec-

268 4850 344 4913 cata
370 4850 511 4931 nostra,
535 4864 665 4939 noeque
691 4847 854 4917 constitue
881 4844 923 4917 ad
950 4845 1121 4918 dexteram
1149 4854 1245 4916 tuam

377 4958 468 5029 Tuuc
490 4962 624 5053 fruuqit
648 4969 684 5034 et
707 4967 836 5058 aiquat‚
863 4944 1012 5058 dicitque
1036 4962 1125 5034 tuuc
1154 4961 1350 5033 Orauouem
1376 4961 1573 5033 Fructiouis
1587 4960 1634 5032 D.

266 5074 394 5148 Jacobi
419 5074 607 5151 Burralibi.

1378 5193 1496 5291 θ’,
