4525 6034
705 534 781 610 482
1212 532 1574 609 1111111111

809 719 985 791 Sacerdos
1012 718 1150 788 3133333
1175 739 1301 788 vocem.
1356 715 1482 812 Opiiex
1508 727 1542 788 31
1569 725 1703 787 3133131
1729 718 1872 787 omnium
1896 726 2043 788 creatura-

706 858 790 923 rum,
816 836 910 907 Deus
937 836 1055 921 Pater,
1090 831 1145 903 133
1177 840 1213 901 31
1246 852 1389 925 corpora
1424 841 1458 901 et
1485 834 1619 926 spiritus
1653 851 1828 904 servorum
1860 842 1976 903 tuorum
2005 836 2046 925 qui

706 963 781 1022 cum
810 972 871 1045 spe
898 958 953 1020 tua
981 946 1220 1035 decubuerunt,
1248 945 1290 1017 ad
1325 944 1496 1018 13331113
1524 946 1684 1017 coelestia
1720 950 1932 1040 perveniant,
1962 948 2046 1018 3131

705 1064 896 1160 voluptates
930 1063 1003 1134 illas
1037 1084 1123 1156 quae
1158 1061 1257 1132 113313
1288 1081 1356 1132 333
1393 1059 1532 1131 babent:
1566 1038 1608 1131 ad
1644 1060 1765 1152 gaudia
1796 1058 1853 1131 1113
1885 1075 2048 1154 quaesunt

707 1180 780 1250 sine
814 1181 973 1264 termino,
1010 1176 1052 1248 ad
1086 1178 1278 1247 convivium
1314 1176 1516 1247 indesinens.
1580 1173 1701 1247 Scribe
1732 1179 1867 1246 nomina
1898 1195 1999 1245 comm
2018 1178 2049 1278 13

706 1291 792 1366 libro
820 1297 910 1365 vitae
939 1301 1013 1379 tuo;
1047 1290 1189 1362 13311133
1224 1312 1286 1362 333
1319 1301 1457 1385 aspectu
1492 1290 1602 1362 vultus
1640 1293 1706 1379 tui,
1739 1295 1902 1364 constitue
1933 1290 1997 1361 illos
2022 1295 2048 1360 in

705 1411 849 1499 regione
872 1411 1049 1498 justorum,
1076 1428 1221 1478 accense
1249 1405 1323 1477 11133
1351 1389 1538 1497 agminibus
1565 1409 1715 1501 piorum3
1747 1404 1804 1476 133
1830 1405 1904 1476 illos
1928 1406 2049 1496 gaudere

706 1521 803 1595 bonis
830 1523 1043 1594 Sanctomm:
1079 1521 1135 1592 133
1162 1520 1237 1592 11133
1263 1520 1474 1592 discumbere
1502 1519 1544 1591 ad
1571 1543 1721 1594 mensam
1748 1531 1838 1591 tuam
1865 1518 2048 1615 spiritantem:

707 1637 834 1707 dimitte
860 1646 1000 1732 peccata
1028 1658 1144 1707 eorum
1172 1658 1232 1729 per
1254 1634 1516 1708 misericordiam
1544 1646 1649 1707 tuam:
1677 1635 1751 1705 dele
1778 1657 1865 1729 quae
1891 1619 2050 1729 insipienter

707 1751 749 1824 ab
778 1751 841 1824 11113
869 1755 1047 1823 commissa
1074 1760 1162 1839 sunt,
1189 1772 1250 1845 per
1283 1751 1492 1822 clementiam
1528 1759 1630 1822 tuam:
1667 1750 1763 1822 salva
1796 1749 1872 1822 11133
1905 1752 2050 1850 3111311113

707 1877 740 1936 31
767 1868 928 1960 suspiriis,
955 1863 1061 1936 libera
1089 1886 1152 1936 eos
1179 1863 1220 1936 ab
1249 1865 1372 1937 ardore
1405 1864 1596 1957 gehennae:
1636 1865 1692 1936 fac
1725 1887 1788 1937 eos
1824 1870 1959 1935 transire
1985 1864 2049 1934 ultra

707 1985 863 2052 transitus
887 1980 961 2052 illos
989 1979 1155 2051 terribiles
1181 1978 1248 2051 loci
1274 1983 1417 2052 timoris:
1451 1980 1584 2052 colloca
1611 1979 1685 2052 ilios
1712 1983 1745 2050 13
1772 1978 1986 2050 tabernaculis
2006 1979 2050 2049 13-

706 2095 808 2166 cidis:
835 2093 890 2166 133
917 2093 993 2165 11133
1021 2097 1196 2189 quiescere
1231 2097 1263 2164 13
1299 2097 1372 2166 3133
1398 2094 1574 2183 Abrabae,
1608 2096 1735 2182 Isaaoi,
1771 2092 1913 2179 Jacobi,
1945 2092 2050 2165 Patron

706 2218 910 2296 nostrorum,
937 2212 969 2278 13
996 2207 1192 2280 babitacrdis
1219 2211 1283 2279 tuis
1318 2207 1540 2298 coelestibus,
1573 2212 1605 2279 in
1632 2208 1789 2304 paradiso
1819 2207 2007 2294 deliciamm,
2027 2210 2052 2275 13

705 2322 790 2395 13313
817 2325 946 2418 quietis.
999 2321 1052 2394 Ne
1078 2326 1184 2397 intres
1211 2347 1286 2394 cum
1320 2323 1383 2395 illis
1411 2326 1443 2394 13
1466 2322 1645 2414 judicium,
1680 2327 1755 2419 quia
1787 2346 1857 2395 333
1888 2320 2052 2414 justificatur

705 2441 740 2508 in
767 2446 950 2531 conspectu
977 2446 1034 2507 tuo
1061 2441 1169 2510 omnis
1196 2440 1330 2528 vivens,
1356 2437 1417 2510 sed
1431 2460 1534 2532 parce
1549 2439 1612 2509 11113
1636 2438 1796 2510 omnibus.
1835 2438 1940 2510 Nobis
1964 2441 2051 2518 etiam,

708 2554 763 2646 qui
790 2554 824 2621 13
841 2549 904 2620 bac
930 2553 1000 2621 vita
1020 2556 1300 2646 peregrinationis
1329 2553 1523 2647 temporalis
1552 2556 1729 2641 servimus,
1756 2556 1919 2650 propitius
1944 2561 2051 2625 331331

706 2669 868 2739 miserere
894 2669 1012 2752 nostri,
1040 2670 1116 2760 quia
1145 2668 1291 2761 quotidie
1317 2689 1379 2762 per
1410 2690 1524 2740 mores
1550 2680 1686 2742 nostros
1713 2668 1789 2740 odio
1820 2670 1951 2761 dignos,
1974 2678 2001 2738 te
2021 2663 2053 2735 ad

706 2781 909 2853 iracundiam
944 2802 1188 2877 provocamus:
1224 2782 1266 2852 13
1293 2781 1391 2855 nobis
1418 2785 1519 2874 igitur
1545 2783 1664 2856 abhinc
1699 2785 1931 2855 remissionem
1964 2801 2054 2853 corun

708 2918 794 2990 quae
821 2899 1014 2991 insipienter
1041 2900 1277 2986 commisimus,
1303 2899 1379 2991 quia
1407 2919 1505 2971 nemo
1529 2908 1580 2970 est
1595 2901 1745 2969 immunis
1764 2921 1784 2968 a
1801 2909 1954 2994 peccato,
1978 2900 2055 2970 etiam

707 3013 737 3081 si
763 3032 828 3081 una
855 3010 937 3083 hora
966 3022 1089 3085 tantum
1116 3015 1150 3082 in
1177 3021 1266 3083 terra
1293 3009 1504 3101 habitaverit,
1531 3015 1595 3083 nisi
1621 3013 1713 3085 solus
1740 3012 1905 3086 Dominus
1930 3013 2011 3083 Deus
2030 3019 2054 3079 et

706 3124 866 3197 Salvator
892 3136 1008 3199 noster
1042 3127 1143 3198 13333
1178 3126 1329 3199 Christus
1363 3130 1551 3218 unigenitus
1585 3129 1689 3199 Filius
1724 3140 1821 3216 tuus,
1859 3152 1954 3223 quem
1980 3121 2055 3196 ⁶nti

708 3239 890 3329 oderimus,
918 3240 1152 3336 deprecantem
1181 3251 1214 3311 te
1239 3262 1301 3336 pro
1321 3240 1436 3312 nobis:
1463 3245 1569 3337 ipsum
1597 3265 1659 3338 per
1687 3266 1785 3337 quern
1813 3265 1982 3339 speramus
2004 3243 2055 3311 31-

707 3355 924 3425 sericordiam
959 3358 1136 3451 consequi,
1172 3365 1206 3426 31
1236 3357 1468 3427 remissionem
1503 3368 1717 3452 peccatorum
1753 3367 1824 3430 1331
1857 3356 1951 3429 nobis
1980 3376 2057 3450 quam

706 3470 801 3562 ipsis,
828 3480 968 3564 propter
996 3494 1081 3542 eum.

813 3584 974 3676 Populus.
1030 3585 1182 3670 Quietem
1209 3596 1355 3680 praesta.

811 3696 987 3769 Sacerdos
1013 3700 1206 3771 1331133133.
1260 3699 1405 3771 Domine
1433 3702 1487 3793 qui
1516 3699 1709 3772 abscondita
1737 3707 1870 3791 omnia,
1906 3714 1937 3774 et
1969 3701 2057 3771 31331-

707 3809 793 3882 13313
829 3815 1028 3903 cognoscis,
1056 3813 1181 3885 dimitte
1217 3825 1355 3908 peccata
1392 3824 1425 3884 31
1457 3818 1652 3909 insipienter
1685 3822 1886 3907 commissa,
1920 3816 2008 3889 nobis
2034 3821 2058 3883 31

704 3925 783 4013 illis,
808 3925 997 3997 voluntarie
1025 3914 1317 4016 et'involuntarie,
1345 3932 1489 3999 scienter
1509 3940 1543 4000 et
1560 3933 1765 4022 ignoranter,
1793 3934 1905 4006 verbo
1920 3944 2057 4025 etoperc,

707 4038 838 4111 3333113
865 4048 899 4109 31
925 4043 1112 4130 1333113313,
1139 4053 1218 4114 3313
1246 4052 1280 4113 31
1306 4045 1431 4133 ignota.
1489 4044 1562 4117 Nos
1589 4049 1620 4115 in
1649 4050 1718 4118 vita
1751 4071 1922 4122 conserva
1955 4047 2058 4138 absque

637 4161 646 4171 '
705 4163 862 4248 peccato:
896 4153 1003 4248 dirige
1029 4180 1170 4247 gressus
1202 4168 1336 4229 3331133
1373 4162 1406 4229 13
1438 4163 1564 4232 semitis
1601 4161 1832 4236 mandatorum
1869 4177 2008 4248 tuorum,
2034 4165 2058 4228 11

704 4266 761 4338 133
787 4288 851 4338 333
879 4267 999 4361 dignos
1025 4271 1091 4342 fine
1117 4269 1221 4359 bono,
1249 4283 1283 4344 et
1310 4275 1401 4344 exitu
1429 4274 1604 4367 tranquillo
1632 4299 1677 4346 ex
1703 4277 1767 4349 boc
1795 4281 1929 4351 mundo.

809 4380 984 4454 Sacerdos
1016 4386 1154 4456 eteoona
1185 4410 1311 4457 vocem,
1353 4386 1478 4460 Libera
1505 4412 1567 4461 nos
1594 4390 1736 4463 Domine
1763 4395 1859 4466 Deus
1898 4402 2056 4487 acapturu

705 4503 907 4589 potestatum
935 4498 1164 4590 adversarum,
1192 4514 1225 4574 et
1252 4502 1293 4573 ab
1323 4503 1526 4576 exercitibus
1550 4505 1746 4577 daemonum
1775 4513 1832 4603 qui
1860 4505 2058 4580 13331311·

706 4612 814 4702 spersi
848 4610 1063 4702 insidiantur,
1106 4614 1149 4685 ad
1190 4618 1363 4690 venandos
1398 4621 1524 4691 animas
1560 4631 1711 4694 nostras:
1750 4628 1901 4696 maxime
1936 4644 2011 4694 vero
2044 4640 2059 4685 a

704 4722 816 4794 vultus
843 4725 1040 4797 confusione
1068 4730 1192 4801 acerba
1221 4753 1335 4803 comm
1362 4733 1447 4806 solio
1475 4736 1651 4807 metuendo
1679 4737 1774 4809 salva
1791 4761 1871 4830 nos,
1899 4734 2058 4810 3113113-

704 4833 857 4908 bitacudis
885 4838 1087 4914 coelestibus
1115 4847 1291 4937 quiescere
1316 4871 1380 4919 nos
1403 4847 1506 4940 jube,
1541 4862 1639 4945 atque
1675 4856 1710 4922 13
1737 4854 1838 4926 13133
1872 4854 1980 4946 gaudii
2009 4869 2058 4917 nos

703 4948 843 5037 colloca,
871 4956 964 5023 etin
990 4954 1099 5046 gloria
1120 4960 1306 5055 triumphali
1318 4939 1516 5036 Sanctorum
1540 4975 1667 5040 tuorum
1683 4989 1823 5041 numera
1851 4992 1924 5042 nos.
1950 4967 2057 5053 Ouau-
