4525 6034
573 611 625 687 ΑΙ)
646 609 853 687 humanu
866 608 1060 687 canullan
1075 611 1106 688 S.
1126 611 1272 689 BASlLIl.
1534 613 1611 686 239

236 815 321 858 suani
343 814 435 875 saper
456 796 539 859 illud
586 792 717 875 Cumque
737 796 836 870 dicet,
858 802 889 858 et
911 796 1038 878 sanguis
1063 797 1219 878 pretiosus
1226 816 1235 872 3
1266 796 1348 859 tollet
1375 796 1501 877 digitum
1523 815 1611 858 anun

235 895 274 956 de
295 913 387 973 suaper
407 913 547 974 corpore,
571 894 767 974 extendatque
788 913 856 955 eum
876 895 920 955 ad
941 895 1083 970 calicem
1106 902 1137 956 et
1157 895 1288 957 indicem
1309 913 1395 957 emim
1416 897 1449 956 in
1472 898 1610 974 pretioso

234 996 382 1072 sanguim
402 994 544 1073 intinget,
574 994 620 1053 ita
647 1000 747 1054 tamen
774 1000 809 1054 ut
836 1011 964 1073 ampuem
992 1012 1053 1055 non
1078 995 1247 1073 innterqat.
1292 994 1366 1056 lloa
1393 992 1448 1054 ubi
1480 994 1611 1055 indicem

234 1093 383 1171 marinae
410 1092 583 1166 minam,
617 1091 724 1153 educet
754 1111 822 1152 eum
855 1111 895 1152 ee
923 1092 1089 1171 maciem:
1119 1100 1150 1154 et
1177 1093 1282 1154 eodem
1311 1091 1406 1170 digito
1434 1094 1610 1170 sanquinem

233 1188 369 1268 spuis
388 1191 420 1250 in
441 1190 562 1251 modam
583 1192 706 1262 mutim
735 1190 899 1270 educetque
919 1209 1041 1251 marnam
1063 1210 1104 1251 ea
1126 1191 1225 1252 calice
1252 1190 1341 1269 priua
1369 1196 1542 1266 cateruam,
1572 1210 1611 1253 ne

232 1288 308 1366 quid
328 1306 370 1347 ea
391 1305 431 1348 ea
453 1289 592 1362 decidat,
621 1306 682 1368 qna
702 1289 734 1348 in
756 1308 790 1349 re
812 1288 998 1367 diligentiam
1028 1288 1203 1361 adbibebit;
1233 1286 1423 1368 signabitque
1452 1291 1610 1369 turmine,

232 1403 320 1463 quem
343 1386 375 1443 in
396 1386 491 1465 digito
512 1387 612 1462 babet,
636 1404 748 1466 corpur
769 1393 907 1447 sanctum
929 1385 1034 1458 amiel,
1056 1405 1151 1466 supra
1171 1404 1241 1447 eam
1259 1393 1378 1465 partem
1399 1403 1491 1466 quam
1508 1389 1610 1467 primo

232 1483 383 1560 manavit:
407 1492 437 1546 et
456 1484 589 1564 amabit
609 1486 717 1546 laum
739 1502 883 1546 acerrm
900 1492 1020 1563 partem
1042 1487 1196 1564 corporis,
1218 1482 1259 1545 ab
1280 1485 1345 1544 ina
1364 1492 1473 1563 parte:
1500 1487 1555 1560 ita,
1577 1492 1612 1546 ut

232 1587 298 1640 tres
319 1581 441 1641 maimo
463 1584 706 1663 corrnprrationee
724 1584 809 1662 fiant,
832 1602 874 1643 ea
896 1602 949 1658 eo,
971 1591 1003 1646 et
1022 1583 1066 1644 ad
1087 1583 1170 1658 illud,
1193 1585 1210 1658 (
1217 1599 1325 1661 nempe
1354 1600 1394 1643 cx
1422 1599 1555 1663 corpore
1578 1591 1610 1646 et

231 1679 539 1758 sanguinearum
569 1680 796 1743 benedictiones
822 1679 923 1758 baul,)
953 1687 985 1742 et
1010 1699 1088 1762 quae
1115 1681 1321 1760 conipleantra·
1350 1699 1391 1741 ea
1415 1698 1476 1759 qao
1504 1684 1612 1761 accipit

231 1777 348 1850 dicere,
371 1794 483 1858 corpus
506 1786 658 1856 sanctum,
684 1780 782 1841 donec
802 1780 903 1854 dicat,
926 1779 988 1841 Pax
1011 1779 1157 1842 omnibus.
1202 1778 1277 1840 lade
1303 1779 1429 1857 incipiet
1454 1777 1610 1841 Sacerdos

229 1876 441 1937 recitationem
463 1874 622 1939 &aionis
632 1879 813 1953 Fractionia,
835 1878 1006 1958 dmidetque
1028 1896 1140 1957 empus
1152 1879 1185 1938 in
1200 1885 1262 1938 tres
1272 1883 1388 1955 parter,
1411 1878 1489 1938 nont
1506 1880 1609 1956 primo

225 1973 352 2051 fecerat
374 1973 418 2034 ad
438 1993 477 2036 ea
498 1975 595 2037 cerba
617 1975 719 2057 iregit.
765 1976 895 2039 Tertiam
913 1984 1034 2056 partem
1061 1977 1201 2055 accipiet,
1224 1993 1315 2056 qnam
1336 1973 1497 2036 collocabit
1517 1994 1609 2054 stipor

230 2079 297 2133 tres
320 2072 403 2133 alias
423 2073 455 2133 in
477 2076 598 2136 modian
620 2077 738 2136 aumas
766 2083 796 2136 et
825 2077 957 2155 accipiet
983 2075 1199 2154 margaritam,
1228 2092 1282 2135 seu
1306 2071 1492 2153 parliculam
1517 2091 1609 2135 utam

230 2192 273 2232 ea
296 2169 506 2251 asperioribus
527 2173 638 2249 tributa,
667 2192 790 2253 eamqtae
813 2181 907 2253 ponet
933 2176 965 2234 in
992 2174 1088 2235 latere
1116 2173 1197 2233 disci
1223 2171 1393 2233 Orientali:
1427 2179 1489 2232 tum
1514 2173 1610 2233 abana

229 2270 409 2350 inferiorem
436 2292 477 2332 ee
506 2272 567 2332 illia
597 2280 771 2352 acceptam,
802 2271 965 2334 collocabit
993 2291 1034 2332 ea
1062 2271 1196 2333 adrem
1224 2271 1268 2332 ad
1296 2270 1500 2332 occidentem:
1529 2268 1611 2330 duua
1735 2298 1738 2304 ·

230 2389 349 2451 quoqrae
372 2371 453 2431 alias
473 2389 494 2431 a
517 2371 630 2432 deutra
651 2377 683 2432 et
704 2389 725 2431 a
747 2373 872 2432 siniam
893 2371 1033 2449 disponet
1048 2373 1102 2444 ita,
1125 2366 1454 2449 utomneaparticulaa
1476 2363 1611 2446 efficiant

91 2555 93 2564 Ι
226 2469 361 2548 &mam
383 2470 503 2529 muas:
532 2488 573 2528 ee
594 2468 804 2547 superioribus
833 2474 933 2528 autem
959 2468 1122 2547 particulis
1158 2469 1290 2546 accipiet
1315 2483 1383 2527 eam
1413 2466 1446 2525 in
1474 2481 1535 2543 qua
1562 2471 1610 2526 eat

228 2567 404 2641 lsbodicon,
426 2566 484 2630 boc
507 2573 554 2628 est
575 2567 703 2629 mediam
725 2567 886 2649 majorem,
916 2584 1005 2647 quan
1032 2568 1064 2627 in
1085 2566 1186 2627 medio
1208 2567 1297 2626 diaco
1321 2562 1490 2626 collocabit.
1537 2562 1608 2624 Tum

228 2667 357 2744 incipiet
375 2666 567 2728 Fractionem
588 2668 714 2744 tertiae,
738 2685 828 2746 quiam
849 2684 940 2726 mareu
962 2664 1091 2738 tenebit,·
1122 2682 1182 2744 qua
1201 2664 1306 2742 finita,
1335 2663 1467 2741 accipiet
1487 2662 1608 2724 tertiam

224 2766 328 2843 prinw
351 2764 530 2826 collocatam
551 2772 581 2825 et
601 2783 669 2825 eam
689 2763 831 2843 franget:
850 2764 937 2843 irrita
955 2762 1107 2842 fractione
1128 2765 1193 2842 maia
1214 2763 1346 2841 accipiet
1366 2761 1495 2835 tectim
1517 2777 1608 2840 ptam

228 2865 262 2923 in
292 2862 393 2923 medio
418 2870 586 2940 posuerat,
616 2861 864 2941 cmumnabitque
893 2881 934 2922 ea
955 2879 994 2922 ea
1014 2860 1177 2922 lsbodicon
1203 2878 1355 2934 reormm,
1385 2878 1427 2920 ea
1455 2858 1611 2938 superiori

227 2960 326 3040 facie,
350 2959 527 3040 caaebilque
548 2961 707 3041 diligenter
725 2961 858 3040 nequid
876 2960 1022 3039 findatur,
1044 2966 1099 3020 aut
1116 2959 1236 3038 [rietur.
1283 2957 1354 3019 llum
1373 2964 1465 3037 ponet
1485 2974 1553 3017 eam
1574 2957 1608 3017 in

229 3060 299 3121 loco
320 3077 397 3132 suo;
420 3062 540 3120 tertiam
561 3061 593 3119 in
614 3060 714 3121 medio
736 3059 850 3121 locabit
870 3060 902 3120 in
923 3059 990 3120 loco
1012 3075 1077 3132 mo,
1100 3065 1131 3118 et
1149 3056 1192 3117 ad
1204 3057 1403 3135 eamaolliget
1422 3072 1509 3116 onme
1530 3071 1607 3114 cor-

224 3176 288 3236 pus
309 3164 447 3218 earictum
469 3158 549 3238 quod
568 3157 670 3237 fregit.
717 3156 806 3232 Quod
826 3158 856 3218 ri
870 3156 1026 3217 Sacerdos
1045 3155 1142 3234 fuerit
1161 3156 1272 3216 rituam
1289 3155 1419 3233 peritus,
1440 3150 1609 3229 habeatque

227 3257 389 3318 aarum
412 3273 560 3317 amarem
581 3258 811 3335 eaperierttiana
828 3258 922 3334 juata
941 3254 1164 3334 praescriptam
1178 3253 1258 3314 banc
1276 3252 1412 3331 sormam
1425 3250 1607 3312 oblationem

228 3371 317 3415 mam
338 3360 422 3414 recte
443 3354 567 3432 enitet,
589 3356 687 3417 dortec
708 3362 772 3416 tota
790 3353 896 3433 fracta
917 3355 949 3414 in
960 3353 1092 3413 minum
1109 3359 1218 3430 parter
1230 3352 1346 3429 integre
1365 3347 1478 3427 suerit:
1500 3348 1606 3409 elena·

228 3449 329 3531 bitque
352 3470 420 3513 eam
441 3453 580 3515 mmabnu
601 3456 676 3528 mm,
698 3456 743 3515 ita
761 3451 897 3532 perfecte
910 3452 1041 3514 divisam
1062 3457 1092 3511 et
1112 3451 1271 3529 integraret,
1295 3447 1353 3510 boc
1368 3453 1426 3524 est,
1449 3443 1605 3527 particulis

228 3547 271 3608 ita
295 3547 461 3626 collocatis,
484 3558 517 3613 ut
538 3552 657 3635 integra
680 3558 834 3632 appareat.
876 3549 924 3611 lla
946 3569 1013 3611 cum
1031 3548 1198 3628 perfecerit
1207 3546 1371 3620 Sacerdos
1393 3562 1502 3606 manau
1523 3546 1606 3605 intra

229 3647 349 3708 diram
370 3649 542 3724 continebit,
563 3670 603 3711 ne
624 3651 697 3730 quid
718 3657 838 3729 tangat,
860 3669 899 3709 ne
920 3649 991 3728 quid
1009 3647 1090 3726 sorte
1111 3648 1188 3726 ipsu
1210 3645 1392 3719 adbaereat,
1421 3662 1460 3704 ne
1481 3643 1605 3704 miniato

230 3746 351 3824 quidem
372 3750 545 3826 nrarparita
566 3767 621 3809 reri
639 3748 804 3827 porticella.
847 3745 912 3808 Huc
935 3764 1031 3827 usquc
1049 3744 1181 3823 Gabriel,
1205 3761 1294 3825 quern
1316 3750 1484 3824 sequuntur
1505 3740 1605 3803 Autor

230 3844 385 3906 Scientiae
408 3843 642 3908 Ecclesiasticae
665 3846 777 3909 etalii.
818 3845 948 3906 Minutas
971 3845 1035 3907 illas
1059 3844 1267 3907 caeremonias
1290 3860 1350 3905 non
1373 3838 1521 3903 itaiacile
1544 3857 1606 3901 ex·

227 3941 345 4023 plicare
367 3942 455 4005 licet:
479 3961 578 4024 neque
601 3961 675 4006 sane
697 3947 799 4027 magni
821 3943 926 4017 refert,
950 3962 1017 4005 cum
1032 3943 1216 4005 sufficienter
1238 3961 1279 4004 ex
1301 3940 1406 4003 relatis
1430 3937 1532 4000 verbis
1555 3939 1605 3999 in-

228 4037 394 4121 telligatur,
419 4059 507 4122 quam
529 4050 672 4105 accurate
694 4061 729 4105 se
751 4041 881 4104 babeant
902 4042 1049 4123 Aegyptii
1079 4041 1108 4103 in
1136 4039 1286 4102 fractione
1308 4039 1442 4115 hostiae,
1472 4037 1550 4099 adeo
1572 4043 1605 4098 ut

226 4137 298 4217 ipsi,
322 4138 430 4219 quibua
453 4141 551 4223 ignari
575 4141 694 4221 quidun
716 4141 857 4202 Viatores
881 4139 1059 4221 obJecerunt
1089 4157 1233 4200 summam
1262 4139 1291 4198 iu
1315 4134 1515 4198 Sacramenta
1538 4141 1605 4196 tra-

226 4237 345 4301 ctandis
368 4240 616 4317 irreverentiam,
640 4239 728 4302 talem
752 4256 855 4301 curam
877 4236 1054 4316 adhibeant,
1079 4256 1137 4318 qua
1160 4237 1256 4319 major
1278 4253 1349 4299 esse
1370 4234 1431 4296 ulla
1461 4239 1602 4312 nequeat.

225 4334 291 4397 Res
314 4337 380 4416 ipsa
404 4355 460 4417 per
481 4354 516 4399 se
538 4340 611 4400 satu
633 4338 775 4419 loquitur,
799 4354 899 4417 neque
922 4336 1011 4412 enim,
1034 4343 1066 4397 ut
1089 4354 1129 4397 ex
1151 4336 1225 4415 ipsis
1240 4333 1472 4397 Protestantium
1495 4330 1604 4410 dispu-

226 4433 390 4496 tationibus
414 4434 602 4517 intelligitur,
625 4436 730 4498 similis
753 4435 908 4516 diligentia
922 4433 1057 4497 adhiberi
1080 4441 1192 4514 potest,
1215 4432 1265 4494 ubi
1280 4449 1340 4494 non
1354 4429 1487 4495 estlides
1510 4449 1604 4493 verua

226 4531 495 4612 substantialisque
519 4534 735 4597 elementorum
759 4533 1024 4597 transmutationis.
1048 4531 1094 4594 De
1117 4549 1154 4592 aa
1177 4549 1297 4613 quoque
1321 4531 1351 4591 ia
1373 4528 1431 4591 boc
1453 4530 1521 4611 ipso
1543 4530 1605 4591 ritu

227 4631 366 4691 occurrit
388 4632 550 4712 perspicua
572 4632 743 4710 confessio,
767 4631 836 4693 dum
859 4632 1010 4696 Sacerdos
1041 4630 1220 4710 pronunciat
1248 4629 1323 4691 haec
1351 4627 1464 4706 verba,
1493 4645 1605 4706 empus

225 4736 366 4790 amicam
388 4737 418 4790 et
439 4733 565 4811 sanquis
587 4733 751 4810 pretioata.
802 4731 876 4792 Nam
907 4748 985 4811 quae
1014 4728 1153 4792 dicuntur
1181 4746 1219 4791 eo
1249 4727 1317 4808 ipsa
1345 4735 1511 4801 momento,
1540 4743 1602 4806 quo

224 4827 315 4906 panis
339 4835 537 4891 consecratus
560 4837 682 4892 tenetur
710 4830 862 4907 manibus,
891 4837 922 4891 et
951 4830 981 4890 in
1010 4828 1135 4890 calicem
1163 4826 1274 4909 digitus
1301 4826 1484 4902 immittitur,
1516 4830 1601 4886 certo
1684 4837 1686 4842 ·

228 4926 344 4987 certius
367 4926 539 5007 significant
561 4927 650 4990 idern
672 4928 867 4990 indubitatam
890 4927 928 4989 de
951 4933 1081 5007 utroque
1100 4926 1163 5007 jam
1185 4921 1330 4985 translato
1352 4924 1382 4984 in
1405 4939 1536 5004 corpus,
1571 4929 1603 4984 et

226 5025 408 5105 sangruaem
431 5023 542 5088 Christi
564 5025 692 5088 Domini
738 5023 826 5098 Quod
850 5032 949 5087 autem
979 5030 1097 5104 spectat
1120 5021 1288 5084 Fractionis
1310 5020 1430 5084 modum
1460 5020 1548 5083 iacile
1575 5020 1602 5082 is
