4525 6034
609 579 661 654 hu
678 576 887 654 LITURGIAM
903 574 1098 652 COPTlChhl
1113 575 1145 652 S.
1161 576 1306 653 BASlLll.
1573 577 1650 652 265

263 771 374 845 potest.
421 763 563 843 llopuom
585 763 678 842 ipitur
698 764 785 824 circa
806 762 876 823 illos
898 780 1004 822 curans
1027 760 1173 823 adbibere
1195 778 1251 822 cos
1273 768 1400 841 oportet,
1424 760 1650 837 oSacerdotes‚

267 884 308 925 nc
329 865 408 926 detis
436 880 549 941 corpus
571 859 686 923 Christi
714 868 743 922 et
770 862 946 941 sanquinem
975 862 1040 939 ejice
1068 859 1229 939 omnm,
1258 867 1289 921 et
1316 869 1477 941 eapropter
1498 861 1651 939 judicium

268 964 455 1024 aestimatis.
501 959 576 1023 Cum
598 959 751 1023 Sanam
776 960 820 1021 ad
846 960 944 1021 mcum
972 957 1026 1020 ubi
1052 965 1123 1019 snt
1150 959 1291 1020 nudieres
1316 961 1506 1039 pervenerit,
1533 961 1651 1040 Quum

266 1060 366 1139 [acia
386 1079 479 1139 srrper
501 1078 571 1136 eas,
594 1065 627 1119 ut
648 1061 803 1138 asperim,
827 1077 895 1120 cum
917 1059 1022 1119 discos
1044 1057 1125 1148 quod
1146 1059 1255 1118 iterum
1274 1057 1372 1136 faciet
1393 1058 1533 1120 absoluto
1546 1077 1652 1120 earum

268 1162 494 1232 commissiones,
524 1166 685 1237 antequam
713 1160 757 1220 ad
784 1159 884 1220 attare
912 1163 1102 1230 revertatur,
1137 1157 1290 1236 dicetque,
1320 1159 1557 1219 communionem
1592 1158 1653 1219 iltis

267 1258 488 1337 impudendo,
511 1257 590 1318 sicut
611 1275 679 1317 cum
700 1259 778 1318 ciris
800 1257 1000 1318 distribuitur.
1047 1252 1122 1315 Cum
1144 1256 1188 1316 ad
1209 1256 1309 1316 altore
1329 1274 1472 1318 reoermus
1493 1259 1566 1332 erit,
1588 1257 1651 1317 ad·

266 1356 331 1417 turc
352 1357 394 1417 ad
416 1353 608 1417 Occidentem
630 1373 796 1416 cccccccccc
817 1356 950 1436 aptabit
966 1354 1130 1435 papirium,
1153 1355 1233 1416 siem
1249 1357 1340 1434 prius
1358 1355 1498 1434 [camon
1528 1373 1650 1417 omnes-

266 1475 328 1537 que
350 1457 467 1517 interea
494 1457 597 1534 capita
625 1474 684 1516 seta
704 1474 797 1535 rusque
824 1457 867 1516 ad
895 1464 1010 1516 tarum
1039 1471 1145 1515 coram
1174 1452 1240 1514 Deo
1268 1452 1470 1529 inclinabunt,
1499 1455 1650 1516 dicentes:

267 1554 424 1617 Memento
447 1553 541 1615 nostri
564 1553 708 1631 Domine,
733 1571 801 1615 cum
822 1555 945 1616 veneris
968 1553 998 1614 iu
1020 1569 1149 1634 regnum
1172 1559 1269 1627 tuum;
1299 1559 1423 1615 sanctus
1453 1554 1554 1633 Pater,
1576 1569 1651 1614 san-

266 1662 340 1716 ctus
361 1653 472 1730 Filius,
496 1659 619 1714 sanctus
642 1652 771 1732 Spiritus
795 1660 932 1728 sanctus,
956 1650 1087 1712 Trinitas
1110 1657 1233 1728 sanctu,
1268 1659 1298 1712 et
1323 1670 1401 1731 quae
1428 1671 1524 1733 stupro
1551 1670 1651 1731 eapo-

265 1754 385 1814 suimus
406 1753 493 1814 circa
516 1769 628 1830 corpus
650 1758 681 1812 et
700 1753 894 1831 suspirium,
917 1751 975 1812 boc
996 1757 1043 1810 est
1063 1750 1144 1829 quod
1165 1768 1277 1828 corpus
1297 1759 1327 1812 et
1348 1753 1473 1831 sanpuis
1502 1770 1564 1813 susa
1591 1752 1654 1812 sint

266 1851 435 1924 diuinitas3
469 1858 499 1911 et
525 1850 607 1930 quod
634 1851 780 1911 diuinitas
809 1852 873 1929 aas
900 1847 1045 1924 (Christi)
1073 1867 1134 1908 nan
1164 1848 1300 1909 destituit
1327 1851 1392 1927 dns
1420 1850 1650 1912 humanitatem:

266 1951 407 2030 qnodque
430 1957 493 2011 tres
510 1968 662 2029 pascum
683 1949 824 2011 oobuntas
844 1967 907 2010 una
932 1951 1010 2023 siut,
1038 1946 1200 2009 arbitrium
1227 1964 1337 2007 riuum:
1367 1949 1503 2029 modone
1528 1929 1651 2024 ’(Βειιε)

268 2048 487 2110 btmrorsitatem
522 2051 587 2127 sius
621 2067 681 2108 non
716 2049 898 2122 desemerit,
934 2049 966 2108 in
995 2046 1207 2125 ενιιεὶβείειιε,
1237 2052 1291 2106 ant
1309 2053 1382 2126 post
1413 2047 1651 2126 cnscifisionern,

267 2148 408 2228 modone
430 2148 489 2210 boe
511 2166 634 2222 auses,
657 2147 731 2222 (hoo
754 2154 802 2208 εει
830 2145 1059 2209 henedictiones
1082 2161 1151 2205 cum
1174 2142 1258 2213 disco
1282 2143 1312 2204 in
1335 2162 1396 2224 quo
1425 2151 1473 2208 est
1501 2143 1665 2207 Euchari-'

269 2247 366 2323 stia,)
389 2267 430 2308 ee
451 2248 518 2326 ipso
541 2254 570 2307 et
589 2265 647 2325 per
668 2247 767 2325 ipssun
786 2246 878 2324 fiant:
901 2265 941 2306 ex
964 2261 1093 2322 corpore
1115 2241 1232 2304 Christi
1252 2250 1281 2303 et
1298 2261 1358 2322 per
1387 2262 1498 2323 corpus
1520 2242 1652 2306 Christi:

267 2347 408 2425 quodque
429 2344 577 2406 Dominus
598 2362 653 2404 eas
675 2345 880 2422 expresserit,
909 2344 1031 2423 quando
1056 2341 1150 2422 [repit
1172 2361 1299 2422 ponens,
1330 2351 1359 2404 et
1384 2344 1468 2405 dedit
1497 2344 1653 2423 discipulis

268 2447 339 2506 mss's
369 2446 402 2505 in
435 2444 610 2507 camundo.
658 2441 695 2503 Ut
722 2459 783 2504 non
815 2440 903 2504 detur
933 2441 1102 2504 communio
1136 2441 1193 2502 nisi
1223 2443 1302 2505 notis
1333 2444 1489 2523 personiS,
1521 2450 1654 2506 statuuat

268 2543 357 2605 multi
392 2541 532 2605 Oenones
561 2562 601 2604 ex
634 2541 805 2604 Didascalia
833 2560 889 2604 sau
916 2540 1101 2622 apostolicis
1131 2538 1422 2621 constitutionibus,
1452 2561 1529 2623 quos
1557 2541 1654 2604 refert

268 2640 491 2704 Echmimensis
522 2640 717 2704 Collectionis
747 2658 821 2702 suae
852 2658 918 2721 cap.
943 2640 972 2703 2.
1015 2639 1201 2704 Ebnussalus
1230 2649 1261 2703 et
1289 2641 1356 2717 alii,
1386 2658 1531 2722 reumque
1562 2640 1650 2704 officii
1691 2713 1696 2718 .

266 2743 321 2804 sui
342 2740 474 2823 neglecti
496 2740 691 2803 Sacerdotem
714 2740 765 2821 qui
787 2758 878 2802 secus
906 2748 994 2824 agat,
1025 2739 1128 2802 statuit
1156 2739 1262 2803 Petrus
1291 2739 1438 2803 hlelichae
1467 2741 1649 2822 Episcopus,

266 2841 483 2921 Responsione
507 2841 621 2921 quintu.
664 2838 774 2920 Detegi
798 2847 904 2921 caput,
936 2841 1066 2901 etiams
1096 2838 1290 2915 mulieribus,
1325 2837 1413 2902 iidem
1443 2839 1649 2921 praecipuum

271 2940 355 3021 quod
377 2940 473 3024 magis
496 2938 594 3001 adhuc
617 2936 840 3001 observandum
865 2939 945 3020 apud
968 2957 1023 3001 eos
1054 2945 1118 3015 est,
1151 2939 1201 3018 qui
1229 2938 1309 3000 huno
1338 2938 1461 3000 honoris
1492 2937 1650 3001 deserendi

268 3057 388 3102 morem
417 3055 477 3101 uon
499 3038 608 3101 hubent
631 3039 661 3099 in
685 3038 746 3099 vitu
769 3038 859 3099 civili.

362 3139 446 3212 Quae
469 3138 562 3199 verbu
586 3154 603 3196 a
626 3136 790 3201 Sacerdote
813 3136 940 3199 dicende
970 3138 1046 3215 sint,
1071 3154 1138 3198 cuns
1169 3135 1407 3197 communionum
1434 3129 1579 3217 praehet,
1609 3138 1649 3198 ita
1697 3146 1765 3208 Quint
1783 3146 1875 3199 dicitur
1893 3163 1908 3199 a
1926 3147 1976 3200 ss.

269 3237 455 3319 praescribit
476 3235 607 3300 Gabriel.
652 3236 807 3297 Sacerdos
829 3255 896 3297 cum
918 3237 1066 3297 ministris
1086 3236 1197 3297 attaris
1219 3242 1249 3296 et
1269 3235 1340 3296 aliis
1357 3235 1520 3315 praebebit
1540 3234 1769 3316 corpuscerdote
1807 3250 1864 3287 cun
1902 3233 1977 3287 astur

267 3339 444 3412 mirream,
466 3337 549 3396 dicet
569 3337 699 3415 coptice,
723 3332 842 3416 Corpus
872 3342 903 3395 et
931 3335 1056 3416 sanguis
1078 3333 1278 3397 Emmanuelis
1300 3333 1360 3396 Dei
1382 3335 1489 3411 nostri,
1518 3334 1575 3397 hoc
1604 3341 1650 3397 est
1663 3323 1818 3373 ⁰⁰¹¹¹¹¹¹¹¹¹¹³⁰·

270 3436 304 3497 in
334 3437 379 3497 rei
410 3436 548 3497 veritate.
594 3433 725 3514 Cunsaue
754 3451 866 3513 empus
895 3442 1033 3494 sanctum
1058 3435 1210 3512 impertiet
1241 3433 1355 3513 absque
1376 3435 1538 3514 sonpuine,
1561 3435 1650 3498 dicet.

272 3534 395 3614 Corpus
417 3534 619 3598 Emmanuelis
642 3532 699 3595 Dei
721 3533 833 3608 nostri,
858 3530 915 3594 hoc
939 3541 986 3594 est
1008 3534 1039 3594 in
1061 3531 1106 3594 rei
1130 3532 1267 3594 veritate.
1305 3532 1417 3595 Amen<
1442 3540 1472 3594 et
1491 3535 1546 3612 qui
1565 3552 1652 3596 corn-

270 3636 426 3710 manicat,
453 3634 549 3696 dicet:
577 3632 684 3697 Amen.
731 3630 764 3693 ln
787 3630 940 3694 Cuuonum
967 3629 1126 3693 Ebnsssali
1156 3649 1223 3711 cap.
1256 3629 1307 3692 13.
1352 3632 1506 3693 Sacerdos
1534 3633 1652 3713 imper,-

273 3736 377 3796 tiendo
399 3752 510 3812 conpru
532 3735 626 3794 dicet:
650 3731 714 3793 lloc
737 3739 785 3794 est
806 3748 918 3811 corpus
937 3729 1049 3794 Christi
1072 3730 1152 3811 quod
1176 3729 1295 3793 tradidit
1308 3748 1366 3812 pro
1380 3732 1513 3812 pereatis
1528 3734 1651 3811 nostris,

274 3839 307 3893 et
327 3834 380 3912 qui
400 3833 525 3910 recipit,
548 3833 644 3893 dicet:
667 3831 774 3893 Amen.
818 3829 867 3891 lta
889 3832 941 3910 qni
960 3838 1059 3910 pestat
1081 3831 1222 3905 calicem,
1251 3831 1344 3892 dicet:
1376 3829 1431 3892 llic
1453 3838 1502 3892 εει
1524 3832 1650 3915 sanguis

187 3965 193 3972 ·
276 3931 388 3994 Christi
412 3948 501 4011 quam
524 3929 628 3992 elludit
650 3948 706 4011 pro
728 3929 831 4004 nobis;
854 3937 883 3991 et
904 3931 956 4008 qui
976 3931 1099 4009 recipit,
1121 3928 1331 4008 respondebit:
1353 3927 1460 3991 hmen.
1489 3927 1521 3990 ln
1546 3927 1652 3992 Cohe-

274 4031 378 4093 ctione
400 4028 617 4092 Echmimensis
640 4047 707 4109 cap.
737 4026 788 4093 tt.
818 4028 856 4091 dc
885 4030 1092 4091 communione
1123 4030 1162 4104 itu
1192 4029 1393 4108 praecipitur:
1422 4028 1654 4091 Eucharisticus

270 4131 381 4209 pansis,
404 4148 479 4196 non„
487 4130 656 4204 dividetur,
678 4131 723 4190 ita
744 4135 777 4189 ut
794 4128 967 4207 partiendae
989 4131 1130 4190 minum
1153 4130 1229 4203 siut,
1259 4128 1308 4190 oet
1328 4129 1399 4189 talis
1427 4128 1651 4208 moestitudinis,

161 4275 172 4284 ,
272 4235 309 4289 ut
329 4247 392 4288 ussa
413 4230 479 4290 uice
509 4227 628 4289 absumi
655 4245 715 4288 non
742 4228 879 4305 possint:
908 4228 964 4287 sed
993 4246 1097 4289 emam
1125 4230 1279 4308 qsmntitos
1301 4227 1388 4302 tatis,
1417 4235 1450 4288 ut
1476 4244 1531 4287 ore
1553 4227 1655 4305 possit

273 4328 433 4390 contheeri.
479 4326 540 4402 Oui
559 4335 660 4388 autem
689 4327 925 4388 omnmunionem
948 4329 1093 4407 accipiet,
1127 4346 1164 4388 os
1185 4327 1320 4388 claumos
1343 4332 1458 4400 taceat,
1482 4343 1593 4385 caoem
1613 4343 1652 4385 ne
1700 4325 1739 4376 tto
1756 4325 1903 4381 dissilirent
1919 4346 1976 4400 cap.

273 4425 350 4505 quid
360 4446 401 4486 ca
413 4426 607 4488 Eucharistiae
629 4426 767 4499 decidat,
790 4432 844 4486 out
865 4445 905 4486 eo
927 4428 1089 4506 intersepta
1107 4426 1239 4488 desdam
1254 4425 1400 4488 elabatur.
1428 4423 1527 4503 Super
1540 4441 1651 4484 msam-
1664 4412 1695 4507 df
1713 4410 1839 4481 tuum
1863 4414 1961 4468 celebra

274 4542 424 4605 quommte
452 4525 634 4603 partic-odam
661 4525 839 4603 impressum
869 4526 929 4585 em't
953 4527 1071 4605 mpetum
1099 4527 1218 4600 crucis,
1244 4526 1441 4605 proportione
1468 4522 1591 4595 habita,
1621 4505 1736 4582 ut¹'⁰'⁸‘·
1766 4575 1768 4580 .

273 4622 370 4701 facite
392 4625 494 4703 accipi
514 4642 535 4684 a
556 4624 794 4685 communicante
814 4631 913 4703 mesot.
958 4624 1018 4698 Oui
1038 4644 1112 4687 oero
1135 4626 1371 4686 communionum
1388 4624 1534 4702 accipiet,
1556 4619 1654 4682 babe-

277 4722 324 4782 bit
351 4729 444 4801 caput
469 4724 632 4800 medamm
660 4736 824 4802 manum
853 4722 1061 4801 conformatas
1087 4726 1119 4784 in
1148 4724 1250 4784 muas
1281 4723 1418 4798 modum,
1449 4739 1505 4783 cor
1533 4721 1653 4795 humile,

277 4819 383 4880 acidos
404 4822 567 4896 desirium,
596 4824 729 4884 animum
753 4839 833 4899 prae
860 4822 1025 4884 bumilitate
1053 4824 1214 4902 defectuum,
1242 4822 1408 4902 confitendo
1437 4840 1471 4882 se
1500 4821 1654 4901 indipnnm

277 4936 347 4979 esse
368 4922 540 5000 dammandi
560 4924 639 5002 ipnis
661 4922 766 4984 dicim
812 4921 873 4996 Oui
893 4923 1129 4983 commemorem
1148 4921 1286 5001 praebet,
1308 4921 1400 4982 dicit:
1423 4918 1488 4982 Hoc
1510 4927 1557 4982 est
1580 4937 1654 4982 cor-

277 5034 338 5096 pus
367 5016 478 5082 Christi
508 5020 588 5100 quod
618 5020 739 5084 tradidit
768 5037 825 5101 pro
855 5023 988 5101 peccatis
1016 5022 1147 5095 nostris,
1178 5027 1209 5082 et
1233 5021 1286 5101 psi
1313 5020 1530 5095 canmssnicat,
1560 5020 1653 5082 dicit:
