4525 6034
698 598 751 670 32
1212 598 1572 677 LITURGIA

802 784 990 854 Diaconos.
1034 783 1137 855 Orate
1164 806 1227 880 pro
1253 783 1352 877 Rege
1378 796 1493 858 nostro
1521 784 1686 859 Christum
1715 798 1855 860 amante.

802 898 986 971 Sacerdos.
1028 900 1197 972 Memento
1225 901 1387 990 Domine,
1415 926 1531 975 eorum
1558 907 1614 999 qui
1639 915 1867 996 regnaverunt
1894 927 1969 975 eum
1995 909 2075 1001 pie-

697 1026 778 1106 tate,
805 1027 840 1087 et
867 1039 981 1088 eornm
1010 1020 1064 1111 qni
1090 1028 1243 1109 regnant.

803 1133 991 1204 Diaconos.
1033 1132 1202 1206 Memento
1229 1134 1385 1227 Domine,
1411 1135 1554 1208 fidelium
1581 1136 1719 1209 fratrum
1746 1148 1945 1209 nostrorum.

589 1342 591 1357 Ι
802 1249 985 1321 Sacerdos.
1030 1248 1199 1323 Memento
1233 1251 1397 1341 nomine,
1429 1250 1573 1324 fidelium
1605 1252 1744 1326 fratrum
1778 1265 1969 1326 nostrorum
2002 1252 2075 1324 Or-

699 1366 935 1456 thodoxornm
963 1369 1018 1462 qui
1044 1370 1179 1439 suntin
1206 1368 1343 1463 palatio,
1370 1379 1405 1440 et
1431 1373 1539 1442 omnis
1567 1375 1748 1443 exercitus.

802 1483 991 1554 Diaconos.
1037 1482 1142 1555 Orate
1175 1506 1238 1579 pro
1274 1486 1316 1557 iis
1352 1488 1407 1579 qni
1442 1497 1517 1558 sunt
1548 1488 1582 1556 in
1615 1485 1738 1581 palatio
1765 1485 1924 1558 fratribus
1951 1490 2074 1559 nostris

697 1598 863 1690 fidelibus7
890 1610 923 1671 et
950 1597 1169 1689 Ortbodoxis‚
1197 1610 1231 1672 ct
1256 1623 1319 1696 pro
1346 1604 1507 1673 universo
1535 1607 1695 1674 exercitu.

802 1715 986 1788 Sacerdos.
1026 1715 1196 1788 Memento
1227 1716 1391 1806 Domine,
1424 1739 1540 1789 eorum
1581 1720 1635 1813 qui
1675 1718 1732 1790 tibi
1767 1717 1956 1791 obtulerunt
1992 1718 2075 1791 baec

698 1833 799 1925 dona,
826 1844 1002 1906 eteorum
1030 1837 1084 1929 qui
1110 1856 1175 1929 pro
1202 1855 1242 1906 se
1269 1832 1476 1925 annnorum,
1512 1842 1546 1906 et
1582 1856 1698 1906 eorum
1724 1857 1787 1930 pro
1815 1835 1934 1928 quibus
1962 1834 2074 1908 oblata

699 1961 794 2022 sunt:
821 1949 972 2022 conceda
999 1949 1153 2023 omnibus
1181 1950 1370 2022 mercedem
1399 1973 1420 2022 c
1446 1949 1554 2023 coelo.

799 2066 989 2137 Diaconos.
1035 2066 1140 2138 Orate
1164 2088 1227 2162 pro
1254 2070 1296 2138 iis
1323 2068 1379 2162 qui
1406 2066 1603 2139 obtulerunt.

801 2182 986 2254 Sacerdos.
1028 2182 1199 2254 Memento
1234 2182 1390 2273 Domine,
1425 2182 1640 2256 habitantium
1672 2186 1706 2254 in
1740 2183 1907 2255 montibus
1947 2192 1981 2255 et
2008 2208 2073 2255 ca-

695 2302 825 2374 vernis:
854 2310 889 2370 et
920 2297 1059 2371 fratrum
1090 2308 1281 2371 nostrorum
1315 2303 1371 2393 qni
1405 2310 1482 2373 sunt
1513 2303 1548 2372 in
1583 2303 1790 2395 captivitate:
1826 2300 1976 2372 concede
2010 2297 2073 2370 illis

694 2429 731 2490 ut
757 2415 897 2512 pacifice
924 2414 966 2487 ad
992 2436 1052 2486 sua
1081 2414 1247 2487 domicilia
1273 2426 1494 2489 revertantur.

800 2535 988 2605 Diaconos.
1043 2532 1146 2604 Orate
1172 2554 1234 2628 pro
1262 2534 1413 2628 captivis.

801 2649 961 2743 Populos.
1013 2650 1158 2721 Domine
1183 2651 1354 2720 miserere.

800 2768 988 2838 Diaconos.
1040 2763 1194 2838 Adorate
1220 2787 1341 2857 agnum
1369 2765 1519 2839 Verbum
1544 2765 1619 2836 Dei.

800 2882 975 2955 Sacerdos
1000 2888 1145 2953 secreto.
1198 2881 1387 2971 Memento,
1420 2880 1582 2969 Domine,
1615 2882 1780 2951 tenuitatis
1813 2903 1910 2951 meae
1943 2891 1976 2951 et
2007 2904 2071 2952 re-

695 3002 786 3071 mitte
812 2999 891 3071 mihi
916 3009 1056 3094 peccata
1082 3021 1176 3089 mea,
1202 3006 1238 3068 ut
1263 2997 1320 3070 ubi
1347 2997 1528 3071 abundavit
1552 2999 1728 3092 iniquitaS‚
1755 2996 1801 3069 ibi
1826 2997 2073 3092 superabundet

694 3121 804 3209 gratia
830 3126 901 3187 tua:
928 3138 1038 3210 neque
1063 3123 1202 3210 propter
1226 3124 1366 3209 peccata
1393 3136 1469 3186 mea
1496 3104 1653 3209 propria,
1685 3123 1718 3184 et
1750 3122 1889 3208 propter
1922 3113 2071 3186 maculas

695 3232 806 3306 cordis
833 3235 899 3302 mei
926 3231 1084 3327 deprives
1109 3227 1268 3327 populum
1293 3241 1382 3302 tunm
1409 3234 1518 3323 gratia
1544 3231 1687 3325 Spiritus
1715 3234 1822 3303 sancti
1848 3233 1905 3301 tui.

798 3347 960 3441 Populos.
1014 3345 1179 3419 Miserere
1205 3348 1329 3435 nostri,
1355 3344 1448 3418 Deus
1476 3346 1635 3419 Salvator
1660 3357 1785 3418 noster.

798 3464 974 3536 Sacerdos
1008 3463 1082 3532 alta
1111 3484 1207 3533 coac.
1262 3461 1348 3548 Quia
1382 3461 1524 3558 populus
1559 3472 1633 3534 tuns
1668 3472 1702 3534 et
1736 3460 1890 3535 Ecclesia
1925 3472 2001 3551 tua,
2037 3473 2072 3533 te

692 3579 875 3653 obsecrant
910 3589 943 3650 et
968 3577 1101 3650 Patrem
1129 3587 1218 3649 tuum
1245 3589 1374 3669 tecum,
1410 3579 1578 3670 dicentes,
1613 3579 1778 3651 Miserere
1817 3581 1942 3669 nostri,
1976 3579 2072 3649 Deus

696 3696 856 3770 Salvator
882 3703 1007 3768 noster.
1062 3694 1222 3767 Concede
1248 3695 1371 3790 populo
1399 3704 1457 3766 tuo
1488 3716 1550 3767 cor
1579 3717 1695 3767 unum:
1728 3694 1771 3766 da
1805 3693 2071 3789 tranquillitatem

695 3811 834 3885 mundo:
869 3814 1063 3908 temperiem
1096 3811 1219 3885 bonam
1253 3816 1338 3883 aeri:
1373 3811 1532 3905 dignare,
1564 3812 1732 3900 Domine,
1765 3810 1966 3883 benedicere
2006 3810 2072 3881 boc

696 3950 783 4000 anno
811 3937 933 4000 ventos
960 3927 1046 3999 coeli
1081 3938 1115 3999 et
1146 3926 1261 4020 fruges
1296 3936 1416 3998 terrae.
1477 3927 1643 4020 Dignam,
1674 3927 1835 4017 Domine,
1868 3925 2071 3999 benedicere

696 4065 801 4140 aquas
827 4041 989 4135 fluminis,
1021 4043 1206 4116 ascendere
1234 4066 1293 4116 eas
1320 4042 1375 4115 fac
1398 4045 1495 4134 juxta
1521 4066 1710 4117 mensnram
1745 4066 1855 4134 snam,
1890 4043 2073 4116 secmrdum

693 4162 837 4251 gratiam
863 4170 961 4231 tuam.
1015 4159 1176 4233 Laetifica
1203 4158 1326 4231 faciem
1353 4170 1483 4248 terrae,
1511 4169 1574 4231 etc.
1601 4161 1661 4231 Ec
1686 4160 1847 4255 Litorpio
1872 4160 2007 4231 Basilii.

798 4276 937 4351 Infirmis
978 4278 1168 4351 sanitatem:
1203 4273 1424 4367 indigentibus
1460 4275 1630 4349 solatium:
1663 4275 1894 4349 liberationem
1928 4279 2072 4371 captivis

694 4391 864 4464 concede:
896 4395 1030 4487 suscipe
1065 4391 1107 4464 ad
1140 4402 1174 4463 tc
1201 4389 1388 4487 orphanos:
1417 4392 1575 4465 auxilium
1603 4393 1644 4464 da
1671 4392 1804 4466 viduis:
1832 4415 1893 4466 eos
1921 4397 1975 4487 qui
2002 4416 2073 4464 an-

693 4512 901 4600 gustiantur,
927 4507 1025 4581 bonis
1045 4518 1213 4581 sustenta:
1241 4497 1307 4580 eos'
1327 4512 1383 4604 qui
1401 4510 1593 4581 cecidenmt
1610 4513 1721 4603 erige:
1749 4520 1876 4583 stantes
1894 4509 2071 4584 confirma:

695 4622 925 4696 defunctorum
950 4633 1135 4698 memento:
1162 4646 1277 4697 eorum
1306 4627 1421 4720 quiin
1449 4625 1663 4698 confessione
1690 4635 1783 4715 sunt‚
1813 4625 2073 4721 deprecationes

695 4743 851 4836 suscipe:
877 4744 1086 4836 poenitentes
1112 4763 1251 4820 numera
1277 4764 1353 4813 cum
1379 4740 1530 4815 fidelibus
1557 4746 1642 4834 mis,
1675 4754 1711 4815 et
1741 4742 1857 4817 fideles
1889 4754 1965 4817 tuos
1992 4766 2072 4815 cum

694 4854 896 4950 martyribus
923 4859 1005 4929 tuis:
1043 4867 1078 4928 et
1112 4879 1173 4930 cos
1207 4861 1263 4953 qui
1295 4856 1348 4929 hic
1374 4857 1512 4949 adsunt,
1546 4858 1671 4932 similes
1698 4856 1792 4931 effice
1817 4859 1959 4952 Angelis
1986 4863 2072 4932 tuis:

695 4992 760 5042 nos
787 4993 919 5066 qnoque
946 4976 1001 5068 qui
1026 4973 1106 5046 licet
1130 4974 1257 5067 indigni
1284 4973 1327 5046 ad
1353 4976 1568 5046 ministerium
1595 4984 1704 5068 tuum,
1731 4978 1960 5071 pergratiam
1978 4986 2072 5047 tuam

693 5090 809 5160 vocati
835 5109 966 5179 sumus,
993 5090 1036 5161 ad
1061 5100 1095 5162 te
1121 5092 1265 5187 suscipe.
