<?xml version="1.0" encoding="UTF-8"?>
<!DOCTYPE html PUBLIC "-//W3C//DTD XHTML 1.0 Transitional//EN"
    "http://www.w3.org/TR/xhtml1/DTD/xhtml1-transitional.dtd">
<html xmlns="http://www.w3.org/1999/xhtml" xml:lang="en" lang="en">
 <head>
  <title>
</title>
<meta http-equiv="Content-Type" content="text/html;charset=utf-8" />
  <meta name='ocr-system' content='tesseract 3.04.00' />
  <meta name='ocr-capabilities' content='ocr_page ocr_carea ocr_par ocr_line ocrx_word'/>
</head>
<body>
  <div class='ocr_page' id='page_1' title='image "./liturgiarumorie00unkngoog/liturgiarumorie00unkngoog_0915.png"; bbox 0 0 4525 6034; ppageno 0'>
   <div class='ocr_carea' id='block_1_1' title="bbox 578 612 1591 692">
    <p class='ocr_par' dir='ltr' id='par_1_1' title="bbox 578 612 1591 692">
     <span class='ocr_line' id='line_1_1' title="bbox 578 612 1591 692; baseline -0.001 -2"><span class='ocrx_word' id='word_1_1' title='bbox 578 615 620 690; x_wconf 81' lang='lat' dir='ltr'><strong>itt</strong></span> <span class='ocrx_word' id='word_1_2' title='bbox 644 613 852 690; x_wconf 71' lang='lat' dir='ltr'><strong>tumeam</strong></span> <span class='ocrx_word' id='word_1_3' title='bbox 878 612 1087 692; x_wconf 69' lang='lat' dir='ltr'><strong>cinnamis</strong></span> <span class='ocrx_word' id='word_1_4' title='bbox 1113 615 1269 692; x_wconf 71' lang='lat' dir='ltr'><strong>nonme</strong></span> <span class='ocrx_word' id='word_1_5' title='bbox 1516 615 1591 689; x_wconf 84' lang='lat'><strong>201</strong></span> 
     </span>
    </p>
   </div>
   <div class='ocr_carea' id='block_1_2' title="bbox 216 795 1917 1770">
    <p class='ocr_par' dir='ltr' id='par_1_2' title="bbox 216 795 1596 879">
     <span class='ocr_line' id='line_1_2' title="bbox 216 795 1596 879; baseline -0.001 -17"><span class='ocrx_word' id='word_1_6' title='bbox 216 797 403 862; x_wconf 80' lang='lat' dir='ltr'><strong>beatimdine</strong></span> <span class='ocrx_word' id='word_1_7' title='bbox 425 815 487 860; x_wconf 90' lang='lat' dir='ltr'><strong>non</strong></span> <span class='ocrx_word' id='word_1_8' title='bbox 507 796 626 879; x_wconf 82' lang='lat' dir='ltr'><strong>pertrui</strong></span> <span class='ocrx_word' id='word_1_9' title='bbox 648 798 820 862; x_wconf 84' lang='lat' dir='ltr'><strong>existimant</strong></span> <span class='ocrx_word' id='word_1_10' title='bbox 826 816 836 872; x_wconf 92' lang='lat'>;</span> <span class='ocrx_word' id='word_1_11' title='bbox 859 815 918 878; x_wconf 89' lang='lat' dir='ltr'><strong>qua</strong></span> <span class='ocrx_word' id='word_1_12' title='bbox 940 795 1036 874; x_wconf 84' lang='lat' dir='ltr'><strong>dore,</strong></span> <span class='ocrx_word' id='word_1_13' title='bbox 1058 799 1186 862; x_wconf 86' lang='lat' dir='ltr'><strong>maxima</strong></span> <span class='ocrx_word' id='word_1_14' title='bbox 1197 799 1357 863; x_wconf 84' lang='lat' dir='ltr'><strong>Ferrariaa</strong></span> <span class='ocrx_word' id='word_1_15' title='bbox 1380 798 1596 862; x_wconf 82' lang='lat' dir='ltr'><strong>etFlorentiae</strong></span> 
     </span>
    </p>

    <p class='ocr_par' dir='ltr' id='par_1_3' title="bbox 217 895 1596 979">
     <span class='ocr_line' id='line_1_3' title="bbox 217 895 1596 979; baseline 0.001 -19"><span class='ocrx_word' id='word_1_16' title='bbox 217 898 372 960; x_wconf 82' lang='lat' dir='ltr'><strong>contentio</strong></span> <span class='ocrx_word' id='word_1_17' title='bbox 394 895 460 976; x_wconf 84' lang='lat' dir='ltr'><strong>fuit,</strong></span> <span class='ocrx_word' id='word_1_18' title='bbox 483 903 516 959; x_wconf 97' lang='grc' dir='ltr'><strong>ιιι</strong></span> <span class='ocrx_word' id='word_1_19' title='bbox 538 896 577 959; x_wconf 89' lang='lat' dir='ltr'><strong>de</strong></span> <span class='ocrx_word' id='word_1_20' title='bbox 597 897 794 978; x_wconf 81' lang='lat' dir='ltr'><strong>Purgatorio:</strong></span> <span class='ocrx_word' id='word_1_21' title='bbox 824 897 893 977; x_wconf 89' lang='lat' dir='ltr'><strong>qnia</strong></span> <span class='ocrx_word' id='word_1_22' title='bbox 924 896 1001 960; x_wconf 87' lang='lat' dir='ltr'><strong>duae</strong></span> <span class='ocrx_word' id='word_1_23' title='bbox 1025 896 1094 961; x_wconf 90' lang='lat' dir='ltr'><strong>illae</strong></span> <span class='ocrx_word' id='word_1_24' title='bbox 1119 901 1314 979; x_wconf 79' lang='lat' dir='ltr'><strong>quaestiones</strong></span> <span class='ocrx_word' id='word_1_25' title='bbox 1337 900 1495 962; x_wconf 90' lang='lat' dir='ltr'><strong>maximam</strong></span> <span class='ocrx_word' id='word_1_26' title='bbox 1517 899 1596 961; x_wconf 86' lang='lat' dir='ltr'><strong>inter</strong></span> 
     </span>
    </p>

    <p class='ocr_par' dir='ltr' id='par_1_4' title="bbox 217 994 1917 1178">
     <span class='ocr_line' id='line_1_4' title="bbox 217 994 1917 1079; baseline 0.004 -21"><span class='ocrx_word' id='word_1_27' title='bbox 217 1013 253 1058; x_wconf 89' lang='lat' dir='ltr'><strong>se</strong></span> <span class='ocrx_word' id='word_1_28' title='bbox 275 994 387 1059; x_wconf 85' lang='lat' dir='ltr'><strong>habent</strong></span> <span class='ocrx_word' id='word_1_29' title='bbox 409 996 588 1063; x_wconf 80' lang='lat' dir='ltr'><strong>affinitatem.</strong></span> <span class='ocrx_word' id='word_1_30' title='bbox 632 996 678 1058; x_wconf 87' lang='lat' dir='ltr'><strong>De</strong></span> <span class='ocrx_word' id='word_1_31' title='bbox 701 995 759 1059; x_wconf 90' lang='lat' dir='ltr'><strong>hoo</strong></span> <span class='ocrx_word' id='word_1_32' title='bbox 782 1002 962 1078; x_wconf 74' lang='lat' dir='ltr'><strong>argomento</strong></span> <span class='ocrx_word' id='word_1_33' title='bbox 986 995 1053 1058; x_wconf 81' lang='lat' dir='ltr'><strong>fuse</strong></span> <span class='ocrx_word' id='word_1_34' title='bbox 1076 996 1189 1060; x_wconf 86' lang='lat' dir='ltr'><strong>dictum</strong></span> <span class='ocrx_word' id='word_1_35' title='bbox 1212 1005 1258 1061; x_wconf 88' lang='lat' dir='ltr'><strong>ost</strong></span> <span class='ocrx_word' id='word_1_36' title='bbox 1282 997 1362 1063; x_wconf 88' lang='lat' dir='ltr'><strong>alibi.</strong></span> <span class='ocrx_word' id='word_1_37' title='bbox 1391 998 1471 1061; x_wconf 88' lang='lat' dir='ltr'><strong>Sane</strong></span> <span class='ocrx_word' id='word_1_38' title='bbox 1495 996 1595 1060; x_wconf 86' lang='lat' dir='ltr'><strong>Grae·</strong></span> <span class='ocrx_word' id='word_1_39' title='bbox 1660 1008 1734 1079; x_wconf 68' lang='lat' dir='ltr'><strong>Pap.</strong></span> <span class='ocrx_word' id='word_1_40' title='bbox 1760 1009 1786 1063; x_wconf 75' lang='lat' dir='ltr'><strong>t.</strong></span> <span class='ocrx_word' id='word_1_41' title='bbox 1808 1012 1832 1061; x_wconf 79' lang='lat'><strong>⁵.</strong></span> <span class='ocrx_word' id='word_1_42' title='bbox 1855 1011 1917 1064; x_wconf 76' lang='lat' dir='ltr'><strong>ta.</strong></span> 
     </span>
     <span class='ocr_line' id='line_1_5' title="bbox 218 1094 1693 1178; baseline 0.001 -21"><span class='ocrx_word' id='word_1_43' title='bbox 218 1112 326 1157; x_wconf 86' lang='lat' dir='ltr'><strong>corum</strong></span> <span class='ocrx_word' id='word_1_44' title='bbox 348 1096 387 1158; x_wconf 87' lang='lat' dir='ltr'><strong>de</strong></span> <span class='ocrx_word' id='word_1_45' title='bbox 410 1097 573 1158; x_wconf 87' lang='lat' dir='ltr'><strong>animarum</strong></span> <span class='ocrx_word' id='word_1_46' title='bbox 596 1103 667 1176; x_wconf 90' lang='lat' dir='ltr'><strong>post</strong></span> <span class='ocrx_word' id='word_1_47' title='bbox 693 1101 820 1158; x_wconf 88' lang='lat' dir='ltr'><strong>mortem</strong></span> <span class='ocrx_word' id='word_1_48' title='bbox 850 1094 1032 1172; x_wconf 87' lang='lat' dir='ltr'><strong>conditione,</strong></span> <span class='ocrx_word' id='word_1_49' title='bbox 1055 1094 1202 1158; x_wconf 86' lang='lat' dir='ltr'><strong>absurdas</strong></span> <span class='ocrx_word' id='word_1_50' title='bbox 1226 1097 1426 1178; x_wconf 69' lang='lat' dir='ltr'><strong>opinationes,</strong></span> <span class='ocrx_word' id='word_1_51' title='bbox 1450 1096 1595 1160; x_wconf 89' lang='lat' dir='ltr'><strong>Orienta-</strong></span> <span class='ocrx_word' id='word_1_52' title='bbox 1625 1111 1648 1150; x_wconf 75' lang='lat'><strong>⁰·</strong></span> <span class='ocrx_word' id='word_1_53' title='bbox 1667 1094 1693 1144; x_wconf 85' lang='lat'><strong>9.</strong></span> 
     </span>
    </p>

    <p class='ocr_par' dir='ltr' id='par_1_5' title="bbox 217 1179 1596 1278">
     <span class='ocr_line' id='line_1_6' title="bbox 217 1179 1596 1278; baseline 0.002 -22"><span class='ocrx_word' id='word_1_54' title='bbox 217 1193 296 1257; x_wconf 86' lang='lat' dir='ltr'><strong>lihus</strong></span> <span class='ocrx_word' id='word_1_55' title='bbox 319 1197 439 1278; x_wconf 77' lang='lat' dir='ltr'><strong>ignotas</strong></span> <span class='ocrx_word' id='word_1_56' title='bbox 462 1213 533 1258; x_wconf 89' lang='lat' dir='ltr'><strong>esse</strong></span> <span class='ocrx_word' id='word_1_57' title='bbox 556 1193 755 1256; x_wconf 90' lang='lat' dir='ltr'><strong>certissimum</strong></span> <span class='ocrx_word' id='word_1_58' title='bbox 776 1192 905 1255; x_wconf 85' lang='lat' dir='ltr'><strong>videtur.</strong></span> <span class='ocrx_word' id='word_1_59' title='bbox 935 1192 1023 1267; x_wconf 80' lang='lat' dir='ltr'><strong>Quod</strong></span> <span class='ocrx_word' id='word_1_60' title='bbox 1035 1212 1111 1257; x_wconf 83' lang='lat' dir='ltr'><strong>uero</strong></span> <span class='ocrx_word' id='word_1_61' title='bbox 1126 1193 1285 1257; x_wconf 86' lang='lat' dir='ltr'><strong>beatorum</strong></span> <span class='ocrx_word' id='word_1_62' title='bbox 1298 1197 1413 1258; x_wconf 87' lang='lat' dir='ltr'><strong>animae</strong></span> <span class='ocrx_word' id='word_1_63' title='bbox 1431 1179 1596 1259; x_wconf 77' lang='lat' dir='ltr'><strong>‘coetestem</strong></span> 
     </span>
    </p>

    <p class='ocr_par' dir='ltr' id='par_1_6' title="bbox 217 1289 1653 1376">
     <span class='ocr_line' id='line_1_7' title="bbox 217 1289 1653 1376; baseline 0.001 -22"><span class='ocrx_word' id='word_1_64' title='bbox 217 1292 347 1376; x_wconf 81' lang='lat' dir='ltr'><strong>gloriam</strong></span> <span class='ocrx_word' id='word_1_65' title='bbox 370 1293 489 1374; x_wconf 88' lang='lat' dir='ltr'><strong>plenam</strong></span> <span class='ocrx_word' id='word_1_66' title='bbox 512 1300 602 1373; x_wconf 91' lang='lat' dir='ltr'><strong>atque</strong></span> <span class='ocrx_word' id='word_1_67' title='bbox 625 1289 791 1372; x_wconf 72' lang='lat' dir='ltr'><strong>perfectam</strong></span> <span class='ocrx_word' id='word_1_68' title='bbox 814 1291 852 1354; x_wconf 92' lang='lat' dir='ltr'><strong>ad</strong></span> <span class='ocrx_word' id='word_1_69' title='bbox 867 1290 1001 1354; x_wconf 88' lang='lat' dir='ltr'><strong>ultimum</strong></span> <span class='ocrx_word' id='word_1_70' title='bbox 1017 1311 1115 1373; x_wconf 87' lang='lat' dir='ltr'><strong>usquc</strong></span> <span class='ocrx_word' id='word_1_71' title='bbox 1132 1294 1278 1376; x_wconf 87' lang='lat' dir='ltr'><strong>judicium</strong></span> <span class='ocrx_word' id='word_1_72' title='bbox 1300 1301 1491 1376; x_wconf 81' lang='lat' dir='ltr'><strong>exspectent,</strong></span> <span class='ocrx_word' id='word_1_73' title='bbox 1514 1294 1596 1357; x_wconf 90' lang='lat' dir='ltr'><strong>scri·</strong></span> <span class='ocrx_word' id='word_1_74' title='bbox 1648 1350 1653 1366; x_wconf 86' lang='lat'><strong>,</strong></span> 
     </span>
    </p>

    <p class='ocr_par' dir='ltr' id='par_1_7' title="bbox 217 1390 1596 1473">
     <span class='ocr_line' id='line_1_8' title="bbox 217 1390 1596 1473; baseline 0.002 -19"><span class='ocrx_word' id='word_1_75' title='bbox 217 1391 280 1473; x_wconf 90' lang='lat' dir='ltr'><strong>psit</strong></span> <span class='ocrx_word' id='word_1_76' title='bbox 302 1391 405 1455; x_wconf 77' lang='lat' dir='ltr'><strong>Moses</strong></span> <span class='ocrx_word' id='word_1_77' title='bbox 428 1391 583 1472; x_wconf 88' lang='lat' dir='ltr'><strong>Barcepha</strong></span> <span class='ocrx_word' id='word_1_78' title='bbox 605 1391 636 1452; x_wconf 89' lang='lat' dir='ltr'><strong>in</strong></span> <span class='ocrx_word' id='word_1_79' title='bbox 654 1391 796 1454; x_wconf 71' lang='lat' dir='ltr'><strong>tractatu</strong></span> <span class='ocrx_word' id='word_1_80' title='bbox 817 1390 856 1453; x_wconf 88' lang='lat' dir='ltr'><strong>de</strong></span> <span class='ocrx_word' id='word_1_81' title='bbox 878 1390 1032 1468; x_wconf 86' lang='lat' dir='ltr'><strong>Paradiso,</strong></span> <span class='ocrx_word' id='word_1_82' title='bbox 1056 1400 1148 1472; x_wconf 88' lang='lat' dir='ltr'><strong>atque</strong></span> <span class='ocrx_word' id='word_1_83' title='bbox 1170 1394 1211 1455; x_wconf 94' lang='lat' dir='ltr'><strong>ita</strong></span> <span class='ocrx_word' id='word_1_84' title='bbox 1234 1393 1300 1456; x_wconf 84' lang='lat' dir='ltr'><strong>fieri</strong></span> <span class='ocrx_word' id='word_1_85' title='bbox 1320 1394 1428 1473; x_wconf 87' lang='lat' dir='ltr'><strong>potuit,</strong></span> <span class='ocrx_word' id='word_1_86' title='bbox 1452 1399 1485 1454; x_wconf 92' lang='grc' dir='ltr'><strong>ιιι</strong></span> <span class='ocrx_word' id='word_1_87' title='bbox 1507 1401 1596 1457; x_wconf 90' lang='lat' dir='ltr'><strong>autor</strong></span> 
     </span>
    </p>

    <p class='ocr_par' dir='ltr' id='par_1_8' title="bbox 218 1489 1595 1573">
     <span class='ocr_line' id='line_1_9' title="bbox 218 1489 1595 1573; baseline 0.001 -21"><span class='ocrx_word' id='word_1_88' title='bbox 218 1490 307 1571; x_wconf 86' lang='lat' dir='ltr'><strong>hujus</strong></span> <span class='ocrx_word' id='word_1_89' title='bbox 329 1490 486 1573; x_wconf 75' lang='lat' dir='ltr'><strong>liturgiae</strong></span> <span class='ocrx_word' id='word_1_90' title='bbox 507 1491 539 1552; x_wconf 92' lang='lat' dir='ltr'><strong>in</strong></span> <span class='ocrx_word' id='word_1_91' title='bbox 561 1491 666 1553; x_wconf 87' lang='lat' dir='ltr'><strong>eadem</strong></span> <span class='ocrx_word' id='word_1_92' title='bbox 688 1491 837 1553; x_wconf 86' lang='lat' dir='ltr'><strong>sententia</strong></span> <span class='ocrx_word' id='word_1_93' title='bbox 867 1489 971 1567; x_wconf 80' lang='lat' dir='ltr'><strong>tuerit,</strong></span> <span class='ocrx_word' id='word_1_94' title='bbox 1000 1509 1068 1553; x_wconf 90' lang='lat' dir='ltr'><strong>curn</strong></span> <span class='ocrx_word' id='word_1_95' title='bbox 1092 1509 1200 1573; x_wconf 79' lang='lat' dir='ltr'><strong>magna</strong></span> <span class='ocrx_word' id='word_1_96' title='bbox 1223 1493 1262 1555; x_wconf 88' lang='lat' dir='ltr'><strong>sit</strong></span> <span class='ocrx_word' id='word_1_97' title='bbox 1285 1493 1378 1556; x_wconf 83' lang='lat' dir='ltr'><strong>Masis</strong></span> <span class='ocrx_word' id='word_1_98' title='bbox 1407 1491 1487 1554; x_wconf 88' lang='lat' dir='ltr'><strong>illius</strong></span> <span class='ocrx_word' id='word_1_99' title='bbox 1516 1491 1595 1573; x_wconf 91' lang='lat' dir='ltr'><strong>apud</strong></span> 
     </span>
    </p>

    <p class='ocr_par' dir='ltr' id='par_1_9' title="bbox 218 1587 1595 1674">
     <span class='ocr_line' id='line_1_10' title="bbox 218 1587 1595 1674; baseline 0.001 -22"><span class='ocrx_word' id='word_1_100' title='bbox 218 1588 374 1654; x_wconf 86' lang='lat' dir='ltr'><strong>Jacobitas</strong></span> <span class='ocrx_word' id='word_1_101' title='bbox 396 1608 470 1653; x_wconf 87' lang='lat' dir='ltr'><strong>suos</strong></span> <span class='ocrx_word' id='word_1_102' title='bbox 493 1591 649 1654; x_wconf 87' lang='lat' dir='ltr'><strong>autoritas.</strong></span> <span class='ocrx_word' id='word_1_103' title='bbox 695 1589 773 1651; x_wconf 86' lang='lat' dir='ltr'><strong>Nihil</strong></span> <span class='ocrx_word' id='word_1_104' title='bbox 796 1597 896 1672; x_wconf 86' lang='lat' dir='ltr'><strong>tamen</strong></span> <span class='ocrx_word' id='word_1_105' title='bbox 918 1587 1018 1650; x_wconf 85' lang='lat' dir='ltr'><strong>obstat</strong></span> <span class='ocrx_word' id='word_1_106' title='bbox 1047 1591 1120 1669; x_wconf 91' lang='lat' dir='ltr'><strong>quin</strong></span> <span class='ocrx_word' id='word_1_107' title='bbox 1149 1589 1277 1674; x_wconf 73' lang='lat' dir='ltr'><strong>figurata</strong></span> <span class='ocrx_word' id='word_1_108' title='bbox 1303 1590 1381 1654; x_wconf 78' lang='lat' dir='ltr'><strong>isaeo</strong></span> <span class='ocrx_word' id='word_1_109' title='bbox 1410 1592 1526 1672; x_wconf 91' lang='lat' dir='ltr'><strong>oratio,</strong></span> <span class='ocrx_word' id='word_1_110' title='bbox 1556 1590 1595 1654; x_wconf 87' lang='lat' dir='ltr'><strong>de</strong></span> 
     </span>
    </p>

    <p class='ocr_par' dir='ltr' id='par_1_10' title="bbox 218 1686 1087 1770">
     <span class='ocr_line' id='line_1_11' title="bbox 218 1686 1087 1770; baseline 0 -21"><span class='ocrx_word' id='word_1_111' title='bbox 218 1686 310 1768; x_wconf 90' lang='lat' dir='ltr'><strong>plena</strong></span> <span class='ocrx_word' id='word_1_112' title='bbox 333 1695 599 1770; x_wconf 87' lang='lat' dir='ltr'><strong>consummataque</strong></span> <span class='ocrx_word' id='word_1_113' title='bbox 623 1687 808 1751; x_wconf 86' lang='lat' dir='ltr'><strong>beatitudine</strong></span> <span class='ocrx_word' id='word_1_114' title='bbox 830 1688 928 1768; x_wconf 91' lang='lat' dir='ltr'><strong>possit</strong></span> <span class='ocrx_word' id='word_1_115' title='bbox 950 1687 1087 1770; x_wconf 81' lang='lat' dir='ltr'><strong>intelligi.</strong></span> 
     </span>
    </p>
   </div>
   <div class='ocr_carea' id='block_1_3' title="bbox 582 2044 1226 2094">
    <p class='ocr_par' dir='ltr' id='par_1_11' title="bbox 582 2044 1226 2094">
     <span class='ocr_line' id='line_1_12' title="bbox 582 2044 1226 2094; baseline 0.002 -3"><span class='ocrx_word' id='word_1_116' title='bbox 582 2044 1226 2094; x_wconf 51' lang='grc' dir='ltr'>ψ</span> 
     </span>
    </p>
   </div>
   <div class='ocr_carea' id='block_1_4' title="bbox 608 2457 1216 2641">
    <p class='ocr_par' dir='ltr' id='par_1_12' title="bbox 608 2457 1216 2641">
     <span class='ocr_line' id='line_1_13' title="bbox 608 2457 1216 2641; baseline -0.01 -2"><span class='ocrx_word' id='word_1_117' title='bbox 608 2457 1216 2641; x_wconf 77' lang='lat' dir='ltr'><strong>LITURGIA</strong></span> 
     </span>
    </p>
   </div>
   <div class='ocr_carea' id='block_1_5' title="bbox 536 2791 1366 2936">
    <p class='ocr_par' dir='ltr' id='par_1_13' title="bbox 536 2791 1366 2936">
     <span class='ocr_line' id='line_1_14' title="bbox 536 2791 1366 2936; baseline -0.001 -26"><span class='ocrx_word' id='word_1_118' title='bbox 536 2791 826 2911; x_wconf 78' lang='lat' dir='ltr'><strong>SANCTI</strong></span> <span class='ocrx_word' id='word_1_119' title='bbox 878 2792 1290 2936; x_wconf 82' lang='lat' dir='ltr'><strong>DIONYSII,</strong></span> <span class='ocrx_word' id='word_1_120' title='bbox 1361 2931 1366 2936; x_wconf 81' lang='lat'>.</span> 
     </span>
    </p>
   </div>
   <div class='ocr_carea' id='block_1_6' title="bbox 390 3033 1422 3130">
    <p class='ocr_par' dir='ltr' id='par_1_14' title="bbox 390 3033 1422 3130">
     <span class='ocr_line' id='line_1_15' title="bbox 390 3033 1422 3130; baseline 0.003 -5"><span class='ocrx_word' id='word_1_121' title='bbox 390 3033 1422 3130; x_wconf 80' lang='lat' dir='ltr'><strong>ATHENARUMEPISCOPI.</strong></span> 
     </span>
    </p>
   </div>
   <div class='ocr_carea' id='block_1_7' title="bbox 622 3297 1196 3369">
    <p class='ocr_par' dir='ltr' id='par_1_15' title="bbox 622 3297 1196 3369">
     <span class='ocr_line' id='line_1_16' title="bbox 622 3297 1196 3369; baseline 0 -1"><span class='ocrx_word' id='word_1_122' title='bbox 622 3298 774 3369; x_wconf 81' lang='lat' dir='ltr'><strong>Primum</strong></span> <span class='ocrx_word' id='word_1_123' title='bbox 801 3298 923 3369; x_wconf 81' lang='lat' dir='ltr'><strong>Oratio</strong></span> <span class='ocrx_word' id='word_1_124' title='bbox 950 3304 1032 3369; x_wconf 86' lang='lat' dir='ltr'><strong>ante</strong></span> <span class='ocrx_word' id='word_1_125' title='bbox 1058 3297 1196 3368; x_wconf 82' lang='lat' dir='ltr'><strong>Pacem</strong></span> 
     </span>
    </p>
   </div>
   <div class='ocr_carea' id='block_1_8' title="bbox 217 3509 1695 5131">
    <p class='ocr_par' dir='ltr' id='par_1_16' title="bbox 217 3509 1695 5131">
     <span class='ocr_line' id='line_1_17' title="bbox 324 3509 1594 3634; baseline 0.006 -28"><span class='ocrx_word' id='word_1_126' title='bbox 324 3534 508 3606; x_wconf 72' lang='grc' dir='ltr'>δαοενιιθε.</span> <span class='ocrx_word' id='word_1_127' title='bbox 549 3509 815 3612; x_wconf 75' lang='lat' dir='ltr'><strong>Doxmalleus</strong></span> <span class='ocrx_word' id='word_1_128' title='bbox 843 3540 898 3634; x_wconf 93' lang='lat' dir='ltr'><strong>qui</strong></span> <span class='ocrx_word' id='word_1_129' title='bbox 925 3559 963 3608; x_wconf 90' lang='lat' dir='ltr'><strong>es</strong></span> <span class='ocrx_word' id='word_1_130' title='bbox 991 3537 1150 3633; x_wconf 85' lang='lat' dir='ltr'><strong>simplex,</strong></span> <span class='ocrx_word' id='word_1_131' title='bbox 1178 3558 1246 3609; x_wconf 90' lang='lat' dir='ltr'><strong>non</strong></span> <span class='ocrx_word' id='word_1_132' title='bbox 1274 3539 1479 3633; x_wconf 86' lang='lat' dir='ltr'><strong>compositus</strong></span> <span class='ocrx_word' id='word_1_133' title='bbox 1507 3540 1594 3613; x_wconf 85' lang='lat' dir='ltr'><strong>abs-</strong></span> 
     </span>
     <span class='ocr_line' id='line_1_18' title="bbox 218 3652 1596 3746; baseline 0.001 -19"><span class='ocrx_word' id='word_1_134' title='bbox 218 3652 438 3745; x_wconf 82' lang='lat' dir='ltr'><strong>conditusque</strong></span> <span class='ocrx_word' id='word_1_135' title='bbox 474 3654 509 3721; x_wconf 92' lang='lat' dir='ltr'><strong>in</strong></span> <span class='ocrx_word' id='word_1_136' title='bbox 544 3654 690 3724; x_wconf 86' lang='lat' dir='ltr'><strong>essentia</strong></span> <span class='ocrx_word' id='word_1_137' title='bbox 726 3652 874 3742; x_wconf 88' lang='lat' dir='ltr'><strong>sublimi,</strong></span> <span class='ocrx_word' id='word_1_138' title='bbox 911 3652 1006 3725; x_wconf 89' lang='lat' dir='ltr'><strong>Deus</strong></span> <span class='ocrx_word' id='word_1_139' title='bbox 1037 3654 1139 3724; x_wconf 89' lang='lat' dir='ltr'><strong>Pater</strong></span> <span class='ocrx_word' id='word_1_140' title='bbox 1174 3675 1194 3723; x_wconf 91' lang='lat' dir='ltr'><strong>a</strong></span> <span class='ocrx_word' id='word_1_141' title='bbox 1236 3674 1302 3746; x_wconf 92' lang='lat' dir='ltr'><strong>quo</strong></span> <span class='ocrx_word' id='word_1_142' title='bbox 1340 3674 1463 3725; x_wconf 89' lang='lat' dir='ltr'><strong>nomen</strong></span> <span class='ocrx_word' id='word_1_143' title='bbox 1495 3654 1596 3729; x_wconf 86' lang='lat' dir='ltr'><strong>hahet</strong></span> 
     </span>
     <span class='ocr_line' id='line_1_19' title="bbox 219 3766 1595 3863; baseline 0.002 -22"><span class='ocrx_word' id='word_1_144' title='bbox 219 3770 331 3841; x_wconf 88' lang='lat' dir='ltr'><strong>omnis</strong></span> <span class='ocrx_word' id='word_1_145' title='bbox 357 3766 539 3861; x_wconf 84' lang='lat' dir='ltr'><strong>paternitas</strong></span> <span class='ocrx_word' id='word_1_146' title='bbox 566 3789 653 3861; x_wconf 89' lang='lat' dir='ltr'><strong>qnae</strong></span> <span class='ocrx_word' id='word_1_147' title='bbox 680 3769 713 3837; x_wconf 92' lang='lat' dir='ltr'><strong>in</strong></span> <span class='ocrx_word' id='word_1_148' title='bbox 740 3766 838 3840; x_wconf 90' lang='lat' dir='ltr'><strong>coelo</strong></span> <span class='ocrx_word' id='word_1_149' title='bbox 865 3778 919 3839; x_wconf 90' lang='lat' dir='ltr'><strong>est</strong></span> <span class='ocrx_word' id='word_1_150' title='bbox 944 3779 978 3838; x_wconf 92' lang='lat' dir='ltr'><strong>et</strong></span> <span class='ocrx_word' id='word_1_151' title='bbox 1003 3771 1037 3838; x_wconf 91' lang='lat' dir='ltr'><strong>in</strong></span> <span class='ocrx_word' id='word_1_152' title='bbox 1058 3777 1160 3857; x_wconf 90' lang='lat' dir='ltr'><strong>terra,</strong></span> <span class='ocrx_word' id='word_1_153' title='bbox 1185 3766 1384 3863; x_wconf 90' lang='lat' dir='ltr'><strong>Principium</strong></span> <span class='ocrx_word' id='word_1_154' title='bbox 1401 3768 1595 3860; x_wconf 84' lang='lat' dir='ltr'><strong>divinitatis,</strong></span> 
     </span>
     <span class='ocr_line' id='line_1_20' title="bbox 219 3880 1593 3980; baseline 0 -24"><span class='ocrx_word' id='word_1_155' title='bbox 219 3904 338 3956; x_wconf 89' lang='lat' dir='ltr'><strong>eorum</strong></span> <span class='ocrx_word' id='word_1_156' title='bbox 365 3884 420 3977; x_wconf 89' lang='lat' dir='ltr'><strong>qni</strong></span> <span class='ocrx_word' id='word_1_157' title='bbox 446 3891 586 3953; x_wconf 86' lang='lat' dir='ltr'><strong>naturae</strong></span> <span class='ocrx_word' id='word_1_158' title='bbox 612 3880 746 3953; x_wconf 88' lang='lat' dir='ltr'><strong>divinae</strong></span> <span class='ocrx_word' id='word_1_159' title='bbox 772 3884 985 3978; x_wconf 84' lang='lat' dir='ltr'><strong>participant,</strong></span> <span class='ocrx_word' id='word_1_160' title='bbox 1016 3894 1051 3954; x_wconf 89' lang='lat' dir='ltr'><strong>ct</strong></span> <span class='ocrx_word' id='word_1_161' title='bbox 1075 3882 1247 3979; x_wconf 83' lang='lat' dir='ltr'><strong>perfector</strong></span> <span class='ocrx_word' id='word_1_162' title='bbox 1274 3905 1390 3956; x_wconf 91' lang='lat' dir='ltr'><strong>eorum</strong></span> <span class='ocrx_word' id='word_1_163' title='bbox 1425 3886 1479 3978; x_wconf 91' lang='lat' dir='ltr'><strong>qui</strong></span> <span class='ocrx_word' id='word_1_164' title='bbox 1506 3907 1593 3980; x_wconf 93' lang='lat' dir='ltr'><strong>per-</strong></span> 
     </span>
     <span class='ocr_line' id='line_1_21' title="bbox 218 3995 1593 4095; baseline 0.001 -25"><span class='ocrx_word' id='word_1_165' title='bbox 218 3999 397 4080; x_wconf 81' lang='lat' dir='ltr'><strong>fectionem</strong></span> <span class='ocrx_word' id='word_1_166' title='bbox 425 4006 690 4092; x_wconf 88' lang='lat' dir='ltr'><strong>consequuntur:</strong></span> <span class='ocrx_word' id='word_1_167' title='bbox 717 3995 825 4071; x_wconf 89' lang='lat' dir='ltr'><strong>bonus</strong></span> <span class='ocrx_word' id='word_1_168' title='bbox 852 4000 1088 4091; x_wconf 84' lang='lat' dir='ltr'><strong>superomnia</strong></span> <span class='ocrx_word' id='word_1_169' title='bbox 1115 3999 1220 4082; x_wconf 86' lang='lat' dir='ltr'><strong>hona,</strong></span> <span class='ocrx_word' id='word_1_170' title='bbox 1256 3996 1458 4093; x_wconf 87' lang='lat' dir='ltr'><strong>pulcherque</strong></span> <span class='ocrx_word' id='word_1_171' title='bbox 1491 4023 1593 4095; x_wconf 83' lang='lat' dir='ltr'><strong>supra</strong></span> 
     </span>
     <span class='ocr_line' id='line_1_22' title="bbox 217 4110 1593 4208; baseline -0.001 -21"><span class='ocrx_word' id='word_1_172' title='bbox 217 4117 330 4188; x_wconf 87' lang='lat' dir='ltr'><strong>omnia</strong></span> <span class='ocrx_word' id='word_1_173' title='bbox 357 4110 511 4207; x_wconf 87' lang='lat' dir='ltr'><strong>pulchra:</strong></span> <span class='ocrx_word' id='word_1_174' title='bbox 540 4111 756 4206; x_wconf 77' lang='lat' dir='ltr'><strong>tranquillitas</strong></span> <span class='ocrx_word' id='word_1_175' title='bbox 782 4112 934 4208; x_wconf 83' lang='lat' dir='ltr'><strong>pacifica,</strong></span> <span class='ocrx_word' id='word_1_176' title='bbox 961 4136 1047 4208; x_wconf 86' lang='lat' dir='ltr'><strong>pax,</strong></span> <span class='ocrx_word' id='word_1_177' title='bbox 1075 4114 1254 4186; x_wconf 91' lang='lat' dir='ltr'><strong>concordia</strong></span> <span class='ocrx_word' id='word_1_178' title='bbox 1281 4123 1315 4184; x_wconf 91' lang='lat' dir='ltr'><strong>et</strong></span> <span class='ocrx_word' id='word_1_179' title='bbox 1342 4116 1419 4185; x_wconf 91' lang='lat' dir='ltr'><strong>unio</strong></span> <span class='ocrx_word' id='word_1_180' title='bbox 1447 4117 1593 4187; x_wconf 90' lang='lat' dir='ltr'><strong>omnium</strong></span> 
     </span>
     <span class='ocr_line' id='line_1_23' title="bbox 219 4225 1592 4323; baseline 0.001 -23"><span class='ocrx_word' id='word_1_181' title='bbox 219 4232 415 4301; x_wconf 89' lang='lat' dir='ltr'><strong>animorum.</strong></span> <span class='ocrx_word' id='word_1_182' title='bbox 469 4225 645 4322; x_wconf 82' lang='lat' dir='ltr'><strong>Compone</strong></span> <span class='ocrx_word' id='word_1_183' title='bbox 672 4227 808 4301; x_wconf 88' lang='lat' dir='ltr'><strong>dissidia</strong></span> <span class='ocrx_word' id='word_1_184' title='bbox 836 4249 922 4323; x_wconf 92' lang='lat' dir='ltr'><strong>qnae</strong></span> <span class='ocrx_word' id='word_1_185' title='bbox 954 4250 1018 4301; x_wconf 90' lang='lat' dir='ltr'><strong>nos</strong></span> <span class='ocrx_word' id='word_1_186' title='bbox 1045 4231 1188 4301; x_wconf 89' lang='lat' dir='ltr'><strong>invicem</strong></span> <span class='ocrx_word' id='word_1_187' title='bbox 1224 4228 1388 4317; x_wconf 86' lang='lat' dir='ltr'><strong>dividunt,</strong></span> <span class='ocrx_word' id='word_1_188' title='bbox 1424 4237 1457 4300; x_wconf 91' lang='lat' dir='ltr'><strong>et</strong></span> <span class='ocrx_word' id='word_1_189' title='bbox 1488 4229 1592 4302; x_wconf 87' lang='lat' dir='ltr'><strong>reduc</strong></span> 
     </span>
     <span class='ocr_line' id='line_1_24' title="bbox 220 4341 1592 4438; baseline 0 -23"><span class='ocrx_word' id='word_1_190' title='bbox 220 4367 262 4415; x_wconf 89' lang='lat' dir='ltr'><strong>ea</strong></span> <span class='ocrx_word' id='word_1_191' title='bbox 291 4342 333 4416; x_wconf 90' lang='lat' dir='ltr'><strong>ad</strong></span> <span class='ocrx_word' id='word_1_192' title='bbox 359 4346 515 4415; x_wconf 87' lang='lat' dir='ltr'><strong>unionem</strong></span> <span class='ocrx_word' id='word_1_193' title='bbox 541 4345 699 4432; x_wconf 66' lang='lat' dir='ltr'><strong>caritatis</strong></span> <span class='ocrx_word' id='word_1_194' title='bbox 728 4365 814 4438; x_wconf 88' lang='lat' dir='ltr'><strong>quae</strong></span> <span class='ocrx_word' id='word_1_195' title='bbox 840 4343 985 4438; x_wconf 88' lang='lat' dir='ltr'><strong>aliquam</strong></span> <span class='ocrx_word' id='word_1_196' title='bbox 1011 4348 1178 4416; x_wconf 87' lang='lat' dir='ltr'><strong>essentiae</strong></span> <span class='ocrx_word' id='word_1_197' title='bbox 1205 4353 1282 4414; x_wconf 86' lang='lat' dir='ltr'><strong>tuae</strong></span> <span class='ocrx_word' id='word_1_198' title='bbox 1309 4341 1458 4416; x_wconf 88' lang='lat' dir='ltr'><strong>sublimis</strong></span> <span class='ocrx_word' id='word_1_199' title='bbox 1493 4345 1592 4417; x_wconf 85' lang='lat' dir='ltr'><strong>sinri-</strong></span> 
     </span>
     <span class='ocr_line' id='line_1_25' title="bbox 217 4457 1592 4553; baseline -0.002 -22"><span class='ocrx_word' id='word_1_200' title='bbox 217 4459 388 4531; x_wconf 87' lang='lat' dir='ltr'><strong>litudinam</strong></span> <span class='ocrx_word' id='word_1_201' title='bbox 415 4457 545 4531; x_wconf 85' lang='lat' dir='ltr'><strong>habeat.</strong></span> <span class='ocrx_word' id='word_1_202' title='bbox 598 4457 642 4530; x_wconf 84' lang='lat' dir='ltr'><strong>Et</strong></span> <span class='ocrx_word' id='word_1_203' title='bbox 669 4462 754 4531; x_wconf 88' lang='lat' dir='ltr'><strong>sicut</strong></span> <span class='ocrx_word' id='word_1_204' title='bbox 779 4480 864 4531; x_wconf 91' lang='lat' dir='ltr'><strong>unus</strong></span> <span class='ocrx_word' id='word_1_205' title='bbox 891 4479 928 4530; x_wconf 90' lang='lat' dir='ltr'><strong>es</strong></span> <span class='ocrx_word' id='word_1_206' title='bbox 956 4481 1056 4553; x_wconf 92' lang='lat' dir='ltr'><strong>super</strong></span> <span class='ocrx_word' id='word_1_207' title='bbox 1084 4462 1206 4548; x_wconf 85' lang='lat' dir='ltr'><strong>omnia,</strong></span> <span class='ocrx_word' id='word_1_208' title='bbox 1233 4457 1287 4529; x_wconf 85' lang='lat' dir='ltr'><strong>iac</strong></span> <span class='ocrx_word' id='word_1_209' title='bbox 1303 4479 1366 4530; x_wconf 91' lang='lat' dir='ltr'><strong>nos</strong></span> <span class='ocrx_word' id='word_1_210' title='bbox 1393 4480 1503 4545; x_wconf 80' lang='lat' dir='ltr'><strong>mum,</strong></span> <span class='ocrx_word' id='word_1_211' title='bbox 1531 4480 1592 4552; x_wconf 92' lang='lat' dir='ltr'><strong>per</strong></span> 
     </span>
     <span class='ocr_line' id='line_1_26' title="bbox 219 4572 1592 4667; baseline 0.001 -24"><span class='ocrx_word' id='word_1_212' title='bbox 219 4576 466 4646; x_wconf 85' lang='lat' dir='ltr'><strong>unanimitatem</strong></span> <span class='ocrx_word' id='word_1_213' title='bbox 492 4574 604 4647; x_wconf 90' lang='lat' dir='ltr'><strong>bonae</strong></span> <span class='ocrx_word' id='word_1_214' title='bbox 631 4576 768 4664; x_wconf 77' lang='lat' dir='ltr'><strong>mentia,</strong></span> <span class='ocrx_word' id='word_1_215' title='bbox 799 4584 835 4645; x_wconf 92' lang='lat' dir='ltr'><strong>ut</strong></span> <span class='ocrx_word' id='word_1_216' title='bbox 861 4573 1047 4667; x_wconf 77' lang='lat' dir='ltr'><strong>simplices,</strong></span> <span class='ocrx_word' id='word_1_217' title='bbox 1080 4583 1114 4644; x_wconf 89' lang='lat' dir='ltr'><strong>et</strong></span> <span class='ocrx_word' id='word_1_218' title='bbox 1145 4596 1213 4645; x_wconf 93' lang='lat' dir='ltr'><strong>non</strong></span> <span class='ocrx_word' id='word_1_219' title='bbox 1249 4572 1347 4647; x_wconf 84' lang='lat' dir='ltr'><strong>divisi</strong></span> <span class='ocrx_word' id='word_1_220' title='bbox 1384 4575 1592 4645; x_wconf 85' lang='lat' dir='ltr'><strong>inveniamur</strong></span> 
     </span>
     <span class='ocr_line' id='line_1_27' title="bbox 219 4686 1591 4785; baseline -0.001 -24"><span class='ocrx_word' id='word_1_221' title='bbox 219 4711 336 4761; x_wconf 86' lang='lat' dir='ltr'><strong>coram</strong></span> <span class='ocrx_word' id='word_1_222' title='bbox 362 4699 396 4760; x_wconf 90' lang='lat' dir='ltr'><strong>te</strong></span> <span class='ocrx_word' id='word_1_223' title='bbox 428 4692 461 4759; x_wconf 90' lang='lat' dir='ltr'><strong>in</strong></span> <span class='ocrx_word' id='word_1_224' title='bbox 496 4699 647 4785; x_wconf 90' lang='lat' dir='ltr'><strong>tempore</strong></span> <span class='ocrx_word' id='word_1_225' title='bbox 674 4687 738 4761; x_wconf 89' lang='lat' dir='ltr'><strong>hoc</strong></span> <span class='ocrx_word' id='word_1_226' title='bbox 770 4691 922 4785; x_wconf 77' lang='lat' dir='ltr'><strong>mysterii</strong></span> <span class='ocrx_word' id='word_1_227' title='bbox 953 4688 1155 4784; x_wconf 84' lang='lat' dir='ltr'><strong>peragendi:</strong></span> <span class='ocrx_word' id='word_1_228' title='bbox 1188 4697 1290 4783; x_wconf 88' lang='lat' dir='ltr'><strong>utque</strong></span> <span class='ocrx_word' id='word_1_229' title='bbox 1321 4710 1383 4784; x_wconf 92' lang='lat' dir='ltr'><strong>per</strong></span> <span class='ocrx_word' id='word_1_230' title='bbox 1416 4686 1591 4784; x_wconf 85' lang='lat' dir='ltr'><strong>amplexus</strong></span> 
     </span>
     <span class='ocr_line' id='line_1_28' title="bbox 220 4801 1591 4897; baseline 0 -22"><span class='ocrx_word' id='word_1_231' title='bbox 220 4805 382 4892; x_wconf 88' lang='lat' dir='ltr'><strong>caritatis,</strong></span> <span class='ocrx_word' id='word_1_232' title='bbox 410 4813 445 4874; x_wconf 91' lang='lat' dir='ltr'><strong>et</strong></span> <span class='ocrx_word' id='word_1_233' title='bbox 469 4825 579 4876; x_wconf 87' lang='lat' dir='ltr'><strong>nexus</strong></span> <span class='ocrx_word' id='word_1_234' title='bbox 607 4801 803 4893; x_wconf 86' lang='lat' dir='ltr'><strong>dilectionis,</strong></span> <span class='ocrx_word' id='word_1_235' title='bbox 830 4803 1043 4897; x_wconf 86' lang='lat' dir='ltr'><strong>spiritualiter</strong></span> <span class='ocrx_word' id='word_1_236' title='bbox 1069 4826 1168 4875; x_wconf 91' lang='lat' dir='ltr'><strong>unum</strong></span> <span class='ocrx_word' id='word_1_237' title='bbox 1185 4806 1299 4893; x_wconf 82' lang='lat' dir='ltr'><strong>simus,</strong></span> <span class='ocrx_word' id='word_1_238' title='bbox 1326 4814 1391 4875; x_wconf 91' lang='lat' dir='ltr'><strong>tam</strong></span> <span class='ocrx_word' id='word_1_239' title='bbox 1419 4803 1591 4876; x_wconf 86' lang='lat' dir='ltr'><strong>nobiscum</strong></span> 
     </span>
     <span class='ocr_line' id='line_1_29' title="bbox 217 4919 1592 5016; baseline 0.001 -29"><span class='ocrx_word' id='word_1_240' title='bbox 217 4920 315 5012; x_wconf 87' lang='lat' dir='ltr'><strong>ipsis,</strong></span> <span class='ocrx_word' id='word_1_241' title='bbox 342 4941 440 5015; x_wconf 90' lang='lat' dir='ltr'><strong>qnam</strong></span> <span class='ocrx_word' id='word_1_242' title='bbox 467 4919 509 4992; x_wconf 84' lang='lat' dir='ltr'><strong>ad</strong></span> <span class='ocrx_word' id='word_1_243' title='bbox 536 4923 692 5010; x_wconf 81' lang='lat' dir='ltr'><strong>invicem,</strong></span> <span class='ocrx_word' id='word_1_244' title='bbox 718 4941 780 5016; x_wconf 90' lang='lat' dir='ltr'><strong>per</strong></span> <span class='ocrx_word' id='word_1_245' title='bbox 806 4942 925 5014; x_wconf 89' lang='lat' dir='ltr'><strong>pacem</strong></span> <span class='ocrx_word' id='word_1_246' title='bbox 950 4919 1039 4991; x_wconf 90' lang='lat' dir='ltr'><strong>iilam</strong></span> <span class='ocrx_word' id='word_1_247' title='bbox 1067 4929 1154 4990; x_wconf 90' lang='lat' dir='ltr'><strong>tuam</strong></span> <span class='ocrx_word' id='word_1_248' title='bbox 1182 4922 1294 4990; x_wconf 92' lang='lat' dir='ltr'><strong>omnia</strong></span> <span class='ocrx_word' id='word_1_249' title='bbox 1314 4928 1501 5013; x_wconf 86' lang='lat' dir='ltr'><strong>paeantem,</strong></span> <span class='ocrx_word' id='word_1_250' title='bbox 1530 4941 1592 5014; x_wconf 88' lang='lat' dir='ltr'><strong>per</strong></span> 
     </span>
     <span class='ocr_line' id='line_1_30' title="bbox 217 5013 1695 5131; baseline 0.002 -28"><span class='ocrx_word' id='word_1_251' title='bbox 217 5035 361 5123; x_wconf 71' lang='lat' dir='ltr'><strong>gratim</strong></span> <span class='ocrx_word' id='word_1_252' title='bbox 397 5045 432 5107; x_wconf 88' lang='lat' dir='ltr'><strong>et</strong></span> <span class='ocrx_word' id='word_1_253' title='bbox 464 5035 728 5107; x_wconf 88' lang='lat' dir='ltr'><strong>misericordiam</strong></span> <span class='ocrx_word' id='word_1_254' title='bbox 761 5056 976 5131; x_wconf 88' lang='lat' dir='ltr'><strong>amoremque</strong></span> <span class='ocrx_word' id='word_1_255' title='bbox 1015 5055 1097 5126; x_wconf 86' lang='lat' dir='ltr'><strong>erga</strong></span> <span class='ocrx_word' id='word_1_256' title='bbox 1136 5031 1287 5106; x_wconf 88' lang='lat' dir='ltr'><strong>homines</strong></span> <span class='ocrx_word' id='word_1_257' title='bbox 1321 5035 1482 5125; x_wconf 85' lang='lat' dir='ltr'><strong>unigeniti</strong></span> <span class='ocrx_word' id='word_1_258' title='bbox 1516 5033 1591 5106; x_wconf 86' lang='lat' dir='ltr'><strong>Filii</strong></span> <span class='ocrx_word' id='word_1_259' title='bbox 1689 5013 1695 5026; x_wconf 59' lang='grc'><em>’</em></span> 
     </span>
    </p>
   </div>
   <div class='ocr_carea' id='block_1_9' title="bbox 0 0 2268 6034">
    <p class='ocr_par' dir='ltr' id='par_1_17' title="bbox 0 0 2268 6034">
     <span class='ocr_line' id='line_1_31' title="bbox 0 0 2268 6034; baseline 0 1"><span class='ocrx_word' id='word_1_260' title='bbox 0 0 2268 6034; x_wconf 95' lang='lat' dir='ltr'><strong> </strong></span> 
     </span>
    </p>
   </div>
  </div>
 </body>
</html>
