4525 6034
673 567 791 652 llo
1058 566 1660 645 DEPATRIARCHA

777 754 814 826 In
840 754 1038 850 Pentapoliu
1065 757 1188 828 missos
1215 753 1392 848 aliquando
1418 779 1439 828 a
1465 752 1692 826 Jacohitomm
1718 753 1920 828 Patriurchis
1946 715 2048 830 iuidse
2093 745 2102 754 ’

672 869 862 969 Episcopus
889 873 1041 966 superius
1067 869 1214 944 anobis
1241 868 1458 945 observatum
1486 880 1555 962 εει,
1581 869 1643 942 sed
1669 879 1781 946 tamen
1813 891 1891 940 rara
1926 869 2047 941 admo-

674 984 750 1058 dum
777 986 932 1081 exempla
958 996 1043 1059 sunt.
1076 986 1114 1058 ld
1141 984 1183 1059 ah
1201 984 1341 1081 Yupabo
1366 985 1560 1059 Patriarcha
1585 985 1655 1058 LII.
1683 985 1805 1058 lactum
1831 1007 1925 1076 esse,
1952 985 2050 1058 docet

674 1103 748 1193 ejas
774 1100 932 1175 historia:
959 1102 1020 1175 sed
1047 1125 1089 1174 an
1117 1101 1160 1174 ad
1186 1123 1313 1174 vacuas
1339 1124 1401 1197 per
1416 1101 1660 1202 Episcopomm
1680 1098 1803 1174 ohitnm
1823 1101 1937 1193 sedes,
1964 1102 2048 1174 ahos

673 1221 815 1293 miserit:
843 1241 885 1290 an
910 1240 1022 1291 novos
1048 1216 1273 1315 Episcopatus
1299 1220 1492 1291 instituerit:
1525 1240 1586 1309 an,
1620 1227 1657 1289 ut
1690 1216 1764 1289 fieri
1797 1217 1928 1291 solitum
1964 1227 2047 1307 erat,

674 1331 803 1427 absquo
835 1334 902 1406 ulla
935 1343 1028 1406 certa
1063 1333 1145 1407 sede
1170 1333 1360 1430 Episcopos
1394 1337 1428 1404 in
1459 1355 1519 1407 eas
1551 1338 1710 1427 regiones
1743 1333 1961 1406 destinaverit
1993 1336 2050 1427 qui

674 1448 872 1523 Christianis
897 1459 1116 1545 praeessent,
1151 1450 1312 1522 affirmare
1343 1472 1411 1523 non
1442 1471 1640 1545 possumus,
1672 1471 1783 1544 neque
1812 1449 1930 1521 saltem
1958 1471 2048 1544 cop-

669 1563 830 1657 jectando
857 1570 991 1661 assequi
1021 1566 1119 1640 nohis
1154 1565 1255 1638 licuit.
1315 1563 1414 1638 Nulla
1449 1568 1537 1638 enim
1570 1563 1678 1637 ferme
1708 1564 1836 1637 illarum
1871 1567 2049 1656 regionum

674 1679 762 1777 apud
787 1679 923 1754 Arabes
949 1685 1064 1754 notitia
1091 1690 1164 1769 est,
1194 1704 1305 1777 nequa
1332 1680 1593 1755 Christianorum
1619 1684 1800 1769 memoria,
1833 1690 1890 1753 aut
1925 1678 2050 1751 Graeci

674 1806 731 1868 aot
756 1796 960 1893 Aegyptiaci
987 1800 1085 1887 ritus3
1112 1807 1204 1869 tanta
1231 1807 1364 1893 tamque
1391 1819 1497 1870 saeva
1523 1795 1584 1870 luit
1609 1798 1750 1869 vastitas
1777 1819 1797 1867 a
1824 1794 2048 1867 liuhameda-

671 1913 724 1983 nis
751 1912 852 1985 illata.

381 2017 465 2075 uuna
484 2021 520 2076 ⁵¹¹¹
536 2023 659 2090 runjecu.
777 2028 864 2100 CVI.
890 2028 940 2100 At
964 2030 998 2098 in
1014 2026 1158 2100 Nuhiam
1185 2030 1308 2102 missos
1334 2026 1439 2102 fuisse
1454 2026 1645 2124 Episcopus
1669 2025 1871 2114 ,adacohitis
1887 2027 2049 2100 Alexan-

672 2141 775 2215 drinis
803 2141 944 2215 dubitari
969 2164 1037 2215 non
1065 2154 1187 2239 potest
1239 2143 1330 2215 Ante
1355 2142 1511 2216 haeresin
1538 2165 1654 2216 eorum
1680 2141 1803 2214 iactum
1837 2142 1870 2214 id
1903 2143 1946 2216 ab
1975 2142 2048 2215 Οε-

671 2257 829 2332 thodoxis
855 2257 1034 2354 Episcopis
1060 2257 1177 2347 luisse,
1204 2261 1358 2352 quamvis
1385 2262 1485 2331 certis
1511 2261 1714 2350 argumentis
1748 2257 1946 2331 confirmare
1980 2281 2049 2333 non

671 2372 770 2445 facile
797 2377 850 2462 sit,
878 2396 981 2446 causa
1007 2384 1118 2445 tamen
1145 2374 1265 2448 silentii
1291 2376 1381 2445 circa
1403 2371 1573 2446 Naharum
1595 2373 1783 2447 Ecclesiam
1809 2396 1851 2446 ea
1878 2374 2048 2469 estquod

672 2488 760 2584 apud
786 2488 937 2562 Graecos
963 2489 1169 2584 Latinosque
1195 2491 1377 2585 scriptores
1411 2487 1473 2562 sub
1500 2487 1702 2585 Aethiopum
1735 2489 1887 2582 generali
1923 2487 2047 2586 appel-

671 2601 796 2675 latione
822 2605 1058 2701 comprehensi
1082 2604 1222 2695 fuerint,
1257 2614 1358 2700 atque
1389 2603 1475 2677 adeo
1504 2627 1590 2698 quae
1621 2604 1664 2677 de
1689 2604 1891 2701 Aethiopum
1916 2604 2046 2678 Eccle-

671 2719 722 2790 sia
762 2730 959 2811 occurmmt,
999 2719 1042 2793 ad
1080 2720 1198 2793 Nuhas
1233 2743 1366 2816 quoque
1407 2720 1562 2793 videntur
1599 2723 1787 2816 pertinere,
1827 2730 1865 2792 ut
1901 2721 2047 2795 diversis

669 2832 837 2905 Historiae
849 2834 1085 2911 Pauiarchalis
1111 2836 1197 2909 locis
1225 2839 1416 2933 expositum
1442 2846 1504 2908 est.
1537 2834 1664 2907 Verum
1678 2859 1721 2909 eo
1748 2839 1909 2931 temporis
1935 2840 2046 2909 inter-
2152 2879 2156 2888 ·

669 2947 780 3038 vallo,
808 2950 897 3043 quod
922 2974 942 3022 a
968 2963 1066 3049 capta
1092 2954 1255 3048 Aegypto
1282 2972 1389 3046 usqne
1415 2950 1458 3023 ad
1484 2953 1668 3025 restitutam
1696 2950 1837 3024 Graecis
1870 2950 2046 3025 Orthodo-

670 3067 724 3137 xis
763 3064 1023 3138 Patriarchalcm
1063 3066 1256 3161 dignitatem
1292 3067 1432 3154 effluxit,
1473 3067 1627 3162 quodque
1669 3069 1764 3140 unius
1803 3068 2047 3163 propemodum

344 3169 454 3240 Eeaet.
474 3173 499 3226 T·
518 3176 578 3244 ρι’·
593 3175 656 3263 ³⁸5·
670 3179 796 3253 saeculi
821 3180 900 3272 fuit,
931 3193 967 3254 ut
999 3180 1098 3255 docet
1128 3181 1332 3278 Eutychiae,
1368 3204 1443 3253 cum
1473 3180 1581 3254 nullus
1616 3192 1693 3254 ttmc
1728 3182 1815 3278 apud
1853 3204 1916 3256 cos
1956 3182 2047 3256 foret

668 3296 881 3389 Patriarcha,
907 3295 1008 3370 Nubii
1035 3301 1090 3392 qui
1116 3297 1307 3394 Episcopos
1334 3318 1429 3369 more
1456 3301 1619 3391 majorum
1641 3295 1848 3370 Alexandria
1873 3299 2045 3394 petebant,

670 3432 731 3484 eos
758 3434 832 3484 cum
859 3411 1057 3486 adacohitis
1073 3412 1277 3486 Patriarchis
1304 3412 1490 3503 ordinatos,
1518 3424 1617 3509 atque
1630 3412 1762 3485 haeresi
1789 3412 1932 3486 iniectos
1960 3437 2043 3488 sus-

668 3528 857 3621 cepissent,
894 3550 968 3599 eam
1003 3550 1136 3623 quoque
1162 3531 1285 3602 incauti
1312 3535 1535 3624 acceperunt,
1571 3539 1605 3601 et
1637 3532 1671 3599 in
1697 3526 1783 3600 hunc
1812 3529 1949 3601 modum
1978 3540 2047 3604 tota

667 3639 777 3713 Nuhia
803 3641 891 3714 lacta
919 3654 972 3715 est
996 3641 1192 3717 Jacohitica.
1244 3644 1415 3739 Deinceps
1442 3665 1528 3715 vero
1553 3642 1677 3715 nullum
1705 3647 1839 3717 omuino
1864 3649 2046 3739 vestigium

668 3760 814 3828 occurrit
838 3762 1012 3831 restitutae
1037 3761 1124 3830 inter
1151 3782 1213 3832 eos
1238 3759 1317 3832 fidei
1343 3759 1572 3832 Orthodoxae.
1624 3760 1724 3833 Isaac
1745 3760 1940 3835 Patriaraha
1958 3761 2044 3833 XLI.

668 3873 725 3965 qui
755 3875 845 3945 circa
873 3896 992 3945 annum
1017 3874 1047 3946 J.
1076 3873 1114 3947 C.
1140 3874 1405 3948 DCLXXXVII.
1433 3875 1556 3949 sedere
1583 3879 1712 3971 coepit,
1738 3899 1801 3972 per
1817 3876 1932 3951 literas
1958 3874 2045 3949 hor-

666 3995 754 4060 tatus
781 3988 833 4061 est
859 3983 990 4061 Nuhiae
1017 3998 1051 4061 et
1071 3979 1277 4087 'Aethiopiae
1303 4011 1406 4083 reges
1434 3989 1475 4062 ad
1502 4014 1620 4087 paoem
1646 3995 1732 4063 inter
1765 4014 1804 4065 se
1830 4013 2044 4087 componen-

666 4099 759 4192 dam,
791 4107 867 4199 quia
895 4105 1022 4178 scilicet
1053 4108 1219 4198 integram
1244 4109 1278 4177 in
1312 4128 1374 4180 eos
1409 4105 1554 4180 habehat
1583 4106 1854 4198 jurisdictionem.
1907 4107 2045 4203 cyriaci

664 4216 825 4315 Episcopi
859 4219 992 4293 Nuhiae
1025 4225 1174 4293 meminit
1202 4224 1273 4294 vita
1310 4217 1436 4294 charus
1469 4221 1685 4295 Patriarchao
1717 4221 1840 4294 XLVI.
1874 4219 2043 4313 Georgius

664 4355 729 4405 rex
766 4334 978 4429 designatus,
1020 4360 1041 4408 a
1078 4335 1242 4410 Zacharia
1280 4348 1398 4433 patre,
1439 4340 1473 4408 in
1505 4336 1700 4433 Aegyptum
1737 4340 1859 4410 missus
1893 4345 1948 4408 est
1979 4332 2041 4406 soh

665 4446 805 4546 Yupaho
838 4451 907 4523 LlI.
940 4473 1015 4522 cum
1051 4451 1178 4546 aliquot
1212 4474 1259 4523 ex
1293 4452 1402 4526 Nuhia
1429 4452 1627 4549 Episcopis3
1667 4464 1747 4548 post
1779 4473 1899 4524 annum
1934 4451 1966 4521 J.
2003 4447 2042 4522 G.

583 4597 586 4604 ⁴
663 4563 912 4640 DCCOXXXI.
951 4568 1053 4641 Anno
1086 4566 1276 4641 MLXXJX.
1330 4568 1469 4641 Salmon
1511 4590 1576 4640 rex
1615 4566 1769 4640 abdicato
1803 4587 1932 4658 regno,
1967 4585 2043 4636 cum

662 4683 764 4752 vitum
791 4684 1010 4755 monasticam
1036 4685 1071 4753 in
1097 4681 1232 4755 deserto
1261 4684 1435 4779 amplexus
1462 4682 1583 4757 fuisset
1607 4684 1642 4754 iu
1655 4684 1852 4779 Aegyptum
1878 4680 2041 4753 adductus

662 4803 730 4867 est:
755 4795 812 4867 uhi
839 4796 925 4870 diem
951 4818 1046 4871 suum
1073 4797 1177 4889 obiit,
1203 4801 1298 4890 cujus
1324 4794 1423 4870 etiam
1449 4800 1597 4871 meminit
1620 4795 1794 4873 Ahuselah
1809 4797 1979 4868 Armenus
2006 4795 2040 4863 in

664 4909 832 4984 Chronico
859 4934 931 4987 suo.
983 4911 1166 4985 Praeterea
1193 4912 1293 4985 docet
1323 4934 1388 4986 nos
1422 4912 1511 4985 idem
1544 4922 1640 4984 autor
1673 4909 1876 5007 Raphaelem
1907 4907 2039 5000 Regem

662 5023 810 5119 Nuhiae,
836 5026 1012 5100 Dunkalao
1038 5050 1137 5123 quam
1163 5026 1279 5101 urbem
1305 5026 1508 5124 hletropohn
1535 5030 1632 5120 regni
1659 5048 1755 5116 esse,
1781 5024 1886 5118 tudgo
1903 5020 2037 5100 Αιιώεε
