4525 6034
721 557 796 632 boo
1292 561 1522 641 lotis

721 741 935 807 Catecbumeni
965 745 1137 829 puhlicique
1166 747 1373 828 poenitentes,
1405 750 1534 813 statione
1561 759 1594 814 nt
1616 752 1778 835 antiquitus
1807 769 1867 817 noa
1889 753 2040 837 distmqrm-

720 851 786 923 tur,
825 863 902 927 quae
933 847 1062 930 resipis
1092 846 1179 928 hujus
1210 848 1436 912 consuetudinis
1472 859 1637 931 supersunt
1665 854 1697 915 in
1724 851 1883 917 codicibus
1906 854 2041 937 thurgis,

719 950 771 1006 aut
792 945 823 1006 in
845 943 1002 1008 Ritualium
1025 944 1257 1026 interpretibus,
1281 964 1319 1009 ea
1347 956 1509 1011 serrantur
1537 949 1576 1012 ad
1602 952 1786 1033 antiquitatis
1815 954 1981 1030 moriam,
2002 954 2043 1017 sed

724 1061 811 1106 usum
833 1061 893 1108 non
915 1044 1044 1124 babent,
1074 1053 1107 1108 ut
1137 1044 1310 1109 ohservasit
1338 1046 1448 1110 dudum
1474 1048 1608 1112 lacobus
1635 1050 1821 1116 Edessenus.
1868 1051 1962 1132 Neque
1986 1056 2044 1116 eain

718 1144 880 1208 infidelium
911 1145 1100 1210 dominorum
1138 1146 1273 1228 tyrannis
1301 1147 1429 1228 patitur,
1465 1155 1498 1210 ut
1527 1147 1603 1211 haec
1631 1151 1728 1212 omnia
1757 1150 1855 1213 locum
1880 1151 2044 1227 habeant,ia

720 1243 920 1308 Orientalibus
943 1245 1099 1311 Ecclesiis.

917 1509 952 1579 7.
996 1509 1123 1602 Incipit
1148 1507 1325 1580 Sacerdos
1354 1508 1623 1602 Responsorium
1646 1514 1889 1604 mysteriorum.

829 1699 986 1778 lnrscmar
1009 1712 1099 1775 debet
1114 1711 1219 1777 Oratio
1233 1713 1436 1795 subsequens,
1460 1731 1478 1776 a
1492 1733 1551 1796 qua
1564 1713 1667 1796 incipit
1676 1713 1841 1796 Anapbora
1850 1716 1964 1798 proprie
1982 1716 2048 1794 dicta,

716 1836 775 1881 seu
796 1823 829 1878 nt
851 1818 974 1899 antiquo
996 1835 1081 1879 more
1102 1816 1274 1898 loquamur,
1303 1816 1399 1879 Missa
1428 1819 1590 1881 Fideliam:
1620 1819 1668 1880 cui
1696 1826 1796 1881 minen
1821 1837 1882 1884 non
1903 1820 2049 1883 adscribitur

716 1917 788 1982 illud
811 1916 1064 1998 Respoosorium,
1097 1932 1158 1997 quo
1188 1916 1312 1979 intentio
1335 1917 1473 1981 sacrificii
1501 1917 1648 1994 offerendi
1670 1917 1835 1981 secundum
1857 1918 1960 1983 Christi
1977 1937 2049 2000 prae-

717 2025 837 2100 ceptum
860 2016 1049 2097 exprimitur,
1072 2016 1143 2097 quia
1166 2033 1323 2079 commune
1345 2023 1392 2077 est
1414 2016 1479 2080 aliis
1502 2017 1654 2100 liturgiis.
1687 2015 1858 2081 lnleruntur
1878 2027 1968 2082 autem
1986 2019 2050 2099 panis

717 2126 748 2181 et
768 2117 846 2180 calix
869 2135 886 2177 a
909 2114 1073 2178 sacellario
1095 2123 1125 2178 et
1147 2115 1298 2193 Diacono,
1323 2122 1354 2177 et
1376 2132 1469 2196 super
1491 2117 1584 2179 altare
1607 2116 1806 2180 collocantur:
1829 2137 1868 2180 an
1884 2136 1953 2181 vero
1973 2119 1998 2180 id
2014 2117 2051 2179 hat

716 2218 823 2281 eodem
846 2233 967 2298 pompa,
990 2232 1050 2297 qua
1072 2232 1199 2298 magnus
1221 2215 1376 2295 introitus,
1399 2233 1417 2277 a
1440 2215 1575 2294 Graecis,
1598 2216 1759 2298 Aegyptiis
1783 2225 1815 2279 et
1837 2218 1917 2294 aliis,
1937 2221 2052 2299 quorem

716 2335 773 2381 nos
795 2317 897 2380 sinunt
918 2313 1041 2378 codices
1068 2316 1280 2396 manuscripti,
1309 2317 1361 2396 qui
1392 2315 1431 2379 de
1460 2334 1497 2379 eu
1525 2315 1739 2378 nihilomnino
1761 2318 1972 2398 praescribunt.
2008 2315 2053 2380 Sed

715 2436 815 2499 neque
837 2435 878 2479 ex
899 2415 1118 2496 Diamperanae
1140 2413 1255 2495 Synodi
1277 2414 1417 2477 Decretis
1440 2414 1587 2499 colligere
1609 2414 1690 2494 licet,
1713 2433 1907 2496 suppressam
1928 2415 2053 2479 suissed

714 2517 825 2582 Alexio
840 2516 978 2578 Denesio
994 2514 1070 2577 hanc
1093 2514 1350 2593 consuetudinem,
1374 2513 1412 2577 de
1435 2533 1495 2596 qua
1516 2513 1597 2578 forte
1618 2533 1679 2578 non
1701 2514 1789 2578 aliter
1805 2515 1967 2596 judicasset
1985 2533 2054 2598 quan

714 2624 759 2682 tot
782 2616 945 2700 theologi,
970 2617 1020 2697 qui
1042 2633 1107 2678 eam
1129 2614 1351 2695 superstitionis
1374 2621 1405 2676 et
1426 2615 1587 2695 impietatis
1609 2614 1835 2691 damnaverunt,
1857 2633 1922 2678 cum
1943 2618 1994 2679 etsi
2010 2634 2053 2697 per

714 2737 750 2782 se
771 2717 966 2794 indifferens,
989 2723 1132 2778 nascatur
1154 2721 1253 2776 tamen
1276 2732 1315 2776 ex
1337 2730 1452 2776 summa
1474 2731 1549 2796 erga
1571 2714 1785 2778 Eucharistiam
1806 2717 2008 2791 veneratione,
2029 2720 2054 2776 ut

714 2816 784 2881 alibi
807 2816 1009 2897 exposuimus.
1053 2814 1101 2877 Ex
1123 2813 1228 2877 eadem
1251 2813 1339 2876 animi
1361 2812 1571 2894 dispositione,
1593 2815 1692 2878 statim
1713 2823 1803 2896 atque
1825 2815 1969 2878 elementa
1988 2815 2055 2876 altari

713 2918 915 2997 imponuntur,
942 2922 1033 2978 vocat
1055 2932 1092 2978 ea
1114 2913 1260 2976 sacerdos
1282 2916 1427 2996 clysterio
1449 2921 1567 2990 amicta,
1586 2914 1753 2994 praecmra
1774 2922 1805 2976 et
1824 2915 1959 2995 umifico,
1977 2912 2056 2995 quali

714 3025 812 3080 tamen
827 3015 959 3079 nondum
978 3021 1058 3091 sunt,
1080 3012 1136 3077 sed
1154 3013 1216 3095 jam
1238 3014 1278 3076 ita
1300 3020 1448 3076 vocantur
1469 3021 1502 3076 et
1522 3011 1718 3091 honorantur,
1741 3014 1811 3095 quia
1833 3014 1903 3077 talia
1925 3031 1977 3095 per
1995 3030 2056 3074 con-

713 3118 914 3180 secrationem
942 3115 1042 3178 lutura
1070 3122 1150 3177 suat
1194 3113 1301 3176 hlirum
1331 3120 1378 3176 est
1406 3113 1546 3176 intactam
1575 3130 1593 3174 a
1616 3110 1752 3176 Censura
1772 3112 1851 3176 hanc
1873 3112 2057 3176 formulamio

713 3216 806 3279 hlissa
818 3215 997 3278 blalabarica
1012 3214 1206 3292 remansisse,
1230 3231 1298 3275 cnm
1313 3213 1507 3275 aliusmultas
1528 3212 1682 3276 orationes
1704 3215 1897 3292 mutaverint,
1918 3216 1947 3276 in
1967 3211 2054 3292 quibos

713 3315 752 3379 de
774 3334 904 3397 corpore
927 3323 957 3378 et
980 3313 1127 3396 sanguine
1151 3313 1262 3377 Christi
1283 3312 1402 3376 Domini
1424 3330 1524 3375 sermo
1547 3319 1627 3390 erat,
1658 3320 1728 3374 ante
1752 3315 2014 3376 consecrationem:
2031 3317 2057 3371 nt

712 3415 762 3477 illa
786 3417 949 3498 praecipue
971 3412 1142 3477 benedictio
1166 3431 1232 3475 cum
1255 3411 1341 3475 calici
1363 3413 1463 3474 vinum
1476 3412 1650 3490 infunditur,
1671 3411 1839 3476 Misceator
1860 3416 1981 3495 europam
1995 3432 2056 3492 pre-

408 3525 699 3598 Sinodltiaspermer.
713 3519 809 3579 tiaarr
829 3518 861 3578 in
883 3515 979 3578 calice
1000 3513 1038 3577 D.
1062 3513 1098 3576 N.
1121 3513 1198 3575 lesa
1219 3510 1341 3588 Christi,
1364 3529 1443 3592 quae
1464 3514 1505 3576 ita
1526 3520 1636 3576 mutata
1658 3520 1714 3574 est.
1731 3512 1908 3580 ‚libamus
1927 3513 2057 3576 bimaris

391 3613 417 3664 5.
430 3611 504 3665 Decr.
516 3613 539 3665 1.

713 3617 809 3682 cal’oee
829 3616 868 3681 D.
890 3615 927 3677 N.
952 3615 1026 3676 lesu
1048 3612 1179 3689 Cuma,
1200 3632 1239 3673 ne
1259 3613 1377 3674 erroris
1397 3612 1486 3673 detur
1507 3613 1645 3687 occasio,
1667 3613 1806 3675 vocando
1827 3615 1930 3675 ciam
1949 3612 2057 3672 eandm

712 3715 1116 3794 consecratum-pretiosum
1138 3712 1331 3793 ecupriorem:
1353 3713 1444 3792 quasi
1463 3710 1631 3772 alluderem
1650 3713 1693 3772 ad
1714 3713 1956 3775 connaentdinem
1975 3712 2057 3772 Crac-

712 3837 827 3893 corurm
849 3817 1037 3889 daramium,
1064 3814 1116 3894 qui
1132 3830 1245 3892 paam
1266 3817 1297 3871 et
1316 3812 1418 3872 cimam
1439 3807 1611 3890 affeceris,
1636 3811 1769 3873 admont
1788 3820 1948 3893 numquam
1967 3827 2056 3872 emsa·

712 3924 845 3994 creatur,
867 3915 901 3976 id
922 3934 955 3976 se
974 3912 1082 3992 [acere
1098 3910 1303 3990 'affimantca
1326 3910 1398 3990 quia
1418 3927 1491 3969 moe
1513 3911 1720 3971 consemada
1731 3918 1807 3972 mat.
1835 3909 2056 3991 ateramum

711 4018 758 4080 vis
781 4023 843 4078 est:
865 4032 955 4076 orare
976 4028 1038 4075 non
1060 4018 1188 4093 possunt
1209 4016 1242 4072 nt
1264 4010 1426 4072 misceatur
1447 4010 1548 4071 vinum
1569 4010 1600 4072 in
1623 4010 1736 4088 calice,
1758 4009 1838 4071 istud
1862 4011 1940 4072 enim
1960 4009 1987 4069 in
2005 4008 2055 4087 ipss

711 4116 860 4179 inlusione
882 4114 990 4177 lactum
1014 4120 1071 4191 cst,
1094 4109 1150 4173 sed
1172 4129 1212 4173 ex
1233 4109 1292 4172 lide
1313 4110 1528 4191 promissorum
1547 4107 1657 4172 Christi
1669 4109 1878 4172 Eucharistiae
1901 4107 2055 4171 sacrificim

711 4216 908 4292 instituentis,
938 4219 1040 4290 orant,
1069 4218 1102 4272 ut
1129 4211 1161 4272 in
1189 4209 1284 4272 calice
1306 4209 1467 4272 misceatur
1489 4210 1612 4290 sanguis
1636 4208 1762 4287 Christi,
1791 4209 1852 4271 hoc
1882 4215 1929 4271 est
1955 4216 1986 4271 ut
2008 4203 2056 4268 mi

711 4315 901 4379 consecratio
930 4313 980 4375 liat
1007 4313 1037 4374 im
1066 4311 1244 4392 sanguinem
1268 4308 1388 4371 Christi.
1432 4307 1497 4371 Nec
1525 4308 1612 4371 aliter
1640 4309 1767 4392 intelhgi
1790 4309 1904 4373 debent
1926 4309 2055 4373 omnmo

710 4413 958 4497 praeparatoriae
976 4413 1105 4492 aliquot,
1138 4427 1261 4491 quarum
1284 4408 1507 4471 sententiolam
1530 4410 1689 4489 perspicua
1712 4416 1775 4484 est,
1796 4419 1830 4472 ut
1853 4409 1967 4491 absque
1987 4404 2055 4467 calo-

712 4515 792 4576 mnia
814 4513 988 4595 detorqueri
1016 4510 1053 4574 ad
1083 4526 1261 4591 perversam
1292 4509 1420 4587 aliquam
1443 4507 1615 4589 opinionem
1636 4516 1798 4589 nequeant
1823 4508 1928 4571 'Talis
1950 4515 1993 4570 est
2010 4503 2055 4576 illa,

709 4614 902 4694 Exsprectaas
929 4611 1106 4692 exspectaui
1131 4609 1300 4673 hommem.
1347 4607 1465 4688 Corpus
1487 4605 1601 4670 Christi
1627 4615 1657 4669 et
1681 4610 1859 4689 aanpuuiem
1881 4612 1946 4689 mur
1961 4604 2058 4688 pretit-

710 4733 777 4775 sam
798 4720 1046 4792 superinvicem
1068 4711 1167 4772 altare
1189 4707 1359 4789 offmamas.
1403 4707 1441 4770 Et
1463 4705 1549 4771 inira.
1593 4707 1694 4770 Ederet
1714 4726 1870 4789 pauperes
1898 4715 1931 4771 et
1953 4713 2056 4768 salsa

710 4810 835 4886 bauhta,
868 4829 979 4890 corpus
1009 4808 1124 4872 Christi
1150 4815 1180 4871 et
1207 4809 1382 4889 walpemaro
1411 4810 1475 4886 qus
1499 4808 1666 4887 pretiosum
1694 4826 1785 4887 sntper
1811 4809 1912 4871 altare
1942 4810 2056 4869 asael*

712 4908 889 4990 offeramus,
921 4928 999 4990 quae
1029 4928 1092 4972 rem
1121 4908 1268 4986 laturam,
1299 4925 1358 4970 non
1388 4923 1463 4970 vero
1492 4904 1601 4969 factam
1628 4906 1806 4988 significant
1852 4907 1977 4972 Graecis
1996 4915 2054 4964 vero

713 5006 875 5071 attribuere
906 5009 987 5090 quod
1016 5008 1166 5071 elementa
1195 5008 1368 5088 priusquam
1396 5014 1572 5068 consecrata
1602 5006 1674 5086 sint,
1705 5007 1849 5085 adorent,
1880 5004 2055 5072 excusatione

714 5115 815 5182 carot,
844 5127 910 5171 cum
940 5109 1070 5191 quinque
1099 5109 1186 5172 annis
1216 5114 1374 5189 antequam
1397 5106 1528 5169 Decreta
1549 5105 1747 5188 Diamperana
1770 5106 1977 5172 Conimbricne
1995 5099 2056 5164 ede·
