4525 6034
698 559 775 636 260
1213 562 1573 641 ittuntta

695 742 818 827 lactum,
841 748 878 810 ab
901 750 959 813 illis
981 749 1161 832 praesertim
1184 749 1236 829 qui
1259 749 1289 810 iu
1304 747 1457 828 Europam
1478 748 1649 821 venientes,
1673 747 1804 814 Codices
1823 751 2054 836 suosbiturqr'ooa

696 844 884 911 deserebant.
929 848 972 911 lta
999 848 1106 912 iacobi
1134 847 1280 912 Baradaei
1302 864 1411 909 nomen
1441 847 1469 908 in
1494 846 1609 909 Codice
1632 848 1831 930 Seguicriauo
1852 857 1988 913 mutatum
2006 861 2054 930 est,

696 951 727 1005 et
749 945 885 1010 Nisibeni
908 948 1115 1012 substitutum:
1144 946 1292 1028 Dionysio
1315 944 1496 1007 Atheniensi
1518 945 1630 1008 tributa
1653 947 1683 1008 in
1705 947 1845 1011 Editione
1867 948 1991 1010 blissalis
2010 949 2055 1012 Li-

696 1045 826 1126 turgiae‚
843 1066 921 1128 qnae
934 1047 1072 1128 Dionysii
1086 1045 1234 1110 Barsalibi
1249 1039 1387 1107 Amideni
1402 1043 1547 1124 Episcopi
1560 1042 1631 1106 luit:
1655 1053 1746 1126 atquo
1759 1049 1798 1110 ita
1813 1048 1850 1110 de
1868 1048 1933 1110 aliis
1952 1046 2055 1128 aliquot

697 1141 840 1224 Quisquis
863 1164 956 1226 porro
980 1156 1069 1210 autor
1090 1144 1182 1207 fuerit
1203 1145 1301 1221 istius,
1323 1142 1468 1205 lacobitis
1491 1145 1645 1224 propriam
1668 1143 1774 1223 luisse,
1796 1148 1888 1209 unico
1910 1145 1963 1208 sed
1979 1145 2055 1208 intlu-

695 1241 790 1306 bitato
820 1254 998 1328 argumento
1027 1253 1163 1324 consini,
1195 1243 1479 1307 commemoratione
1510 1242 1627 1305 scilicet
1649 1244 1738 1306 trium
1761 1243 1963 1326 synodorum:
1989 1261 2055 1324 quae

696 1339 824 1406 formula
836 1344 895 1407 illis
907 1344 1160 1427 frequentissima,
1173 1350 1286 1405 certam
1301 1341 1519 1422 abjurationem
1528 1343 1662 1411 continet
1671 1341 1928 1406 Calchedouensis
1938 1350 2055 1423 quartae,

697 1451 728 1504 et
750 1442 905 1507 doctrinae
928 1444 965 1508 ab
989 1444 1095 1506 eadem
1118 1442 1265 1505 adversus
1288 1440 1517 1521 blouopbysitas
1540 1441 1699 1504 stabilitae.

783 1541 813 1604 2.
838 1542 939 1603 Verba
956 1541 1067 1605 Christi
1089 1548 1175 1604 recte
1198 1559 1233 1603 sc
1255 1540 1377 1616 babent,
1400 1538 1466 1601 Hoc
1488 1547 1534 1601 est
1555 1558 1667 1619 corpus
1688 1559 1787 1601 merom
1808 1540 1889 1619 φιοδ
1906 1558 1965 1619 pro
1983 1538 2056 1600 nobit

696 1641 789 1702 datur
808 1628 981 1721 διδόμενον
1001 1649 1034 1703 ut
1057 1641 1177 1704 Graece
1198 1640 1326 1720 legitur:
1350 1656 1408 1700 nec
1431 1638 1524 1719 vulgo
1548 1637 1719 1719 adjunctum
1741 1639 1773 1700 in
1795 1637 1920 1718 reliquis
1931 1637 2057 1719 Litrugiis

694 1728 874 1818 κλδμενον,
899 1742 928 1802 in
952 1743 1008 1803 ista
1031 1741 1195 1820 reperitur,
1219 1737 1300 1819 quod
1313 1736 1476 1800 verborum
1491 1736 1641 1800 elllcaciae
1663 1755 1725 1799 nou
1747 1743 1848 1801 nocet.
1892 1736 1926 1797 lu
1947 1736 2057 1798 luvoca-

694 1839 777 1900 tioue
801 1845 965 1917 usurpatur
987 1857 1048 1901 vox
1073 1852 1148 1907 &tm
1173 1856 1261 1919 quam
1285 1836 1421 1899 Graecae
1445 1824 1600 1920 ἀναδείξῃ
1623 1836 1814 1918 respondere
1837 1833 1990 1915 probatum
2010 1841 2057 1911 est,

696 1940 725 1999 iu
755 1937 842 1999 Notis
871 1938 909 1999 ad
939 1940 1077 2001 eumdem
1106 1938 1205 2000 locum
1235 1937 1391 2017 liturgiae
1414 1935 1444 1999 S.
1466 1934 1583 1998 iacobi.
1628 1936 1665 1998 Et
1688 1936 1738 1998 illa
1762 1935 1882 2017 quidem
1905 1937 2008 1998 diotmr
2026 1933 2057 1995 tle

694 2055 775 2118 pane
797 2036 1022 2100 Eucharistico:
1052 2038 1089 2100 de
1113 2038 1209 2100 calice
1231 2045 1320 2103 bibit
1342 2020 1500 2118 τελειώσῃ
1520 2035 1675 2113 perflent,
1699 2036 1765 2097 sive
1788 2042 1952 2097 consecret·
1987 2032 2058 2104 0⁰80

696 2136 734 2197 ad
756 2138 936 2199 sententiam
961 2136 1113 2200 Orationis
1136 2141 1276 2217 spectant
1299 2133 1368 2196 alibi
1391 2134 1464 2196 satis
1488 2133 1638 2213 explicata
1660 2142 1746 2197 suut:
1770 2141 1801 2197 ut
1824 2135 1913 2198 otiam
1937 2149 2007 2214 quoe
2026 2130 2056 2191 ai

695 2234 772 2296 ritus
796 2237 925 2298 caeteris
951 2236 1074 2299 similes.

1110 2512 1117 2516 ·
1174 2488 1660 2537 τ-ἄῦῧθῆῠ--ῄ

1083 2867 1694 3080 Lttuttttl

765 3201 1061 3319 stitit
1112 3200 1489 3320 utuntur
1544 3199 1985 3319 tltuotttt

972 3440 1074 3516 situ
1100 3437 1454 3515 nutubrbtt'lau
1481 3437 1799 3518 tacuttuttstt

1094 3691 1247 3762 Primum
1275 3691 1396 3762 Oratio
1425 3699 1505 3762 coto
1531 3691 1669 3762 Pacem.

762 3887 879 3992 Deus
918 3912 1008 3984 bone
1040 3924 1174 4001 natura,
1209 3914 1417 4007 largitorque
1450 3913 1695 4008 tranquillitatis
1739 3924 1772 3984 et
1805 3916 1922 4008 pacis,
1961 3912 1999 3983 da
2030 3919 2058 3980 et

694 4028 847 4102 concede
873 4027 1050 4100 Ecclesiae
1077 4040 1154 4100 tuae
1181 4051 1299 4124 pacem
1336 4039 1370 4099 et
1396 4028 1663 4123 tranquillitatem
1697 4028 1955 4103 inamissibilem.
1995 4027 2056 4098 Pa·

692 4145 796 4226 ciliaa
819 4149 923 4216 iratos
958 4147 1043 4215 iuter
1077 4167 1164 4216 oves
1191 4155 1282 4232 tuas2
1318 4154 1352 4216 et
1385 4144 1526 4217 coucilia
1563 4144 1692 4217 divisos
1724 4167 1873 4239 pascuae
1910 4156 2001 4216 tuae:
2029 4152 2058 4210 nt

689 4261 960 4353 tranquillitatem
987 4283 1073 4355 quae
1101 4284 1121 4331 a
1148 4271 1181 4332 te
1212 4270 1325 4346 esto
1360 4260 1604 4355 tranquillitatis
1632 4271 1781 4348 eruatur,
1816 4269 1971 4354 tanquam
2001 4278 2056 4327 an·

690 4373 826 4447 choram
853 4375 928 4447 utet
956 4379 990 4446 in
1017 4369 1191 4448 animabus
1218 4379 1342 4449 uostris
1371 4385 1552 4447 teneamus.
1587 4378 1821 4472 Apprecemnr
1846 4400 1964 4472 paoem
1988 4396 2056 4446 mu-

690 4499 779 4561 tuam
808 4514 882 4562 cum
911 4489 1029 4563 osculo
1056 4489 1147 4561 filei:
1176 4494 1346 4586 simusque
1372 4513 1470 4563 nuum
1501 4490 1686 4563 aedilicium
1713 4491 1918 4587 perlectum,
1945 4503 1978 4578 et
1999 4512 2056 4561 uua

692 4628 877 4702 compages
905 4606 1102 4702 spiritualis:
1129 4629 1192 4702 per
1218 4607 1397 4679 Dominum
1423 4616 1574 4678 nostrum
1601 4607 1716 4678 Jesum
1740 4605 1917 4698 Christum,
1944 4609 2054 4697 urigo-

690 4723 792 4792 nitum
820 4722 938 4794 Filium
972 4731 1079 4808 tuum,
1119 4746 1205 4794 cumr
1229 4744 1294 4818 quo
1321 4733 1355 4794 te
1387 4722 1484 4794 dccet
1516 4723 1643 4814 gloria,
1677 4723 1783 4796 bonor
1817 4736 1851 4797 et
1884 4726 2054 4821 imperium

691 4859 766 4908 cunr
794 4837 918 4933 Spiritu
946 4846 1001 4908 tuo
1030 4840 1254 4928 sanctissimo,
1281 4850 1315 4910 ot
1340 4837 1444 4926 bono,
1471 4849 1533 4910 etc.
1977 4823 1994 4842 ’

796 4953 958 5046 Populos.
1013 4956 1133 5025 Amen.

795 5067 979 5141 Sacerdos.
1035 5070 1119 5141 Pax.
