4525 6034
718 518 787 603 10·
1217 532 1575 611 Lll'UllGlll

715 726 815 809 tuam,
842 720 897 812 qui
923 720 1032 790 omnia
1059 719 1177 793 dedisti
1203 720 1311 794 nobis.
1363 720 1505 795 Posside
1537 743 1621 813 nos,
1655 722 1747 795 Dens
1775 722 1933 796 Salvator
1958 736 2076 818 noster,

712 856 789 904 nam
817 845 951 930 praeter
978 846 1011 908 te
1037 836 1135 908 alium
1160 860 1228 911 non
1255 839 1428 930 novimus,
1462 847 1497 908 et
1527 860 1649 911 nomeu
1683 849 1773 911 ιιιιιιιι
1803 850 1953 913 sanctum
1978 846 2075 915 invo-

714 972 839 1021 camus,
892 950 1017 1023 Vivant
1042 955 1155 1048 itaque
1182 957 1312 1026 animae
1345 964 1481 1026 nostrae
1514 977 1578 1051 per
1608 955 1763 1049 Spiritum
1800 967 1891 1029 tuum
1925 969 2076 1051 sunctum,

713 1088 822 1161 neque
853 1090 945 1142 mors
980 1072 1109 1163 peccati
1145 1070 1331 1142 dominetur
1366 1091 1467 1166 super
1503 1093 1566 1145 nos
1602 1092 1723 1145 servos
1755 1083 1850 1164 tuos,
1885 1096 1950 1146 nec
1984 1097 2077 1170 super

713 1206 845 1256 omnem
871 1187 1027 1281 populum
1055 1196 1154 1259 tuum.
1207 1185 1351 1259 Domine
1376 1189 1548 1261 miserere.

816 1301 891 1373 Pro
920 1303 1131 1375 Patriarcba
1158 1310 1193 1374 et
1218 1304 1410 1398 Episcopis.

815 1417 945 1493 Rursus
971 1442 1148 1515 precamur
1173 1430 1225 1511 te,
1257 1422 1401 1493 Domine
1427 1422 1648 1516 omnipotens,
1674 1419 1775 1492 Pater
1800 1420 1936 1494 Domini
1961 1423 2022 1495 Dei
2046 1435 2076 1497 et

711 1534 897 1608 Salvatoris
922 1539 1028 1609 nostri
1053 1537 1137 1609 Jesu
1155 1534 1289 1628 Christi,
1302 1558 1460 1630 rogamus
1477 1547 1511 1608 et
1536 1536 1752 1609 obsecramus
1778 1537 1961 1613 bonitatem
1982 1549 2075 1633 marn,

715 1674 735 1723 0
763 1663 890 1724 amator
914 1650 1092 1725 hominurn.

813 1767 855 1840 Si
880 1768 1092 1840 Patriaruba
1116 1773 1191 1862 ipse
1218 1769 1383 1858 celebret,
1411 1770 1503 1840 dicet
1526 1773 1640 1842 socias
1664 1769 1876 1840 Sacerdotis.
1901 1756 1910 1771 ’

815 1884 1005 1975 Memento,
1031 1884 1195 1977 Domine,
1230 1885 1319 1959 beati
1344 1885 1452 1958 Patris
1479 1889 1602 1977 nostri,
1629 1896 1664 1958 et
1689 1886 1872 1959 venerandi
1899 1885 2074 1983 Arobiepi-

711 2004 806 2097 scopi
832 2001 946 2096 Papae
972 2001 1014 2074 N.
1042 2005 1182 2097 ejusque
1207 2004 1241 2075 irr
1268 2007 1449 2077 ministerio
1479 2002 1678 2100 Apostolico
1706 2007 1872 2077 consortis
1898 2007 2074 2078 venerandi

711 2118 818 2191 Patris
844 2117 1006 2214 Episcopi
1040 2117 1082 2189 N.
1110 2118 1241 2192 custodi
1275 2131 1309 2192 et
1335 2142 1503 2195 conserva
1532 2119 1631 2193 uobis
1665 2119 1739 2191 illos
1771 2123 1864 2192 annis
1898 2123 2022 2213 multis,
2046 2132 2076 2195 et

709 2222 892 2330 tranquillis
929 2235 1151 2331 temporibus,
1192 2247 1228 2309 ut
1262 2260 1367 2334 opere
1401 2237 1558 2333 impleant
1593 2246 1627 2308 et
1659 2234 1835 2332 'perficiant
1877 2241 2074 2310 sanctitatem

709 2349 949 2447 Episcopatus,
989 2373 1074 2446 quae
1108 2354 1189 2448 ipsis
1224 2376 1245 2424 a
1277 2362 1310 2425 te
1341 2354 1533 2427 concredita
1573 2363 1637 2444 est,
1665 2352 1844 2424 secundum
1881 2354 2073 2426 voluntatem

708 2477 799 2540 tuam
826 2477 975 2539 sanctam
1002 2478 1035 2539 et
1060 2466 1208 2541 beatam:
1235 2468 1443 2565 verbumque
1468 2472 1619 2542 veritatis
1646 2478 1739 2540 recte
1768 2468 1978 2563 dispensent,
2002 2469 2073 2565 ple-

708 2581 786 2655 bem
812 2593 899 2656 tusm
926 2606 1000 2655 cunr
1027 2590 1202 2658 sanctitate
1236 2598 1269 2658 et
1296 2590 1421 2679 justitia
1447 2596 1581 2678 regant,
1610 2583 1704 2658 simul
1732 2608 1804 2655 curn
1831 2584 1968 2680 reliquis
1994 2585 2073 2679 Epi-

709 2704 822 2797 scopis
850 2701 1071 2793 Orthodoxis,
1107 2703 1333 2797 Hegumenis,
1372 2702 1604 2798 Presbyteris,
1645 2711 1679 2772 et
1712 2699 1894 2789 Diaconis,
1930 2706 2073 2796 omnique

708 2817 909 2914 plenitudiue
941 2822 1060 2897 unicae
1094 2829 1188 2917 mae,
1222 2824 1339 2913 unius,
1380 2830 1538 2909 sanctae,
1574 2817 1764 2892 Catholicae
1798 2828 1831 2889 et
1862 2819 2073 2914 Apostobcae

707 2934 893 3008 Ecclesiae.
947 2937 1000 3008 Da
1027 2936 1124 3010 nobis
1152 2947 1186 3008 et
1211 2940 1293 3033 ipsis
1318 2961 1436 3034 pacem
1464 2946 1498 3008 et
1524 2935 1663 3008 salutern
1691 2937 1725 3005 in
1752 2936 1842 3007 omni
1867 2934 1964 3027 loco,
1995 2956 2071 3029 pre-

707 3075 833 3146 cesque
860 3074 988 3145 omnes,
1016 3075 1099 3147 quas
1126 3052 1263 3125 fundunt
1296 3076 1359 3149 pro
1390 3054 1488 3126 nobis
1525 3063 1558 3124 et
1594 3055 1683 3124 ornni
1716 3049 1840 3146 populo
1867 3061 1944 3142 tuo,
1979 3051 2071 3122 adte

708 3171 855 3265 suscipe,
882 3179 918 3240 ut
944 3173 1041 3240 etiarn
1070 3192 1130 3244 eas
1159 3193 1245 3266 quae
1272 3193 1292 3241 a
1318 3169 1416 3244 nobis
1442 3192 1505 3266 pro
1532 3172 1613 3265 ipsis
1640 3169 1729 3241 liunt.

810 3286 879 3357 Hic
913 3285 1088 3358 Sacerdos
1121 3287 1225 3358 semel
1256 3287 1372 3359 adolet
1404 3291 1592 3372 incensam,
1626 3286 1743 3356 dicens
1776 3308 1821 3354 ea
1853 3306 1943 3377 perae
1976 3306 2072 3376 supra

707 3401 887 3473 declarata
912 3408 1007 3473 sant:
1035 3404 1126 3496 qnod
1149 3406 1181 3476 si
1206 3408 1335 3477 sociam
1359 3403 1583 3477 Sacerdotem
1608 3400 1781 3488 babuerit,
1809 3401 1847 3470 r'd
1873 3404 1980 3493 ipsius
2004 3403 2071 3470 aiae

704 3521 824 3612 saciet.

809 3634 920 3730 Super
946 3633 1051 3708 altare
1078 3643 1167 3707 tuum
1194 3647 1356 3727 sanctum,
1384 3633 1564 3731 spirituale,
1591 3632 1759 3722 coeleste,
1786 3642 1822 3703 ut
1849 3636 1950 3704 etiarn
1976 3629 2070 3703 thuris

710 3750 941 3823 odoramenta:
973 3753 1151 3824 universos
1185 3775 1299 3826 eorum
1331 3752 1446 3825 hostes
1478 3749 1629 3823 visibiles
1657 3758 1692 3820 et
1717 3746 1915 3839 invisibiles,
1942 3759 2069 3821 contere

706 3877 741 3938 et
767 3866 914 3963 deprime
941 3867 1001 3940 sub
1028 3872 1183 3961 vestigiis
1210 3892 1326 3943 eorum
1352 3868 1531 3942 velociter:
1564 3888 1625 3939 eos
1652 3874 1760 3936 auum
1787 3869 1819 3935 in
1846 3888 1933 3961 pace
1960 3875 1993 3937 et
2012 3868 2068 3956 ju-

705 3987 793 4058 stitia
820 3984 946 4056 custodi
973 3987 1007 4055 in
1032 3983 1187 4058 Ecclesia
1213 3996 1269 4058 tua
1296 3997 1421 4061 sancta.
1473 3983 1617 4056 Domine
1643 3985 1814 4053 miserere.

1203 4244 1276 4315 Pro
1304 4254 1580 4342 congregatione.

807 4450 930 4523 Iterum
966 4452 1066 4523 etiam
1093 4470 1226 4522 cramus
1260 4459 1316 4539 te,
1341 4449 1434 4522 Dens
1461 4451 1688 4545 omnipotens,
1721 4456 1816 4543 pater
1850 4446 1983 4519 Domini
2007 4442 2066 4513 Dei

704 4578 738 4641 et
764 4566 951 4643 salvatoris
983 4569 1089 4640 nostri
1119 4566 1202 4641 Jesu
1229 4564 1371 4655 Christi,
1404 4567 1545 4662 petimus
1578 4573 1612 4636 et
1645 4562 1860 4636 obsecramus
1892 4561 2066 4634 bonitatem

704 4696 804 4777 tuam,
832 4707 853 4757 o
882 4693 1010 4756 amator
1035 4683 1218 4756 bominum:
1245 4682 1415 4755 Memento
1441 4681 1586 4754 Domine
1611 4683 1910 4774 congregationum
1936 4684 2065 4748 nostra-

704 4823 776 4872 rum
795 4810 828 4872 et
842 4799 983 4872 benedic
998 4798 1073 4873 illis.
1110 4800 1164 4873 Da
1177 4808 1213 4871 ut
1227 4802 1291 4873 sint
1305 4795 1404 4871 nobis
1431 4795 1559 4893 absque
1573 4795 1759 4869 turbatione
1774 4806 1808 4867 et
1828 4794 2064 4892 impedimento,

704 4927 740 4987 ut
766 4938 826 4989 eas
863 4914 1070 4990 celebremus
1105 4915 1286 4990 secundum
1319 4916 1523 4987 voluntatem
1557 4921 1645 4986 mam
1681 4922 1831 4986 sanctam
1864 4921 1899 4983 et
1929 4909 2063 4990 berun,

706 5032 823 5106 domos
850 5036 1023 5125 orationis,
1050 5032 1168 5107 domos
1186 5030 1439 5123 benedictionis,
1466 5030 1583 5105 domos
1603 5032 1801 5105 sanctiatis:
1829 5027 1976 5102 concede
2000 5043 2063 5095 uo·
