4525 6034
1188 614 1512 692 PRAEFATIO.

667 808 863 897 britonibus
886 805 1123 885 Orientalibus
1147 816 1290 908 praeter
1313 804 1385 884 duo
1411 807 1472 883 rel
1493 810 1555 884 tria
1579 810 1777 884 testimonia
1803 833 1849 884 ex
1868 808 2043 891 Kircbero

664 944 832 1025 mutuata,
864 953 957 1033 quae
984 931 1061 1029 ipse
1086 952 1133 1002 ex
1156 925 1348 1003 Abrabami
1368 925 1593 1005 Echellensis
1609 932 1702 1006 notis
1723 927 1767 1004 ad
1793 927 1921 1008 Hebed
1941 931 2043 1035 lesu,

664 1056 699 1133 in
723 1052 873 1131 lflrinam
908 1073 1009 1127 suam
1041 1048 1245 1125 illustratam
1269 1048 1512 1127 transtulerat:
1550 1075 1570 1125 a
1605 1075 1646 1127 se
1669 1049 1752 1127 nihil
1784 1051 1942 1153 profert,
1976 1056 2043 1131 nisi

663 1172 995 1270 ricttunciationem,
1027 1193 1096 1271 qua
1128 1193 1170 1246 se
1203 1193 1248 1246 ex
1277 1169 1443 1271 proiesso
1476 1181 1511 1247 et
1541 1169 1705 1249 mandato
1740 1175 1964 1273 superiorum
1996 1172 2043 1250 de

664 1291 735 1375 tto
760 1290 991 1369 Orientalium
1021 1292 1115 1366 circa
1136 1289 1395 1368 Eucharistiam
1428 1278 1588 1368 actuium
1619 1315 1702 1370 esse
1729 1292 1923 1395 significat,
1958 1319 2042 1372 mo-

661 1438 754 1491 nens
790 1415 925 1489 interea
958 1410 1089 1487 nullam
1124 1422 1246 1488 extare
1279 1414 1315 1487 in
1348 1408 1530 1513 Scriptura
1562 1411 1701 1513 Sinica,
1732 1436 1825 1515 quae
1857 1417 2041 1492 maximam

662 1531 788 1635 lapidis
812 1543 950 1633 partem
973 1543 1147 1632 occupat,
1174 1529 1568 1610 Transubstantiationis
1589 1536 1825 1634 mentionem,
1855 1558 1925 1636 qua
1947 1560 2041 1612 con-

658 1654 800 1756 jectura
841 1651 926 1728 nibil
966 1651 1166 1729 absurdius.
1242 1652 1302 1729 An
1334 1651 1505 1731 lilullerus
1538 1652 1771 1756 Programma
1810 1653 1895 1731 illud
1935 1681 2040 1733 suurn

661 1796 820 1875 unquam
849 1770 1022 1873 ediderit,
1053 1776 1147 1851 scire
1177 1772 1247 1849 buc
1277 1798 1393 1876 usque
1420 1798 1493 1852 non
1517 1777 1714 1877 potuimus:
1755 1786 1790 1852 at
1820 1778 1848 1853 si
1877 1801 1923 1852 ex
1949 1776 2041 1854 illius

662 1891 993 1994 observationibus,
1040 1896 1134 1970 circa
1167 1880 1433 1996 Geograpbiam¹
1464 1906 1500 1972 et
1521 1894 1732 1996 historiam,
1766 1894 1812 1972 de
1845 1897 1924 1999 ejus
1952 1922 2041 1974 eru-

664 2012 800 2091 ditione
829 2011 1005 2117 judicium
1036 2012 1113 2090 fieri
1148 2025 1266 2115 potest
1319 2018 1353 2092 in
1386 2014 1494 2093 rebus
1523 2014 1755 2118 Theologicis
1786 2015 2039 2119 Orientalium,

662 2134 756 2210 iilam
782 2133 894 2237 longe
920 2134 1009 2211 infra
1039 2133 1317 2214 mediocritatem
1342 2140 1543 2215 constitisse
1566 2140 1801 2215 certissimum
1823 2148 1888 2216 est.
1946 2137 2040 2230 Ouid

663 2257 761 2331 enim
783 2253 827 2331 ab
851 2279 897 2332 eo
919 2254 1064 2332 bomine
1085 2268 1276 2358 exspectes
1298 2260 1358 2360 qui
1384 2281 1509 2336 omnes
1529 2260 1633 2336 etiam
1654 2257 1925 2337 absurdissimas
1945 2282 2040 2335 con·
2139 2356 2142 2363 s

656 2376 818 2477 jectums
842 2374 889 2453 de
912 2376 979 2455 ibis
1006 2380 1066 2479 qui
1095 2380 1131 2454 in
1152 2375 1384 2456 Monumento
1408 2382 1656 2481 nominantur,
1699 2404 1782 2457 suas
1815 2378 1959 2480 iecerit,
2004 2391 2041 2456 et

660 2498 825 2597 impense
847 2495 1063 2574 laudaverit:
1102 2501 1235 2601 quique
1258 2498 1303 2576 ad
1326 2497 1506 2602 paradoxa
1531 2498 1727 2579 iutilissima
1750 2499 2039 2601 admirabundus,

660 2606 834 2694 inscitiam
862 2620 939 2718 ipse
968 2632 1068 2696 suam
1090 2618 1303 2721 prodiderit:
1339 2633 1398 2698 aut
1426 2620 1608 2723 quomodo
1639 2620 1781 2699 tandem
1804 2620 1911 2698 Odem
1935 2620 2038 2699 nobis

662 2733 943 2816 Christianorum
970 2739 1110 2817 illorum
1138 2753 1313 2843 exponet,
1356 2740 1402 2818 de
1433 2740 1562 2844 quibus
1595 2766 1639 2819 an
1670 2740 1868 2819 Ortbodoxi
1894 2741 2037 2842 fuerint,

660 2881 707 2934 an
727 2857 922 2961 Jacobitae,
943 2885 987 2937 an
1010 2859 1225 2964 Nestoriani,
1254 2862 1338 2939 nibil
1357 2888 1398 2940 se
1421 2873 1577 2941 statuere
1600 2887 1711 2966 posse
1737 2888 1809 2940 non
1832 2861 2036 2942 dissimulat.

781 2980 903 3083 Atque
931 2981 978 3058 illi
1005 2980 1119 3060 ferme
1146 2995 1229 3061 sunt
1251 2986 1342 3060 inter
1363 2983 1606 3063 Protestantes
1638 2987 1697 3087 qui
1730 2984 1776 3061 de
1807 2982 2036 3061 Orientalium

660 3099 733 3177 lide
755 3100 886 3204 aliquid
907 3106 1097 3206 scripsere,
1122 3130 1204 3181 cum
1225 3107 1459 3183 ostentatione
1479 3103 1684 3183 eruditionis
1705 3104 1796 3182 illius
1809 3108 2035 3207 peregrinae,
2083 3150 2093 3162 ›

660 3243 729 3325 qua
751 3247 837 3301 sane
860 3236 1060 3302 caruerunt.
1109 3224 1199 3303 Nam
1226 3224 1384 3304 lacobus
1406 3223 1529 3304 Golius
1557 3238 1593 3304 et
1618 3224 1809 3304 Eduardus
1833 3225 2035 3303 Pocockius

660 3346 720 3446 qui
745 3342 907 3422 Arabicis
932 3345 1040 3422 literis
1073 3351 1199 3425 merito
1223 3347 1481 3448 inclaruerunt,
1516 3358 1551 3424 et
1583 3350 1618 3424 in
1648 3347 1714 3425 illis
1744 3347 1865 3424 utilem
1889 3371 2035 3448 operam

658 3476 891 3565 navaverunt,
914 3462 1129 3543 Obristianas
1149 3491 1209 3545 res
1232 3491 1306 3544 non
1327 3471 1528 3570 attigerunt.
1560 3467 1611 3545 lta
1627 3464 2034 3546 EduardusPococbius

660 3608 742 3661 cum
760 3584 922 3687 Dionysii
937 3584 1107 3664 Rarsalibi
1124 3592 1398 3666 commentarios
1416 3592 1452 3665 in
1473 3588 1691 3691 Scripturam
1714 3613 1851 3667 sacram
1873 3587 2032 3689 baberet,

658 3729 779 3808 neque
799 3730 845 3783 ex
865 3706 931 3783 ibis
953 3706 1146 3811 quidquam
1165 3710 1328 3811 protulit,
1362 3734 1481 3813 neque
1503 3714 1583 3813 quis
1607 3722 1703 3788 esset
1726 3721 1828 3787 autor
1851 3709 2031 3810 intellexit,

658 3837 719 3902 aut
742 3851 823 3905 eum
846 3832 1021 3905 notiorem
1045 3828 1185 3930 babuit,
1222 3855 1328 3933 quam
1343 3829 1625 3934 Abuliaragium.
1661 3829 1765 3909 Alios
1787 3855 1869 3907 cum
1893 3833 2032 3932 magnis

658 3946 727 4023 illis
742 3950 829 4025 viris
845 3952 907 4024 vix
926 3949 1186 4051 comparandos
1205 3954 1389 4029 nominare
1406 3976 1558 4030 necesse
1577 3977 1650 4028 non
1671 3963 1743 4051 est,
1767 3977 1848 4028 cum
1865 3975 1971 4027 nemo
1986 3975 2033 4027 ex

657 4064 932 4187 Protestantiuqn
954 4069 1174 4150 eruditorum
1188 4060 1430 4173 numero,‘de
1452 4071 1680 4150 Orientalium
1697 4071 1768 4148 Ode
1794 4083 1830 4149 et
1851 4070 2032 4173 disciplina

656 4185 913 4289 Eucharistica,
936 4194 1039 4268 etiam
1057 4191 1151 4270 aliud
1168 4192 1311 4296 agendo
1332 4192 1523 4297 quidquam
1547 4194 1695 4297 alicujus
1717 4194 2032 4294 pretii'scripserit.

777 4308 878 4387 Haec
904 4323 1003 4388 erant
1033 4338 1125 4416 quae
1153 4313 1199 4391 de
1226 4314 1296 4392 boc
1322 4339 1434 4417 opere
1466 4314 1617 4417 praefari
1632 4312 1850 4416 oportebat:
1897 4314 2032 4415 reliqua

567 4468 572 4491 ι
655 4428 699 4506 ad
748 4428 985 4534 Liturgiarum
1038 4439 1298 4538 antiquitatem,
1367 4448 1403 4514 et
1459 4439 1680 4514 autoritatem
1742 4434 2032 4538 singularemque

654 4547 974 4631 Alexandrinarum
1017 4559 1174 4632 notitiam
1211 4561 1424 4660 spectantia,
1458 4555 1690 4660 sequentibus
1717 4554 2052 4639 Dissertationibus¹

655 4671 933 4772 explicabuntur.

1072 4894 1604 4937 'ww—*-
