4525 6034
743 1145 811 1223 IN
862 1146 1277 1224 LITURGIAM
1327 1147 1550 1228 MARGI
1603 1152 1983 1254 GRAEGAMI

1128 1351 1550 1494 PRAEFATIO.

741 1700 817 1801 IN
840 1730 964 1819 optimo
980 1728 1102 1799 codice
1120 1728 1363 1801 Bibliothecae
1377 1732 1523 1826 itepide,
1545 1752 1591 1800 ea
1606 1751 1672 1824 quo
1687 1736 1885 1825 superiores
1898 1736 2024 1809 Litar-

646 1843 724 1934 9iao
762 1842 848 1914 duas
887 1843 1145 1937 descripsimus,
1185 1868 1387 1917 emmaumm
1432 1846 1565 1917 acilicet
1605 1866 1694 1939 qaae
1728 1848 1858 1921 Basilii
1889 1857 2026 1927 ramim

647 1958 841 2050 insipiam,
876 1963 912 2028 el
945 1960 1128 2032 secumdam
1163 1962 1326 2056 Greporii
1352 1961 1519 2056 tlteolopi‚
1555 1962 1677 2032 deerat
1713 1969 1820 2035 tertia
1845 1988 1934 2059 qaae
1961 1977 2023 2040 ta-

645 2098 721 2145 mea
746 2079 837 2146 iuter
864 2075 1037 2167 Coptitao,
1070 2099 1131 2148 eeu
1156 2077 1339 2148 Jacobitoe
1364 2078 1555 2171 Aeppptioe
1587 2085 1829 2169 conservatur,
1862 2088 2023 2178 utquam

646 2213 692 2260 eu
721 2196 843 2284 patrio
874 2192 1060 2262 traditione
1087 2192 1215 2284 Cprillo
1242 2192 1483 2263 Aleuaudriao
1511 2192 1709 2265 attribuunt.
1746 2197 1797 2266 At
1827 2197 1920 2268 mam
1946 2224 2022 2274 esee

645 2327 734 2400 qaae
752 2329 844 2377 aomo
868 2308 982 2379 1583.
1021 2308 1183 2379 Lutetiae
1202 2308 1299 2379 edita
1327 2313 1378 2380 est
1403 2332 1427 2377 o
1447 2311 1524 2381 ciro
1552 2307 1741 2380 clarissimo
1767 2311 1905 2383 Joauoe
1931 2340 1955 2385 a
1981 2316 2019 2388 S.

643 2421 800 2511 Aadrea,
814 2425 959 2514 iaeipair
971 2424 1154 2496 Ecclesiae
1166 2424 1378 2497 Paririeooie
1391 2424 1578 2513 amonica,
1593 2431 1654 2494 aut
1665 2424 1717 2495 illi
1728 2426 1903 2499 admoturi
1919 2434 2020 2503 rimi-

644 2536 720 2625 lem‚
734 2538 845 2610 multis
873 2544 908 2609 et
927 2542 1013 2610 eatis
1038 2539 1158 2610 solidis
1184 2543 1391 2636 arpameutir
1413 2545 1529 2633 potest
1554 2540 1791 2612 demomtrari.
1832 2544 1924 2615 Nom
1949 2570 2020 2618 au-

644 2657 701 2721 tor
726 2655 917 2749 Aeppptiue
942 2653 1167 2744 Aballrircat,
1205 2662 1239 2725 et
1270 2655 1333 2726 alii
1364 2658 1423 2750 qui
1454 2656 1497 2726 de
1525 2654 1644 2747 Cprilli
1675 2654 1839 2751 Liturpia
1873 2660 2020 2754 Coptica

642 2772 844 2839 meatiooem
872 2774 1041 2862 feceruut,
1075 2792 1152 2840 eam
1188 2771 1373 2865 aliquando
1413 2770 1458 2840 D.
1496 2770 1620 2840 Marci·
1643 2774 1779 2842 momine
1814 2776 2022 2868 appellatam

639 2888 748 2977 solare
773 2886 947 2973 scribuut;
979 2911 1048 2982 qua
1080 2891 1220 2957 ratioue
1246 2893 1381 2957 coastat
1406 2889 1580 2957 terrearim
1601 2885 1835 2981 Liturpiuram
1853 2891 2020 2962 Alexam-

642 3000 765 3073 drinae
791 3003 973 3075 Ecclesiae
998 3025 1165 3091 mammae,
1192 3006 1252 3098 qui
1264 3002 1441 3074 multorom
1464 3001 1704 3073 locabitaram
1715 3006 1916 3077 testimoniis
1929 3029 2019 3077 coa·
2155 3039 2162 3054 ·

638 3120 806 3209 firmatur,
834 3125 937 3213 atque
963 3121 1054 3189 iuter
1080 3119 1171 3189 alios
1198 3117 1405 3190 Christoduli
1430 3117 1565 3188 illorum
1590 3116 1836 3207 Porrimam,
1863 3123 1922 3215 qui
1948 3146 2018 3192 uu-

640 3233 769 3304 decimo
797 3234 935 3305 virebat
959 3234 1109 3305 saeculo.
1139 3233 1327 3305 Comama
1359 3257 1428 3304 uou
1455 3232 1562 3326 plaae
1594 3239 1692 3303 certa
1723 3256 1770 3303 eu
1804 3237 1911 3308 titulio
1936 3238 2019 3309 solie

639 3353 732 3420 ratio
760 3350 958 3446 compater,
995 3350 1089 3442 apud
1120 3372 1182 3420 eoo
1209 3352 1417 3442 praesertim
1450 3351 1507 3442 qui
1540 3346 1694 3418 Criticae
1720 3352 1827 3421 ommia
1854 3360 2016 3444 eupertee

638 3470 726 3551 ruat,
753 3471 788 3535 et
813 3465 1066 3536 Aleuaudriaie
1093 3465 1244 3536 omuibus
1268 3456 1438 3559 Litarpiio
1463 3461 1507 3533 ob
1534 3461 1626 3534 redis
1648 3462 1879 3555 fundatorem,
1900 3468 2018 3540 Marci

638 3601 759 3650 mamea
790 3586 991 3669 eoaoeoire,
1024 3582 1170 3676 quodum
1202 3581 1302 3651 modo
1330 3582 1460 3672 possit,
1495 3580 1638 3671 umjorie
1674 3602 1820 3672 prorrue
1860 3588 2018 3656 momenti

638 3701 701 3785 eet,
729 3695 819 3789 quod
835 3720 891 3767 eu
917 3696 1026 3768 tribus
1052 3719 1141 3791 qaae
1168 3696 1314 3789 Coptitie
1340 3697 1377 3765 iu
1401 3718 1464 3767 ueu
1489 3700 1579 3781 ruat,
1606 3692 1700 3763 malla
1724 3697 1833 3789 mapis
1860 3696 2017 3771 Graecae

636 3808 681 3879 D.
714 3811 841 3901 Marcu}
868 3834 968 3905 quom
994 3812 1162 3905 Cprilliau
1193 3810 1409 3902 respoudeat.
1451 3809 1574 3903 Itaque
1605 3831 1679 3878 cum
1713 3808 1883 3880 Graecum
1924 3811 2017 3885 illim

637 3931 765 3997 teutum
799 3930 1047 4020 maaruoriptae
1082 3928 1195 3998 codeu
1226 3927 1358 4020 Repiue
1391 3946 1461 3996 aori
1497 3927 1796 4019 repraeseularet,
1829 3947 1894 3995 uec
1925 3929 2016 3998 aude

636 4041 760 4113 haberi
788 4049 908 4136 posset
936 4048 1022 4116 eatis
1052 4046 1216 4131 sciretur,
1251 4042 1368 4112 Marci
1395 4041 1567 4112 Graecam
1592 4039 1704 4134 qualia
1740 4039 1902 4111 Lutetiae
1936 4041 2015 4112 olim

636 4159 731 4229 edita
757 4165 809 4228 ert
834 4157 1004 4252 mtjtcere
1032 4181 1162 4252 operae
1183 4162 1335 4251 pretium
1359 4159 1465 4228 cirum
1491 4162 1552 4244 eet,
1578 4155 1670 4225 velut
1696 4176 1772 4225 eam
1789 4159 1898 4248 ipsam
1924 4179 2014 4251 quae

636 4298 660 4344 a
687 4275 833 4366 Coptitie
859 4274 987 4367 Cprillo
1015 4274 1187 4345 tribuitur.

741 4388 900 4460 Codicem
934 4412 980 4459 ea
1006 4410 1072 4483 quo
1099 4385 1319 4489 dadypacpou
1349 4407 1445 4457 uuum
1471 4411 1495 4456 o
1522 4386 1709 4457 Cardiuale
1735 4384 1865 4458 Sirleto
1893 4387 2014 4459 latuit

635 4506 723 4595 aliua,
749 4506 903 4577 locares
929 4528 954 4573 a
978 4502 1016 4575 S.
1043 4506 1201 4595 Aadrem
1227 4506 1361 4577 Ranae
1387 4524 1477 4573 aomo
1507 4501 1621 4572 1701.
1643 4504 1864 4573 tractavimus
1890 4503 2012 4573 irrBi-

634 4620 807 4693 bliotlueca
832 4619 1089 4691 Baeiliaaorum
1114 4619 1361 4691 Mouaclcorum
1388 4619 1614 4704 Graecorum,
1642 4619 1738 4710 ioque
1765 4620 1923 4709 optimae,
1951 4621 2011 4703 ia-

633 4740 844 4834 teperrimur‚
872 4740 906 4805 et
932 4758 1097 4807 armorum
1123 4738 1265 4806 circiter
1290 4738 1530 4805 sexcentorum
1562 4732 1662 4805 rabie
1690 4736 1783 4805 ciem
1814 4739 1873 4803 ert.
1927 4735 2012 4804 Fuit

632 4862 744 4925 autem
775 4878 822 4925 ea
855 4853 1068 4924 Moamterio
1096 4850 1444 4943 Crpptae-Ferratae
1469 4850 1614 4921 Romam
1639 4848 1781 4936 deletur,
1816 4870 1891 4918 cam
1911 4852 2011 4941 priua

626 4970 850 5065 pertimuimet
876 4968 923 5038 ad
947 4968 1142 5040 Ecclesiam
1165 4966 1211 5036 D.
1224 4965 1364 5037 Mariae
1380 4961 1617 5067 Ὁδηγητρίᾱς
1638 4967 1676 5036 ia
1696 4961 1882 5036 Calabria:
1908 4969 2010 5057 atque
