4525 6034
553 603 584 681 S.
610 599 746 679 JdCOBl
772 599 957 678 areston
982 598 1140 677 FRATRIS
1166 597 1311 677 DOMINI.
1569 600 1625 674 39.

241 793 379 867 saeculo
405 793 636 883 migravenmt
662 787 843 884 spiritibus,
876 785 1009 861 Christe
1043 789 1188 883 quietem
1211 796 1364 882 praesta,
1393 808 1469 858 cum
1492 788 1618 882 piiset

238 911 347 1004 jarstis.
410 906 507 980 Crux
545 918 601 979 tua
640 926 726 1001 pons
768 908 812 977 sit
852 902 936 995 illis,
977 914 1012 976 et
1045 901 1230 997 baptismus
1270 912 1344 974 tuus
1384 912 1619 994 tegumentum.

242 1024 375 1121 Corpus
409 1035 500 1096 tuum
541 1032 575 1094 et
611 1024 749 1113 sanguis
788 1031 863 1092 tuus
898 1029 1053 1110 sanetus,
1087 1020 1145 1090 via
1180 1021 1246 1091 sint
1281 1039 1368 1114 quae
1404 1016 1545 1089 deducat
1577 1015 1621 1087 ad

238 1165 382 1235 regnum
408 1151 508 1215 uum.
562 1137 710 1212 Gloriam
738 1147 949 1232 perpetuam,
976 1156 1052 1206 eum
1075 1133 1270 1206 adoratione
1297 1131 1495 1228 acceptabili
1523 1132 1621 1205 decet

238 1281 303 1332 nos
341 1254 472 1330 referre
502 1279 549 1328 ex
580 1254 692 1337 medio
718 1255 914 1339 sanctuarii,
941 1250 1051 1335 Patri,
1077 1249 1164 1321 Filio
1191 1260 1227 1322 et
1251 1248 1389 1345 Spiritui
1415 1260 1532 1322 sancto
1558 1251 1620 1320 vi-

239 1397 306 1463 vo,
339 1384 374 1447 ut
405 1377 480 1467 ipse
506 1374 599 1446 Deus
631 1393 735 1443 verus
762 1368 942 1464 adimpleat
964 1365 1139 1439 nobiscum
1165 1368 1319 1457 gratiam,
1342 1362 1621 1454 benedictionem,

185 1482 191 1493 “
239 1487 487 1562 miserationem
509 1500 543 1562 et
558 1487 767 1560 clementiam
794 1509 899 1573 suam,
927 1505 973 1554 ex
998 1480 1063 1555 boc
1089 1503 1298 1576 nuncusque
1324 1479 1502 1553 adfinem:
1529 1503 1618 1555 nos-

245 1628 311 1700 que
338 1626 456 1679 omnes
482 1626 557 1676 cum
584 1592 736 1676 oratione
762 1604 940 1676 Dominum
968 1598 1197 1694 deprecemur.

493 1893 669 1965 Sacerdos
695 1898 776 1964 aule
802 1897 994 1965 orationem
1018 1895 1235 1967 Dominicam
1261 1895 1354 1965 dicii.

346 2103 448 2174 Pater
460 2098 594 2173 Domini
620 2104 726 2174 nostri
742 2101 825 2173 lesu
840 2099 983 2191 Christi,
1009 2112 1107 2198 pater
1133 2100 1436 2174 misericordiarum
1470 2111 1504 2173 et
1528 2100 1623 2174 Deus

243 2222 345 2294 totius
373 2216 630 2306 consolationis,
656 2220 712 2311 qui
739 2216 839 2290 sedes
867 2238 969 2312 super
995 2216 1191 2305 Cherubim,
1225 2229 1259 2290 et
1285 2242 1305 2290 a
1332 2215 1511 2312 Seraphim
1542 2217 1623 2289 lau⁴

245 2333 353 2405 daris:
381 2355 495 2406 coram
523 2355 589 2427 qno
616 2336 801 2405 consistunt
831 2332 920 2404 mille
952 2334 1161 2426 Angelorum
1194 2334 1381 2431 myriades,
1418 2331 1557 2405 excelsa
1590 2343 1624 2405 et

245 2450 406 2523 coelestia
434 2452 581 2541 agmina:
614 2452 669 2542 qui
703 2447 892 2522 oblationes
927 2471 974 2520 ex
1009 2449 1107 2521 donis
1143 2461 1177 2522 et
1208 2448 1426 2545 proventibus
1459 2448 1623 2521 fructuum

244 2566 302 2639 tibi
329 2562 450 2637 oblatis
476 2567 511 2635 in
539 2563 677 2637 odorem
704 2568 896 2652 suavitatis,
924 2563 1078 2657 dignatus
1105 2588 1146 2639 es
1173 2566 1383 2639 sanctificare
1410 2576 1445 2638 et
1458 2564 1624 2660 perficere

243 2703 307 2777 per
333 2684 474 2773 gratiam
500 2682 661 2772 unigeniti
688 2679 764 2751 Filii
796 2684 862 2770 tui,
895 2689 929 2752 et
964 2704 1026 2777 per
1058 2680 1211 2778 illapsum
1247 2681 1389 2777 Spiritus
1424 2683 1471 2752 tui
1506 2682 1623 2754 sancti.

245 2793 425 2867 Sanctibca
452 2799 551 2866 etiam
576 2797 721 2869 Domine
748 2799 876 2868 animas
893 2809 1045 2886 nostras,
1073 2819 1219 2893 corpora
1246 2807 1380 2884 nostra,
1420 2800 1625 2892 spiritusque

242 2921 401 2999 nostros,
427 2921 463 2982 ut
489 2910 593 2983 corde
619 2934 723 3006 puro,
751 2914 860 2982 anima
893 2912 1021 3001 lucida,
1049 2923 1083 2984 et
1114 2911 1204 2985 facie
1230 2912 1416 3001 inconfusa,
1444 2913 1625 2984 audeamus

243 3029 409 3097 invocare
440 3034 473 3097 te
499 3026 608 3098 Deum
643 3026 844 3118 coelestem,
876 3029 1009 3101 Patrem
1043 3033 1320 3124 omnipotentem,
1357 3050 1558 3123 oremusque
1591 3038 1625 3099 et

245 3141 412 3214 dicamus:
439 3143 540 3214 Pater
566 3152 683 3215 noster
710 3146 765 3238 qui
793 3166 831 3216 es
858 3145 1032 3216 incaelis.

350 3276 510 3371 Populus.
537 3275 781 3368 Sanctificetur,
808 3286 871 3349 etc.

351 3408 536 3480 Sacerdos.
563 3411 708 3483 Domine
734 3411 828 3482 Deus
855 3418 991 3501 noster,
1017 3432 1061 3480 ne
1087 3407 1226 3481 inducas
1252 3431 1316 3481 nos
1343 3413 1376 3480 in
1399 3411 1625 3497 tentationem,

245 3547 347 3620 quam
380 3528 503 3597 virtute
536 3524 682 3597 destituti
713 3528 878 3598 sustinere
909 3546 977 3596 non
1012 3529 1198 3621 possimus,
1238 3524 1300 3597 sed
1332 3522 1387 3596 iac
1418 3527 1518 3596 etiam
1551 3546 1627 3597 cum

245 3643 430 3712 tentatione
456 3649 673 3736 proventum,
701 3652 736 3714 ut
762 3644 928 3737 possimus
956 3644 1141 3730 sustinere,
1174 3650 1209 3712 et
1237 3639 1345 3712 libera
1379 3660 1443 3713 nos
1478 3663 1498 3711 a
1524 3638 1624 3712 malo.

244 3757 314 3829 Per
340 3756 455 3829 lesum
483 3755 649 3829 Christum
675 3757 854 3829 Dominum
879 3768 1049 3846 nostrum,
1075 3778 1138 3851 per
1164 3778 1280 3850 quem,
1308 3767 1371 3828 etc.

351 3889 512 3983 Papulas.
540 3889 661 3961 Amen.

351 4004 537 4077 Sacerdos.
565 4007 648 4078 Pax.
754 4005 916 4098 Populus.
943 4002 988 4077 Et
1013 4027 1098 4075 cum.

354 4121 541 4193 Diaconos.
568 4121 727 4194 Inclinate
755 4125 865 4217 capita
891 4132 1007 4194 vestra
1044 4142 1159 4193 coram
1191 4119 1267 4191 Deo
1301 4118 1529 4205 misericordi,
1560 4140 1627 4189 co-

244 4258 320 4308 ram
346 4234 442 4307 altari
467 4239 711 4333 propitiatorio,
738 4247 773 4309 et
797 4256 911 4308 coram
939 4254 1085 4330 corpore
1112 4245 1147 4307 et
1173 4237 1336 4328 sangnine
1352 4233 1540 4306 Salvatoris
1557 4254 1628 4303 no-

249 4356 332 4441 stri,
359 4354 393 4422 iu
420 4374 486 4447 quo
514 4356 585 4424 vita
611 4355 722 4448 posita
749 4362 802 4427 est
827 4350 1083 4448 suscipientibus
1116 4351 1191 4440 illa,
1227 4360 1261 4423 et
1293 4352 1450 4446 suscipite
1483 4348 1629 4422 benedi-

245 4472 394 4539 ctionem
421 4490 441 4538 a
467 4468 623 4540 Domino.

351 4594 537 4667 Sacerdos.
564 4594 640 4669 ‘l'ibi
666 4595 824 4669 inclinant
850 4598 1015 4670 servitui
1042 4598 1151 4692 capita
1179 4618 1256 4687 sua,
1283 4603 1502 4691 expectantes
1518 4595 1627 4664 mise-

245 4711 410 4783 ricordias
436 4709 560 4784 uberes
587 4735 608 4783 a
634 4721 677 4783 te.
717 4711 974 4785 Benedictiones
1001 4716 1160 4808 copiosas
1187 4733 1274 4808 quae
1302 4735 1322 4783 a
1349 4718 1383 4781 te
1409 4718 1498 4799 sunt,
1524 4710 1629 4796 mitte,

244 4825 410 4917 Domine,
438 4836 474 4898 et
500 4827 669 4899 sanctifica
696 4829 841 4915 animas,
877 4848 1040 4923 corpora,
1068 4831 1269 4924 spiritusque
1295 4834 1451 4913 nostros,
1477 4833 1513 4895 ut
1539 4822 1630 4915 digni

250 4941 355 5013 simus
393 4941 658 5015 communicandi
692 4946 827 5038 corpori
843 4990 850 5020 ,
866 4954 901 5015 et
930 4945 1085 5036 sanguini
1123 4942 1246 5016 Christi
1280 4940 1469 5012 Salvatoris
1505 4941 1629 5011 nostri:

250 5075 315 5151 per
340 5061 483 5148 gratiam
510 5067 546 5131 et
570 5058 834 5133 misericordiam
861 5068 1061 5157 etamorem
1088 5058 1239 5151 ejusdem
1256 5057 1338 5129 lesu
1357 5054 1479 5128 Christi
1496 5052 1631 5126 Domini
