4525 6034
582 649 1215 728 stndtttdnnltl.
1508 652 1585 725 217

206 843 366 933 judicium
393 840 579 926 nobiscum,
606 860 672 908 non
699 838 842 908 reducas
870 840 903 908 in
921 841 1115 910 memoriam
1128 839 1316 931 iniquitates
1343 847 1492 927 nostras,
1519 861 1587 910 non
1696 909 1700 914 .

211 957 254 1028 ad
288 979 431 1028 examen
459 959 628 1040 strictum,
661 975 769 1025 voces
797 975 860 1026 nos
888 966 922 1025 et
961 958 1160 1026 constituas:
1195 976 1239 1024 ne
1274 956 1376 1026 simus
1412 955 1532 1029 exules
1567 980 1587 1028 a

210 1076 319 1164 gratia
345 1084 414 1159 tua,
440 1093 549 1166 neque
576 1069 674 1141 alieni
702 1068 743 1140 ab
771 1069 974 1141 haereditate
1000 1081 1073 1142 tua:
1107 1092 1151 1141 ne
1177 1069 1257 1140 diris
1284 1071 1484 1143 cruciatibus
1511 1084 1587 1143 tra-

210 1188 339 1277 damur,
365 1210 432 1259 non
461 1187 502 1259 ad
529 1208 679 1258 vermem
714 1184 889 1257 rodentem
924 1184 1143 1280 praecordia,
1177 1208 1251 1257 cum
1288 1190 1395 1282 impiis
1428 1187 1587 1259 amandes

209 1326 291 1392 nos:
327 1326 394 1374 non
420 1307 454 1373 in
481 1311 577 1397 parte
610 1323 727 1373 eorum
754 1304 810 1395 qui
843 1312 875 1372 te
910 1301 1146 1373 crucifixerunt
1173 1324 1390 1374 censeamur:
1418 1326 1483 1375 non
1512 1328 1587 1376 cum

209 1422 320 1514 impiis
347 1428 546 1491 statuamus:
573 1439 643 1488 non
669 1420 850 1512 participes
877 1418 1062 1510 iniquorum
1096 1420 1216 1488 simus:
1252 1440 1321 1489 non
1354 1422 1388 1489 in
1424 1419 1586 1515 supplicia

209 1546 243 1606 et
271 1535 433 1607 stridores
461 1535 605 1605 dentium
631 1536 864 1629 projiciamur:
898 1555 966 1603 non
999 1530 1150 1624 abneges
1177 1554 1261 1622 nos,
1296 1534 1401 1605 veluti
1436 1557 1497 1609 eos
1531 1540 1587 1631 qui

209 1662 244 1722 te
271 1673 337 1722 non
364 1661 545 1721 noverunt:
572 1671 681 1743 neque
708 1647 831 1744 perdas
857 1670 921 1720 nos
948 1648 1044 1719 simui
1071 1671 1147 1720 omn
1172 1648 1237 1721 illis
1271 1653 1327 1744 qui
1363 1660 1396 1721 te
1427 1674 1496 1723 uon
1529 1651 1586 1722 di-

208 1765 373 1837 lexerunt.
428 1765 553 1836 Verum
587 1763 784 1836 illucescere
820 1764 918 1835 nohis
952 1763 1006 1836 iac
1042 1762 1183 1836 salutem
1216 1776 1322 1858 tuam;
1354 1789 1457 1860 parce
1488 1767 1588 1840 nobis

210 1881 394 1953 secundum
422 1903 571 1952 amorem
597 1891 688 1950 tuum
715 1901 798 1970 erga
825 1879 985 1950 homines.
1027 1880 1121 1951 Mitte
1148 1877 1246 1951 nobis
1274 1880 1406 1952 divitias
1433 1881 1588 1955 clemen-

209 2001 393 2086 tinomao,
421 2007 529 2068 statue
555 1987 617 2066 nos
645 1994 688 2066 ad
715 1995 889 2066 dexteram
915 2006 1025 2083 tuam;
1060 2007 1227 2066 memento
1264 2002 1408 2067 omnium
1438 2010 1586 2072 nostrum

208 2136 271 2209 per
307 2111 567 2184 misericordiam
604 2119 708 2181 tuam:
743 2111 840 2182 salva
874 2132 936 2184 nos
971 2110 1153 2183 secundum
1186 2109 1424 2184 multitudinem
1456 2120 1587 2206 gratim

208 2240 305 2315 tuae,
342 2237 376 2299 et
402 2227 524 2320 adjuva
551 2249 613 2298 nos
641 2247 702 2321 per
728 2226 936 2298 clementiam
964 2237 1061 2299 tuam.
1114 2225 1273 2319 Adjunge
1299 2248 1363 2302 nos
1392 2234 1490 2321 gregi
1519 2241 1586 2320 tuo,

208 2354 243 2414 et
268 2366 406 2415 numera
433 2366 496 2415 nos
523 2346 609 2414 inter
636 2341 771 2414 ordines
799 2342 993 2416 dilectorum
1013 2355 1154 2431 tuorum,
1180 2341 1235 2415 iac
1251 2367 1315 2416 nos
1343 2346 1463 2437 dignos
1480 2369 1587 2439 regno

209 2469 277 2546 tuo,
306 2470 340 2530 et
366 2458 465 2531 induc
492 2481 555 2530 nos
582 2463 615 2529 in
642 2457 819 2530 thalamum
846 2470 945 2531 tuum.
998 2459 1042 2530 Et
1067 2467 1206 2554 propter
1240 2458 1325 2532 haec
1350 2460 1503 2535 Ecclesia
1530 2472 1587 2535 tua

210 2583 244 2644 et
270 2596 359 2666 grex
386 2585 460 2647 tuus
488 2574 688 2670 deprecatur
715 2582 759 2662 te,
787 2584 821 2646 et
846 2597 908 2670 per
934 2586 967 2647 te
993 2586 1027 2646 et
1053 2587 1161 2647 tecum
1177 2577 1310 2647 Patrem
1332 2585 1435 2666 tuum,
1462 2578 1587 2655 dicens.

314 2690 477 2782 Populos.
531 2689 704 2761 Miserere.

315 2805 499 2876 Sacerdos.
552 2805 626 2877 Nos
654 2826 799 2900 quoque,
827 2813 889 2876 etc.

313 2920 475 3014 Populea.
529 2921 581 2991 'le
607 2920 844 3013 glorificamus.

315 3037 504 3108 Diacooua.
559 3037 667 3121 Quam
696 3035 839 3107 timenda
868 3045 920 3108 est
946 3033 1030 3108 haec
1057 3035 1151 3124 hora,
1180 3046 1241 3108 etc.

315 3153 491 3224 Sacerdos
518 3154 604 3224 dicit
631 3153 886 3223 devocationem
912 3151 1063 3245 Spiritus
1089 3158 1210 3223 eoacti.

314 3270 478 3342 Miserere
504 3267 603 3340 nohis
630 3268 723 3340 Dens
750 3270 851 3340 Pater
879 3271 1102 3362 omnipotens
1129 3271 1271 3341 etmitte
1295 3292 1396 3365 super
1422 3293 1485 3345 nos
1501 3271 1586 3368 Spi-

212 3389 311 3458 ritum
337 3393 428 3455 tuum
455 3394 602 3457 sanctum
631 3387 686 3477 qui
714 3386 823 3457 omnia
851 3383 971 3477 replet,
997 3384 1156 3478 Deosque
1184 3395 1234 3458 est
1262 3407 1363 3480 super
1390 3389 1512 3475 omnia,
1539 3391 1587 3458 ti-

207 3503 311 3596 bique
342 3499 633 3573 consubstantiaiis
667 3509 701 3570 et
736 3501 906 3590 unigenito
942 3497 1026 3571 Filio
1060 3510 1134 3588 tuo;
1169 3503 1223 3594 qui
1255 3504 1343 3572 omni
1382 3500 1464 3573 hora
1499 3503 1586 3576 dona

209 3614 391 3704 distribuit3
419 3615 602 3710 dividitque
629 3625 663 3686 et
690 3615 745 3686 dat
772 3614 931 3705 singuiis,
964 3626 1063 3709 prout
1094 3615 1180 3687 vult:
1218 3619 1273 3711 qui
1300 3616 1452 3689 omnibus
1479 3641 1588 3713 prae-

210 3754 291 3807 sens
319 3744 384 3822 est,
412 3755 520 3827 neque
546 3732 623 3803 loco
651 3729 948 3818 circumscribitur,
981 3735 1036 3825 qui
1063 3734 1164 3803 vitam
1200 3736 1345 3804 continet
1380 3755 1495 3804 eornm
1531 3738 1587 3829 qui

209 3853 342 3938 vivunt,
371 3860 404 3920 et
430 3847 601 3943 perfector
628 3849 809 3918 sanctitatis
837 3854 1027 3917 sanctorum
1055 3858 1122 3918 est:
1160 3857 1195 3918 ut
1221 3847 1339 3943 illapsu
1366 3870 1427 3920 suo
1455 3854 1586 3921 sancti-

207 3965 314 4064 ficans
345 3967 506 4060 mysteria
533 3962 617 4034 haec
642 3985 746 4058 pura,
774 3984 828 4032 me
862 3984 995 4055 quoque
1029 3986 1048 4032 a
1084 3961 1239 4036 sordibus
1271 3963 1424 4035 mundum
1458 3966 1586 4037 efficiat.

315 4080 498 4151 Sacerdos.
552 4077 684 4150 Exaudi
711 4101 765 4149 me
791 4077 945 4148 Domine.
1101 4071 1105 4086 '

313 4196 474 4289 Populea.
528 4194 633 4290 Kyrie
660 4193 807 4279 eleison,
833 4192 940 4288 llyrie
966 4190 1106 4281 eleison,
1134 4191 1240 4288 Kyrie
1267 4195 1405 4267 eleison.
1440 4273 1450 4286 ,

316 4311 492 4384 Sacerdos
519 4312 656 4382 elaeone
681 4331 806 4380 vocem.
860 4308 1002 4402 Ipseque
1029 4306 1166 4402 illapsus
1194 4319 1227 4380 et
1254 4311 1481 4402 sanctificans,
1509 4314 1586 4385 eilr-

207 4431 275 4499 ciat
301 4450 422 4522 panem
450 4426 580 4522 quidem
608 4428 715 4512 istum,
743 4446 864 4517 corpus
892 4433 1042 4494 sanctum
1069 4433 1102 4494 et
1118 4423 1348 4514 sanctificans:
1376 4451 1498 4523 corpus
1516 4451 1585 4523 pu-

208 4543 344 4615 rificans
389 4553 423 4614 et
466 4544 747 4639 propitiatorium3
787 4560 910 4634 corpus
953 4537 1081 4610 donans
1117 4542 1416 4635 incorruptionem:
1462 4567 1585 4640 corpus

207 4659 344 4731 Domini
370 4659 434 4730 Dei
462 4669 496 4731 et
522 4659 709 4730 Salvatoris
736 4657 842 4727 nostri
868 4655 952 4725 lesu
981 4654 1122 4746 Christi,
1154 4656 1197 4727 ad
1233 4663 1464 4731 remissionem
1496 4683 1585 4755 pec-

210 4785 362 4846 catorum
389 4785 422 4845 et
448 4776 552 4845 vitam
579 4783 749 4844 aeternam
777 4772 1033 4864 suscipientium.

314 4890 477 4984 Populus.
529 4891 649 4964 Amen.

317 5006 502 5078 Sacerdos.
555 5005 599 5077 Et
625 5004 762 5076 calicem
788 5000 896 5093 hunc,
929 5001 1048 5074 efficiat
1081 5006 1278 5094 sauguinem
1314 5008 1428 5078 vivum
1460 5018 1494 5079 et
1524 5013 1586 5082 vi·

212 5121 362 5210 vilicum,
390 5124 586 5214 sanguinem
607 5144 725 5217 purum
743 5130 777 5193 et
794 5130 956 5212 sanctum,
984 5122 1181 5211 sanguinem
1199 5119 1424 5214 purificantem
1439 5133 1474 5197 et
1500 5147 1586 5201 san·
