4525 6034
1250 586 1610 666 LITURGIA

1058 859 1093 930 6.
1130 861 1166 932 A
1193 859 1302 934 Petro
1329 861 1575 954 Apostolorum
1600 863 1776 958 Principe.

831 1048 914 1143 Qum
946 1060 1127 1143 Gordyaena
1157 1070 1223 1128 eret
1251 1065 1280 1128 in
1303 1063 1446 1130 Dioeoesi
1468 1065 1673 1146 Antiocheno,
1703 1070 1789 1150 cujus
1819 1068 1963 1135 Ecclesiae
1985 1071 2064 1136 tua

737 1163 887 1228 fundator.

1090 1429 1124 1500 7.
1166 1428 1279 1500 Trium
1305 1429 1519 1524 Synodorum
1545 1431 1761 1505 Sanctorum.

834 1619 1010 1708 Nrcaunas,
1035 1631 1384 1716 Constantinopolitanae
1406 1637 1531 1717 primae,
1555 1644 1585 1699 et
1607 1633 1790 1718 Ephesinae,
1812 1645 1933 1719 praeter
1949 1655 2011 1718 quas
2025 1637 2066 1701 la·

737 1735 856 1797 cobitae
878 1734 975 1797 nullus
999 1744 1183 1819 agnoscunt:
1208 1758 1264 1800 nec
1287 1739 1411 1802 aliarum
1433 1741 1575 1803 memoria
1598 1741 1630 1803 lit
1651 1742 1681 1803 in
1693 1740 1844 1823 diptycho
1855 1742 2001 1804 Ecclesiae
2009 1742 2067 1804 dle·

736 1837 900 1899 xandrinae
922 1836 1116 1900 lacebiticae.

822 1935 947 2018 Reliqua
969 1956 1009 2000 ex
1032 1937 1201 2001 observatis
1225 1935 1262 1999 ad
1285 1937 1359 2001 alias
1381 1937 1535 2021 Liturgias
1558 1939 1647 2021 plana
1669 1948 1747 2003 sunt.

1174 2280 1672 2326 ——eoeco-m

1721 2639 1726 2648 ι

1118 2748 1719 2929 LITURGIA

731 3083 1033 3204 rolucus
1060 3091 1083 3153 ¹·
1121 3082 1616 3202 rlrmlrcnla
1651 3038 2073 3231 crurocnuu,

906 3307 970 3395 on
997 3307 1104 3382 rrius
1130 3304 1308 3382 rodinus
1335 3306 1405 3382 usu
1431 3306 1603 3384 rasurus
1628 3308 1748 3385 rurus
1773 3281 1945 3386 numm
1993 3367 1996 3376 ,
2118 3367 2120 3376 ,

1141 3579 1292 3651 Primum
1319 3579 1441 3650 Oratio
1468 3560 1549 3651 unte
1575 3581 1712 3653 Pacem.

800 3779 917 3882 Deus
950 3803 1052 3874 Pater
1087 3803 1207 3896 quies
1243 3812 1414 3891 aeternus,
1452 3806 1713 3899 necessarioque
1748 3806 1925 3894 existens,
1955 3806 2005 3899 qui
2031 3821 2074 3896 pat

730 3921 867 3995 effusam
901 3918 1082 3991 bonitatem
1115 3915 1249 3989 beatam
1281 3930 1390 3998 tuam.
1426 3918 1579 3992 omuibus
1610 3918 1820 3992 ineffabiliter
1854 3921 1918 3996 das
1951 3930 1986 3993 ut
2014 3921 2074 4000 mu

729 4041 896 4114 hominem
923 4049 1032 4111 numm
1059 4041 1198 4134 primum
1225 4041 1279 4133 qui
1305 4061 1368 4135 per
1402 4036 1684 4109 inobservantium
1709 4034 1797 4129 legis
1823 4046 1906 4111 turae
1936 4033 2073 4117 vividae,

731 4181 777 4231 ex
803 4163 874 4231 vita
900 4160 933 4228 in
959 4154 1055 4227 Eden
1081 4154 1256 4227 immortali
1287 4152 1478 4241 exulderat,
1512 4152 1554 4224 de
1586 4174 1679 4225 novo
1715 4156 1858 4240 creasti,
1897 4164 1933 4226 et
1963 4151 2074 4224 utem

731 4273 774 4347 ab
809 4276 899 4346 omni
930 4272 1008 4345 lahe
1042 4273 1264 4366 corruptionis
1296 4275 1414 4344 iterum
1445 4267 1639 4374 emicuisti,
1678 4269 1790 4342 divina
1823 4269 1929 4366 plane
1961 4269 2076 4350 radone,

730 4401 830 4486 atque
864 4389 907 4462 ad
939 4387 1078 4482 madum
1110 4386 1247 4460 honoris
1287 4390 1458 4484 pristinum
1493 4408 1553 4482 per
1587 4388 1848 4459 errinanitionem
1882 4385 2073 4460 volumen

696 4575 700 4590 ,
729 4509 889 4599 unigeniti
916 4499 989 4577 Filii
1016 4509 1062 4575 tui
1088 4504 1262 4591 reduxisti,
1289 4526 1351 4599 per
1378 4524 1527 4576 amorem
1553 4524 1636 4594 erga
1661 4487 1824 4579 homines.
1881 4505 1935 4576 Tu
1959 4500 2075 4576 noma

729 4625 829 4694 etiam
856 4643 954 4711 nunc,
981 4622 1106 4693 innova
1131 4624 1164 4691 in
1190 4620 1288 4694 nobis
1314 4622 1489 4713 imaginem
1517 4620 1638 4692 amoris
1663 4622 1720 4707 tui,
1746 4621 1804 4714 qui
1830 4631 1888 4693 est
1912 4618 1987 4692 fons
2001 4614 2074 4713 pacit

729 4747 764 4809 et
790 4740 889 4830 origo
917 4739 1025 4810 omnis
1055 4734 1284 4830 benignitatis:
1318 4736 1424 4811 libero
1456 4758 1589 4832 quoque
1619 4757 1683 4808 nos
1716 4757 1833 4809 omues
1867 4756 1991 4810 servos
2017 4741 2074 4801 mos

730 4865 764 4926 et
790 4852 986 4929 adoratores
1012 4864 1101 4943 tuos,
1127 4851 1169 4925 uh
1197 4853 1273 4927 odio
1300 4856 1399 4927 misto
1424 4851 1505 4926 lelle
1529 4853 1693 4948 serpentis
1718 4851 1805 4924 illius
1831 4850 2075 4925 domomum

731 4968 773 5040 du
799 4970 910 5061 uobis,
935 4980 972 5042 ut
999 4994 1074 5043 cum
1099 4969 1332 5066 nanqudlitate
1365 4968 1542 5059 concordi,
1574 4991 1660 5064 pace
1692 4991 1760 5042 non
1789 4968 1883 5059 ficta,
1919 4978 1953 5042 et
1976 4967 2074 5040 uniant

730 5084 958 5176 indissolubili,
985 5085 1222 5184 amplectamur
1246 5087 1388 5159 invicem
1420 5089 1453 5160 iu
1480 5084 1596 5160 osculo
1622 5095 1759 5178 sanem,
1791 5087 1886 5185 quod
1921 5082 2074 5160 conueniat
