4525 6034
578 619 608 696 S.
635 617 851 695 mosceti
884 617 1114 712 EPISCOPI,
1143 633 1193 694 uc.
1504 621 1576 694 501

210 807 391 897 majestatis
423 828 524 895 suaa,
558 817 592 878 at
627 809 759 898 agmina
795 805 903 878 media
936 804 1078 878 illustrat
1108 804 1211 878 radiis
1248 806 1455 881 substantiae
1482 832 1580 882 suae:

211 921 345 993 ordines
373 944 506 1017 quoque
531 903 708 994 inferiores
735 921 852 995 ditavit
877 922 999 995 lumino
1027 922 1206 995 divinitatis
1224 945 1318 1010 suaa,
1345 926 1440 1015 cujus
1466 927 1581 1016 maje-

210 1040 303 1110 statis
329 1036 471 1129 gloriam
497 1049 654 1110 enarrant
683 1038 771 1109 coeli
803 1038 991 1126 coelorum,
1027 1051 1061 1111 et
1086 1039 1198 1112 muudi
1226 1042 1432 1135 superiores,
1460 1041 1582 1114 divites

125 1177 128 1188 ’
210 1151 319 1245 gloria
346 1153 560 1227 absconditae
587 1164 727 1227 naturae
753 1178 845 1228 suae.
898 1156 950 1227 'l'u
977 1156 1120 1228 Domino
1153 1157 1247 1228 Deus
1273 1166 1390 1229 noster
1416 1158 1582 1248 adoraris,

210 1255 244 1340 et
269 1272 440 1366 imperium
467 1269 573 1344 babes
600 1274 846 1366 superomnia:
872 1271 1034 1345 timendus
1056 1279 1110 1363 es,
1134 1271 1329 1362 laudandus,
1357 1272 1582 1363 absconditus,

211 1396 245 1458 et
277 1387 641 1483 incomprehensibilis,
672 1388 833 1476 infinitus,
872 1388 1122 1477 inenarrabilis3
1157 1387 1312 1461 excelsus
1346 1400 1380 1462 et
1414 1390 1583 1481 sublimis3

211 1500 320 1575 bonus
347 1512 381 1575 et
413 1503 632 1596 longanimis:
666 1527 745 1600 spes
782 1526 865 1577 vera
902 1507 1047 1577 omnium
1079 1515 1316 1577 creaturarum.
1369 1507 1497 1579 Placuit
1523 1507 1583 1580 tibi

212 1621 365 1708 Domine,
393 1629 428 1691 ut
455 1624 553 1692 etiam
580 1643 682 1716 super
713 1620 867 1693 mundum
901 1621 1040 1693 altemm
1073 1632 1107 1693 ot
1134 1619 1345 1710 sensibilem,
1378 1621 1581 1696 extenderes

214 1734 428 1831 spiritualiter
454 1735 666 1831 splendorem
693 1747 803 1826 tuum,
837 1739 1058 1834 repleresquc
1085 1736 1175 1810 illum
1201 1737 1391 1811 muneribus
1427 1744 1490 1812 tuis
1524 1740 1581 1811 di-

210 1856 309 1943 vinis,
336 1855 580 1948 imaginemque
606 1865 694 1927 tuam
722 1865 912 1950 corruptam
940 1865 974 1925 et
999 1853 1088 1925 nibili
1115 1853 1237 1926 iactam
1258 1858 1451 1943 innovares,
1479 1857 1582 1927 etad

189 1968 319 2041 locum
346 1991 440 2042 suum
465 1972 637 2066 pristinum
663 1967 856 2058 reduceres,
884 1979 1033 2042 amanter
1060 1993 1166 2063 agens
1194 1993 1276 2063 erga
1303 1969 1466 2061 homines,
1493 1993 1580 2065 ger-

211 2109 286 2157 men
313 2108 358 2158 ex
385 2089 458 2158 siun
486 2095 564 2174 tuo,
598 2096 631 2159 et
664 2084 875 2181 splendorem
909 2110 954 2157 ex
989 2086 1124 2179 fulgore
1157 2098 1232 2179 tuo,
1264 2088 1354 2161 illum
1381 2087 1581 2160 directorem

211 2204 347 2290 misisti,
379 2212 413 2274 et
445 2223 508 2275 nos
544 2225 564 2272 a
600 2205 813 2297 corruptione
846 2203 1002 2276 salvasti:
1042 2207 1098 2299 qui
1131 2214 1270 2277 naturae
1302 2215 1439 2278 nostrae
1473 2203 1580 2277 lactus

211 2321 377 2415 particeps
411 2321 444 2389 iu
477 2318 649 2408 omnibus,
682 2317 811 2414 absque
842 2319 908 2392 ulla
944 2319 1042 2416 culpa
1078 2324 1274 2416 permansit,
1319 2324 1407 2394 viam
1441 2331 1581 2395 naturae

211 2439 377 2530 purgavit,
405 2447 439 2508 et
464 2436 657 2509 naturaliter
684 2437 847 2529 gradatim
873 2441 998 2510 crevit:
1035 2451 1194 2534 operatus
1222 2449 1274 2512 est
1299 2441 1441 2511 virtutes
1467 2439 1580 2510 admi-

210 2551 351 2641 rabilas3
378 2553 563 2649 doctorque
588 2558 769 2626 universae
795 2561 934 2626 naturae
961 2564 1097 2627 nostrae
1124 2558 1245 2644 extitit,
1272 2555 1386 2628 divino
1414 2565 1448 2627 et
1474 2558 1580 2626 inex-

210 2668 355 2764 plicabili
381 2669 490 2742 modo.
545 2669 609 2757 Qui
636 2693 697 2767 per
724 2691 872 2742 amorem
899 2693 994 2742 suum
1021 2693 1105 2763 erga
1131 2671 1294 2762 homiues,
1320 2669 1490 2744 divinitate
1518 2696 1580 2745 sua

210 2808 273 2858 nos
299 2785 454 2882 replevit,
481 2798 515 2858 ot
541 2786 757 2859 absconditae
782 2797 923 2859 naturae
950 2809 1031 2860 suae
1057 2786 1138 2860 lecit
1163 2809 1226 2861 nos
1254 2789 1441 2883 participes.
1480 2788 1578 2860 Viam

210 2906 301 2974 vitae
327 2902 569 2976 demonstravit
593 2903 710 2977 nobis:
739 2907 875 3006 semitas
908 2928 928 2976 a
960 2903 1124 2976 scandalis
1151 2904 1274 2977 liberas
1307 2907 1437 3000 paravit
1469 2903 1580 2995 nobis,

211 3028 245 3090 et
272 3019 314 3092 ab
342 3029 495 3115 apostata
528 3019 601 3108 illo,
636 3022 691 3115 qui
722 3023 906 3117 prostravit
931 3042 995 3094 nos
1027 3020 1223 3114 aliquando,
1250 3020 1411 3109 salvavit3
1445 3024 1579 3094 oratio-

209 3159 353 3233 nemque
381 3135 425 3210 ad
449 3138 583 3209 Patrem
611 3135 724 3209 docuit
748 3158 822 3210 nos.
875 3138 1018 3209 Domine
1044 3158 1219 3229 rogamus,
1245 3148 1281 3210 ut
1308 3135 1480 3229 abstergat
1506 3160 1577 3225 ora,

207 3251 307 3342 labia,
335 3263 462 3325 mentes
490 3263 523 3325 et
550 3274 649 3324 aures
676 3255 821 3325 omnium
847 3264 1018 3342 nostrum,
1051 3262 1087 3326 ut
1121 3277 1196 3325 curn
1230 3253 1348 3327 fiducia
1382 3263 1415 3326 et
1441 3257 1580 3326 caritate

208 3394 294 3466 quae
321 3378 355 3441 te
382 3370 479 3468 decet
511 3392 585 3441 cum
619 3368 767 3441 clamore
794 3368 941 3442 dicamus
969 3392 1061 3457 eam,
1089 3369 1328 3464 elevemusque
1355 3372 1483 3442 animos
1509 3391 1578 3441 uo-

208 3500 297 3562 stros
326 3485 369 3558 ad
390 3497 424 3559 te
442 3483 701 3582 deprecabundi,
728 3486 1059 3582 respondeamusque
1078 3494 1111 3558 ot
1131 3485 1288 3559 dicamus.
1342 3486 1443 3559 Pater
1463 3497 1578 3561 noster

209 3610 264 3701 qui
290 3629 328 3680 es
354 3606 388 3675 in
415 3603 529 3676 coelis.

312 3721 474 3816 Populus.
527 3719 757 3793 Sanctificetur
783 3740 903 3790 nomen
930 3727 1032 3808 mum,
1059 3726 1122 3790 etc.

314 3838 498 3910 Sacerdos.
550 3836 578 3909 0
605 3837 751 3928 benigne
778 3844 811 3905 et
836 3832 1049 3926 longanimis,
1074 3834 1231 3923 Domine,
1256 3836 1357 3906 Pater
1382 3843 1498 3908 noster
1523 3839 1579 3931 qui

211 3980 249 4029 es
276 3960 309 4029 in
328 3955 446 4044 coelis,
473 3963 589 4027 sancte
616 3950 886 4025 et‘sanctificator
901 3953 1060 4024 omnium:
1088 3950 1130 4022 da
1158 3952 1256 4025 uobis
1276 3974 1322 4023 ox
1340 3951 1465 4025 Sancto
1482 3952 1577 4025 Sau-

209 4083 337 4146 ctorum
365 4084 433 4161 tuo,
459 4080 495 4142 ut
520 4070 744 4144 sanctificetur
778 4071 812 4139 in
845 4066 944 4139 uobis
970 4090 1092 4140 nomeu
1118 4078 1207 4141 tuum
1234 4092 1410 4161 magnum:
1444 4080 1477 4141 et
1509 4068 1577 4146 ad-

209 4194 324 4265 veniat
349 4210 489 4281 rognum
524 4197 614 4259 tuum
647 4185 690 4257 ad
723 4185 881 4257 auxilium
912 4196 1082 4273 nostrum;
1115 4188 1306 4259 executioni
1337 4185 1510 4259 mandetur
1543 4187 1578 4258 in

208 4306 307 4380 uobis
334 4304 489 4380 voluntas
516 4314 572 4377 tua
598 4284 700 4394 bona,
726 4305 811 4375 sicut
842 4302 877 4371 in
909 4300 1013 4373 coelis
1040 4324 1060 4372 a
1085 4300 1263 4374 virtutibus
1290 4305 1442 4399 superuis
1469 4300 1575 4396 perli-

209 4421 373 4498 cieutibus
398 4420 603 4495 voluntatem
630 4432 731 4506 tuam,
765 4439 917 4513 quaeque
948 4415 1155 4490 sanctificant
1180 4422 1360 4492 essentiam
1391 4429 1500 4508 tuam3
1531 4420 1577 4490 ita

208 4540 333 4612 terreni
361 4548 395 4611 et
421 4536 603 4609 defectibus
631 4534 781 4622 obnoxii,
809 4536 962 4628 supernis
985 4534 1172 4627 agminibus
1198 4533 1322 4610 similas
1348 4535 1437 4623 liant,
1465 4556 1576 4630 quau-

209 4666 277 4727 tum
303 4655 397 4728 licet:
424 4663 458 4725 ot
482 4652 608 4751 perfica
635 4663 735 4747 atquo
759 4649 814 4721 lac
840 4651 873 4720 iu
899 4648 997 4722 nobis
1024 4649 1228 4725 voluntatem
1255 4662 1354 4724 tuam
1398 4652 1451 4723 Da
1476 4646 1575 4722 nobis

209 4795 330 4869 panem
358 4770 504 4867 quotidie
529 4768 627 4844 nobis
652 4768 895 4857 necessarium,
929 4777 999 4839 toto
1032 4770 1141 4865 spatio
1167 4771 1259 4842 vitae
1284 4776 1421 4842 nostae
1448 4768 1576 4839 uansi-

209 4891 317 4962 toriae
344 4896 378 4959 et
409 4885 530 4958 llmae.
591 4887 726 4958 Dimitte
756 4877 877 4954 ¹delicta
907 4894 1023 4957 nostra
1056 4894 1089 4956 et
1122 4906 1226 4981 parce
1261 4887 1409 4981 pcccatis
1439 4885 1577 4973 nostris,

210 5028 297 5099 quae
323 5006 423 5100 impia
450 5026 513 5100 per
532 5005 696 5099 nequitias
722 5009 853 5071 nostras
887 5003 1120 5090 commisimus,
1148 5004 1233 5073 sicut
1259 4999 1446 5073 dimittimus
1473 4996 1575 5071 debi-

209 5122 338 5195 toribus
364 5124 502 5212 nostris,
530 5144 615 5216 quae
640 5118 834 5216 insipienter
858 5119 892 5188 in
918 5139 981 5192 nos
1000 5115 1215 5210 admiserunt,
1241 5119 1316 5191 sive
1336 5119 1480 5190 sciarter
1500 5118 1577 5192 sive

1289 5233 1374 5312 66*
