4525 6034
700 599 1114 679 tltdndllt.
1547 594 1652 677 15.

320 785 445 861 Calcea
479 811 553 880 me,
585 791 747 881 Domine,
782 787 826 860 ad
866 789 1159 885 praeparationem
1193 785 1373 881 Evangelii
1404 789 1518 883 pacis,
1558 798 1597 862 nt

214 911 388 977 conteram
414 916 590 1001 serpentes
617 915 651 978 et
678 907 846 1001 scorpios,
872 925 1073 999 omnemque
1091 907 1249 977 virtutem
1283 906 1419 994 inimici,
1445 907 1481 976 in
1507 927 1594 977 sae-

213 1020 300 1091 cula.
325 1022 446 1093 Amen

323 1137 405 1207 Teon
429 1139 561 1230 occipit
586 1137 754 1225 amman
782 1142 818 1208 et
842 1136 935 1206 dicit.

318 1251 489 1347 Deprime,
515 1254 660 1325 Domine
685 1254 792 1342 Deus,
819 1250 881 1324 sub
908 1249 1091 1323 scabellum
1123 1250 1248 1345 pedum
1281 1273 1433 1325 meorum
1460 1272 1594 1324 omnem

212 1366 448 1440 sublimitatem
482 1368 700 1441 extollentem
732 1391 771 1442 se
804 1367 970 1441 adversus
1007 1370 1180 1441 scientiam
1220 1378 1330 1457 tuam,
1365 1370 1413 1439 ita
1453 1376 1490 1439 ut
1532 1390 1595 1464 per

212 1485 372 1556 auxilium
400 1493 502 1571 tuum,
529 1494 702 1588 conteram
727 1486 916 1579 passiones·
932 1482 1086 1556 carnales
1112 1487 1147 1555 in
1174 1483 1320 1557 saecula.

317 1601 461 1693 Accipit
485 1596 694 1688 Χιτώνιον,
726 1604 893 1695 factoque
917 1622 1022 1693 cuper
1054 1599 1139 1670 iilud
1171 1600 1303 1693 triplici
1334 1601 1433 1691 aiqno
1469 1601 1593 1688 cmcie,

209 1715 325 1785 induit
350 1715 444 1805 illud,
472 1723 507 1787 et
532 1716 626 1787 dicit.

320 1831 424 1904 lndue
449 1856 504 1904 me
530 1834 675 1906 Domine
700 1841 799 1906 veste
825 1833 1082 1929 incorruptionis
1108 1854 1172 1928 per
1196 1834 1353 1904 virtutem
1379 1829 1522 1927 Spiritus
1548 1833 1596 1901 tui

211 1951 338 2021 sancti:
366 1959 401 2020 et
425 1957 560 2043 praesta
589 1949 664 2020 mibi
691 1959 727 2020 ut
744 1947 896 2044 placeam
917 1946 1137 2021 tibimoribns
1154 1946 1264 2020 bonis»
1279 1959 1314 2020 et
1338 1949 1452 2037 rectis,
1479 1949 1594 2017 omni-

208 2062 276 2136 bus
304 2062 419 2135 diebus
445 2067 536 2136 vitae
562 2087 659 2137 meae
683 2065 837 2137 Domine.

317 2180 442 2275 Siqnot
468 2186 522 2250 ter
550 2181 710 2252 Orerinm
736 2184 850 2252 crucis
882 2182 999 2273 aiqno,
1033 2178 1182 2273 illudque
1216 2181 1359 2271 imponit
1392 2176 1483 2249 collo
1518 2199 1594 2269 auo,

209 2296 424 2389 demittitque
450 2318 554 2389 anper
575 2303 698 2391 pectus
724 2299 956 2383 transversim,
983 2300 1019 2367 in
1041 2300 1190 2389 sormam
1216 2297 1348 2381 mucis,
1375 2293 1517 2364 dicens:

320 2413 527 2504 Praecinges
553 2435 608 2485 me
633 2416 757 2484 virtute
782 2415 818 2484 in
842 2410 947 2503 bello,
973 2422 1008 2485 et
1033 2411 1202 2507 deprimes
1222 2413 1435 2501 insurgentes
1462 2407 1593 2481 adver-

210 2548 288 2599 sum
315 2551 381 2617 me,
409 2527 525 2601 subtus
540 2550 605 2600 me.

318 2644 443 2736 Siqoot
469 2651 523 2717 ter
548 2667 671 2716 sonum
696 2636 810 2716 crucia
835 2648 945 2737 eiquo,
972 2651 1007 2715 ct
1032 2645 1140 2736 einqit
1165 2665 1241 2714 eom
1265 2643 1363 2714 circo
1388 2662 1490 2713 renea
1514 2663 1595 2714 auca

209 2757 350 2831 dicens:
765 2767 772 2781 '

315 2877 509 2967 Accingere
542 2875 656 2967 gladio
693 2898 796 2973 snper
829 2897 930 2948 renes
963 2885 1055 2965 tuos,
1090 2895 1111 2944 ο
1146 2880 1284 2969 potens:
1319 2875 1434 2966 specie
1468 2880 1525 2944 tua
1560 2882 1595 2944 et

209 2987 324 3082 gloria
352 3000 420 3082 tua,
447 3001 511 3062 ete.

318 3106 461 3201 Accipit
485 3106 689 3199 manipulum
724 3113 760 3176 et
784 3108 898 3199 oiqnut
923 3105 1015 3176 illum
1041 3105 1094 3176 bia
1119 3106 1217 3199 aiqaco
1245 3105 1374 3188 erneis,
1407 3101 1594 3195 alligetque

209 3220 361 3293 brncbio
387 3226 538 3311 ninbtro,
567 3229 603 3294 et
627 3223 720 3292 dicit.
1413 3296 1417 3303 ,

317 3338 423 3410 Arma
458 3341 607 3431 justitiae
639 3336 695 3408 iac
733 3336 884 3409 membra
922 3358 1019 3426 mea,
1051 3335 1212 3424 Domine,
1253 3331 1314 3404 ad·
1334 3333 1444 3405 omnia
1487 3354 1593 3428 opera

208 3451 304 3526 bona
340 3464 373 3526 et
405 3463 517 3527 recta:
552 3452 681 3526 iaciens
716 3474 780 3525 nos
808 3450 929 3547 templa
960 3474 1044 3551 pura
1071 3460 1105 3521 et
1130 3470 1216 3522 vasa
1243 3447 1363 3540 electa,
1390 3470 1477 3543 quae
1503 3471 1593 3521 con-

209 3573 352 3641 veniunt
378 3572 561 3644 ministerio
588 3569 719 3662 gloriae
745 3580 821 3640 tuae
848 3588 997 3663 semper:
1024 3566 1139 3655 Pater,
1166 3575 1229 3637 etc.

324 3685 371 3756 Et
397 3686 592 3758 dornitiaco
623 3686 743 3757 induit.
794 3685 892 3757 Doce
924 3703 1041 3756 manus
1075 3703 1169 3755 meas
1197 3680 1241 3752 ad
1266 3680 1439 3779 praelium,
1466 3691 1501 3754 et
1527 3704 1592 3756 ro-

208 3797 300 3872 bora
328 3805 412 3873 sicut
439 3823 553 3874 arcum
579 3824 718 3874 aereum
745 3799 881 3873 bracbia
908 3823 993 3872 mea.

318 3919 461 4012 Accipit
484 3916 689 4010 manipulum
715 3915 868 4003 alteram,
895 3919 1074 4011 aiqnntque
1101 3937 1176 3985 eum
1207 3913 1311 3986 semel
1343 3916 1441 4005 siquo
1469 3915 1592 3998 crocis,
1673 3992 1676 3995 Α

211 4038 248 4103 et
275 4033 421 4105 dextero
448 4033 593 4106 brocbio
620 4035 854 4124 circumponit,
881 4030 1018 4101 dicem:

319 4149 426 4222 Arma
448 4152 608 4242 justitiae,
636 4157 699 4220 etc.
726 4146 866 4219 lnterea.
903 4147 1054 4218 Dextera
1080 4154 1137 4217 tua
1165 4144 1301 4237 adjuvet
1326 4166 1398 4235 me,
1425 4154 1458 4215 et
1485 4143 1593 4217 disci-

149 4358 156 4365 ·
210 4262 304 4359 plina
330 4275 386 4336 tun
412 4288 467 4337 me
493 4265 623 4338 doceat.

321 4380 447 4476 Siqoot
472 4383 629 4468 Foinom,
657 4383 732 4453 sive
760 4376 928 4467 casulam,
957 4386 1011 4450 ter
1036 4381 1134 4472 ciqno
1162 4380 1285 4466 mucia,
1313 4377 1453 4447 dicens:

321 4496 526 4570 Sacerdotes
552 4499 599 4569 tui
625 4495 802 4568 induantur
823 4489 995 4587 justitiam,
1022 4505 1084 4567 etc.

320 4612 497 4686 Sacerdos
521 4612 726 4700 inclinetur,
760 4617 795 4684 et
828 4613 984 4683 ascendit
1020 4614 1057 4681 in
1088 4611 1233 4682 medinm
1265 4610 1353 4680 oeli:
1383 4614 1452 4679 tum
1484 4608 1593 4679 incli-

212 4734 319 4800 natur
345 4751 463 4800 eornm
487 4751 604 4801 menso
628 4730 733 4816 citae,
760 4728 910 4822 dicitque
934 4726 1025 4797 bone
1052 4729 1243 4797 orationem
1266 4748 1333 4819 pro
1360 4747 1398 4796 ae
1423 4727 1499 4818 ipso
1531 4746 1593 4794 se-

215 4851 320 4916 meto,

320 4961 463 5032 Domine
492 4959 586 5033 Deus
613 4962 823 5055 omnipotens
851 4961 906 5053 qui
931 4959 1070 5031 remittis
1105 4959 1295 5052 iniquitates
1326 4953 1506 5045 humanas,
1538 4956 1594 5048 qui

215 5097 287 5148 non
314 5080 369 5148 vis
390 5087 532 5151 mortem
556 5078 761 5173 peccatoris:
789 5074 832 5147 ad
857 5085 892 5148 te
917 5075 1064 5148 extendo
1086 5093 1204 5147 manus
1222 5071 1334 5147 cordis
1360 5073 1436 5160 mei,
1464 5081 1499 5144 et
1524 5080 1596 5144 ate
