4525 6034
361 1206 392 1258 Ρ.
409 1207 455 1264 60.
472 1207 488 1259 l.
506 1208 550 1261 3⁰.

364 3817 393 3869 P.
412 3818 455 3870 61.
475 3818 492 3868 l.
512 3818 554 3872 11.

652 588 727 663 316
1218 587 1449 668 NOTAE

649 773 742 838 ribus.
785 774 902 857 Nempe
925 781 1051 860 rogatur
1064 774 1158 852 Deus,
1181 781 1215 837 ut
1235 773 1395 838 benedicat
1416 776 1705 861 congregationibus
1719 776 1964 862 Christianorum,
1987 789 2022 845 ιιι

648 873 745 936 libere
768 882 798 937 ot
820 875 886 938 sine
908 873 1120 956 impedimento
1144 875 1348 939 celebrentur.

648 1134 686 1214 ‘0
716 1133 817 1222 Λαός
851 1140 943 1235 λέγει
979 1132 1148 1211 Πιστεύω
1185 1137 1231 1219 εἰς
1265 1138 1331 1211 ἕνα
1362 1136 1460 1214 Oeta.
1529 1140 1682 1233 Populos
1718 1140 1801 1211 dicit
1837 1140 1948 1212 Οναιο
1984 1145 2020 1212 in

1212 1277 1311 1325 onum
1338 1254 1457 1337 Deum.

752 1464 919 1543 Sannorum
941 1475 1106 1538 Nicaenum
1128 1475 1208 1556 apud
1221 1475 1402 1541 ,orientales
1431 1494 1536 1542 omnes
1558 1478 1616 1541 diei
1645 1479 1726 1542 solet
1754 1480 1834 1542 inter
1862 1480 2021 1544 blissarnm

650 1580 810 1658 solemnia,
833 1580 1006 1662 etquidem
1033 1588 1102 1643 ante
1126 1579 1270 1643 Osculum
1291 1582 1394 1662 pacis,
1422 1589 1456 1644 nt
1482 1580 1573 1645 babet
1596 1579 1704 1646 Codex
1731 1583 1856 1666 Regius.
1900 1584 1933 1646 ln
1956 1583 2022 1647 Go-

649 1682 748 1762 pticis,
772 1681 840 1764 quia
863 1682 1002 1743 rubricae
1025 1687 1077 1743 aut
1098 1680 1220 1743 omnino
1244 1680 1363 1759 desunt,
1386 1690 1437 1745 aut
1460 1680 1526 1744 aliis
1549 1681 1638 1760 locis,
1661 1680 1743 1746 unde
1764 1682 1915 1765 petendae
1938 1690 2020 1759 sunt,

650 1781 878 1858 describuntur,
912 1780 1088 1862 plerumque
1119 1779 1207 1843 deest
1234 1797 1271 1841 ea
1303 1799 1382 1862 quae
1408 1788 1527 1861 spectat
1559 1782 1768 1844 recitationem
1797 1782 1941 1865 Symboli.
1986 1781 2022 1845 ln

650 1881 796 1961 aliquibus
818 1889 918 1945 temen
939 1881 1091 1963 reperitur
1112 1897 1190 1962 quos
1212 1879 1439 1961 interpretando
1461 1882 1557 1944 secuti
1578 1899 1689 1944 snmus.
1726 1880 1760 1943 ln
1783 1881 1900 1945 Graeca
1922 1882 2021 1945 blarci

643 1982 823 2064 assignatur
852 1990 922 2062 post
952 1982 1106 2044 orationes
1136 1977 1233 2043 osculi
1260 1981 1360 2061 pacis:
1388 1980 1447 2042 nisi
1476 1988 1635 2062 peccatum
1661 1981 1700 2043 sit
1727 1999 1745 2044 a
1768 1980 1916 2060 librariis,
1939 1981 2022 2062 quod

650 2080 771 2144 videtur
792 2079 967 2145 verisimile.

689 2339 789 2440 Εὐχή
814 2339 1010 2435 ἀσπασμοῦ
1033 2347 1100 2416 τοῦ
1123 2339 1232 2441 n‘yc'ov
1257 2340 1459 2416 Βασιλείαν.
1502 2338 1624 2411 oratio
1650 2341 1759 2412 Pacis
1784 2340 1822 2413 S.
1849 2341 1985 2413 Basilii.

740 2553 852 2632 Nomi
874 2563 976 2626 Basilii
997 2562 1129 2645 adjicere
1152 2562 1223 2624 huic
1234 2536 1362 2626 orationi
1383 2560 1570 2642 superfluum
1583 2568 1659 2638 erat,
1681 2562 1708 2624 si
1730 2562 1799 2624 olim
1834 2562 2021 2625 constitisset

649 2671 791 2752 scriptam
813 2668 851 2730 ab
873 2686 911 2731 eo
934 2682 1016 2745 esse,
1039 2675 1071 2729 ιιι
1092 2686 1128 2730 se
1151 2666 1251 2745 babet,
1273 2666 1352 2728 banc
1373 2664 1548 2746 liturgiam,
1570 2667 1600 2727 in
1622 2683 1682 2746 qua
1712 2667 1856 2747 opinione
1887 2666 2022 2747 antiqui-

649 2776 698 2830 tus
721 2786 782 2831 non
810 2767 903 2830 luisse
931 2767 1072 2830 videntur
1098 2765 1307 2829 Alexandrini.
1352 2766 1391 2828 Et
1411 2765 1550 2828 fortassis
1578 2765 1657 2828 bunc
1693 2764 1810 2827 titulum
1839 2767 1945 2829 sortita
1970 2774 2022 2829 est

650 2868 687 2930 ab
710 2867 760 2930 illa
783 2871 920 2930 cranone
943 2885 1020 2948 quae
1043 2874 1125 2931 extat
1146 2868 1178 2928 in
1201 2867 1318 2939 Graeca
1346 2864 1464 2943 Basilii,
1487 2863 1577 2946 paulo
1607 2872 1707 2928 tamen
1728 2863 1887 2947 prolixior.
1932 2865 2019 2942 Nam,

648 2974 682 3031 ιιι
703 2967 772 3031 alibi
796 2968 990 3030 observatum
1012 2973 1070 3045 est,
1093 2965 1258 3047 Anapbora
1293 2964 1418 3046 proprie
1446 2964 1526 3026 dicta
1555 2964 1659 3047 incipit
1687 2965 1724 3027 ab
1754 2965 1893 3027 oratione
1922 2965 2021 3027 osculi

648 3069 743 3148 pacis,
766 3075 816 3130 aut
839 3084 857 3128 a
878 3064 1085 3143 Praelatione‚
1117 3083 1194 3146 quac
1217 3066 1316 3128 statim
1338 3065 1494 3147 sequitur:
1516 3065 1597 3128 unde
1619 3066 1757 3147 proclive
1779 3064 1851 3144 ituit,
1881 3071 1915 3127 ut
1941 3082 2020 3146 quae

647 3169 743 3250 prima
766 3165 947 3231 occurrebat
969 3158 1067 3229 oratio
1089 3163 1206 3228 titulum
1233 3167 1288 3228 toti
1316 3166 1472 3249 biturgiae
1499 3183 1646 3229 successu
1677 3167 1821 3248 temporis
1852 3166 2020 3230 communi-

650 3274 744 3331 caret.
779 3265 890 3329 Omncs
913 3267 992 3327 enim
1014 3282 1093 3346 qnae
1107 3264 1304 3347 praecedunt,
1315 3264 1352 3328 ad
1374 3267 1635 3347 praeparationem
1650 3266 1811 3348 pertinent,
1835 3265 2019 3347 reliquisque

649 3385 821 3430 communes
856 3373 936 3428 sunt.
981 3363 1088 3427 Obstat
1117 3372 1216 3427 tamen
1249 3365 1318 3429 buic
1347 3367 1556 3447 conjecturae,
1587 3366 1667 3448 quod
1705 3367 1763 3429 ista
1790 3366 1872 3447 pacis
1902 3364 2018 3427 dandae

650 3468 746 3530 oratio
767 3483 828 3529 non
850 3464 978 3528 babetur
1000 3466 1030 3526 in
1054 3463 1189 3544 Copticis
1213 3465 1446 3547 exemplaribus.

651 3725 726 3801 Kal
760 3723 824 3810 δὸς
854 3723 952 3821 ἡμῖν.
1005 3726 1053 3798 Ει
1078 3726 1125 3797 na
1157 3724 1256 3798 nobie
1289 3734 1326 3798 ot
1358 3751 1432 3798 corn
1462 3728 1552 3798 omni
1584 3729 1705 3798 timore
1736 3733 1771 3798 et
1803 3728 2018 3799 consciemiu

673 3868 765 3937 pora
791 3846 974 3938 offeramur
1000 3840 1063 3914 tibi
1087 3843 1267 3938 spirituale
1292 3843 1358 3914 boc
1385 3850 1420 3915 et
1444 3847 1653 3915 incruentam
1677 3846 1901 3936 seminecem,
1928 3849 1992 3914 cle

754 4054 858 4132 Locus
880 4066 1025 4149 insignis,
1054 4074 1086 4129 et
1112 4064 1164 4147 qui
1192 4083 1335 4128 summam
1368 4065 1406 4129 dc
1429 4052 1616 4129 Eucharistla
1643 4064 1791 4128 sacrificio
1821 4063 2018 4146 theologiam

650 4169 755 4251 paucis
777 4170 878 4234 verbis
902 4169 1121 4251 complectitur.
1164 4168 1382 4250 Agnoscebant
1410 4168 1529 4232 scilicet
1558 4169 1609 4250 qui
1638 4168 1748 4232 talibus
1771 4169 1872 4231 verbis
1895 4166 2018 4231 Euoba-

649 4270 762 4332 ristiam
784 4269 975 4333 celebrantes
997 4267 1169 4345 utebantur,
1191 4287 1309 4332 sacram
1331 4270 1480 4332 actionem
1501 4286 1572 4333 csse
1594 4267 1784 4347 sacrificium,
1809 4267 1963 4348 spirituale
1986 4273 2018 4329 et

650 4371 853 4432 incruentum:
877 4388 947 4433 esse
970 4387 1092 4451 quoqne
1114 4355 1247 4453 λογικὴν
1268 4363 1422 4454 λατρείαν
1443 4367 1628 4449 spiritualem
1646 4368 1828 4432 adorationis
1843 4366 2019 4448 religionis·
2051 4413 2055 4421 .

653 4487 712 4550 que
741 4486 873 4532 smnmae
901 4467 1029 4546 cultum,
1065 4467 1163 4548 qualis
1192 4467 1251 4531 soli
1277 4467 1344 4530 Deo
1372 4465 1510 4533 debetur.
1553 4467 1695 4530 Eamtlem
1722 4485 1838 4530 sacram
1869 4468 2018 4529 actionem

651 4588 733 4647 esse,
756 4569 842 4650 cujus
863 4569 932 4649 ipse
954 4567 1078 4630 formam
1099 4567 1258 4648 Apostolis
1277 4552 1485 4648 praescripsit,
1507 4568 1576 4630 dum
1591 4566 1651 4629 ibis
1667 4568 1835 4647 praecepit,
1851 4574 1885 4629 nt
1906 4567 1947 4628 ita
1968 4561 2019 4626 ia-

651 4676 756 4732 cerent
784 4659 818 4729 'in
846 4668 894 4730 sui
923 4668 1105 4731 memoriam.
1151 4665 1255 4747 ltaque
1276 4684 1324 4728 cx
1345 4666 1463 4728 illorum
1494 4667 1660 4744 sententia,
1682 4667 1816 4748 liturgia
1839 4664 2018 4729 sacrificium

651 4775 709 4846 cst,
731 4767 809 4830 idem
832 4765 915 4847 quod
927 4764 1067 4846 Apostoli
1088 4764 1156 4828 Deo
1184 4765 1368 4842 obtulerunt,
1391 4773 1482 4847 atque
1504 4764 1581 4830 adeo
1604 4764 1727 4829 formam
1748 4762 2017 4848 exprimensCoc-

650 4886 708 4929 nac
730 4866 927 4946 Apostolicae
950 4872 982 4928 et
1003 4865 1222 4946 Evangelioae:
1252 4882 1311 4928 nec
1339 4864 1417 4927 enim
1445 4865 1539 4928 verba
1567 4864 1815 4947 signiicationem
1843 4864 1929 4927 aliam
1958 4861 2017 4924 ad-

652 4970 779 5032 mittunt.
826 4965 942 5029 Colitur
964 4982 1041 5047 ergo
1064 4964 1163 5043 Deus,
1193 4971 1224 5026 ct
1253 4962 1372 5046 φαάαια
1400 4957 1535 5050 λατρεία
1562 4960 1691 5049 λογικῇ,
1720 4982 1781 5028 non
1811 4964 1935 5047 prolana
1965 4969 2017 5023 aut

651 5064 792 5147 Judaiea,
821 5066 890 5148 quia
923 5064 1079 5147 spirituale
1108 5071 1173 5141 cst,
1202 5071 1233 5129 et
1259 5065 1447 5128 incruentum
1477 5063 1673 5143 sacrificinm,
1708 5083 1776 5128 cum
1800 5063 2018 5146 Apostolorum
