4525 6034
501 526 549 601 DE
564 522 821 603 LiiUEiiithlhi
836 522 1093 600 OEIENTALIUM
1103 522 1255 601 ORiGElE
1267 525 1315 599 ET
1331 522 1579 601 AUTORliATE.
1684 520 1734 592 lx

473 710 651 784 Orientuies
688 707 842 781 eamdem
883 707 1088 803 disciplinam
1122 707 1284 781 hahentm
1321 731 1408 804 quac
1451 707 1587 803 reliquis
1625 708 1729 782 Chri-
1778 705 1921 807 (ΜΨ
1937 711 2054 808 wi·

327 832 481 901 stianis
506 828 688 899 communis
714 831 800 911 erat,
834 823 923 894 ilium
959 822 1109 895 similiter
1146 827 1179 895 in
1215 823 1352 897 Oriente
1390 835 1664 920 propagaverunt
1696 793 2053 943 etffissfflffl

313 946 504 1031 posteris
529 943 797 1012 transmiserunt:
824 960 934 1034 neque
960 947 1072 1009 tamen
1099 942 1207 1011 statim
1233 939 1323 1011 iliam
1348 942 1586 1034 perscripsisse
1603 939 1729 1014 vidon—
1742 896 2050 1032 ronummuchhhhz.

309 1057 396 1125 tur.
445 1057 495 1129 [lt
516 1059 559 1126 ita
587 1065 781 1141 statuamus,
808 1052 887 1124 iacit
913 1055 1045 1145 insigne
1070 1076 1155 1148 prae
1182 1057 1325 1126 caeteris
1342 1052 1456 1126 Basilii
1483 1053 1599 1147 Magni
1626 1061 1728 1129 testi-

302 1174 514 1263 monium,
539 1173 593 1265 qui
619 1169 720 1240 muita
748 1189 832 1262 quae
860 1166 902 1238 ad
928 1189 992 1241 nos
1025 1168 1097 1242 sola
1129 1170 1305 1241 traditione
1331 1178 1558 1264 pervenerunt
1584 1192 1729 1242 enume-

297 1294 425 1353 rans
445 1339 468 1373 .,
491 1285 644 1377 adiungit
704 1284 819 1357 Verba
843 1306 969 1356 ramae
1001 1285 1235 1356 invocationis
1269 1287 1305 1353 in
1338 1287 1599 1355 consecratione
1628 1289 1731 1377 partic
1744 1288 2053 1356 balaami-no

293 1397 332 1456 08
387 1401 548 1486 calicia,
577 1403 653 1493 pain
684 1404 879 1471 amiciorum
910 1397 1009 1469 nata
1034 1403 1164 1492 scripto
1192 1399 1368 1470 tradidit?
1399 1398 1447 1469 ita
1482 1403 1570 1471 enirn
1602 1398 1731 1471 Graeca
1745 1378 1826 1425 ⁶¹²⁷·

288 1514 521 1585 vertenda
547 1522 633 1600 sunt,
661 1535 729 1585 non
754 1522 791 1583 ut
807 1512 950 1583 annuitis
971 1510 1094 1584 iactum
1122 1523 1186 1603 est,
1215 1517 1270 1608 qui
1295 1509 1481 1591 ἀνάδειξιν
1507 1519 1732 1587 ostensionem

282 1632 379 1689 ³⁹¹1
441 1630 668 1700 elevationem
693 1627 922 1699 Eucharistiae
948 1631 1217 1722 interpretantur,
1245 1628 1306 1700 sed
1338 1639 1452 1699 contra
1480 1634 1604 1701 autoris
1630 1652 1732 1702 men-

277 1731 413 1807 l‘'m-
490 1745 743 1815 invenationem
782 1752 885 1815 vocat
921 1741 1063 1814 Basilius
1103 1744 1275 1817 canonem
1317 1743 1470 1816 Missae:
1512 1748 1588 1838 quia
1621 1747 1730 1818 multis

269 1838 569 1955 &taxatam
604 1880 664 1929 seu
690 1856 961 1931 invocationibus
987 1868 1129 1947 constat,
1157 1862 1243 1929 inter
1271 1880 1352 1952 quas
1380 1862 1559 1953 praecipua
1587 1869 1640 1930 ast
1666 1883 1732 1930 ce-

268 1947 467 2044 lebris
493 1971 558 2061 illa,
586 1981 621 2042 et
647 1994 743 2066 quarn
771 1994 887 2044 ornnes
915 1971 1103 2044 Orientaies
1128 1972 1302 2065 Liturgiae
1328 1983 1596 2068 repraesentant,
1622 1973 1732 2045 Invo-

262 2078 443 2156 ffitio
481 2089 620 2182 Spiritus
656 2090 762 2159 saneti
796 2090 829 2158 in
862 2086 949 2159 dona
981 2090 1165 2184 proposita,
1192 2090 1286 2185 cujus
1313 2092 1532 2160 meminerunt
1557 2088 1730 2170 irenaeus,

261 2179 560 2294 Epiphanius
596 2202 747 2274 etmulti
774 2202 848 2291 alii,
882 2211 919 2274 ut
951 2224 1013 2276 sno
1048 2202 1126 2275 ioco
1153 2202 1288 2275 dicetur.
1342 2204 1439 2276 Unde
1466 2208 1495 2276 si
1527 2227 1595 2276 non
1622 2213 1729 2285 certo,

260 2300 477 2390 saltem
502 2317 726 2391 verisimiliter
752 2321 887 2390 omnino
921 2295 1145 2405 chnoiuditur,
1179 2328 1256 2389 ante
1288 2318 1403 2390 Basilii
1434 2329 1585 2414 tempora
1612 2319 1730 2391 Litar-

260 2415 405 2503 lfffls
461 2432 610 2506 Graecas
636 2432 742 2504 literis
776 2455 844 2506 non
870 2431 976 2506 fuisse
1002 2436 1228 2526 consignatas.
1265 2433 1392 2506 Suadet
1417 2434 1451 2504 id
1477 2437 1575 2505 etiam
1600 2432 1729 2505 Eccle-

260 2531 514 2620 iusticie
541 2547 734 2643 disciplinae
760 2550 857 2638 ratio,
885 2570 971 2642 quae
996 2551 1157 2643 mysteria
1188 2559 1281 2620 tanto
1315 2549 1445 2620 silentio
1479 2552 1548 2641 tegi
1578 2547 1729 2640 jubebat,

259 2655 292 2716 ll
361 2666 574 2735 nonnisi
601 2665 747 2750 initiatis,
774 2673 809 2734 et
833 2660 983 2736 breviter
1016 2663 1161 2758 quidam,
1196 2666 1261 2734 imo
1296 2661 1547 2737 obscuriuscuie
1574 2663 1731 2758 explica-

261 2776 599 2871 rt³11t11r,‹puod
637 2776 746 2849 rnulds
780 2787 933 2849 valonam
966 2780 1163 2851 testimoniis
1189 2778 1399 2851 manifestum
1434 2788 1504 2867 eat,
1531 2783 1729 2874 praesertim

262 2876 292 2945 il
360 2888 633 2965 Semonibus
660 2891 702 2963 ad
715 2892 882 2986 populum,
910 2890 967 2964 ubi
992 2891 1152 2986 frequens
1179 2901 1232 2965 est
1265 2892 1322 2965 illa
1347 2890 1625 2989 ἀποσαυπήσεως
1649 2894 1729 2966 ior-¹

266 2999 462 3095 ulula,
494 3008 632 3078 Norunt
665 3010 803 3107 initiati,
839 3015 874 3077 ut
903 3007 960 3078 iila
994 3006 1169 3103 Epiphanii
1197 3011 1371 3101 accipiens
1396 3007 1439 3080 τὸ
1466 3006 1507 3080 di·
1533 3006 1660 3081 ani‘ed
1688 3006 1729 3080 di

269 3102 388 3184 *⁰0
452 3130 485 3192 et
508 3121 585 3194 hoc.
636 3122 684 3193 At
710 3126 739 3194 si
766 3144 852 3216 quae
886 3123 929 3193 ad
961 3120 1057 3215 hujus
1092 3120 1243 3219 mysterii
1276 3121 1372 3194 fidem
1408 3121 1636 3218 pertinebant,
1663 3145 1730 3194 non

271 3218 457 3307 iliter
482 3260 578 3332 quarn
605 3239 686 3309 viva
716 3259 816 3325 voce,
843 3246 879 3308 ut
911 3235 1119 3333 Symbolum,
1145 3234 1361 3308 tradebantur
1392 3238 1579 3327 initiandis,
1605 3247 1729 3332 quanto

269 3340 465 3423 millus
497 3351 599 3425 scribi
624 3361 780 3448 poterunt
810 3361 867 3423 aut
902 3350 1070 3424 debebant
1110 3373 1233 3423 areana
1272 3373 1444 3424 sacrorum
1482 3352 1607 3444 verba,
1640 3373 1727 3446 quac

270 3446 328 3519 ’ἃ
409 3467 519 3539 solos
546 3466 736 3562 Episcopus
763 3477 798 3538 et
823 3466 1026 3541 Sacerdotes
1053 3465 1259 3564 spectabant.
1309 3466 1463 3540 Occurrit
1487 3471 1521 3540 in
1546 3471 1727 3564 primorum

267 3572 568 3654 lffleeuiorum
602 3581 749 3654 historiis
788 3581 1057 3676 frequentissima
1090 3581 1276 3655 traditionis
1312 3603 1485 3654 sacrorum
1525 3583 1730 3656 voluminum

263 3682 530 3787 Remuria,
564 3697 606 3769 de
639 3720 703 3792 qua
739 3697 861 3769 tamdiu
893 3720 968 3769 cum
1001 3696 1184 3769 Donatistis
1212 3705 1373 3768 certatum
1403 3696 1464 3768 iuit
1490 3696 1532 3769 ab
1559 3697 1729 3770 Africanis

256 3771 337 3858 Pa
348 3806 522 3885 trihus.
575 3812 680 3884 Erant
712 3812 758 3883 ilii
794 3834 912 3885 sacrae
946 3816 1128 3908 scripturae
1155 3811 1302 3901 codices,
1336 3822 1370 3883 et
1402 3811 1510 3884 nuilus
1548 3816 1730 3885 memoriae

247 3903 513 4017 Prodidit,
540 3931 626 3999 inter
659 3928 734 3999 ilios
765 3927 1048 3999 Sacramentaiem
1075 3927 1176 3999 ulium
1208 3928 1363 4000 traditum
1393 3926 1579 4000 iniideiibus
1609 3927 1726 4011 inisse,

245 4017 479 4112 wihus
512 4041 596 4114 haec
631 4042 856 4115 Ecclesiarum
884 4042 990 4138 spolia
1023 4046 1155 4115 cariora
1188 4040 1289 4134 longe
1320 4041 1428 4114 futura
1455 4041 1606 4131 inissent,
1633 4063 1729 4137 qnam

232 4127 326 4287 ἓξ
334 4155 566 4252 Qnrplaria
593 4162 778 4253 scriptrnae
806 4180 937 4247 sacrae,
963 4160 1057 4250 cujus
1082 4155 1356 4252 pralemournqua
1370 4160 1592 4249 cognitionem
1619 4155 1730 4227 habe-

229 4247 453 4408 ῖῑὶι
491 4272 554 4358 Qui
581 4270 671 4344 enim
699 4295 762 4369 por
788 4282 950 4345 tormenta
976 4295 996 4343 a
1024 4272 1220 4346 Christianis
1254 4281 1344 4344 tanto
1371 4273 1479 4346 studio
1507 4268 1729 4344 sciscitaban-

286 4367 414 4488 ἷζε
462 4387 537 4482 quid
571 4391 604 4458 in
637 4387 832 4483 Syuaxibus
866 4398 1042 4480 ageretur,
1076 4391 1186 4459 onrnia
1220 4410 1266 4459 ex
1298 4386 1393 4460 libris
1425 4383 1728 4460 sacramentalibus

228 4470 300 4636 p?
311 4480 453 4570 ¹1³0
483 4505 687 4596 potuissent,
720 4526 858 4599 quorum
893 4507 926 4575 in
962 4507 1044 4576 actis
1076 4502 1282 4598 Martyrum,
1318 4512 1375 4574 aut
1406 4505 1439 4573 in
1467 4502 1578 4575 Gestis
1614 4511 1729 4573 contra

288 4599 552 4690 t‘luatistas
579 4619 701 4690 nullum
728 4629 821 4690 extat
846 4622 1035 4712 vestigium.

464 4731 499 4803 in
534 4732 666 4806 Graeca
698 4733 853 4806 Ecclesia
889 4733 986 4823 nihii,
1021 4744 1056 4806 ut
1090 4734 1238 4821 videtur,
1272 4735 1436 4826 antiquius
1470 4734 1627 4828 scriptum
1666 4742 1730 4824 est,
1761 4743 1960 4798 acacianam
1977 4742 2054 4811 apo·

248 4812 451 4915 ffiqp
475 4848 606 4942 quidem
633 4850 674 4922 ad
701 4871 818 4924 saeros
843 4849 1073 4922 Eucharistiae
1104 4853 1186 4920 ritus
1218 4870 1406 4945 precesque
1431 4847 1605 4938 referatur,
1633 4871 1730 4944 quarn
1743 4830 1850 4883 ’Μ
1865 4827 1971 4897 ‘dim
1985 4828 2054 4880 Μ’

262 4926 367 5006 Qu,
725 4968 733 4984 .
919 4969 926 4984 .
979 4969 987 4984 .
1257 4967 1264 4982 .
1419 4965 1425 4981 .
1518 4968 1525 4983 ,
1723 4914 2051 4986 ·quituaprimoscriptua1

434 4958 535 5035 ionna
562 4988 649 5060 quae
676 4965 789 5037 ulturno
811 4963 1087 5038 Constitutronum
1109 4963 1378 5061 Apostolicorum
1404 4962 1488 5035 hhro
1515 4974 1639 5038 inserta
1666 4976 1730 5059 est,
1744 5010 1785 5054 0„
1803 5008 2003 5071 „„„„,„„

330 5064 496 5142 Ϊ’θιιιιιι
1500 5079 1524 5151 2
