4525 6034
687 542 766 621 294
897 550 1074 629 tucrum
1100 551 1278 630 Dioscuri
1303 551 1567 630 namurcum
1586 555 1853 637 blllXAllDllllil

791 738 977 811 Sacerdos.
1029 740 1105 812 Pax
1131 738 1232 813 vobis
1259 737 1421 814 omnibus.

791 857 953 950 Populos.
1005 854 1149 928 Etcum
1177 854 1301 951 Spiritu
1328 867 1395 929 tuo.

789 974 979 1046 Diaconos.
1034 970 1152 1068 Capita
1179 983 1294 1045 nostra
1322 971 1526 1047 inclinemus.

789 1091 950 1184 Populos.
1004 1086 1126 1161 Coram
1152 1100 1187 1162 te
1213 1090 1366 1162 Domine.

788 1207 973 1279 Sacerdos.
1027 1204 1153 1279 Coram
1181 1209 1329 1302 potentia
1355 1207 1569 1299 benignitatis
1595 1217 1673 1280 tuae
1698 1207 1862 1302 Domine,
1888 1233 1965 1283 cum
1990 1210 2050 1285 bu-

685 1324 753 1396 mili
781 1323 982 1397 demissione
1009 1325 1139 1395 animae
1165 1331 1199 1393 et
1226 1326 1378 1418 corporis
1404 1320 1552 1395 inclinati
1577 1327 1670 1397 servi
1696 1329 1763 1411 tui,
1796 1350 1816 1398 a
1850 1327 2049 1419 benignitate

685 1449 741 1512 tua
775 1443 919 1535 petimus
953 1442 1088 1512 veniam
1115 1437 1309 1510 delictorum
1337 1448 1372 1510 et
1396 1442 1626 1513 remissionem
1652 1452 1877 1538 peccatorum.
1918 1442 2050 1516 Sancu-

683 1556 746 1629 fica
777 1580 840 1630 nos
872 1577 989 1629 omncs
1023 1557 1199 1629 sanctitate
1232 1553 1384 1651 perlecta
1417 1578 1505 1651 quac
1538 1579 1557 1627 a
1589 1566 1623 1629 te
1650 1567 1722 1646 est,
1754 1567 1788 1630 et
1819 1558 2049 1633 benedictione

683 1673 739 1745 illa
767 1672 985 1762 inamissibili,
1011 1671 1107 1744 simul
1134 1692 1250 1742 omnes
1277 1669 1524 1760 benedicamur,
1550 1682 1586 1744 ut
1600 1678 1805 1770 susceptioni
1818 1679 2050 1771 mysteriomm

682 1789 920 1862 vivificantium
956 1798 1072 1860 sancte
1104 1790 1403 1875 communicemus,
1439 1790 1516 1882 qnia
1552 1798 1586 1861 tu
1624 1789 1789 1882 benignus
1821 1813 1877 1882 es,
1911 1803 1947 1864 et
1980 1792 2050 1866 lons

682 1904 869 1979 uberrimus
899 1903 1187 1993 benedictionum,
1213 1903 1418 1999 largitorque
1444 1907 1589 1977 omnium
1614 1903 1792 1999 bonomm,
1819 1908 1945 2004 tibique
1972 1908 2049 2002 glo-

682 2026 766 2095 riam
792 2021 982 2110 referimus,
1009 2032 1043 2092 et
1069 2022 1240 2112 unigenito
1266 2018 1353 2092 Filio
1380 2030 1457 2110 mo,
1483 2031 1517 2093 et
1542 2020 1680 2117 Spiritui
1706 2035 1763 2098 tuo
1790 2028 2014 2100 sanctissimo.

786 2137 971 2210 Sacerdos.
1023 2138 1098 2210 Pax
1123 2133 1224 2209 vobis
1251 2135 1414 2209 omnibus.

786 2254 948 2348 Populos.
1000 2251 1044 2325 lit
1069 2274 1143 2324 cnm
1171 2255 1287 2350 spiritu
1313 2263 1380 2324 tuo.

785 2371 968 2443 Sacerdos.
1020 2368 1114 2441 Unus
1140 2368 1242 2441 Pater
1268 2378 1412 2442 sauctus.

784 2487 972 2558 Diaconos.
1023 2468 1110 2557 ⁴Cum
1139 2487 1267 2557 timore.

784 2602 969 2675 Sacerdos.
1022 2602 1146 2674 Sancta
1173 2604 1307 2674 sanctis.

782 2719 970 2791 Diaconos.
1023 2719 1156 2791 Stemus
1184 2716 1351 2790 decenter.
1452 2724 1458 2735 '

983 3010 1169 3085 Sacerdos.
1224 3012 1345 3082 Oratio
1371 3014 1562 3104 pretiorum
1588 3015 1744 3084 actionis.

783 3200 916 3273 Gratias
953 3204 1083 3294 agimus
1118 3200 1339 3274 abundantiae
1373 3200 1530 3275 bonitatis
1564 3213 1640 3275 tuae
1670 3202 1831 3293 Domine,
1864 3202 2048 3294 laudamus,

677 3331 712 3392 et
738 3317 925 3392 exaltamus
952 3327 1005 3403 te,
1040 3329 1074 3389 et
1106 3339 1227 3391 vocem
1255 3316 1505 3411 glorificationis
1532 3319 1747 3393 indesinentis
1774 3317 1832 3391 tibi
1859 3317 2047 3406 referimus,

678 3436 767 3532 quod
793 3435 891 3508 uobis
917 3433 1041 3531 pelago
1067 3444 1281 3530 peecatorum
1308 3437 1490 3525 immersis,
1522 3458 1584 3531 per
1615 3439 1861 3531 susceptionem
1894 3437 2046 3531 corporis

678 3563 712 3625 et
738 3554 907 3643 sanguinis
934 3553 1093 3643 unigeniti
1119 3550 1194 3623 Filii
1219 3553 1284 3640 tui,
1317 3549 1561 3622 mundationem
1589 3550 1766 3624 contulisti.
1817 3551 1870 3624 Ne
1896 3554 1931 3622 in
1952 3551 2045 3645 judi-

677 3672 781 3758 cium,
815 3678 871 3739 ant
902 3667 1146 3739 damnationem
1179 3663 1276 3740 nobis
1311 3667 1390 3739 fiant
1415 3669 1448 3737 in
1484 3667 1540 3739 illa
1571 3666 1624 3739 die
1656 3690 1720 3763 qua
1737 3669 1930 3762 unicuique
1964 3688 2045 3764 opus

677 3806 773 3858 sunm
797 3782 1014 3855 retribuetur:
1042 3781 1103 3853 sed
1129 3806 1149 3853 a
1176 3781 1329 3875 gebenna
1355 3803 1417 3877 per
1442 3783 1673 3856 miserationes
1699 3793 1772 3857 tuas
1798 3787 1990 3880 eripiamur,
2014 3792 2045 3854 et

677 3899 719 3972 ad
745 3920 893 3971 mensam
920 3907 1007 3970 tram
1034 3898 1259 3994 spiritualem,
1292 3900 1326 3969 in
1357 3919 1464 3989 regno
1499 3908 1554 3970 tuo
1582 3921 1657 3971 cnm
1683 3902 1807 3973 sanctis
1833 3902 1898 3971 tuis
1925 3899 2043 3995 epule-

676 4037 768 4088 mur:
795 4037 857 4111 per
883 4018 1043 4108 gratiam,
1070 4017 1321 4101 miserationes,
1349 4024 1382 4085 ct
1408 4037 1556 4087 amorem
1582 4025 1674 4088 tunm
1699 4038 1782 4109 erga
1808 4013 1979 4105 homines,
2012 4023 2042 4084 et

676 4133 837 4224 unigeniti
862 4131 937 4203 Filii
964 4132 1021 4219 tui,
1048 4139 1083 4202 et
1100 4129 1244 4226 Spiritus
1271 4132 1317 4202 tui
1344 4134 1451 4202 sancti
1478 4140 1512 4203 et
1536 4131 1627 4205 boni.

779 4247 965 4319 Sacerdos.
1017 4246 1092 4319 Pax
1117 4243 1217 4321 vobis
1244 4243 1407 4317 omnibus.

780 4363 941 4458 Popotoc.
994 4363 1139 4438 Etcum
1166 4366 1282 4459 spiritu
1308 4373 1376 4435 mo.

779 4481 967 4553 Diaconos.
1018 4482 1102 4554 Post
1128 4481 1388 4576 susceptionem,
1414 4489 1476 4553 etc.

779 4596 940 4690 Populus.
994 4596 1118 4670 Coram
1145 4606 1179 4668 te
1205 4595 1360 4669 Domine.

779 4713 963 4786 Sacerdos.
1015 4712 1146 4785 Lumen
1178 4712 1221 4784 de
1253 4711 1392 4803 lumine,
1428 4724 1463 4785 et
1487 4712 1580 4787 Deus
1613 4713 1655 4785 de
1685 4713 1761 4786 Deo
1794 4715 1851 4809 qui
1883 4711 2035 4785 nemost

674 4828 792 4903 coelos
827 4841 962 4904 sanctos
992 4838 1088 4922 tuos,
1122 4840 1158 4901 et
1188 4832 1221 4901 in
1256 4838 1378 4901 terram
1419 4851 1534 4902 amore
1565 4828 1732 4902 bominum
1767 4827 1966 4904 descendisu‘
1994 4824 2033 4898 ad

675 4944 815 5020 salutem
848 4950 1013 5020 universi:
1049 4945 1195 5020 extende
1228 4945 1403 5018 dexteram
1435 4956 1523 5018 tuam
1555 4948 1835 5042 omnipotentem,
1867 4956 1901 5017 et
1931 4944 2031 5016 emitte

674 5082 776 5158 super
809 5086 926 5137 omnes
958 5086 1031 5138 nos·
1056 5060 1306 5136 benedictiones
1341 5071 1433 5137 tuas:
1473 5061 1642 5136 sanctifica
1677 5065 1804 5137 animas
1839 5070 1967 5135 nostras
1996 5065 2029 5129 et
