<?xml version="1.0" encoding="UTF-8"?>
<!DOCTYPE html PUBLIC "-//W3C//DTD XHTML 1.0 Transitional//EN"
    "http://www.w3.org/TR/xhtml1/DTD/xhtml1-transitional.dtd">
<html xmlns="http://www.w3.org/1999/xhtml" xml:lang="en" lang="en">
 <head>
  <title>
</title>
<meta http-equiv="Content-Type" content="text/html;charset=utf-8" />
  <meta name='ocr-system' content='tesseract 3.04.00' />
  <meta name='ocr-capabilities' content='ocr_page ocr_carea ocr_par ocr_line ocrx_word'/>
</head>
<body>
  <div class='ocr_page' id='page_1' title='image "./liturgiarumorie00unkngoog/liturgiarumorie00unkngoog_0804.png"; bbox 0 0 4525 6034; ppageno 0'>
   <div class='ocr_carea' id='block_1_1' title="bbox 366 1306 678 1463">
    <p class='ocr_par' dir='ltr' id='par_1_1' title="bbox 366 1306 678 1463">
     <span class='ocr_line' id='line_1_1' title="bbox 403 1306 678 1369; baseline -0.004 -10"><span class='ocrx_word' id='word_1_1' title='bbox 403 1306 536 1369; x_wconf 82' lang='lat' dir='ltr'><strong>Quomodo</strong></span> <span class='ocrx_word' id='word_1_2' title='bbox 558 1323 613 1360; x_wconf 85' lang='lat' dir='ltr'><strong>enm</strong></span> <span class='ocrx_word' id='word_1_3' title='bbox 630 1323 678 1359; x_wconf 86' lang='lat' dir='ltr'><strong>ex·</strong></span> 
     </span>
     <span class='ocr_line' id='line_1_2' title="bbox 366 1393 595 1463; baseline 0.004 -17"><span class='ocrx_word' id='word_1_4' title='bbox 366 1394 446 1463; x_wconf 88' lang='lat' dir='ltr'><strong>plicet</strong></span> <span class='ocrx_word' id='word_1_5' title='bbox 462 1393 595 1447; x_wconf 83' lang='lat' dir='ltr'><strong>Bamalibi.</strong></span> 
     </span>
    </p>
   </div>
   <div class='ocr_carea' id='block_1_2' title="bbox 690 621 1681 702">
    <p class='ocr_par' dir='ltr' id='par_1_2' title="bbox 690 621 1681 702">
     <span class='ocr_line' id='line_1_3' title="bbox 690 621 1681 702; baseline 0.006 -7"><span class='ocrx_word' id='word_1_6' title='bbox 690 623 740 696; x_wconf 84' lang='lat'><strong>90</strong></span> <span class='ocrx_word' id='word_1_7' title='bbox 1063 621 1681 702; x_wconf 75' lang='lat' dir='ltr'><strong>deservitionis</strong></span> 
     </span>
    </p>
   </div>
   <div class='ocr_carea' id='block_1_3' title="bbox 688 806 2059 2378">
    <p class='ocr_par' dir='ltr' id='par_1_3' title="bbox 689 806 2055 1289">
     <span class='ocr_line' id='line_1_4' title="bbox 689 806 2052 892; baseline 0.002 -23"><span class='ocrx_word' id='word_1_8' title='bbox 689 807 877 870; x_wconf 82' lang='lat' dir='ltr'><strong>vocationem</strong></span> <span class='ocrx_word' id='word_1_9' title='bbox 899 808 940 869; x_wconf 90' lang='lat' dir='ltr'><strong>ita</strong></span> <span class='ocrx_word' id='word_1_10' title='bbox 963 815 1158 888; x_wconf 89' lang='lat' dir='ltr'><strong>accepcmnt,</strong></span> <span class='ocrx_word' id='word_1_11' title='bbox 1180 817 1214 871; x_wconf 90' lang='lat' dir='ltr'><strong>ut</strong></span> <span class='ocrx_word' id='word_1_12' title='bbox 1234 809 1397 871; x_wconf 86' lang='lat' dir='ltr'><strong>verborum</strong></span> <span class='ocrx_word' id='word_1_13' title='bbox 1419 808 1599 892; x_wconf 78' lang='lat' dir='ltr'><strong>significatio</strong></span> <span class='ocrx_word' id='word_1_14' title='bbox 1630 808 1757 889; x_wconf 79' lang='lat' dir='ltr'><strong>simplex</strong></span> <span class='ocrx_word' id='word_1_15' title='bbox 1779 806 1962 889; x_wconf 87' lang='lat' dir='ltr'><strong>postulabat,</strong></span> <span class='ocrx_word' id='word_1_16' title='bbox 1983 808 2052 872; x_wconf 88' lang='lat' dir='ltr'><strong>illud</strong></span> 
     </span>
     <span class='ocr_line' id='line_1_5' title="bbox 690 906 2053 989; baseline 0.001 -20"><span class='ocrx_word' id='word_1_17' title='bbox 690 906 876 969; x_wconf 91' lang='lat' dir='ltr'><strong>solummodo</strong></span> <span class='ocrx_word' id='word_1_18' title='bbox 900 915 1016 970; x_wconf 85' lang='lat' dir='ltr'><strong>eertum</strong></span> <span class='ocrx_word' id='word_1_19' title='bbox 1038 907 1203 987; x_wconf 83' lang='lat' dir='ltr'><strong>habentes,</strong></span> <span class='ocrx_word' id='word_1_20' title='bbox 1236 910 1433 989; x_wconf 80' lang='lat' dir='ltr'><strong>pronunciata</strong></span> <span class='ocrx_word' id='word_1_21' title='bbox 1463 908 1515 971; x_wconf 91' lang='lat' dir='ltr'><strong>illa</strong></span> <span class='ocrx_word' id='word_1_22' title='bbox 1544 908 1707 984; x_wconf 81' lang='lat' dir='ltr'><strong>Oratione,</strong></span> <span class='ocrx_word' id='word_1_23' title='bbox 1730 917 1963 971; x_wconf 75' lang='lat' dir='ltr'><strong>consummatam</strong></span> <span class='ocrx_word' id='word_1_24' title='bbox 1987 927 2053 972; x_wconf 88' lang='lat' dir='ltr'><strong>esse</strong></span> 
     </span>
     <span class='ocr_line' id='line_1_6' title="bbox 690 1006 2054 1091; baseline -0.001 -21"><span class='ocrx_word' id='word_1_25' title='bbox 690 1006 906 1070; x_wconf 89' lang='lat' dir='ltr'><strong>elementorum</strong></span> <span class='ocrx_word' id='word_1_26' title='bbox 933 1008 1202 1072; x_wconf 87' lang='lat' dir='ltr'><strong>consecrationem.</strong></span> <span class='ocrx_word' id='word_1_27' title='bbox 1247 1006 1324 1080; x_wconf 85' lang='lat' dir='ltr'><strong>Onia</strong></span> <span class='ocrx_word' id='word_1_28' title='bbox 1357 1025 1431 1070; x_wconf 87' lang='lat' dir='ltr'><strong>vero</strong></span> <span class='ocrx_word' id='word_1_29' title='bbox 1460 1007 1498 1070; x_wconf 92' lang='lat' dir='ltr'><strong>de</strong></span> <span class='ocrx_word' id='word_1_30' title='bbox 1529 1007 1614 1089; x_wconf 80' lang='lat' dir='ltr'><strong>Syris</strong></span> <span class='ocrx_word' id='word_1_31' title='bbox 1638 1009 1753 1091; x_wconf 79' lang='lat' dir='ltr'><strong>agitur,</strong></span> <span class='ocrx_word' id='word_1_32' title='bbox 1784 1025 1899 1089; x_wconf 78' lang='lat' dir='ltr'><strong>operae</strong></span> <span class='ocrx_word' id='word_1_33' title='bbox 1929 1009 2054 1088; x_wconf 88' lang='lat' dir='ltr'><strong>pretinm</strong></span> 
     </span>
     <span class='ocr_line' id='line_1_7' title="bbox 690 1105 2055 1188; baseline -0.001 -19"><span class='ocrx_word' id='word_1_34' title='bbox 690 1107 759 1185; x_wconf 86' lang='lat' dir='ltr'><strong>erit,</strong></span> <span class='ocrx_word' id='word_1_35' title='bbox 781 1107 839 1169; x_wconf 84' lang='lat' dir='ltr'><strong>lroc</strong></span> <span class='ocrx_word' id='word_1_36' title='bbox 861 1106 931 1170; x_wconf 92' lang='lat' dir='ltr'><strong>loco</strong></span> <span class='ocrx_word' id='word_1_37' title='bbox 953 1105 1070 1170; x_wconf 80' lang='lat' dir='ltr'><strong>referre</strong></span> <span class='ocrx_word' id='word_1_38' title='bbox 1084 1106 1303 1188; x_wconf 80' lang='lat' dir='ltr'><strong>expositionem</strong></span> <span class='ocrx_word' id='word_1_39' title='bbox 1319 1107 1457 1188; x_wconf 79' lang='lat' dir='ltr'><strong>Dionysii</strong></span> <span class='ocrx_word' id='word_1_40' title='bbox 1473 1106 1629 1185; x_wconf 89' lang='lat' dir='ltr'><strong>Barsalibi,</strong></span> <span class='ocrx_word' id='word_1_41' title='bbox 1652 1126 1692 1169; x_wconf 91' lang='lat' dir='ltr'><strong>cx</strong></span> <span class='ocrx_word' id='word_1_42' title='bbox 1714 1107 1807 1187; x_wconf 91' lang='lat' dir='ltr'><strong>ipsius</strong></span> <span class='ocrx_word' id='word_1_43' title='bbox 1825 1105 2055 1183; x_wconf 88' lang='lat' dir='ltr'><strong>Commentario,</strong></span> 
     </span>
     <span class='ocr_line' id='line_1_8' title="bbox 691 1204 1401 1289; baseline 0.001 -20"><span class='ocrx_word' id='word_1_44' title='bbox 691 1207 776 1288; x_wconf 88' lang='lat' dir='ltr'><strong>cujus</strong></span> <span class='ocrx_word' id='word_1_45' title='bbox 799 1208 963 1289; x_wconf 88' lang='lat' dir='ltr'><strong>praecipua</strong></span> <span class='ocrx_word' id='word_1_46' title='bbox 986 1216 1033 1270; x_wconf 90' lang='lat' dir='ltr'><strong>est</strong></span> <span class='ocrx_word' id='word_1_47' title='bbox 1055 1207 1134 1268; x_wconf 89' lang='lat' dir='ltr'><strong>iuter</strong></span> <span class='ocrx_word' id='word_1_48' title='bbox 1156 1204 1223 1267; x_wconf 93' lang='lat' dir='ltr'><strong>illos</strong></span> <span class='ocrx_word' id='word_1_49' title='bbox 1246 1207 1401 1270; x_wconf 85' lang='lat' dir='ltr'><strong>autoritas.</strong></span> 
     </span>
    </p>

    <p class='ocr_par' dir='ltr' id='par_1_4' title="bbox 688 1304 2059 2378">
     <span class='ocr_line' id='line_1_9' title="bbox 776 1304 2056 1385; baseline -0.002 -16"><span class='ocrx_word' id='word_1_50' title='bbox 776 1306 930 1369; x_wconf 79' lang='lat' dir='ltr'><strong>Sacerdos</strong></span> <span class='ocrx_word' id='word_1_51' title='bbox 957 1308 1118 1369; x_wconf 75' lang='lat' dir='ltr'><strong>tuctmotm</strong></span> <span class='ocrx_word' id='word_1_52' title='bbox 1146 1306 1221 1367; x_wconf 85' lang='lat' dir='ltr'><strong>dicit</strong></span> <span class='ocrx_word' id='word_1_53' title='bbox 1253 1305 1477 1367; x_wconf 80' lang='lat' dir='ltr'><strong>invocationem</strong></span> <span class='ocrx_word' id='word_1_54' title='bbox 1507 1304 1640 1385; x_wconf 83' lang='lat' dir='ltr'><strong>Spiritus</strong></span> <span class='ocrx_word' id='word_1_55' title='bbox 1673 1307 1791 1378; x_wconf 84' lang='lat' dir='ltr'><strong>sancti;</strong></span> <span class='ocrx_word' id='word_1_56' title='bbox 1824 1305 1974 1368; x_wconf 78' lang='lat' dir='ltr'><strong>Miserere</strong></span> <span class='ocrx_word' id='word_1_57' title='bbox 2000 1307 2056 1368; x_wconf 92' lang='lat' dir='ltr'><strong>mei</strong></span> 
     </span>
     <span class='ocr_line' id='line_1_10' title="bbox 690 1401 2057 1485; baseline 0.001 -20"><span class='ocrx_word' id='word_1_58' title='bbox 690 1401 774 1467; x_wconf 88' lang='lat' dir='ltr'><strong>Deus</strong></span> <span class='ocrx_word' id='word_1_59' title='bbox 797 1405 897 1484; x_wconf 87' lang='lat' dir='ltr'><strong>Pater,</strong></span> <span class='ocrx_word' id='word_1_60' title='bbox 920 1415 978 1469; x_wconf 88' lang='lat' dir='ltr'><strong>ete.</strong></span> <span class='ocrx_word' id='word_1_61' title='bbox 1022 1404 1088 1467; x_wconf 83' lang='lat' dir='ltr'><strong>live</strong></span> <span class='ocrx_word' id='word_1_62' title='bbox 1118 1405 1203 1479; x_wconf 89' lang='lat' dir='ltr'><strong>loco,</strong></span> <span class='ocrx_word' id='word_1_63' title='bbox 1233 1406 1264 1465; x_wconf 89' lang='lat' dir='ltr'><strong>in</strong></span> <span class='ocrx_word' id='word_1_64' title='bbox 1291 1423 1351 1485; x_wconf 84' lang='lat' dir='ltr'><strong>quo</strong></span> <span class='ocrx_word' id='word_1_65' title='bbox 1379 1406 1417 1466; x_wconf 88' lang='lat' dir='ltr'><strong>dc</strong></span> <span class='ocrx_word' id='word_1_66' title='bbox 1443 1404 1639 1466; x_wconf 85' lang='lat' dir='ltr'><strong>invocatione</strong></span> <span class='ocrx_word' id='word_1_67' title='bbox 1665 1403 1798 1483; x_wconf 72' lang='lat' dir='ltr'><strong>Spiritum</strong></span> <span class='ocrx_word' id='word_1_68' title='bbox 1825 1407 1927 1467; x_wconf 88' lang='lat' dir='ltr'><strong>sancti</strong></span> <span class='ocrx_word' id='word_1_69' title='bbox 1947 1407 2057 1484; x_wconf 69' lang='lat' dir='ltr'><strong>apina,</strong></span> 
     </span>
     <span class='ocr_line' id='line_1_11' title="bbox 689 1503 2058 1585; baseline 0.001 -20"><span class='ocrx_word' id='word_1_70' title='bbox 689 1505 897 1585; x_wconf 82' lang='lat' dir='ltr'><strong>inquirendum</strong></span> <span class='ocrx_word' id='word_1_71' title='bbox 918 1505 1006 1567; x_wconf 81' lang='lat' dir='ltr'><strong>nvlris</strong></span> <span class='ocrx_word' id='word_1_72' title='bbox 1028 1512 1082 1582; x_wconf 87' lang='lat' dir='ltr'><strong>est,</strong></span> <span class='ocrx_word' id='word_1_73' title='bbox 1106 1521 1201 1584; x_wconf 76' lang='lat' dir='ltr'><strong>quare</strong></span> <span class='ocrx_word' id='word_1_74' title='bbox 1223 1503 1273 1565; x_wconf 74' lang='lat' dir='ltr'><strong>laic</strong></span> <span class='ocrx_word' id='word_1_75' title='bbox 1301 1504 1459 1565; x_wconf 84' lang='lat' dir='ltr'><strong>descendit</strong></span> <span class='ocrx_word' id='word_1_76' title='bbox 1478 1503 1611 1583; x_wconf 77' lang='lat' dir='ltr'><strong>Spiritus</strong></span> <span class='ocrx_word' id='word_1_77' title='bbox 1633 1510 1767 1580; x_wconf 75' lang='lat' dir='ltr'><strong>sancum,</strong></span> <span class='ocrx_word' id='word_1_78' title='bbox 1789 1524 1881 1584; x_wconf 86' lang='lat' dir='ltr'><strong>super</strong></span> <span class='ocrx_word' id='word_1_79' title='bbox 1897 1523 2010 1583; x_wconf 85' lang='lat' dir='ltr'><strong>panem</strong></span> <span class='ocrx_word' id='word_1_80' title='bbox 2031 1513 2058 1566; x_wconf 88' lang='lat' dir='ltr'><strong>et</strong></span> 
     </span>
     <span class='ocr_line' id='line_1_12' title="bbox 689 1602 2059 1686; baseline -0.001 -21"><span class='ocrx_word' id='word_1_81' title='bbox 689 1605 808 1665; x_wconf 83' lang='lat' dir='ltr'><strong>vinum:</strong></span> <span class='ocrx_word' id='word_1_82' title='bbox 831 1604 1069 1685; x_wconf 77' lang='lat' dir='ltr'><strong>prrandvpuidem</strong></span> <span class='ocrx_word' id='word_1_83' title='bbox 1090 1605 1170 1665; x_wconf 89' lang='lat' dir='ltr'><strong>enim</strong></span> <span class='ocrx_word' id='word_1_84' title='bbox 1189 1602 1271 1681; x_wconf 72' lang='lat' dir='ltr'><strong>fitius</strong></span> <span class='ocrx_word' id='word_1_85' title='bbox 1292 1603 1454 1686; x_wconf 86' lang='lat' dir='ltr'><strong>descendit,</strong></span> <span class='ocrx_word' id='word_1_86' title='bbox 1477 1610 1507 1664; x_wconf 86' lang='lat' dir='ltr'><strong>et</strong></span> <span class='ocrx_word' id='word_1_87' title='bbox 1532 1604 1634 1664; x_wconf 80' lang='lat' dir='ltr'><strong>unitrcr</strong></span> <span class='ocrx_word' id='word_1_88' title='bbox 1653 1603 1715 1664; x_wconf 81' lang='lat' dir='ltr'><strong>iltis</strong></span> <span class='ocrx_word' id='word_1_89' title='bbox 1732 1603 1943 1682; x_wconf 84' lang='lat' dir='ltr'><strong>personaliter,</strong></span> <span class='ocrx_word' id='word_1_90' title='bbox 1969 1623 2059 1683; x_wconf 74' lang='lat' dir='ltr'><strong>puram</strong></span> 
     </span>
     <span class='ocr_line' id='line_1_13' title="bbox 689 1700 2056 1783; baseline 0.001 -20"><span class='ocrx_word' id='word_1_91' title='bbox 689 1702 846 1764; x_wconf 88' lang='lat' dir='ltr'><strong>descendit</strong></span> <span class='ocrx_word' id='word_1_92' title='bbox 860 1701 993 1783; x_wconf 59' lang='lat' dir='ltr'><strong>minna</strong></span> <span class='ocrx_word' id='word_1_93' title='bbox 1014 1703 1162 1764; x_wconf 77' lang='lat' dir='ltr'><strong>sanetum?</strong></span> <span class='ocrx_word' id='word_1_94' title='bbox 1183 1700 1320 1763; x_wconf 78' lang='lat' dir='ltr'><strong>Dicimus</strong></span> <span class='ocrx_word' id='word_1_95' title='bbox 1342 1709 1441 1763; x_wconf 89' lang='lat' dir='ltr'><strong>autem</strong></span> <span class='ocrx_word' id='word_1_96' title='bbox 1463 1702 1501 1764; x_wconf 84' lang='lat' dir='ltr'><strong>od</strong></span> <span class='ocrx_word' id='word_1_97' title='bbox 1518 1703 1654 1764; x_wconf 88' lang='lat' dir='ltr'><strong>eamdem</strong></span> <span class='ocrx_word' id='word_1_98' title='bbox 1671 1720 1806 1780; x_wconf 74' lang='lat' dir='ltr'><strong>canaam</strong></span> <span class='ocrx_word' id='word_1_99' title='bbox 1828 1703 1910 1763; x_wconf 85' lang='lat' dir='ltr'><strong>illum</strong></span> <span class='ocrx_word' id='word_1_100' title='bbox 1928 1703 2056 1765; x_wconf 70' lang='lat' dir='ltr'><strong>descen</strong></span> 
     </span>
     <span class='ocr_line' id='line_1_14' title="bbox 689 1800 2059 1882; baseline 0 -19"><span class='ocrx_word' id='word_1_101' title='bbox 689 1803 772 1864; x_wconf 82' lang='lat' dir='ltr'><strong>dere.</strong></span> <span class='ocrx_word' id='word_1_102' title='bbox 816 1801 902 1863; x_wconf 88' lang='lat' dir='ltr'><strong>Sicut</strong></span> <span class='ocrx_word' id='word_1_103' title='bbox 923 1803 1001 1862; x_wconf 90' lang='lat' dir='ltr'><strong>enim</strong></span> <span class='ocrx_word' id='word_1_104' title='bbox 1022 1802 1180 1863; x_wconf 86' lang='lat' dir='ltr'><strong>descendit</strong></span> <span class='ocrx_word' id='word_1_105' title='bbox 1207 1802 1239 1861; x_wconf 91' lang='lat' dir='ltr'><strong>in</strong></span> <span class='ocrx_word' id='word_1_106' title='bbox 1260 1808 1377 1862; x_wconf 76' lang='lat' dir='ltr'><strong>uternam</strong></span> <span class='ocrx_word' id='word_1_107' title='bbox 1399 1800 1528 1876; x_wconf 81' lang='lat' dir='ltr'><strong>Mariae,</strong></span> <span class='ocrx_word' id='word_1_108' title='bbox 1542 1804 1638 1880; x_wconf 73' lang='lat' dir='ltr'><strong>jimta</strong></span> <span class='ocrx_word' id='word_1_109' title='bbox 1659 1802 1713 1863; x_wconf 82' lang='lat' dir='ltr'><strong>illa</strong></span> <span class='ocrx_word' id='word_1_110' title='bbox 1733 1800 1841 1881; x_wconf 69' lang='lat' dir='ltr'><strong>Acoeti</strong></span> <span class='ocrx_word' id='word_1_111' title='bbox 1861 1800 1968 1876; x_wconf 73' lang='lat' dir='ltr'><strong>vedu,</strong></span> <span class='ocrx_word' id='word_1_112' title='bbox 1992 1802 2059 1882; x_wconf 91' lang='lat' dir='ltr'><strong>Spi-</strong></span> 
     </span>
     <span class='ocr_line' id='line_1_15' title="bbox 689 1899 2056 1981; baseline -0.001 -18"><span class='ocrx_word' id='word_1_113' title='bbox 689 1903 764 1964; x_wconf 92' lang='lat' dir='ltr'><strong>ritus</strong></span> <span class='ocrx_word' id='word_1_114' title='bbox 793 1909 915 1963; x_wconf 87' lang='lat' dir='ltr'><strong>sanctus</strong></span> <span class='ocrx_word' id='word_1_115' title='bbox 944 1902 1139 1981; x_wconf 88' lang='lat' dir='ltr'><strong>superveniet</strong></span> <span class='ocrx_word' id='word_1_116' title='bbox 1165 1901 1195 1961; x_wconf 93' lang='lat' dir='ltr'><strong>in</strong></span> <span class='ocrx_word' id='word_1_117' title='bbox 1225 1907 1266 1979; x_wconf 89' lang='lat' dir='ltr'><strong>te,</strong></span> <span class='ocrx_word' id='word_1_118' title='bbox 1293 1907 1350 1962; x_wconf 88' lang='lat' dir='ltr'><strong>cto.</strong></span> <span class='ocrx_word' id='word_1_119' title='bbox 1371 1899 1502 1981; x_wconf 80' lang='lat' dir='ltr'><strong>secitpue</strong></span> <span class='ocrx_word' id='word_1_120' title='bbox 1531 1919 1653 1962; x_wconf 84' lang='lat' dir='ltr'><strong>comem</strong></span> <span class='ocrx_word' id='word_1_121' title='bbox 1680 1919 1721 1961; x_wconf 85' lang='lat' dir='ltr'><strong>ev</strong></span> <span class='ocrx_word' id='word_1_122' title='bbox 1748 1900 1867 1980; x_wconf 75' lang='lat' dir='ltr'><strong>Virpine</strong></span> <span class='ocrx_word' id='word_1_123' title='bbox 1888 1909 2056 1981; x_wconf 73' lang='lat' dir='ltr'><strong>mceptam,</strong></span> 
     </span>
     <span class='ocr_line' id='line_1_16' title="bbox 688 1999 2059 2081; baseline -0.002 -16"><span class='ocrx_word' id='word_1_124' title='bbox 688 2020 801 2081; x_wconf 83' lang='lat' dir='ltr'><strong>empus</strong></span> <span class='ocrx_word' id='word_1_125' title='bbox 827 1999 917 2063; x_wconf 83' lang='lat' dir='ltr'><strong>Verbi</strong></span> <span class='ocrx_word' id='word_1_126' title='bbox 937 2000 1005 2075; x_wconf 82' lang='lat' dir='ltr'><strong>Dei,</strong></span> <span class='ocrx_word' id='word_1_127' title='bbox 1027 2001 1132 2062; x_wconf 88' lang='lat' dir='ltr'><strong>eodem</strong></span> <span class='ocrx_word' id='word_1_128' title='bbox 1153 2000 1242 2062; x_wconf 90' lang='lat' dir='ltr'><strong>modo</strong></span> <span class='ocrx_word' id='word_1_129' title='bbox 1264 2001 1421 2062; x_wconf 72' lang='lat' dir='ltr'><strong>decemuir</strong></span> <span class='ocrx_word' id='word_1_130' title='bbox 1445 2020 1536 2080; x_wconf 79' lang='lat' dir='ltr'><strong>strper</strong></span> <span class='ocrx_word' id='word_1_131' title='bbox 1553 2019 1666 2080; x_wconf 90' lang='lat' dir='ltr'><strong>panem</strong></span> <span class='ocrx_word' id='word_1_132' title='bbox 1695 2008 1726 2062; x_wconf 89' lang='lat' dir='ltr'><strong>et</strong></span> <span class='ocrx_word' id='word_1_133' title='bbox 1745 2001 1847 2062; x_wconf 71' lang='lat' dir='ltr'><strong>vunan</strong></span> <span class='ocrx_word' id='word_1_134' title='bbox 1868 2018 1950 2079; x_wconf 77' lang='lat' dir='ltr'><strong>patae</strong></span> <span class='ocrx_word' id='word_1_135' title='bbox 1973 2019 2059 2079; x_wconf 81' lang='lat' dir='ltr'><strong>sarper</strong></span> 
     </span>
     <span class='ocr_line' id='line_1_17' title="bbox 689 2098 2055 2181; baseline 0 -19"><span class='ocrx_word' id='word_1_136' title='bbox 689 2102 789 2163; x_wconf 89' lang='lat' dir='ltr'><strong>altare</strong></span> <span class='ocrx_word' id='word_1_137' title='bbox 811 2106 889 2175; x_wconf 88' lang='lat' dir='ltr'><strong>sunt,</strong></span> <span class='ocrx_word' id='word_1_138' title='bbox 909 2099 1044 2181; x_wconf 73' lang='lat' dir='ltr'><strong>facitque</strong></span> <span class='ocrx_word' id='word_1_139' title='bbox 1066 2118 1104 2161; x_wconf 89' lang='lat' dir='ltr'><strong>ea</strong></span> <span class='ocrx_word' id='word_1_140' title='bbox 1126 2119 1238 2180; x_wconf 82' lang='lat' dir='ltr'><strong>corpus</strong></span> <span class='ocrx_word' id='word_1_141' title='bbox 1259 2107 1289 2161; x_wconf 90' lang='lat' dir='ltr'><strong>et</strong></span> <span class='ocrx_word' id='word_1_142' title='bbox 1309 2101 1484 2180; x_wconf 74' lang='lat' dir='ltr'><strong>sanquinem</strong></span> <span class='ocrx_word' id='word_1_143' title='bbox 1511 2099 1600 2161; x_wconf 77' lang='lat' dir='ltr'><strong>Verdi</strong></span> <span class='ocrx_word' id='word_1_144' title='bbox 1619 2099 1688 2176; x_wconf 85' lang='lat' dir='ltr'><strong>Dei,</strong></span> <span class='ocrx_word' id='word_1_145' title='bbox 1710 2106 1846 2162; x_wconf 66' lang='lat' dir='ltr'><strong>assumo</strong></span> <span class='ocrx_word' id='word_1_146' title='bbox 1868 2119 1910 2160; x_wconf 75' lang='lat' dir='ltr'><strong>esc</strong></span> <span class='ocrx_word' id='word_1_147' title='bbox 1931 2098 2055 2179; x_wconf 78' lang='lat' dir='ltr'><strong>Virpine.</strong></span> 
     </span>
     <span class='ocr_line' id='line_1_18' title="bbox 690 2198 2057 2279; baseline -0.002 -17"><span class='ocrx_word' id='word_1_148' title='bbox 690 2199 801 2262; x_wconf 81' lang='lat' dir='ltr'><strong>lienam</strong></span> <span class='ocrx_word' id='word_1_149' title='bbox 822 2200 967 2261; x_wconf 80' lang='lat' dir='ltr'><strong>dicimrm:</strong></span> <span class='ocrx_word' id='word_1_150' title='bbox 1001 2216 1077 2279; x_wconf 79' lang='lat' dir='ltr'><strong>erpa</strong></span> <span class='ocrx_word' id='word_1_151' title='bbox 1103 2198 1253 2278; x_wconf 79' lang='lat' dir='ltr'><strong>Virpinem</strong></span> <span class='ocrx_word' id='word_1_152' title='bbox 1275 2198 1405 2260; x_wconf 81' lang='lat' dir='ltr'><strong>Mariam</strong></span> <span class='ocrx_word' id='word_1_153' title='bbox 1427 2199 1472 2260; x_wconf 88' lang='lat' dir='ltr'><strong>ita</strong></span> <span class='ocrx_word' id='word_1_154' title='bbox 1490 2198 1607 2279; x_wconf 84' lang='lat' dir='ltr'><strong>factum</strong></span> <span class='ocrx_word' id='word_1_155' title='bbox 1628 2207 1689 2261; x_wconf 89' lang='lat' dir='ltr'><strong>est:</strong></span> <span class='ocrx_word' id='word_1_156' title='bbox 1711 2198 1806 2260; x_wconf 88' lang='lat' dir='ltr'><strong>Pater</strong></span> <span class='ocrx_word' id='word_1_157' title='bbox 1827 2198 1933 2276; x_wconf 71' lang='lat' dir='ltr'><strong>vehit,</strong></span> <span class='ocrx_word' id='word_1_158' title='bbox 1957 2206 1991 2259; x_wconf 86' lang='lat' dir='ltr'><strong>at</strong></span> <span class='ocrx_word' id='word_1_159' title='bbox 2010 2200 2057 2259; x_wconf 89' lang='lat' dir='ltr'><strong>in-</strong></span> 
     </span>
     <span class='ocr_line' id='line_1_19' title="bbox 692 2297 2057 2378; baseline -0.002 -17"><span class='ocrx_word' id='word_1_160' title='bbox 692 2306 874 2361; x_wconf 85' lang='lat' dir='ltr'><strong>carnaretur</strong></span> <span class='ocrx_word' id='word_1_161' title='bbox 902 2298 1012 2360; x_wconf 69' lang='lat' dir='ltr'><strong>Filius:</strong></span> <span class='ocrx_word' id='word_1_162' title='bbox 1038 2298 1132 2359; x_wconf 85' lang='lat' dir='ltr'><strong>Filius</strong></span> <span class='ocrx_word' id='word_1_163' title='bbox 1161 2305 1260 2358; x_wconf 74' lang='lat' dir='ltr'><strong>auten</strong></span> <span class='ocrx_word' id='word_1_164' title='bbox 1289 2297 1445 2359; x_wconf 90' lang='lat' dir='ltr'><strong>descendit</strong></span> <span class='ocrx_word' id='word_1_165' title='bbox 1471 2298 1503 2358; x_wconf 90' lang='lat' dir='ltr'><strong>in</strong></span> <span class='ocrx_word' id='word_1_166' title='bbox 1528 2305 1645 2359; x_wconf 85' lang='lat' dir='ltr'><strong>uterum</strong></span> <span class='ocrx_word' id='word_1_167' title='bbox 1672 2298 1812 2378; x_wconf 76' lang='lat' dir='ltr'><strong>Virpinis,</strong></span> <span class='ocrx_word' id='word_1_168' title='bbox 1835 2304 1866 2358; x_wconf 89' lang='lat' dir='ltr'><strong>et</strong></span> <span class='ocrx_word' id='word_1_169' title='bbox 1886 2316 1929 2357; x_wconf 76' lang='lat' dir='ltr'><strong>ea</strong></span> <span class='ocrx_word' id='word_1_170' title='bbox 1952 2316 1990 2358; x_wconf 88' lang='lat' dir='ltr'><strong>ea</strong></span> <span class='ocrx_word' id='word_1_171' title='bbox 2011 2299 2057 2358; x_wconf 88' lang='lat' dir='ltr'><strong>in-</strong></span> 
     </span>
    </p>
   </div>
   <div class='ocr_carea' id='block_1_4' title="bbox 691 2376 2171 2477">
    <p class='ocr_par' dir='ltr' id='par_1_5' title="bbox 691 2376 2171 2477">
     <span class='ocr_line' id='line_1_20' title="bbox 691 2376 2171 2477; baseline -0.001 -16"><span class='ocrx_word' id='word_1_172' title='bbox 691 2403 838 2461; x_wconf 72' lang='lat' dir='ltr'><strong>vamum</strong></span> <span class='ocrx_word' id='word_1_173' title='bbox 859 2405 920 2459; x_wconf 70' lang='lat' dir='ltr'><strong>aa·</strong></span> <span class='ocrx_word' id='word_1_174' title='bbox 943 2396 1209 2459; x_wconf 67' lang='lat' dir='ltr'><strong>asennaeum</strong></span> <span class='ocrx_word' id='word_1_175' title='bbox 1230 2395 1361 2477; x_wconf 64' lang='lat' dir='ltr'><strong>seram</strong></span> <span class='ocrx_word' id='word_1_176' title='bbox 1383 2403 1506 2457; x_wconf 68' lang='lat' dir='ltr'><strong>saman</strong></span> <span class='ocrx_word' id='word_1_177' title='bbox 1527 2398 1571 2458; x_wconf 80' lang='lat' dir='ltr'><strong>aa</strong></span> <span class='ocrx_word' id='word_1_178' title='bbox 1588 2397 1737 2477; x_wconf 66' lang='lat' dir='ltr'><strong>vermem</strong></span> <span class='ocrx_word' id='word_1_179' title='bbox 1758 2404 1905 2470; x_wconf 72' lang='lat' dir='ltr'><strong>samam,</strong></span> <span class='ocrx_word' id='word_1_180' title='bbox 1929 2397 2058 2472; x_wconf 78' lang='lat' dir='ltr'><strong>mmm,</strong></span> <span class='ocrx_word' id='word_1_181' title='bbox 2166 2376 2171 2391; x_wconf 87' lang='lat'>&#39;</span> 
     </span>
    </p>
   </div>
   <div class='ocr_carea' id='block_1_5' title="bbox 686 2494 2058 5157">
    <p class='ocr_par' dir='ltr' id='par_1_6' title="bbox 688 2494 2058 3866">
     <span class='ocr_line' id='line_1_21' title="bbox 691 2494 2058 2577; baseline 0 -19"><span class='ocrx_word' id='word_1_182' title='bbox 691 2516 733 2559; x_wconf 84' lang='lat' dir='ltr'><strong>ea</strong></span> <span class='ocrx_word' id='word_1_183' title='bbox 754 2516 792 2558; x_wconf 91' lang='lat' dir='ltr'><strong>ea</strong></span> <span class='ocrx_word' id='word_1_184' title='bbox 814 2516 925 2577; x_wconf 75' lang='lat' dir='ltr'><strong>amputo</strong></span> <span class='ocrx_word' id='word_1_185' title='bbox 943 2496 1100 2574; x_wconf 78' lang='lat' dir='ltr'><strong>formaret.</strong></span> <span class='ocrx_word' id='word_1_186' title='bbox 1144 2494 1223 2557; x_wconf 86' lang='lat' dir='ltr'><strong>Pari</strong></span> <span class='ocrx_word' id='word_1_187' title='bbox 1242 2497 1372 2570; x_wconf 84' lang='lat' dir='ltr'><strong>ratione,</strong></span> <span class='ocrx_word' id='word_1_188' title='bbox 1394 2504 1424 2558; x_wconf 89' lang='lat' dir='ltr'><strong>et</strong></span> <span class='ocrx_word' id='word_1_189' title='bbox 1444 2497 1513 2557; x_wconf 88' lang='lat' dir='ltr'><strong>istic</strong></span> <span class='ocrx_word' id='word_1_190' title='bbox 1533 2498 1566 2558; x_wconf 93' lang='lat' dir='ltr'><strong>in</strong></span> <span class='ocrx_word' id='word_1_191' title='bbox 1587 2497 1682 2558; x_wconf 88' lang='lat' dir='ltr'><strong>altari</strong></span> <span class='ocrx_word' id='word_1_192' title='bbox 1702 2515 1736 2559; x_wconf 84' lang='lat' dir='ltr'><strong>ae</strong></span> <span class='ocrx_word' id='word_1_193' title='bbox 1756 2515 1807 2558; x_wconf 90' lang='lat' dir='ltr'><strong>res</strong></span> <span class='ocrx_word' id='word_1_194' title='bbox 1821 2495 1920 2558; x_wconf 82' lang='lat' dir='ltr'><strong>tabet.</strong></span> <span class='ocrx_word' id='word_1_195' title='bbox 1969 2495 2058 2558; x_wconf 84' lang='lat' dir='ltr'><strong>Pater</strong></span> 
     </span>
     <span class='ocr_line' id='line_1_22' title="bbox 691 2594 2058 2676; baseline -0.001 -18"><span class='ocrx_word' id='word_1_196' title='bbox 691 2596 810 2676; x_wconf 80' lang='lat' dir='ltr'><strong>quidem</strong></span> <span class='ocrx_word' id='word_1_197' title='bbox 830 2596 902 2671; x_wconf 81' lang='lat' dir='ltr'><strong>varlt,</strong></span> <span class='ocrx_word' id='word_1_198' title='bbox 923 2604 958 2658; x_wconf 90' lang='lat' dir='ltr'><strong>ut</strong></span> <span class='ocrx_word' id='word_1_199' title='bbox 975 2597 1099 2657; x_wconf 73' lang='lat' dir='ltr'><strong>smmum</strong></span> <span class='ocrx_word' id='word_1_200' title='bbox 1119 2594 1214 2656; x_wconf 83' lang='lat' dir='ltr'><strong>Filius</strong></span> <span class='ocrx_word' id='word_1_201' title='bbox 1231 2594 1435 2673; x_wconf 81' lang='lat' dir='ltr'><strong>personaliter</strong></span> <span class='ocrx_word' id='word_1_202' title='bbox 1446 2596 1522 2673; x_wconf 90' lang='lat' dir='ltr'><strong>pani</strong></span> <span class='ocrx_word' id='word_1_203' title='bbox 1542 2602 1573 2655; x_wconf 86' lang='lat' dir='ltr'><strong>et</strong></span> <span class='ocrx_word' id='word_1_204' title='bbox 1593 2596 1683 2669; x_wconf 88' lang='lat' dir='ltr'><strong>vino;</strong></span> <span class='ocrx_word' id='word_1_205' title='bbox 1706 2605 1795 2676; x_wconf 83' lang='lat' dir='ltr'><strong>atque</strong></span> <span class='ocrx_word' id='word_1_206' title='bbox 1816 2603 1983 2674; x_wconf 83' lang='lat' dir='ltr'><strong>eapropter</strong></span> <span class='ocrx_word' id='word_1_207' title='bbox 2004 2595 2058 2657; x_wconf 86' lang='lat' dir='ltr'><strong>de-</strong></span> 
     </span>
     <span class='ocr_line' id='line_1_23' title="bbox 688 2693 2057 2775; baseline 0 -19"><span class='ocrx_word' id='word_1_208' title='bbox 688 2702 836 2775; x_wconf 88' lang='lat' dir='ltr'><strong>precatur</strong></span> <span class='ocrx_word' id='word_1_209' title='bbox 857 2695 1011 2758; x_wconf 83' lang='lat' dir='ltr'><strong>Sacerdos</strong></span> <span class='ocrx_word' id='word_1_210' title='bbox 1032 2713 1099 2758; x_wconf 88' lang='lat' dir='ltr'><strong>cum</strong></span> <span class='ocrx_word' id='word_1_211' title='bbox 1121 2695 1236 2769; x_wconf 67' lang='lat' dir='ltr'><strong>datore</strong></span> <span class='ocrx_word' id='word_1_212' title='bbox 1259 2693 1401 2769; x_wconf 88' lang='lat' dir='ltr'><strong>elamore,</strong></span> <span class='ocrx_word' id='word_1_213' title='bbox 1424 2702 1453 2755; x_wconf 90' lang='lat' dir='ltr'><strong>et</strong></span> <span class='ocrx_word' id='word_1_214' title='bbox 1474 2695 1566 2756; x_wconf 88' lang='lat' dir='ltr'><strong>tacito</strong></span> <span class='ocrx_word' id='word_1_215' title='bbox 1589 2695 1694 2756; x_wconf 80' lang='lat' dir='ltr'><strong>cordis</strong></span> <span class='ocrx_word' id='word_1_216' title='bbox 1713 2696 1834 2775; x_wconf 79' lang='lat' dir='ltr'><strong>penita,</strong></span> <span class='ocrx_word' id='word_1_217' title='bbox 1856 2695 1943 2774; x_wconf 90' lang='lat' dir='ltr'><strong>apud</strong></span> <span class='ocrx_word' id='word_1_218' title='bbox 1966 2694 2057 2756; x_wconf 79' lang='lat' dir='ltr'><strong>Deam</strong></span> 
     </span>
     <span class='ocr_line' id='line_1_24' title="bbox 691 2793 2057 2876; baseline -0.001 -20"><span class='ocrx_word' id='word_1_219' title='bbox 691 2802 723 2856; x_wconf 90' lang='lat' dir='ltr'><strong>et</strong></span> <span class='ocrx_word' id='word_1_220' title='bbox 741 2794 875 2873; x_wconf 73' lang='lat' dir='ltr'><strong>Patren,</strong></span> <span class='ocrx_word' id='word_1_221' title='bbox 895 2797 1025 2876; x_wconf 85' lang='lat' dir='ltr'><strong>petitpue</strong></span> <span class='ocrx_word' id='word_1_222' title='bbox 1048 2794 1088 2856; x_wconf 83' lang='lat' dir='ltr'><strong>alr</strong></span> <span class='ocrx_word' id='word_1_223' title='bbox 1109 2794 1171 2869; x_wconf 83' lang='lat' dir='ltr'><strong>illo,</strong></span> <span class='ocrx_word' id='word_1_224' title='bbox 1194 2801 1335 2873; x_wconf 90' lang='lat' dir='ltr'><strong>tanpuam</strong></span> <span class='ocrx_word' id='word_1_225' title='bbox 1357 2801 1481 2855; x_wconf 80' lang='lat' dir='ltr'><strong>aeterrm</strong></span> <span class='ocrx_word' id='word_1_226' title='bbox 1500 2794 1558 2872; x_wconf 78' lang='lat' dir='ltr'><strong>filii</strong></span> <span class='ocrx_word' id='word_1_227' title='bbox 1569 2793 1756 2875; x_wconf 67' lang='lat' dir='ltr'><strong>Smritmprre</strong></span> <span class='ocrx_word' id='word_1_228' title='bbox 1771 2795 1937 2874; x_wconf 80' lang='lat' dir='ltr'><strong>principio,</strong></span> <span class='ocrx_word' id='word_1_229' title='bbox 1961 2814 1983 2855; x_wconf 89' lang='lat' dir='ltr'><strong>a</strong></span> <span class='ocrx_word' id='word_1_230' title='bbox 2003 2812 2057 2874; x_wconf 82' lang='lat' dir='ltr'><strong>pao</strong></span> 
     </span>
     <span class='ocr_line' id='line_1_25' title="bbox 691 2893 2057 2974; baseline -0.002 -17"><span class='ocrx_word' id='word_1_231' title='bbox 691 2913 779 2957; x_wconf 89' lang='lat' dir='ltr'><strong>omne</strong></span> <span class='ocrx_word' id='word_1_232' title='bbox 799 2896 909 2956; x_wconf 89' lang='lat' dir='ltr'><strong>donum</strong></span> <span class='ocrx_word' id='word_1_233' title='bbox 931 2893 1040 2956; x_wconf 82' lang='lat' dir='ltr'><strong>danum</strong></span> <span class='ocrx_word' id='word_1_234' title='bbox 1061 2893 1230 2971; x_wconf 86' lang='lat' dir='ltr'><strong>descendit,</strong></span> <span class='ocrx_word' id='word_1_235' title='bbox 1253 2900 1287 2953; x_wconf 89' lang='lat' dir='ltr'><strong>ut</strong></span> <span class='ocrx_word' id='word_1_236' title='bbox 1306 2894 1405 2954; x_wconf 87' lang='lat' dir='ltr'><strong>mittat</strong></span> <span class='ocrx_word' id='word_1_237' title='bbox 1425 2912 1516 2973; x_wconf 87' lang='lat' dir='ltr'><strong>super</strong></span> <span class='ocrx_word' id='word_1_238' title='bbox 1537 2912 1581 2968; x_wconf 93' lang='lat' dir='ltr'><strong>se,</strong></span> <span class='ocrx_word' id='word_1_239' title='bbox 1603 2901 1634 2955; x_wconf 90' lang='lat' dir='ltr'><strong>et</strong></span> <span class='ocrx_word' id='word_1_240' title='bbox 1664 2912 1755 2973; x_wconf 88' lang='lat' dir='ltr'><strong>super</strong></span> <span class='ocrx_word' id='word_1_241' title='bbox 1781 2912 1897 2954; x_wconf 89' lang='lat' dir='ltr'><strong>omnem</strong></span> <span class='ocrx_word' id='word_1_242' title='bbox 1915 2895 2057 2974; x_wconf 77' lang='lat' dir='ltr'><strong>populum</strong></span> 
     </span>
     <span class='ocr_line' id='line_1_26' title="bbox 688 2991 2057 3075; baseline -0.001 -19"><span class='ocrx_word' id='word_1_243' title='bbox 688 2995 806 3075; x_wconf 68' lang='lat' dir='ltr'><strong>fidelem</strong></span> <span class='ocrx_word' id='word_1_244' title='bbox 823 3012 904 3074; x_wconf 88' lang='lat' dir='ltr'><strong>pone</strong></span> <span class='ocrx_word' id='word_1_245' title='bbox 925 3012 959 3055; x_wconf 93' lang='lat' dir='ltr'><strong>se</strong></span> <span class='ocrx_word' id='word_1_246' title='bbox 980 3000 1117 3069; x_wconf 90' lang='lat' dir='ltr'><strong>stantem,</strong></span> <span class='ocrx_word' id='word_1_247' title='bbox 1141 3000 1170 3055; x_wconf 88' lang='lat' dir='ltr'><strong>et</strong></span> <span class='ocrx_word' id='word_1_248' title='bbox 1191 3010 1282 3072; x_wconf 88' lang='lat' dir='ltr'><strong>snper</strong></span> <span class='ocrx_word' id='word_1_249' title='bbox 1292 2991 1493 3053; x_wconf 88' lang='lat' dir='ltr'><strong>Sacramenta</strong></span> <span class='ocrx_word' id='word_1_250' title='bbox 1515 2994 1547 3054; x_wconf 86' lang='lat' dir='ltr'><strong>in</strong></span> <span class='ocrx_word' id='word_1_251' title='bbox 1568 2993 1662 3054; x_wconf 89' lang='lat' dir='ltr'><strong>altari</strong></span> <span class='ocrx_word' id='word_1_252' title='bbox 1677 2994 1791 3071; x_wconf 86' lang='lat' dir='ltr'><strong>posita,</strong></span> <span class='ocrx_word' id='word_1_253' title='bbox 1804 2992 1954 3072; x_wconf 87' lang='lat' dir='ltr'><strong>Spiritum</strong></span> <span class='ocrx_word' id='word_1_254' title='bbox 1976 3012 2057 3054; x_wconf 75' lang='lat' dir='ltr'><strong>mmm</strong></span> 
     </span>
     <span class='ocr_line' id='line_1_27' title="bbox 690 3085 2056 3172; baseline -0.002 -17"><span class='ocrx_word' id='word_1_255' title='bbox 690 3101 836 3158; x_wconf 68' lang='lat' dir='ltr'><strong>sancum.</strong></span> <span class='ocrx_word' id='word_1_256' title='bbox 886 3093 1007 3157; x_wconf 83' lang='lat' dir='ltr'><strong>lterum</strong></span> <span class='ocrx_word' id='word_1_257' title='bbox 1052 3090 1163 3156; x_wconf 83' lang='lat' dir='ltr'><strong>Oblata</strong></span> <span class='ocrx_word' id='word_1_258' title='bbox 1190 3092 1318 3171; x_wconf 66' lang='lat' dir='ltr'><strong>suscipit</strong></span> <span class='ocrx_word' id='word_1_259' title='bbox 1350 3091 1491 3172; x_wconf 85' lang='lat' dir='ltr'><strong>illapsam</strong></span> <span class='ocrx_word' id='word_1_260' title='bbox 1526 3085 1765 3167; x_wconf 64' lang='lat' dir='ltr'><strong>(inundare)</strong></span> <span class='ocrx_word' id='word_1_261' title='bbox 1794 3091 1927 3171; x_wconf 70' lang='lat' dir='ltr'><strong>Spiritum</strong></span> <span class='ocrx_word' id='word_1_262' title='bbox 1951 3093 2056 3165; x_wconf 75' lang='lat' dir='ltr'><strong>soracti,</strong></span> 
     </span>
     <span class='ocr_line' id='line_1_28' title="bbox 690 3190 2055 3272; baseline 0 -17"><span class='ocrx_word' id='word_1_263' title='bbox 690 3200 725 3254; x_wconf 89' lang='lat' dir='ltr'><strong>ut</strong></span> <span class='ocrx_word' id='word_1_264' title='bbox 745 3194 838 3255; x_wconf 88' lang='lat' dir='ltr'><strong>etiam</strong></span> <span class='ocrx_word' id='word_1_265' title='bbox 858 3195 941 3256; x_wconf 67' lang='lat' dir='ltr'><strong>an</strong></span> <span class='ocrx_word' id='word_1_266' title='bbox 962 3192 1200 3272; x_wconf 73' lang='lat' dir='ltr'><strong>mmeepiillilius</strong></span> <span class='ocrx_word' id='word_1_267' title='bbox 1220 3192 1253 3251; x_wconf 92' lang='lat' dir='ltr'><strong>in</strong></span> <span class='ocrx_word' id='word_1_268' title='bbox 1268 3209 1372 3269; x_wconf 88' lang='lat' dir='ltr'><strong>corne,</strong></span> <span class='ocrx_word' id='word_1_269' title='bbox 1395 3197 1536 3271; x_wconf 83' lang='lat' dir='ltr'><strong>tanquam</strong></span> <span class='ocrx_word' id='word_1_270' title='bbox 1548 3191 1713 3270; x_wconf 87' lang='lat' dir='ltr'><strong>primitiae,</strong></span> <span class='ocrx_word' id='word_1_271' title='bbox 1734 3192 1767 3252; x_wconf 87' lang='lat' dir='ltr'><strong>in</strong></span> <span class='ocrx_word' id='word_1_272' title='bbox 1780 3191 1918 3252; x_wconf 76' lang='lat' dir='ltr'><strong>iordane</strong></span> <span class='ocrx_word' id='word_1_273' title='bbox 1928 3190 2055 3270; x_wconf 58' lang='lat' dir='ltr'><strong>firmum</strong></span> 
     </span>
     <span class='ocr_line' id='line_1_29' title="bbox 689 3289 2054 3374; baseline 0 -21"><span class='ocrx_word' id='word_1_274' title='bbox 689 3291 880 3372; x_wconf 84' lang='lat' dir='ltr'><strong>Deprecamr</strong></span> <span class='ocrx_word' id='word_1_275' title='bbox 899 3312 1013 3374; x_wconf 73' lang='lat' dir='ltr'><strong>pammac</strong></span> <span class='ocrx_word' id='word_1_276' title='bbox 1033 3291 1188 3353; x_wconf 81' lang='lat' dir='ltr'><strong>Sacerdos</strong></span> <span class='ocrx_word' id='word_1_277' title='bbox 1209 3296 1243 3349; x_wconf 88' lang='lat' dir='ltr'><strong>ut</strong></span> <span class='ocrx_word' id='word_1_278' title='bbox 1262 3291 1397 3350; x_wconf 72' lang='lat' dir='ltr'><strong>mittatur</strong></span> <span class='ocrx_word' id='word_1_279' title='bbox 1417 3289 1550 3368; x_wconf 76' lang='lat' dir='ltr'><strong>Spiritus</strong></span> <span class='ocrx_word' id='word_1_280' title='bbox 1577 3309 1668 3369; x_wconf 85' lang='lat' dir='ltr'><strong>super</strong></span> <span class='ocrx_word' id='word_1_281' title='bbox 1689 3310 1801 3371; x_wconf 86' lang='lat' dir='ltr'><strong>corpus</strong></span> <span class='ocrx_word' id='word_1_282' title='bbox 1821 3298 1852 3352; x_wconf 88' lang='lat' dir='ltr'><strong>et</strong></span> <span class='ocrx_word' id='word_1_283' title='bbox 1871 3294 2054 3371; x_wconf 67' lang='lat' dir='ltr'><strong>sanorum,</strong></span> 
     </span>
     <span class='ocr_line' id='line_1_30' title="bbox 690 3387 2054 3472; baseline -0.001 -19"><span class='ocrx_word' id='word_1_284' title='bbox 690 3392 769 3453; x_wconf 77' lang='lat' dir='ltr'><strong>sima</strong></span> <span class='ocrx_word' id='word_1_285' title='bbox 789 3394 821 3453; x_wconf 89' lang='lat' dir='ltr'><strong>in</strong></span> <span class='ocrx_word' id='word_1_286' title='bbox 848 3391 998 3472; x_wconf 79' lang='lat' dir='ltr'><strong>Virpinem</strong></span> <span class='ocrx_word' id='word_1_287' title='bbox 1019 3399 1090 3453; x_wconf 89' lang='lat' dir='ltr'><strong>tunc</strong></span> <span class='ocrx_word' id='word_1_288' title='bbox 1118 3390 1245 3469; x_wconf 77' lang='lat' dir='ltr'><strong>tttvpnrs</strong></span> <span class='ocrx_word' id='word_1_289' title='bbox 1273 3395 1325 3449; x_wconf 88' lang='lat' dir='ltr'><strong>est.</strong></span> <span class='ocrx_word' id='word_1_290' title='bbox 1370 3387 1441 3450; x_wconf 77' lang='lat' dir='ltr'><strong>Turn</strong></span> <span class='ocrx_word' id='word_1_291' title='bbox 1468 3391 1559 3451; x_wconf 90' lang='lat' dir='ltr'><strong>etiam</strong></span> <span class='ocrx_word' id='word_1_292' title='bbox 1583 3408 1642 3468; x_wconf 88' lang='lat' dir='ltr'><strong>per</strong></span> <span class='ocrx_word' id='word_1_293' title='bbox 1669 3388 1895 3452; x_wconf 79' lang='lat' dir='ltr'><strong>invocationem</strong></span> <span class='ocrx_word' id='word_1_294' title='bbox 1917 3389 2054 3470; x_wconf 79' lang='lat' dir='ltr'><strong>Spiritus,</strong></span> 
     </span>
     <span class='ocr_line' id='line_1_31' title="bbox 689 3486 2054 3571; baseline 0 -20"><span class='ocrx_word' id='word_1_295' title='bbox 689 3492 813 3571; x_wconf 77' lang='lat' dir='ltr'><strong>mystice</strong></span> <span class='ocrx_word' id='word_1_296' title='bbox 840 3492 991 3571; x_wconf 77' lang='lat' dir='ltr'><strong>sipnificot</strong></span> <span class='ocrx_word' id='word_1_297' title='bbox 1017 3490 1091 3552; x_wconf 83' lang='lat' dir='ltr'><strong>tttnd</strong></span> <span class='ocrx_word' id='word_1_298' title='bbox 1119 3489 1200 3569; x_wconf 72' lang='lat' dir='ltr'><strong>prod</strong></span> <span class='ocrx_word' id='word_1_299' title='bbox 1225 3486 1350 3549; x_wconf 84' lang='lat' dir='ltr'><strong>Gabriel</strong></span> <span class='ocrx_word' id='word_1_300' title='bbox 1382 3507 1449 3549; x_wconf 88' lang='lat' dir='ltr'><strong>cum</strong></span> <span class='ocrx_word' id='word_1_301' title='bbox 1477 3489 1558 3549; x_wconf 86' lang='lat' dir='ltr'><strong>stetit</strong></span> <span class='ocrx_word' id='word_1_302' title='bbox 1585 3506 1691 3549; x_wconf 89' lang='lat' dir='ltr'><strong>eoram</strong></span> <span class='ocrx_word' id='word_1_303' title='bbox 1717 3488 1853 3570; x_wconf 78' lang='lat' dir='ltr'><strong>Virpine,</strong></span> <span class='ocrx_word' id='word_1_304' title='bbox 1883 3497 2054 3569; x_wconf 67' lang='lat' dir='ltr'><strong>conceptu</strong></span> 
     </span>
     <span class='ocr_line' id='line_1_32' title="bbox 690 3588 2056 3670; baseline 0.001 -20"><span class='ocrx_word' id='word_1_305' title='bbox 690 3590 737 3651; x_wconf 87' lang='lat' dir='ltr'><strong>illi</strong></span> <span class='ocrx_word' id='word_1_306' title='bbox 762 3597 898 3652; x_wconf 91' lang='lat' dir='ltr'><strong>sanetum</strong></span> <span class='ocrx_word' id='word_1_307' title='bbox 927 3609 1013 3652; x_wconf 79' lang='lat' dir='ltr'><strong>mum</strong></span> <span class='ocrx_word' id='word_1_308' title='bbox 1042 3588 1254 3662; x_wconf 81' lang='lat' dir='ltr'><strong>annunciavit,</strong></span> <span class='ocrx_word' id='word_1_309' title='bbox 1283 3589 1422 3649; x_wconf 75' lang='lat' dir='ltr'><strong>omnum</strong></span> <span class='ocrx_word' id='word_1_310' title='bbox 1448 3588 1531 3649; x_wconf 79' lang='lat' dir='ltr'><strong>iliam</strong></span> <span class='ocrx_word' id='word_1_311' title='bbox 1552 3589 1727 3669; x_wconf 77' lang='lat' dir='ltr'><strong>mysticam,</strong></span> <span class='ocrx_word' id='word_1_312' title='bbox 1749 3606 1827 3667; x_wconf 82' lang='lat' dir='ltr'><strong>quae</strong></span> <span class='ocrx_word' id='word_1_313' title='bbox 1848 3588 2056 3670; x_wconf 74' lang='lat' dir='ltr'><strong>inteilipentiae</strong></span> 
     </span>
     <span class='ocr_line' id='line_1_33' title="bbox 691 3686 2052 3770; baseline -0.001 -20"><span class='ocrx_word' id='word_1_314' title='bbox 691 3696 810 3768; x_wconf 90' lang='lat' dir='ltr'><strong>captum</strong></span> <span class='ocrx_word' id='word_1_315' title='bbox 831 3697 975 3770; x_wconf 65' lang='lat' dir='ltr'><strong>scapum:</strong></span> <span class='ocrx_word' id='word_1_316' title='bbox 992 3709 1051 3769; x_wconf 88' lang='lat' dir='ltr'><strong>per</strong></span> <span class='ocrx_word' id='word_1_317' title='bbox 1072 3707 1161 3769; x_wconf 75' lang='lat' dir='ltr'><strong>prom</strong></span> <span class='ocrx_word' id='word_1_318' title='bbox 1183 3704 1249 3748; x_wconf 86' lang='lat' dir='ltr'><strong>cum</strong></span> <span class='ocrx_word' id='word_1_319' title='bbox 1271 3686 1324 3748; x_wconf 84' lang='lat' dir='ltr'><strong>ilia</strong></span> <span class='ocrx_word' id='word_1_320' title='bbox 1347 3694 1495 3766; x_wconf 78' lang='lat' dir='ltr'><strong>potestate</strong></span> <span class='ocrx_word' id='word_1_321' title='bbox 1516 3688 1618 3748; x_wconf 87' lang='lat' dir='ltr'><strong>onmia</strong></span> <span class='ocrx_word' id='word_1_322' title='bbox 1640 3687 1847 3766; x_wconf 74' lang='lat' dir='ltr'><strong>samtifivante</strong></span> <span class='ocrx_word' id='word_1_323' title='bbox 1869 3687 2052 3749; x_wconf 75' lang='lat' dir='ltr'><strong>communio·</strong></span> 
     </span>
     <span class='ocr_line' id='line_1_34' title="bbox 689 3786 1624 3866; baseline -0.001 -16"><span class='ocrx_word' id='word_1_324' title='bbox 689 3808 757 3850; x_wconf 91' lang='lat' dir='ltr'><strong>nem</strong></span> <span class='ocrx_word' id='word_1_325' title='bbox 778 3789 932 3866; x_wconf 79' lang='lat' dir='ltr'><strong>lrabemrn,</strong></span> <span class='ocrx_word' id='word_1_326' title='bbox 954 3791 1055 3852; x_wconf 87' lang='lat' dir='ltr'><strong>animo</strong></span> <span class='ocrx_word' id='word_1_327' title='bbox 1077 3807 1098 3851; x_wconf 92' lang='lat' dir='ltr'><strong>a</strong></span> <span class='ocrx_word' id='word_1_328' title='bbox 1119 3786 1257 3848; x_wconf 84' lang='lat' dir='ltr'><strong>sensibus</strong></span> <span class='ocrx_word' id='word_1_329' title='bbox 1278 3793 1309 3847; x_wconf 90' lang='lat' dir='ltr'><strong>et</strong></span> <span class='ocrx_word' id='word_1_330' title='bbox 1328 3804 1349 3846; x_wconf 89' lang='lat' dir='ltr'><strong>a</strong></span> <span class='ocrx_word' id='word_1_331' title='bbox 1370 3788 1499 3847; x_wconf 78' lang='lat' dir='ltr'><strong>mateia</strong></span> <span class='ocrx_word' id='word_1_332' title='bbox 1520 3786 1624 3849; x_wconf 81' lang='lat' dir='ltr'><strong>liberm</strong></span> 
     </span>
    </p>

    <p class='ocr_par' dir='ltr' id='par_1_7' title="bbox 686 3883 2054 5157">
     <span class='ocr_line' id='line_1_35' title="bbox 780 3883 2054 3952; baseline -0.003 -3"><span class='ocrx_word' id='word_1_333' title='bbox 780 3887 850 3949; x_wconf 75' lang='lat' dir='ltr'><strong>llam</strong></span> <span class='ocrx_word' id='word_1_334' title='bbox 871 3889 946 3951; x_wconf 89' lang='lat' dir='ltr'><strong>dicit</strong></span> <span class='ocrx_word' id='word_1_335' title='bbox 965 3888 1127 3952; x_wconf 86' lang='lat' dir='ltr'><strong>Sacerdos.</strong></span> <span class='ocrx_word' id='word_1_336' title='bbox 1171 3884 1289 3948; x_wconf 86' lang='lat' dir='ltr'><strong>Exaudi</strong></span> <span class='ocrx_word' id='word_1_337' title='bbox 1318 3903 1365 3946; x_wconf 91' lang='lat' dir='ltr'><strong>me</strong></span> <span class='ocrx_word' id='word_1_338' title='bbox 1394 3883 1522 3948; x_wconf 87' lang='lat' dir='ltr'><strong>Domine</strong></span> <span class='ocrx_word' id='word_1_339' title='bbox 1549 3893 1579 3947; x_wconf 89' lang='lat' dir='ltr'><strong>et</strong></span> <span class='ocrx_word' id='word_1_340' title='bbox 1609 3886 1754 3948; x_wconf 89' lang='lat' dir='ltr'><strong>miserere</strong></span> <span class='ocrx_word' id='word_1_341' title='bbox 1777 3885 1844 3947; x_wconf 90' lang='lat' dir='ltr'><strong>mei.</strong></span> <span class='ocrx_word' id='word_1_342' title='bbox 1890 3884 2054 3947; x_wconf 63' lang='lat' dir='ltr'><strong>Secunda</strong></span> 
     </span>
     <span class='ocr_line' id='line_1_36' title="bbox 691 3982 2053 4068; baseline -0.002 -21"><span class='ocrx_word' id='word_1_343' title='bbox 691 3985 794 4049; x_wconf 83' lang='lat' dir='ltr'><strong>diesen</strong></span> <span class='ocrx_word' id='word_1_344' title='bbox 815 3986 992 4068; x_wconf 81' lang='lat' dir='ltr'><strong>Barceplra,</strong></span> <span class='ocrx_word' id='word_1_345' title='bbox 1023 3986 1178 4049; x_wconf 86' lang='lat' dir='ltr'><strong>Sacerdos</strong></span> <span class='ocrx_word' id='word_1_346' title='bbox 1198 3985 1290 4059; x_wconf 90' lang='lat' dir='ltr'><strong>dicit,</strong></span> <span class='ocrx_word' id='word_1_347' title='bbox 1312 3982 1405 4066; x_wconf 78' lang='lat' dir='ltr'><strong>llyrie</strong></span> <span class='ocrx_word' id='word_1_348' title='bbox 1426 3983 1543 4046; x_wconf 87' lang='lat' dir='ltr'><strong>eleison</strong></span> <span class='ocrx_word' id='word_1_349' title='bbox 1550 4005 1560 4060; x_wconf 83' lang='lat'>3</span> <span class='ocrx_word' id='word_1_350' title='bbox 1587 3987 1652 4046; x_wconf 88' lang='lat' dir='ltr'><strong>sive</strong></span> <span class='ocrx_word' id='word_1_351' title='bbox 1673 3985 1800 4048; x_wconf 88' lang='lat' dir='ltr'><strong>Domine</strong></span> <span class='ocrx_word' id='word_1_352' title='bbox 1821 3986 1967 4047; x_wconf 89' lang='lat' dir='ltr'><strong>miserere</strong></span> <span class='ocrx_word' id='word_1_353' title='bbox 1989 3983 2053 4059; x_wconf 81' lang='lat' dir='ltr'><strong>mei,</strong></span> 
     </span>
     <span class='ocr_line' id='line_1_37' title="bbox 691 4081 2054 4169; baseline -0.004 -21"><span class='ocrx_word' id='word_1_354' title='bbox 691 4089 763 4168; x_wconf 84' lang='lat' dir='ltr'><strong>quia</strong></span> <span class='ocrx_word' id='word_1_355' title='bbox 784 4090 873 4150; x_wconf 82' lang='lat' dir='ltr'><strong>serttit</strong></span> <span class='ocrx_word' id='word_1_356' title='bbox 888 4108 947 4169; x_wconf 90' lang='lat' dir='ltr'><strong>per</strong></span> <span class='ocrx_word' id='word_1_357' title='bbox 963 4089 1053 4169; x_wconf 72' lang='lat' dir='ltr'><strong>tideo</strong></span> <span class='ocrx_word' id='word_1_358' title='bbox 1074 4086 1266 4148; x_wconf 86' lang='lat' dir='ltr'><strong>descendisse</strong></span> <span class='ocrx_word' id='word_1_359' title='bbox 1287 4083 1432 4164; x_wconf 87' lang='lat' dir='ltr'><strong>Spiritum</strong></span> <span class='ocrx_word' id='word_1_360' title='bbox 1453 4090 1599 4159; x_wconf 76' lang='lat' dir='ltr'><strong>sanctam,</strong></span> <span class='ocrx_word' id='word_1_361' title='bbox 1617 4083 1852 4165; x_wconf 79' lang='lat' dir='ltr'><strong>perfecissepue,</strong></span> <span class='ocrx_word' id='word_1_362' title='bbox 1874 4090 1905 4144; x_wconf 86' lang='lat' dir='ltr'><strong>et</strong></span> <span class='ocrx_word' id='word_1_363' title='bbox 1925 4081 2054 4161; x_wconf 73' lang='lat' dir='ltr'><strong>conpte-</strong></span> 
     </span>
     <span class='ocr_line' id='line_1_38' title="bbox 690 4181 2051 4269; baseline -0.006 -20"><span class='ocrx_word' id='word_1_364' title='bbox 690 4188 772 4249; x_wconf 90' lang='lat' dir='ltr'><strong>visse</strong></span> <span class='ocrx_word' id='word_1_365' title='bbox 793 4190 945 4269; x_wconf 76' lang='lat' dir='ltr'><strong>mysteria,</strong></span> <span class='ocrx_word' id='word_1_366' title='bbox 968 4207 1035 4249; x_wconf 88' lang='lat' dir='ltr'><strong>cum</strong></span> <span class='ocrx_word' id='word_1_367' title='bbox 1056 4187 1190 4248; x_wconf 74' lang='lat' dir='ltr'><strong>emmone</strong></span> <span class='ocrx_word' id='word_1_368' title='bbox 1204 4183 1308 4246; x_wconf 89' lang='lat' dir='ltr'><strong>valido</strong></span> <span class='ocrx_word' id='word_1_369' title='bbox 1326 4183 1491 4246; x_wconf 87' lang='lat' dir='ltr'><strong>clamatad</strong></span> <span class='ocrx_word' id='word_1_370' title='bbox 1502 4181 1635 4261; x_wconf 81' lang='lat' dir='ltr'><strong>Patrem,</strong></span> <span class='ocrx_word' id='word_1_371' title='bbox 1649 4182 1776 4247; x_wconf 89' lang='lat' dir='ltr'><strong>Domine</strong></span> <span class='ocrx_word' id='word_1_372' title='bbox 1791 4185 1935 4246; x_wconf 88' lang='lat' dir='ltr'><strong>miserere</strong></span> <span class='ocrx_word' id='word_1_373' title='bbox 1950 4183 2051 4242; x_wconf 83' lang='lat' dir='ltr'><strong>nostri.</strong></span> 
     </span>
     <span class='ocr_line' id='line_1_39' title="bbox 690 4278 2052 4366; baseline -0.004 -20"><span class='ocrx_word' id='word_1_374' title='bbox 690 4284 726 4347; x_wconf 90' lang='lat' dir='ltr'><strong>ln</strong></span> <span class='ocrx_word' id='word_1_375' title='bbox 748 4283 909 4348; x_wconf 83' lang='lat' dir='ltr'><strong>Occidente</strong></span> <span class='ocrx_word' id='word_1_376' title='bbox 928 4305 1025 4366; x_wconf 88' lang='lat' dir='ltr'><strong>porro</strong></span> <span class='ocrx_word' id='word_1_377' title='bbox 1047 4293 1076 4347; x_wconf 90' lang='lat' dir='ltr'><strong>et</strong></span> <span class='ocrx_word' id='word_1_378' title='bbox 1097 4283 1260 4346; x_wconf 83' lang='lat' dir='ltr'><strong>secundum</strong></span> <span class='ocrx_word' id='word_1_379' title='bbox 1280 4301 1390 4345; x_wconf 84' lang='lat' dir='ltr'><strong>nocam</strong></span> <span class='ocrx_word' id='word_1_380' title='bbox 1412 4283 1613 4358; x_wconf 85' lang='lat' dir='ltr'><strong>traditionem,</strong></span> <span class='ocrx_word' id='word_1_381' title='bbox 1635 4301 1712 4363; x_wconf 87' lang='lat' dir='ltr'><strong>puae</strong></span> <span class='ocrx_word' id='word_1_382' title='bbox 1732 4281 1824 4343; x_wconf 78' lang='lat' dir='ltr'><strong>laodic</strong></span> <span class='ocrx_word' id='word_1_383' title='bbox 1846 4282 1966 4352; x_wconf 67' lang='lat' dir='ltr'><strong>abund,</strong></span> <span class='ocrx_word' id='word_1_384' title='bbox 1987 4278 2052 4338; x_wconf 87' lang='lat' dir='ltr'><strong>Sa-</strong></span> 
     </span>
     <span class='ocr_line' id='line_1_40' title="bbox 691 4378 2051 4465; baseline -0.007 -17"><span class='ocrx_word' id='word_1_385' title='bbox 691 4386 811 4460; x_wconf 87' lang='lat' dir='ltr'><strong>eerdos,</strong></span> <span class='ocrx_word' id='word_1_386' title='bbox 832 4393 867 4447; x_wconf 89' lang='lat' dir='ltr'><strong>ut</strong></span> <span class='ocrx_word' id='word_1_387' title='bbox 886 4404 980 4465; x_wconf 89' lang='lat' dir='ltr'><strong>supra</strong></span> <span class='ocrx_word' id='word_1_388' title='bbox 1002 4386 1145 4458; x_wconf 84' lang='lat' dir='ltr'><strong>divimus,</strong></span> <span class='ocrx_word' id='word_1_389' title='bbox 1167 4382 1295 4464; x_wconf 81' lang='lat' dir='ltr'><strong>Syriaca</strong></span> <span class='ocrx_word' id='word_1_390' title='bbox 1311 4381 1393 4444; x_wconf 85' lang='lat' dir='ltr'><strong>dicit.</strong></span> <span class='ocrx_word' id='word_1_391' title='bbox 1423 4381 1540 4443; x_wconf 84' lang='lat' dir='ltr'><strong>Exaudi</strong></span> <span class='ocrx_word' id='word_1_392' title='bbox 1556 4400 1604 4444; x_wconf 92' lang='lat' dir='ltr'><strong>mc</strong></span> <span class='ocrx_word' id='word_1_393' title='bbox 1618 4380 1744 4445; x_wconf 88' lang='lat' dir='ltr'><strong>Domine</strong></span> <span class='ocrx_word' id='word_1_394' title='bbox 1767 4388 1797 4442; x_wconf 93' lang='lat' dir='ltr'><strong>et</strong></span> <span class='ocrx_word' id='word_1_395' title='bbox 1820 4378 2051 4452; x_wconf 85' lang='lat' dir='ltr'><strong>misereremei,</strong></span> 
     </span>
     <span class='ocr_line' id='line_1_41' title="bbox 690 4480 2052 4563; baseline -0.006 -16"><span class='ocrx_word' id='word_1_396' title='bbox 690 4486 773 4547; x_wconf 88' lang='lat' dir='ltr'><strong>elata</strong></span> <span class='ocrx_word' id='word_1_397' title='bbox 793 4504 883 4560; x_wconf 90' lang='lat' dir='ltr'><strong>voce,</strong></span> <span class='ocrx_word' id='word_1_398' title='bbox 906 4487 951 4546; x_wconf 88' lang='lat' dir='ltr'><strong>ita</strong></span> <span class='ocrx_word' id='word_1_399' title='bbox 971 4492 1006 4546; x_wconf 89' lang='lat' dir='ltr'><strong>ut</strong></span> <span class='ocrx_word' id='word_1_400' title='bbox 1024 4484 1186 4563; x_wconf 74' lang='lat' dir='ltr'><strong>paverint</strong></span> <span class='ocrx_word' id='word_1_401' title='bbox 1206 4483 1248 4543; x_wconf 90' lang='lat' dir='ltr'><strong>ad</strong></span> <span class='ocrx_word' id='word_1_402' title='bbox 1264 4481 1421 4562; x_wconf 83' lang='lat' dir='ltr'><strong>poputum,</strong></span> <span class='ocrx_word' id='word_1_403' title='bbox 1444 4482 1603 4561; x_wconf 73' lang='lat' dir='ltr'><strong>dicantque</strong></span> <span class='ocrx_word' id='word_1_404' title='bbox 1624 4482 1769 4544; x_wconf 85' lang='lat' dir='ltr'><strong>similiter</strong></span> <span class='ocrx_word' id='word_1_405' title='bbox 1816 4480 1897 4543; x_wconf 72' lang='lat' dir='ltr'><strong>ilaec</strong></span> <span class='ocrx_word' id='word_1_406' title='bbox 1916 4496 2015 4541; x_wconf 79' lang='lat' dir='ltr'><strong>onmes</strong></span> <span class='ocrx_word' id='word_1_407' title='bbox 2036 4495 2052 4537; x_wconf 89' lang='lat' dir='ltr'><strong>e</strong></span> 
     </span>
     <span class='ocr_line' id='line_1_42' title="bbox 686 4578 2052 4666; baseline -0.006 -19"><span class='ocrx_word' id='word_1_408' title='bbox 686 4586 799 4666; x_wconf 88' lang='lat' dir='ltr'><strong>populo</strong></span> <span class='ocrx_word' id='word_1_409' title='bbox 821 4585 925 4646; x_wconf 74' lang='lat' dir='ltr'><strong>dictant</strong></span> <span class='ocrx_word' id='word_1_410' title='bbox 945 4592 1005 4661; x_wconf 87' lang='lat' dir='ltr'><strong>ter,</strong></span> <span class='ocrx_word' id='word_1_411' title='bbox 1028 4581 1121 4665; x_wconf 82' lang='lat' dir='ltr'><strong>llyrie</strong></span> <span class='ocrx_word' id='word_1_412' title='bbox 1143 4581 1274 4657; x_wconf 90' lang='lat' dir='ltr'><strong>eleison,</strong></span> <span class='ocrx_word' id='word_1_413' title='bbox 1301 4588 1356 4643; x_wconf 89' lang='lat' dir='ltr'><strong>aut</strong></span> <span class='ocrx_word' id='word_1_414' title='bbox 1381 4578 1529 4642; x_wconf 89' lang='lat' dir='ltr'><strong>llisercre</strong></span> <span class='ocrx_word' id='word_1_415' title='bbox 1551 4580 1622 4643; x_wconf 88' lang='lat' dir='ltr'><strong>mei:</strong></span> <span class='ocrx_word' id='word_1_416' title='bbox 1644 4581 1725 4661; x_wconf 78' lang='lat' dir='ltr'><strong>prad</strong></span> <span class='ocrx_word' id='word_1_417' title='bbox 1744 4587 1792 4641; x_wconf 86' lang='lat' dir='ltr'><strong>ter</strong></span> <span class='ocrx_word' id='word_1_418' title='bbox 1811 4580 2052 4659; x_wconf 69' lang='lat' dir='ltr'><strong>pronunciantes,</strong></span> 
     </span>
     <span class='ocr_line' id='line_1_43' title="bbox 689 4678 2053 4765; baseline -0.005 -19"><span class='ocrx_word' id='word_1_419' title='bbox 689 4685 949 4765; x_wconf 85' lang='lat' dir='ltr'><strong>perseverantiam</strong></span> <span class='ocrx_word' id='word_1_420' title='bbox 977 4685 1010 4744; x_wconf 90' lang='lat' dir='ltr'><strong>in</strong></span> <span class='ocrx_word' id='word_1_421' title='bbox 1037 4683 1250 4762; x_wconf 83' lang='lat' dir='ltr'><strong>deprecatione</strong></span> <span class='ocrx_word' id='word_1_422' title='bbox 1276 4688 1380 4743; x_wconf 88' lang='lat' dir='ltr'><strong>notam</strong></span> <span class='ocrx_word' id='word_1_423' title='bbox 1405 4678 1534 4758; x_wconf 69' lang='lat' dir='ltr'><strong>facium</strong></span> <span class='ocrx_word' id='word_1_424' title='bbox 1578 4680 1648 4742; x_wconf 82' lang='lat' dir='ltr'><strong>Fuit</strong></span> <span class='ocrx_word' id='word_1_425' title='bbox 1667 4681 1758 4742; x_wconf 72' lang='lat' dir='ltr'><strong>edam</strong></span> <span class='ocrx_word' id='word_1_426' title='bbox 1780 4679 1958 4760; x_wconf 77' lang='lat' dir='ltr'><strong>alipumrdo,</strong></span> <span class='ocrx_word' id='word_1_427' title='bbox 1988 4694 2053 4738; x_wconf 76' lang='lat' dir='ltr'><strong>mast</strong></span> 
     </span>
     <span class='ocr_line' id='line_1_44' title="bbox 690 4775 2053 4863; baseline -0.005 -16"><span class='ocrx_word' id='word_1_428' title='bbox 690 4784 873 4847; x_wconf 53' lang='lat' dir='ltr'><strong>wadone</strong></span> <span class='ocrx_word' id='word_1_429' title='bbox 893 4784 1034 4863; x_wconf 90' lang='lat' dir='ltr'><strong>imperiti,</strong></span> <span class='ocrx_word' id='word_1_430' title='bbox 1056 4783 1114 4844; x_wconf 82' lang='lat' dir='ltr'><strong>ltoc</strong></span> <span class='ocrx_word' id='word_1_431' title='bbox 1135 4782 1202 4843; x_wconf 87' lang='lat' dir='ltr'><strong>loco</strong></span> <span class='ocrx_word' id='word_1_432' title='bbox 1221 4780 1353 4860; x_wconf 75' lang='lat' dir='ltr'><strong>frontem</strong></span> <span class='ocrx_word' id='word_1_433' title='bbox 1366 4779 1625 4858; x_wconf 80' lang='lat' dir='ltr'><strong>manuseriedant,</strong></span> <span class='ocrx_word' id='word_1_434' title='bbox 1648 4781 1738 4859; x_wconf 74' lang='lat' dir='ltr'><strong>meari</strong></span> <span class='ocrx_word' id='word_1_435' title='bbox 1750 4780 1789 4841; x_wconf 87' lang='lat' dir='ltr'><strong>de</strong></span> <span class='ocrx_word' id='word_1_436' title='bbox 1803 4777 1969 4840; x_wconf 79' lang='lat' dir='ltr'><strong>commissis</strong></span> <span class='ocrx_word' id='word_1_437' title='bbox 1985 4775 2053 4855; x_wconf 74' lang='lat' dir='ltr'><strong>pui-</strong></span> 
     </span>
     <span class='ocr_line' id='line_1_45' title="bbox 692 4873 2052 4964; baseline -0.007 -18"><span class='ocrx_word' id='word_1_438' title='bbox 692 4884 819 4946; x_wconf 84' lang='lat' dir='ltr'><strong>busdam</strong></span> <span class='ocrx_word' id='word_1_439' title='bbox 837 4886 1032 4963; x_wconf 88' lang='lat' dir='ltr'><strong>poenitentes,</strong></span> <span class='ocrx_word' id='word_1_440' title='bbox 1048 4874 1136 4964; x_wconf 68' lang='lat' dir='ltr'><strong>&#39;quod</strong></span> <span class='ocrx_word' id='word_1_441' title='bbox 1155 4880 1256 4942; x_wconf 85' lang='lat' dir='ltr'><strong>Moses</strong></span> <span class='ocrx_word' id='word_1_442' title='bbox 1276 4878 1441 4959; x_wconf 82' lang='lat' dir='ltr'><strong>Barceplta</strong></span> <span class='ocrx_word' id='word_1_443' title='bbox 1461 4880 1624 4959; x_wconf 80' lang='lat' dir='ltr'><strong>inconprue</strong></span> <span class='ocrx_word' id='word_1_444' title='bbox 1640 4896 1771 4958; x_wconf 77' lang='lat' dir='ltr'><strong>proram</strong></span> <span class='ocrx_word' id='word_1_445' title='bbox 1790 4879 1861 4958; x_wconf 72' lang='lat' dir='ltr'><strong>{ieri</strong></span> <span class='ocrx_word' id='word_1_446' title='bbox 1880 4876 1961 4950; x_wconf 86' lang='lat' dir='ltr'><strong>dicit,</strong></span> <span class='ocrx_word' id='word_1_447' title='bbox 1983 4873 2052 4954; x_wconf 77' lang='lat' dir='ltr'><strong>quia</strong></span> 
     </span>
     <span class='ocr_line' id='line_1_46' title="bbox 692 4972 2050 5064; baseline -0.008 -18"><span class='ocrx_word' id='word_1_448' title='bbox 692 4985 774 5045; x_wconf 91' lang='lat' dir='ltr'><strong>dona</strong></span> <span class='ocrx_word' id='word_1_449' title='bbox 795 4985 920 5063; x_wconf 84' lang='lat' dir='ltr'><strong>spiritus</strong></span> <span class='ocrx_word' id='word_1_450' title='bbox 941 4982 1100 5064; x_wconf 74' lang='lat' dir='ltr'><strong>monpmlle</strong></span> <span class='ocrx_word' id='word_1_451' title='bbox 1122 4981 1242 5057; x_wconf 86' lang='lat' dir='ltr'><strong>dantur,</strong></span> <span class='ocrx_word' id='word_1_452' title='bbox 1265 4987 1295 5040; x_wconf 88' lang='lat' dir='ltr'><strong>et</strong></span> <span class='ocrx_word' id='word_1_453' title='bbox 1313 4997 1374 5040; x_wconf 90' lang='lat' dir='ltr'><strong>non</strong></span> <span class='ocrx_word' id='word_1_454' title='bbox 1396 4997 1464 5040; x_wconf 85' lang='lat' dir='ltr'><strong>cum</strong></span> <span class='ocrx_word' id='word_1_455' title='bbox 1485 4979 1618 5058; x_wconf 81' lang='lat' dir='ltr'><strong>strepitu</strong></span> <span class='ocrx_word' id='word_1_456' title='bbox 1650 4976 1816 5058; x_wconf 75' lang='lat' dir='ltr'><strong>Tranprnile</strong></span> <span class='ocrx_word' id='word_1_457' title='bbox 1837 4978 1913 5038; x_wconf 83' lang='lat' dir='ltr'><strong>enim</strong></span> <span class='ocrx_word' id='word_1_458' title='bbox 1932 4979 1964 5034; x_wconf 84' lang='lat' dir='ltr'><strong>et</strong></span> <span class='ocrx_word' id='word_1_459' title='bbox 1980 4972 2050 5051; x_wconf 83' lang='lat' dir='ltr'><strong>pla·</strong></span> 
     </span>
     <span class='ocr_line' id='line_1_47' title="bbox 691 5077 2050 5157; baseline -0.01 -12"><span class='ocrx_word' id='word_1_460' title='bbox 691 5084 760 5145; x_wconf 87' lang='lat' dir='ltr'><strong>cide</strong></span> <span class='ocrx_word' id='word_1_461' title='bbox 787 5083 942 5145; x_wconf 85' lang='lat' dir='ltr'><strong>descendit</strong></span> <span class='ocrx_word' id='word_1_462' title='bbox 968 5081 1092 5146; x_wconf 83' lang='lat' dir='ltr'><strong>Verbum</strong></span> <span class='ocrx_word' id='word_1_463' title='bbox 1112 5080 1196 5142; x_wconf 87' lang='lat' dir='ltr'><strong>Deus</strong></span> <span class='ocrx_word' id='word_1_464' title='bbox 1217 5079 1249 5139; x_wconf 91' lang='lat' dir='ltr'><strong>in</strong></span> <span class='ocrx_word' id='word_1_465' title='bbox 1269 5077 1414 5157; x_wconf 73' lang='lat' dir='ltr'><strong>lindam,</strong></span> <span class='ocrx_word' id='word_1_466' title='bbox 1445 5085 1475 5139; x_wconf 91' lang='lat' dir='ltr'><strong>et</strong></span> <span class='ocrx_word' id='word_1_467' title='bbox 1494 5097 1535 5140; x_wconf 85' lang='lat' dir='ltr'><strong>ev</strong></span> <span class='ocrx_word' id='word_1_468' title='bbox 1556 5096 1595 5139; x_wconf 88' lang='lat' dir='ltr'><strong>ea</strong></span> <span class='ocrx_word' id='word_1_469' title='bbox 1615 5078 1791 5139; x_wconf 82' lang='lat' dir='ltr'><strong>incarnatus</strong></span> <span class='ocrx_word' id='word_1_470' title='bbox 1811 5083 1872 5151; x_wconf 88' lang='lat' dir='ltr'><strong>est,</strong></span> <span class='ocrx_word' id='word_1_471' title='bbox 1900 5092 1957 5134; x_wconf 87' lang='lat' dir='ltr'><strong>non</strong></span> <span class='ocrx_word' id='word_1_472' title='bbox 1986 5088 2050 5132; x_wconf 76' lang='lat' dir='ltr'><strong>crus</strong></span> 
     </span>
    </p>
   </div>
   <div class='ocr_carea' id='block_1_6' title="bbox 0 0 2268 6034">
    <p class='ocr_par' dir='ltr' id='par_1_8' title="bbox 0 0 2268 6034">
     <span class='ocr_line' id='line_1_48' title="bbox 0 0 2268 6034; baseline 0 0"><span class='ocrx_word' id='word_1_473' title='bbox 0 0 2268 6034; x_wconf 95' lang='lat' dir='ltr'><strong> </strong></span> 
     </span>
    </p>
   </div>
  </div>
 </body>
</html>
