4525 6034
578 1118 1167 1298 rpinninum
1329 993 1334 1006 ¹

241 1431 790 1588 DOQTORUM
859 1460 881 1524 ¹·
938 1452 1577 1604 SANCTORUM,

393 1695 420 1772 A
451 1693 629 1773 tuitus
661 1690 819 1770 MAGNO
850 1691 1147 1772 PATRIARGHA
1180 1694 1420 1774 ORDleTb

691 1983 843 2057 Primnum
869 1983 992 2056 Oratio
1018 1983 1136 2059 Pocc‘r.

293 2184 452 2288 Domina
478 2207 571 2281 Dens
597 2217 717 2303 putens
744 2218 779 2281 et
804 2205 1164 2304 incomprebensibiliS,
1190 2208 1421 2300 absconditae,
1448 2235 1511 2286 nec
1536 2217 1595 2286 in-
1643 2228 1784 2283 ritroxenr.

223 2326 449 2421 vestigabilis:
476 2323 692 2421 nmqndntas
718 2334 753 2397 et
778 2325 939 2398 exultatio
967 2325 1169 2399 sublimium:
1201 2349 1271 2423 pax
1296 2339 1331 2399 et
1355 2329 1511 2420 gaudium
1538 2333 1596 2401 in-

128 2539 132 2544 ·
223 2445 399 2518 seriorum:
436 2445 559 2515 caritas
603 2439 828 2514 indivisibilis:
870 2442 1100 2515 misericordia
1141 2442 1435 2538 imperturbabilis:
1470 2444 1596 2518 laetitia

221 2564 401 2655 justorum:
428 2560 572 2632 victoria
598 2561 745 2654 piorum:
772 2579 851 2655 spes
885 2558 1104 2650 Sanctorum,
1137 2568 1172 2631 et
1205 2557 1369 2652 refugium
1404 2560 1595 2652 lugentium.

223 2679 279 2753 Ad
313 2690 348 2751 te
381 2675 525 2748 clamant
545 2677 689 2746 *animae
721 2683 875 2765 nostrae,
911 2685 946 2747 et
978 2673 1201 2772 deprecantur
1235 2678 1368 2773 spiritus
1401 2680 1525 2769 nostri,
1561 2687 1597 2749 ut

222 2818 290 2867 uno
317 2791 450 2866 virendo
478 2788 658 2887 spirituali,
685 2811 747 2861 nos
775 2812 892 2862 ornnes
919 2791 1016 2864 simul
1041 2793 1186 2864 invicem
1206 2802 1399 2882 connectas,
1424 2803 1460 2866 nt
1478 2793 1595 2868 oscudu

224 2914 368 2997 sincero,
396 2916 430 2979 et
454 2930 542 3002 pace
569 2909 675 2980 omnis
706 2903 833 2979 fraudis
867 2928 975 2978 vacua
1003 2908 1200 2981 adoratores
1227 2917 1303 2983 tuns
1329 2912 1442 2982 unias:
1469 2913 1597 2984 simus-

225 3050 290 3124 que
322 3047 423 3098 unum
455 3044 578 3119 corpus
610 3020 804 3111 indivisum,
830 3020 920 3117 qnod
947 3033 980 3094 te
1006 3022 1182 3117 glorificet,
1208 3033 1243 3097 et
1257 3026 1462 3117 unigenitum
1477 3025 1596 3098 Filium

222 3152 314 3216 tunm
341 3150 376 3214 et
400 3140 556 3235 Spiritum
583 3149 674 3210 tuum
700 3140 962 3229 sanctissimum,
988 3151 1023 3212 et
1048 3139 1182 3213 bonnm.

328 3258 491 3352 Populus.
543 3256 610 3328 Det
636 3258 776 3350 quisque
808 3276 937 3350 pacem.

328 3373 513 3446 Sacerdos.
565 3369 750 3444 Adurande
776 3375 831 3465 qni
857 3368 899 3442 ab
926 3371 1067 3464 Angelis
1100 3372 1318 3465 glorificaris,
1350 3385 1385 3446 et
1410 3397 1430 3447 u
1458 3372 1595 3448 Cberu·

61 3563 70 3586 ,
224 3489 292 3563 him
327 3488 556 3578 benediceris,
589 3509 609 3559 a
642 3484 815 3584 Seraphim
849 3485 1085 3574 sanctificaris,
1124 3488 1167 3562 ab
1200 3491 1313 3582 lgneis
1345 3488 1535 3578 honoraria,
1565 3486 1595 3586 sa

224 3604 458 3704 spiritualibus
485 3603 678 3696 extolleris,
710 3616 745 3676 et
770 3626 790 3674 a
816 3602 892 3675 filiis
917 3601 1084 3676 bominum
1111 3604 1313 3697 celebraris,
1348 3605 1390 3679 ab
1418 3606 1595 3681 omnihus-

226 3747 291 3820 qne
323 3715 486 3796 creaturis
519 3719 671 3793 adoraris
705 3731 740 3792 et
774 3720 928 3792 laudaris.
987 3719 1135 3818 Respice
1167 3721 1311 3797 Domine
1352 3746 1474 3798 servos
1507 3735 1595 3814 tuos,

224 3841 301 3915 illos
328 3842 384 3936 qni
409 3837 652 3911 inclinaverunt
677 3836 763 3910 colla
780 3859 841 3911 sua
864 3859 977 3910 corum
997 3842 1173 3932 majestate
1186 3850 1252 3913 tuu.
1305 3841 1449 3913 Demitte
1465 3821 1596 3914 manum

224 3968 315 4029 tuam
341 3955 472 4051 plenam
499 3950 785 4042 miserationibus,
812 3975 914 4048 super
939 3958 1237 4048 congregationem
1264 3957 1470 4030 adorantium
1492 3967 1537 4048 te,
1565 3969 1599 4031 et

225 4077 317 4147 mitte
343 4070 426 4160 illis,
452 4070 494 4143 ab
521 4070 669 4143 excelsis
695 4073 820 4143 sanctis
846 4074 911 4142 tuis
938 4070 1172 4145 abundantiam
1197 4072 1480 4164 benedictionum,
1512 4073 1597 4147 ion-

225 4201 278 4263 tes
304 4187 487 4276 bonorum,
513 4189 736 4280 scaturigines
769 4188 967 4277 amoenus,
994 4196 1028 4259 et
1051 4187 1163 4262 fonws
1189 4193 1356 4287 puritatis:
1388 4202 1423 4262 et
1452 4189 1507 4263 iac
1532 4214 1596 4265 nos

225 4306 311 4382 lilios
347 4315 383 4376 et
416 4302 580 4376 haeredes
615 4305 782 4396 inregno
816 4313 873 4376 tuo
908 4303 1064 4395 coelesti,
1097 4329 1160 4402 per
1191 4329 1308 4402 pacem
1340 4307 1425 4379 banc
1452 4329 1596 4402 mama

224 4430 259 4495 te
272 4427 444 4521 suscipere
457 4426 648 4512 meruimus,
675 4434 710 4496 et
724 4421 909 4495 referemus
928 4421 985 4495 tibi
1007 4421 1149 4514 gloriam
1168 4432 1202 4495 et
1215 4425 1396 4516 gratiarum
1421 4427 1595 4495 actionem.

329 4540 490 4634 Populus.
544 4540 663 4611 Amen.

331 4656 515 4729 Sacerdos.
567 4656 661 4731 Dens
687 4680 825 4750 magne,
852 4666 1007 4745 aeterne,
1034 4676 1162 4727 summe
1188 4665 1223 4728 et
1254 4656 1414 4746 excelse,
1446 4655 1596 4729 admira-

227 4771 302 4846 bilis
329 4782 364 4845 et
390 4771 602 4862 abscondite,
629 4776 684 4868 qui
710 4784 863 4870 praestus
889 4770 1152 4844 misericordiam
1178 4773 1211 4843 in
1237 4772 1337 4843 midia
1364 4780 1399 4843 et
1415 4773 1595 4869 myriades,

229 4912 345 4962 eorum
372 4894 427 4985 qui
454 4888 592 4981 diligunt
616 4899 672 4980 te,
704 4900 738 4962 et
763 4887 947 4963 observant
977 4886 1131 4959 mandata
1157 4895 1232 4976 tna3
1268 4890 1322 4982 qui
1354 4892 1548 4984 mysterium
1574 4914 1595 4963 a

229 5004 383 5094 saeculis,
411 5016 445 5077 et
471 5005 743 5098 generationibus
770 5003 999 5079 absconditum
1024 5002 1186 5076 revelasti
1211 5001 1309 5076 nobis
1336 5027 1399 5101 per
1415 5005 1595 5079 adventum

229 5117 303 5193 Filii
330 5124 377 5194 tui
402 5122 536 5194 Domini
561 5126 668 5199 nostri
693 5122 776 5200 Jesn
801 5120 944 5214 Christi,
971 5122 1091 5218 quique
1117 5119 1271 5214 dignutus
1298 5142 1348 5211 es,
1374 5143 1438 5197 uos
1464 5120 1596 5196 media-
