4525 6034
761 594 1065 672 PRAEFATIO.

232 788 395 891 intelligi,
427 811 499 890 quo
530 785 613 863 nibil
647 786 807 867 alienius.
869 785 920 862 lta
941 789 1046 863 etiam
1078 790 1114 864 in
1148 785 1241 865 Novi
1276 786 1492 865 Testamenti
1526 786 1602 890 Sy-

231 926 311 1002 riaci
343 920 500 999 editione
534 940 640 1023 quam
670 922 874 1021 procuravit
906 919 1064 998 loannes
1090 919 1261 998 Albertus
1283 919 1601 1022 Widmanstadius,

231 1056 367 1134 tabulae
387 1056 577 1132 lectionum
601 1078 648 1131 ex
672 1053 902 1156 Evangeliis,
928 1052 1029 1131 Actis
1053 1065 1089 1131 et
1107 1053 1278 1156 Epistolis
1301 1036 1488 1158 adjunctae
1508 1067 1602 1158 sunt,
1701 1080 1703 1085 ·

230 1189 349 1268 Latine
391 1211 610 1288 conversae,
658 1212 704 1264 ex
743 1185 871 1290 quibus
914 1190 1001 1264 ratio
1041 1187 1215 1267 festorum
1257 1192 1430 1291 cognosci
1474 1200 1603 1291 potest.

228 1321 353 1400 llirum
377 1320 559 1425 quomodo
579 1324 755 1422 interpres
777 1324 994 1423 quicumque
1016 1323 1077 1422 sit,
1109 1321 1184 1399 illas
1206 1321 1411 1399 reddiderit.
1445 1320 1604 1421 oblatio,

228 1480 291 1559 pro
312 1454 436 1533 Misso
459 1458 537 1533 sive
560 1453 728 1557 Liturgia.
759 1453 904 1532 Electio
926 1452 1120 1559 Episcopi,
1145 1480 1211 1557 pro
1235 1454 1483 1534 Ordinatione:
1506 1455 1606 1533 Sur-

227 1594 341 1667 rectio
372 1612 438 1691 pro
469 1586 640 1665 Statione.
692 1586 769 1664 Dic
790 1592 920 1689 qanto
948 1596 1199 1688 secretorum,
1233 1613 1298 1690 pro
1321 1588 1425 1666 Feria
1448 1588 1492 1667 V.
1521 1615 1605 1693 my-

228 1726 416 1801 steriorum
439 1724 517 1799 sive
540 1724 574 1797 in
598 1719 721 1798 Coena
742 1720 896 1798 Domini.
939 1719 1046 1797 totto
1071 1732 1229 1823 secreta,
1252 1748 1318 1824 pro
1341 1723 1518 1800 lavatione
1534 1749 1606 1826 pe-

229 1856 310 1934 dum
333 1857 494 1957 mystica,
514 1879 620 1957 quam
641 1852 802 1932 Rituales
821 1857 933 1932 nostri
945 1866 1076 1931 vocant
1086 1854 1318 1955 Mandatum,
1341 1857 1455 1934 utalia
1469 1858 1603 1936 similia.

344 1987 474 2066 Mirum
517 1992 625 2091 igitur
668 2011 752 2066 esse
792 1990 939 2065 nemini·
965 1987 1072 2066 debet
1112 1990 1272 2093 jacuisse
1322 1990 1453 2067 tamdiu
1503 1994 1605 2069 istam

227 2122 556 2203 Ecclesiasticarum
598 2122 777 2200 literarum
811 2134 968 2224 partem,
1005 2124 1075 2222 cui,
1111 2108 1280 2226 lpuantum
1320 2127 1354 2200 in
1388 2123 1492 2203 nobis
1528 2123 1604 2225 luit,

223 2255 401 2371 juvandae
432 2266 484 2333 tot
514 2280 627 2333 annos
659 2255 919 2358 impendimus,
963 2281 1045 2332 cum
1072 2280 1209 2333 summa
1238 2256 1426 2337 difficultas
1461 2258 1604 2337 studio-

134 2381 138 2389 ’
227 2414 346 2467 sorum
367 2400 517 2467 conatus
539 2388 743 2466 retardaret.
802 2387 993 2467 Habebunt
1018 2400 1137 2467 autem
1163 2393 1199 2467 in
1222 2395 1353 2469 nostris
1377 2391 1603 2471 versionibus
1731 2448 1737 2453 -

225 2546 294 2601 non
320 2526 507 2611 ,intricatas
539 2534 574 2599 et
609 2521 782 2600 obscuras
816 2522 1054 2626 Liturgiarum
1090 2520 1339 2627 Coptioarum,
1382 2536 1418 2602 et
1458 2526 1603 2604 aliarum

226 2660 484 2760 expositiones,
518 2655 583 2733 sed
605 2659 764 2734 sinceras
786 2668 822 2733 ct
849 2667 987 2758 certas,
1023 2657 1221 2736 secundum
1255 2660 1408 2760 optimos
1434 2656 1602 2762 Codices,

225 2792 374 2893 quorum
394 2790 492 2867 multi
515 2793 646 2893 antiqui
670 2801 772 2892 sunt,
808 2793 1029 2868 recentiores
1051 2790 1178 2893 aliqui,
1209 2792 1275 2869 sed
1298 2790 1439 2894 publica
1464 2798 1603 2872 autori-

224 2934 292 3003 tate
314 2927 456 3025 muniti,
490 2923 615 3027 quales
636 2924 684 3001 illi
707 2928 766 3028 qui
791 2927 957 3003 recensiti
990 2937 1072 3002 sunt
1106 2925 1150 3003 ad
1175 2924 1349 3003 Ritualem
1377 2925 1604 3005 Patriarcbae

226 3054 407 3135 Gabrielis.
469 3056 592 3136 Voces
626 3082 752 3137 omnes
785 3061 994 3162 praesertim
1028 3058 1172 3136 rituales
1206 3059 1445 3160 explicantur,
1485 3063 1529 3137 ita
1565 3070 1603 3136 ut

227 3190 422 3270 obscuritas
457 3194 520 3268 vix
551 3192 642 3293 ulla,
684 3196 762 3272 sive
799 3195 835 3270 in
872 3191 1045 3293 vocibus,
1083 3195 1162 3270 sivc
1200 3195 1234 3269 in
1268 3190 1391 3270 ritibus
1429 3192 1600 3272 lectorem

216 3328 335 3427 possit
368 3327 551 3403 remorari.
1842 3426 1845 3431 Ι

344 3456 627 3537 Commentarios
657 3470 693 3537 et
718 3470 821 3537 notas
849 3462 894 3537 ita
930 3458 1168 3561 digessimus,
1209 3469 1248 3534 ut
1282 3482 1374 3561 quae
1408 3458 1488 3536 alibi
1522 3470 1598 3536 tra·
1646 3471 1923 3572 recommendata

225 3605 312 3670 ctata
334 3604 418 3670 sunt
440 3596 735 3694 praeteriremus,
763 3593 879 3696 qualia
902 3604 993 3670 sunt
1008 3617 1071 3692 ea,
1095 3616 1188 3696 quac
1211 3616 1421 3672 communes
1451 3590 1597 3672 Graecis
1611 3568 1686 3613 ⁰⁰¹¹*

226 3737 261 3803 et
281 3724 518 3804 Orientalibus
544 3724 719 3804 Ecclcsiis
746 3729 833 3804 ritus
855 3737 1035 3829 spectant,
1081 3729 1141 3829 qui
1172 3726 1310 3803 erudite
1338 3737 1374 3803 et
1408 3726 1598 3830 diligenter

226 3884 245 3934 a
274 3863 350 3937 viro
379 3855 584 3937 Clarissimo
617 3858 754 3938 lacobo
787 3857 917 3939 Goaria
944 3862 1096 3962 expositi
1130 3844 1239 3959 sunt,
1269 3870 1308 3937 ut
1339 3861 1443 3938 ctiam
1480 3885 1597 3964 quae-

226 4016 377 4096 cumque
400 3995 598 4095 generatim
622 3993 665 4070 ad
690 3992 934 4072 Eucharistiae
955 3993 1191 4072 celebrandae
1213 3992 1378 4072 Officium
1409 3998 1596 4097 pertinent.

226 4125 358 4204 Verum
392 4125 556 4204 dedimus
589 4151 756 4229 operam,
790 4139 963 4233 utquam
994 4128 1143 4230 plurima
1176 4127 1219 4206 ad
1253 4127 1430 4232 Liturgias
1463 4127 1597 4206 Orien-

227 4260 310 4338 talcs
344 4264 558 4362 spectantia,
609 4285 655 4338 cx
688 4260 870 4340 autoribus
904 4261 1143 4341 Orientalibus
1185 4265 1502 4365 conquirerentur,
1551 4285 1597 4339 ex

228 4417 422 4497 eorumque
453 4397 638 4472 autoritate
663 4395 725 4472 lux
758 4399 992 4475 caeremoniis
1025 4407 1061 4473 et
1093 4394 1311 4473 orationibus
1332 4394 1466 4495 lieret,
1499 4394 1598 4498 quod
1705 4420 1709 4429 ·’

227 4552 246 4603 a
277 4530 420 4605 nemine
452 4531 660 4630 praestitum
691 4528 912 4608 videbamus.
975 4529 1034 4608 Ad
1059 4527 1278 4633 Coptitarum
1314 4528 1458 4632 quidem
1498 4552 1598 4607 sacru

229 4657 349 4739 Ollicia
387 4661 594 4764 explicanda
625 4665 778 4741 maximo
810 4663 1013 4767 adjumento
1047 4664 1150 4741 luere
1183 4660 1339 4740 Codices
1371 4667 1597 4766 manuscripti

228 4799 329 4897 varii,
370 4799 579 4898 praesertim
613 4821 706 4875 unus
740 4821 786 4874 ex
817 4797 1036 4876 Bibliotheca
1069 4795 1185 4900 Regia
1219 4796 1404 4899 eleganter
1433 4800 1597 4900 scriptus,

230 4927 397 5032 adjunctis
434 4933 689 5031 caeremoniis,
733 4942 807 5009 tum
845 4930 993 5010 Ritualis
1025 4929 1115 5008 liber
1156 4927 1329 5009 Gabrielis
1361 4929 1597 5032 Patriarcbae,

230 5064 347 5141 etalii
379 5088 453 5142 non
483 5068 589 5168 pauci
624 5063 823 5169 l'heologi,
855 5079 915 5145 aut
944 5064 1090 5145 Rituum
1124 5067 1360 5167 expositores.

1371 5218 1390 5265 0
