4525 6034
668 525 748 604 458
1059 530 1219 607 RITUS
1254 530 1663 636 ORDINATIONIS

775 817 992 888 Potriarclca
1019 820 1181 891 extendet
1205 843 1323 892 manns
1343 845 1424 893 mas
1443 822 1600 915 dicetque
1625 820 1716 891 tanc
1738 821 1946 893 Orationem.

775 1005 919 1077 Domine
945 1005 1038 1080 Deus
1066 1011 1287 1104 omnipotens,
1314 1010 1415 1081 Pater
1430 1010 1563 1081 Domini
1583 1011 1649 1082 Dei
1676 1019 1710 1080 et
1736 1006 1916 1084 salvatoris
1944 1015 2049 1084 nostri

671 1120 753 1192 lesu
781 1119 921 1210 chrisa,
954 1143 1114 1214 rogamus
1142 1132 1176 1195 et
1202 1115 1419 1198 obsecramus
1452 1136 1541 1197 tuam
1577 1146 1660 1217 erga
1694 1123 1843 1196 homines
1876 1129 2048 1199 caritatem

671 1237 835 1324 Domine;
867 1237 1122 1330 protegebam
1150 1239 1268 1312 urbem
1300 1249 1334 1310 et
1366 1262 1483 1312 omnes
1512 1243 1626 1336 quiin
1653 1262 1694 1311 ea
1722 1243 1858 1314 suntin
1884 1240 1952 1313 fide
1979 1242 2049 1314 Or·

670 1351 838 1424 thodoxa:
865 1349 971 1424 libers
1000 1374 1061 1428 eos
1089 1378 1108 1426 a
1136 1353 1245 1445 lame,
1280 1365 1405 1446 morte,
1443 1356 1561 1443 exilio,
1603 1364 1714 1427 terrae
1746 1363 1856 1444 motu,
1890 1356 2049 1430 submer-

671 1468 767 1540 sione
795 1477 829 1537 et
855 1469 989 1540 incursu
1015 1468 1178 1560 hostium,
1215 1479 1315 1566 atque
1349 1495 1368 1542 a
1401 1470 1516 1564 gladio
1551 1467 1800 1543 extraneorum.
1852 1469 1963 1545 Visite
1990 1492 2048 1544 eos

670 1580 815 1653 Domine
841 1604 903 1676 per
929 1582 1110 1657 bonitatem
1136 1597 1240 1658 mam:
1267 1585 1415 1657 Discidia
1442 1597 1476 1658 et
1501 1586 1641 1661 insultus
1658 1583 1904 1659 haeretieorum
1923 1588 2048 1661 atheo-

670 1719 743 1768 rum
772 1696 937 1771 dissolve:
965 1698 1089 1772 exhibe
1114 1699 1190 1774 illos
1216 1701 1302 1773 filios
1329 1700 1427 1774 lucis:
1455 1700 1577 1796 facque
1595 1700 1670 1773 illos
1688 1699 1810 1792 dignos
1827 1724 1940 1795 regno
1963 1725 2048 1774 coe—

671 1811 796 1902 lornm3
823 1837 884 1910 per
910 1819 1065 1906 gratiam,
1083 1816 1347 1888 misericordiam
1367 1828 1402 1889 et
1423 1820 1595 1892 caritatem
1616 1837 1700 1908 erga
1720 1817 1872 1890 homines
1890 1821 2049 1911 unigeniti

671 1927 747 1999 Filii
773 1933 819 2000 tui
845 1931 978 2002 Domini
1004 1935 1110 2003 nostri
1136 1932 1219 2005 lesu
1246 1931 1385 2006 Christi:
1412 1930 1521 2024 gloria
1548 1935 1591 2005 sit
1619 1931 1678 2004 tibi
1705 1955 1781 2004 cum
1807 1955 1869 2024 eo,
1904 1943 1939 2005 et
1965 1933 2048 2029 Spi-

671 2047 736 2119 ritu
764 2053 881 2118 sancto
908 2068 1017 2136 nunc,
1048 2055 1112 2120 eto.

775 2162 852 2234 Pax
879 2162 1042 2235 omnibus,

780 2278 862 2348 Tam
887 2279 980 2349 dicet
1006 2278 1078 2348 alta
1104 2298 1201 2349 coca.
1964 2336 1966 2339 .

775 2393 1019 2482 Praeveniant‚
1047 2403 1081 2465 et
1106 2398 1173 2466 cito
1202 2395 1381 2488 anticipent
1405 2415 1470 2465 nos
1502 2391 1752 2468 misericordiae
1787 2389 2046 2479 insensatae,

673 2509 750 2601 quis
776 2531 942 2605 pauperes
968 2508 1048 2580 lacti
1075 2533 1189 2583 sumus
1216 2512 1331 2581 nimis:
1364 2505 1486 2601 adjuva
1521 2530 1585 2582 nos
1611 2508 1706 2580 Deus
1740 2506 1891 2580 salvator
1923 2517 2047 2580 noster.

776 2624 937 2718 Populus.
990 2625 1097 2723 llyrie
1127 2624 1266 2698 eleison.

775 2757 991 2829 Potriarclsa
1017 2760 1111 2831 dicit.
1164 2757 1280 2830 Gloria
1308 2767 1342 2828 et
1373 2756 1482 2828 honor
1516 2757 1641 2828 nomini
1675 2764 1733 2827 tuo
1767 2766 1900 2843 saneto,
1939 2756 2048 2844 Pater,

670 2871 735 2944 Fili
762 2883 796 2944 et
821 2872 965 2969 Spiritus
992 2882 1127 2963 sancte;
1161 2895 1249 2945 nunc
1277 2884 1311 2945 ot
1337 2894 1490 2967 semper,
1523 2881 1558 2943 et
1590 2875 1624 2942 in
1656 2872 1793 2946 saecula
1828 2869 2047 2947 saeculorum.

670 2991 790 3062 Amen.
1473 2987 1476 2993 '

775 3104 907 3176 Postea
930 3105 1079 3198 psailent
1105 3127 1223 3175 coram
1249 3126 1302 3191 eo,
1328 3126 1433 3198 nspne
1460 3103 1536 3174 dnm
1562 3103 1782 3174 ascenderint
1808 3105 1855 3173 ad
1873 3091 2046 3173 Patrim-

671 3220 797 3291 ettam:
823 3226 858 3291 et
884 3221 1101 3292 collocabant
1127 3244 1201 3291 eam
1226 3224 1263 3290 in
1288 3219 1389 3290 sedili
1414 3242 1487 3308 sao,
1514 3217 1710 3290 recitabant
1736 3240 1855 3289 coram
1889 3241 1935 3289 eo
1965 3218 2045 3287 laa-

671 3336 724 3406 dis
753 3341 873 3429 pratia
906 3339 1061 3407 carmina
1096 3342 1131 3406 et
1164 3340 1341 3421 encomia;
1381 3334 1538 3429 illampae
1572 3338 1744 3429 prostrati
1782 3333 2044 3405 nenmabantnr.

672 3450 911 3523 celebrabitur
948 3474 1081 3547 paoqae
1114 3474 1182 3545 per
1215 3458 1286 3523 tres
1325 3452 1399 3521 dies
1432 3454 1573 3544 satam,
1614 3452 1661 3520 ad
1694 3453 2045 3543 repraesentationem

670 3571 839 3658 mysterii,
867 3573 939 3659 ejras
965 3571 1024 3662 pai
1050 3591 1074 3637 a
1099 3571 1241 3639 morinis
1266 3571 1461 3638 resurrexit
1487 3567 1592 3637 tertia
1621 3567 1687 3637 die.
1740 3566 1862 3637 Prima
1894 3566 1953 3636 die
1987 3568 2043 3635 in-

670 3682 910 3755 tltronisadant
934 3707 1008 3755 enm
1034 3687 1070 3754 in
1096 3683 1258 3754 &clema
1283 3683 1455 3777 Ampelion
1487 3683 1598 3753 dicta:
1629 3684 1685 3753 die
1715 3682 1867 3752 secanda
1898 3686 1937 3751 in
1969 3680 2043 3752 Ec-

672 3797 779 3869 clesia
804 3803 918 3870 saneti
942 3800 1125 3872 Michaelis
1150 3799 1366 3892 Arcianpeli
1390 3802 1651 3872 Anareitarnm:
1684 3798 1740 3869 die
1773 3799 1880 3868 tertio
1905 3799 1943 3868 in
1968 3794 2042 3863 Ec-

672 3915 780 3986 olesia
798 3921 912 3987 sancti
925 3918 1041 3987 Marci
1054 3920 1090 3986 in
1110 3919 1327 3986 coemeterio.
1366 3913 1432 3986 Ubi
1450 3914 1669 4008 compleverit
1683 3913 1876 4008 Litnrpiam
1892 3917 2043 3981 sanctam

672 4031 729 4102 die
755 4037 882 4121 tertia,
908 4032 1041 4105 sedebit
1067 4039 1101 4103 et
1127 4035 1278 4125 accipiet
1303 4037 1408 4124 capnt
1433 4036 1585 4102 sanctam
1603 4031 1649 4102 D.
1667 4031 1782 4101 Marci
1801 4027 2042 4123 annpelistne

670 4152 911 4236 insinnare,
938 4154 1057 4243 atpote
1083 4152 1141 4243 qni
1165 4169 1344 4219 successor
1370 4152 1442 4238 aas
1464 4151 1581 4241 factas
1608 4153 1667 4217 est.

657 4276 659 4279 ’
773 4282 818 4354 Et
843 4283 919 4356 Deo
947 4283 1056 4376 gloria
1082 4283 1116 4353 in
1143 4292 1324 4354 aeternum.
1375 4282 1497 4355 Amen.

838 4576 1039 4670 Enemplnm
1064 4574 1312 4667 Pseptisrnatis
1338 4572 1385 4642 ad
1411 4572 1609 4642 electionem
1634 4568 1879 4640 Patriarclcae.

774 4783 812 4854 ln
838 4782 983 4855 Nomine
1009 4780 1138 4869 Patris,
1171 4789 1205 4850 et
1230 4776 1306 4849 Filii
1333 4786 1367 4850 et
1393 4775 1536 4874 Spiritus
1550 4776 1675 4848 sancti:
1709 4771 1880 4844 Trinitatis
1908 4777 2038 4841 sanctae

671 4907 705 4967 et
730 4896 896 4969 indivisae
921 4901 955 4968 in
980 4920 1046 4968 una
1073 4896 1205 4967 deitate.
1258 4894 1291 4966 ls
1318 4901 1371 4966 est
1396 4893 1489 4965 Deus
1515 4901 1647 4977 noster,
1682 4887 1944 4962 Christianorum
1969 4884 2036 4956 Or-

669 5010 910 5087 thodoxorum:
945 5016 1000 5107 qui
1033 5021 1086 5085 est
1119 5033 1199 5107 spes
1231 5018 1347 5083 nostra
1381 5008 1423 5080 ad
1454 5008 1602 5080 ultimum
1628 5027 1732 5101 usqne
1764 5007 1855 5076 vitae
1882 5005 2035 5099 apiriam,
