4525 6034
699 590 776 664 484
1193 585 1551 664 Ltautatn

698 788 767 850 tate
794 778 933 864 animae,
961 779 1145 873 mentisque
1171 774 1339 863 munditie,
1366 773 1548 846 audeamus
1575 776 1734 845 invocare
1760 787 1794 847 te
1811 775 1917 847 Deum
1933 777 2045 848 Patrem

699 894 892 981 coelestem,
920 916 1066 985 oramus,
1093 903 1127 964 et
1153 891 1312 978 dicamus,
1339 889 1440 962 Pater
1466 901 1593 980 noster,
1620 894 1676 986 qui
1702 913 1741 964 es
1766 895 1801 962 in
1827 892 1940 964 coelis.

803 1010 965 1104 Papulas.
1018 1009 1258 1082 Sanctificetur.

803 1127 988 1198 Sacerdos.
1040 1126 1176 1212 Sancte,
1204 1125 1468 1218 sanatorumque
1495 1120 1718 1195 sanctificator
1748 1123 1909 1210 Domine,
1939 1124 2048 1196 custodi

697 1267 760 1318 nos
788 1266 850 1339 per
876 1266 996 1315 nomen
1024 1252 1112 1314 tuum
1141 1252 1302 1327 sanetum,
1330 1249 1364 1311 et
1390 1237 1432 1312 ab
1460 1238 1586 1312 artibus
1613 1249 1762 1328 satanae,
1790 1250 1823 1312 et
1840 1239 1977 1312 liliorum
1994 1262 2049 1311 ne-

699 1384 797 1457 quam
828 1358 934 1431 libera
970 1381 1043 1431 nos.
1096 1359 1287 1431 Praeserva
1321 1362 1421 1429 etiarn
1455 1378 1519 1434 nas
1561 1355 1603 1428 ab
1643 1357 1795 1430 omnibus
1834 1355 2050 1429 tentationibas

699 1476 840 1550 occultis
868 1486 901 1548 et
928 1475 1110 1548 manifestis
1145 1475 1296 1548 omnibns
1330 1473 1447 1547 diebus
1481 1476 1572 1545 vitae
1606 1485 1754 1546 nostrae.
1807 1473 1914 1546 Salva
1939 1495 2053 1567 quoque

698 1616 808 1666 nasa
836 1592 1029 1679 rebellione,
1057 1595 1229 1687 virgisque
1255 1590 1397 1676 furoris,
1425 1600 1459 1662 et
1485 1613 1528 1663 ne
1555 1590 1707 1686 expellas
1741 1613 1804 1663 nos
1831 1614 1851 1661 a
1883 1598 2052 1683 conspectu

699 1722 767 1782 tuo.
820 1707 1037 1782 Ne'inducas
1064 1730 1127 1780 nos
1155 1712 1188 1780 in
1215 1711 1414 1780 tentationes
1441 1709 1672 1799 gravissimas,
1701 1730 1786 1803 quae
1803 1708 2052 1802 superentvires

700 1837 850 1900 nostras:
878 1825 939 1898 sed
965 1824 1071 1898 libera
1099 1848 1162 1898 nos
1189 1849 1209 1897 a
1236 1825 1364 1919 laqueis
1391 1821 1526 1913 diaboti,
1554 1828 1629 1920 quia
1656 1833 1745 1895 tuum
1773 1834 1826 1897 est
1851 1831 2054 1916 regnumet

701 1955 734 2016 tu
762 1966 799 2015 es
826 1942 904 2015 Rex
931 1941 1073 2034 gloriae,
1101 1941 1225 2036 tibique
1251 1941 1381 2013 laudem
1410 1938 1590 2030 offerimus
1617 1952 1680 2013 etc.

805 2059 967 2152 Populus.
1019 2059 1138 2131 Amen.

803 2176 988 2247 Sacerdos.
1041 2174 1125 2247 Pax.

803 2290 965 2384 Populus.
1016 2289 1161 2362 Etcum
1188 2290 1304 2384 spiritu
1331 2299 1397 2362 tuo.

804 2408 993 2479 Diaconos.
1045 2406 1145 2479 Ante.

804 2522 966 2616 Papulae.
1019 2520 1146 2595 Coram
1171 2530 1215 2593 te.

804 2638 989 2710 Sacerdos.
1042 2637 1203 2734 Princeps
1240 2640 1443 2729 viventium,
1485 2649 1753 2735 mortuorumque
1790 2639 1940 2711 Domine
1978 2640 2060 2709 Dens

670 2759 888 2843 miserator,
915 2758 1078 2851 propitius
1105 2764 1203 2845 asto,
1230 2765 1264 2827 et
1290 2757 1451 2827 miserere
1484 2754 1717 2852 peccatoribus
1750 2759 1862 2829 servis
1896 2758 1980 2845 tum,
2013 2754 2058 2848 qui

700 2871 897 2945 inclinantur
924 2894 1039 2944 coram
1074 2875 1249 2965 majestate
1276 2881 1341 2943 tua.
1396 2871 1538 2968 Suscipe
1565 2875 1754 2962 orationes,
1792 2881 1827 2943 et
1852 2894 1978 2968 preces
2000 2892 2057 2941 no-

703 2998 809 3078 stras,
837 2999 870 3060 et
897 2987 1066 3060 sanctifica
1093 3009 1154 3060 nos
1181 3010 1243 3085 per
1269 2998 1383 3060 sancta
1417 2983 1490 3061 tna:
1526 2988 1651 3062 illustra
1684 2992 1906 3081 cogitationes
1941 2998 2058 3060 nostras

701 3107 809 3197 gratia
836 3114 910 3177 tua:
937 3127 1021 3176 orna
1047 3103 1179 3198 linguas
1205 3115 1339 3176 nostras
1365 3107 1507 3178 veritate
1533 3115 1605 3178 tua:
1632 3105 1769 3201 purilica
1787 3108 1913 3177 animas
1941 3115 2059 3176 nostras

700 3241 762 3315 per
789 3219 997 3293 clementiam
1024 3232 1129 3308 taam,
1160 3231 1193 3292 et
1219 3230 1381 3292 converte
1414 3243 1477 3295 aas
1511 3220 1553 3292 ad
1588 3225 1739 3296 timorem
1770 3233 1872 3294 tuum.
1927 3220 2059 3293 Benedic

702 3333 799 3408 nobis
827 3338 979 3410 omnihus
1006 3360 1067 3432 per
1092 3336 1342 3409 benedictiones
1369 3346 1458 3409 tuas:
1487 3337 1653 3410 circumda
1684 3359 1748 3409 nas
1781 3359 1875 3408 muro
1908 3336 1988 3410 lorti
2012 3336 2058 3407 di-

702 3450 855 3528 lectionis
888 3465 976 3526 tuae.
1033 3452 1168 3550 Sparge
1204 3475 1304 3547 super
1336 3475 1399 3524 nos
1430 3476 1542 3554 rorem
1580 3453 1777 3527 clementiae
1814 3464 1909 3525 tuae:
1948 3453 2059 3524 dimitte

702 3567 822 3658 delicta
849 3580 883 3642 et
908 3579 1049 3666 peccata
1076 3580 1204 3656 nostra,
1231 3580 1266 3641 et
1291 3591 1393 3666 parca
1419 3569 1516 3643 nohis
1543 3594 1605 3668 per
1631 3592 1779 3644 amorem
1804 3591 1890 3661 erga
1921 3566 2059 3641 homines

702 3695 801 3757 tuum.
857 3684 1016 3758 Concede
1042 3684 1140 3759 nobis
1165 3687 1307 3757 Domine
1334 3690 1510 3782 petitiones
1537 3697 1691 3779 nostras,
1726 3698 1760 3760 et
1794 3684 1835 3758 ab
1862 3689 1953 3758 omni
1979 3707 2059 3780 apo·

701 3805 805 3874 stasia
832 3804 993 3874 immunes
1018 3824 1082 3875 nos
1110 3801 1219 3875 effice:
1255 3811 1391 3897 praesta
1418 3806 1516 3875 etiam
1542 3814 1579 3876 ut
1603 3827 1686 3902 pme
1712 3816 1747 3877 et
1773 3812 1889 3876 sancte
1915 3824 2058 3875 commn-

572 3962 584 3980 κ
702 3918 851 3990 nicemus
878 3921 1013 4014 corpori
1040 3927 1074 3991 et
1099 3920 1253 4010 sanguini
1280 3922 1440 4012 unigeniti
1465 3919 1541 3992 Filii
1567 3923 1624 4011 tut,
1651 3944 1724 3994 cum
1752 3942 1818 4017 quo
1846 3919 1907 3991 tibi
1933 3917 2060 3991 debetur

703 4032 822 4126 gloria,
849 4033 964 4127 honor,
991 4045 1125 4107 etcum
1152 4034 1276 4130 Spiritu
1302 4044 1358 4107 tuo
1386 4039 1605 4110 sanctissimo.

807 4150 968 4244 Papulas.
1020 4153 1141 4223 Amen.

806 4266 990 4339 Sacerdos.
1043 4269 1128 4340 Pax.

806 4383 968 4476 Papulas.
1020 4383 1164 4455 Etcum
1191 4385 1305 4480 spiritu
1331 4395 1399 4457 tuo.
1495 4451 1506 4475 x

805 4498 992 4571 Diaconos.
1047 4499 1131 4572 Cum
1158 4502 1286 4572 timore.

805 4614 990 4688 Sacerdos.
1043 4615 1235 4689 Benedictio
1262 4616 1328 4689 Dei
1354 4619 1415 4709 sit‚
1441 4627 1505 4720 etc.

805 4731 967 4825 Papulae.
1019 4729 1163 4805 Etcum
1192 4735 1307 4828 spiritu
1333 4743 1400 4807 tuo.

804 4845 988 4919 Sacerdos.
1042 4846 1165 4920 Sancta
1194 4853 1328 4922 sanctis.

805 4962 966 5056 Populea.
1019 4962 1112 5036 Unus
1140 4965 1240 5037 Pater
1267 4974 1410 5039 sanctas.

808 5078 992 5152 Sacerdos.
1045 5078 1311 5154 Glorificationes
1337 5079 1578 5174 indeficientes,
1605 5081 1720 5155 laudea
1747 5080 1954 5156 exaltationis
1975 5077 2050 5151 iali-

1765 5203 1778 5236 Ι
