4525 6034
433 556 483 632 DE
498 552 739 631 COPTlTARUM
749 552 1096 630 ALEXrlllllRlllllllllM
1110 554 1304 631 LITURGIIS.
1383 551 1576 628 LXXXVII

203 765 268 816 non
295 741 448 815 obscuris
473 742 615 831 indiciis,
642 740 813 813 doetrinae
828 740 1047 831 similitudine,
1073 763 1214 832 monam,
1234 742 1396 832 locorum,
1424 753 1458 814 et
1484 742 1574 815 alia-

202 881 272 930 mm
297 882 411 931 rerum
437 861 687 954 comparatione
713 866 885 948 statuatur,
912 880 955 930 an
975 860 1029 928 cui
1055 856 1272 929 attribuantur
1298 860 1509 953 conveniant,
1533 861 1575 933 de

201 977 330 1071 νοθείᾳ
356 987 412 1048 ant
436 972 612 1070 αἰθεντίᾳ
634 973 818 1067 judicatur,
846 996 919 1045 cam
947 972 990 1045 ad
1022 971 1137 1046 Ollicia
1164 995 1261 1046 sacra
1287 984 1413 1046 temere
1440 979 1574 1049 onudno

201 1092 429 1182 adbibuemnt,
456 1114 595 1188 quorum
621 1092 685 1163 alia
712 1093 858 1180 omnino,
885 1113 926 1162 ac
950 1092 1159 1185 privatorum
1178 1092 1376 1184 scriptomm
1399 1094 1484 1164 ratio
1512 1101 1573 1164 est

201 1211 285 1283 Nam
318 1233 364 1281 ex
398 1209 615 1305 quorumdam
649 1211 816 1280 nominum
854 1209 889 1277 in
920 1205 1096 1303 Diptychis
1132 1206 1317 1297 additione,
1356 1230 1402 1278 ex
1432 1206 1574 1281 vocibus

125 1336 137 1365 ·
201 1348 282 1422 quas
308 1329 532 1422 posteriorum
560 1323 784 1399 Conciliomm
817 1322 953 1395 decreta
987 1333 1186 1411 sanxerunt,
1214 1332 1248 1394 et
1273 1324 1346 1395 aliis
1372 1327 1460 1396 notis
1488 1347 1575 1418 quae

200 1446 436 1538 suppositionis
464 1451 497 1514 et
523 1439 734 1536 cormptelae
754 1447 948 1532 argumenta
965 1436 1096 1511 Criticis
1121 1440 1309 1513 firmissima
1320 1440 1467 1533 judicata
1488 1451 1574 1536 sunt,

201 1562 403 1632 contrarium
442 1560 576 1631 omnino
618 1557 764 1629 efficitur.
824 1555 909 1628 llinc
949 1554 1077 1628 sedicet
1111 1555 1286 1630 manifesto
1330 1556 1575 1631 demonstratur

200 1676 371 1768 liturgias
395 1676 470 1747 illas
496 1678 531 1746 in
558 1672 748 1781 quotidiapo
774 1671 1002 1745 Ecclesiamm
1028 1674 1210 1744 ministerio
1245 1683 1420 1769 usurpatas
1455 1672 1573 1764 foisse,

203 1815 268 1887 quo
294 1793 406 1883 major
433 1794 589 1881 omnino,
617 1812 715 1884 quam
741 1811 788 1860 ex
815 1793 939 1861 autoris
967 1791 1204 1884 cujuscumque
1219 1789 1377 1881 dignitate
1390 1790 1454 1863 illis
1473 1811 1574 1861 com-

202 1916 338 2003 paratur
365 1910 535 1981 autoritas.
563 1905 632 1979 Sed
659 1904 744 1976 baec
776 1915 875 1999 atque
908 1905 973 1977 alia
1006 1907 1143 1976 maximi
1177 1909 1334 1978 momenti
1366 1914 1573 1998 argumenta,

204 2048 287 2119 quae
313 2021 459 2096 Graecis
484 2025 718 2095 venustissimis
747 2018 870 2096 Officiis
897 2031 931 2093 et
957 2024 1181 2116 antiquitatem
1209 2031 1243 2093 et
1268 2021 1388 2116 publici
1406 2020 1574 2118 quodam-

203 2138 301 2213 modo
329 2143 535 2213 mouumenti
561 2142 629 2211 vim
657 2149 692 2210 et
717 2136 821 2209 robur
846 2138 1041 2228 conciliant,
1067 2158 1134 2209 non
1152 2140 1234 2209 satis
1251 2137 1484 2212 animadversa
1506 2160 1573 2210 oo-

201 2260 375 2330 casionem
403 2257 554 2330 omnibus
580 2276 688 2350 prope
715 2253 847 2328 Criticis
875 2254 1056 2343 dederuut,
1089 2274 1207 2326 omnes
1239 2253 1328 2327 nulla
1360 2276 1468 2352 prope
1503 2276 1573 2325 ex-

202 2383 321 2470 cepta,
346 2373 516 2466 Litargias
534 2376 621 2444 iuter
636 2373 864 2466 supposititia,
891 2370 949 2443 vel
963 2367 1081 2441 saltem
1095 2370 1341 2464 νενοθευμεια
1361 2374 1484 2467 scripta
1507 2391 1571 2441 re-

201 2489 347 2583 jiciendi.
651 2506 654 2513 ’

308 2607 383 2679 XX.
422 2606 610 2679 interillos
638 2626 724 2700 quae
755 2603 814 2677 tali
840 2624 983 2675 censura
1009 2602 1165 2675 confixae
1192 2612 1287 2695 suut,
1313 2626 1381 2676 non
1403 2612 1572 2700 postrema
1586 2616 1895 2679 anacronismum-

205 2723 260 2795 iuit
285 2746 335 2796 ea
363 2745 447 2818 quae
473 2722 580 2795 Marci
607 2720 809 2817 appellatur,
838 2702 970 2792 Graece
996 2722 1133 2816 priunum
1161 2730 1195 2792 et
1213 2720 1332 2793 Latine
1359 2721 1446 2793 edita
1462 2719 1573 2793 Late·
1586 2704 1877 2775 maurocenorum

204 2843 265 2912 tiae
305 2861 392 2911 anno
419 2839 670 2913 leLXXXllI.
704 2860 724 2909 a
756 2838 885 2909 Joanne
916 2859 936 2907 a
967 2836 1003 2909 S.
1031 2836 1168 2909 Andrea
1195 2834 1366 2911 canonico
1398 2836 1574 2909 Ecclesiae

206 2957 416 3029 Parisieusis.
474 2954 673 3051 Exemplum
710 2976 776 3048 quo
812 2953 854 3025 ad
891 2952 1068 3025 aditionem
1103 2976 1184 3027 usus
1224 2965 1296 3043 est,
1333 2953 1494 3028 babuerat
1531 2950 1572 3023 ab

207 3074 426 3145 cmditissimo
454 3068 623 3143 Cardinali
651 3068 827 3142 Guillelmo
855 3068 995 3160 Sirleto,
1023 3072 1077 3164 qui
1103 3068 1182 3141 illud
1214 3070 1359 3171 describi
1384 3078 1574 3159 curaverat,

121 3241 123 3247 -
207 3212 249 3260 ex
273 3188 407 3263 Codice
432 3197 567 3283 reperto
594 3190 627 3257 in
653 3186 690 3259 B.
722 3186 850 3258 blariae
873 3182 1102 3286 Ὁδηγητρίας
1135 3210 1221 3280 quae
1251 3173 1354 3280 ralgo
1391 3186 1507 3260 dicitur
1532 3185 1574 3256 dc

207 3305 396 3398 inpertire,
424 3306 652 3399 antiquissimo
677 3306 710 3374 in
737 3301 891 3375 Calabria
917 3301 1157 3384 lilonacborum
1175 3302 1211 3375 S.
1226 3301 1341 3377 basilii
1355 3302 1572 3375 Mouasterio.

208 3419 369 3493 Eummm
395 3425 503 3517 ipsum
529 3420 679 3491 codicem
705 3417 817 3491 bonae
841 3429 941 3491 notae
968 3428 1002 3491 et
1026 3423 1211 3512 integrum,
1238 3440 1312 3490 cum
1329 3418 1573 3491 Romaeesse-
1668 3410 1683 3439 ⁹

209 3559 275 3609 mus
307 3560 394 3610 anno
421 3534 573 3609 trucci
600 3536 760 3627 vidimus,
793 3545 827 3606 et
858 3539 1096 3632 percurrimus,
1131 3539 1166 3606 iu
1191 3535 1299 3607 Domo
1325 3535 1573 3628 Religiosorum

210 3654 355 3745 ejusdem
384 3651 537 3743 Ordinis,
571 3652 612 3724 ad
647 3675 744 3747 quam
779 3674 855 3725 cum
886 3651 995 3725 multis
1030 3651 1103 3724 aliis
1134 3651 1348 3724 venerandae
1375 3654 1573 3746 antiquitatis

211 3770 379 3843 codicibus
405 3768 597 3841 translatmu
624 3779 677 3841 est
703 3791 724 3840 e
751 3767 924 3862 Calabria,
951 3779 1050 3863 atqua
1076 3771 1121 3840 ita
1149 3766 1190 3839 ab
1214 3770 1346 3841 interitu
1363 3766 1573 3841 vindicatum.

210 3884 294 3958 Nihil
319 3885 395 3957 huic
420 3885 528 3958 codici
554 3885 695 3975 deesse,
722 3895 877 3980 quantum
904 3884 1090 3959 observare
1114 3887 1297 3981 poadmrm,
1326 3886 1573 3988 imoqinteger-

211 4005 324 4075 rimum
352 4025 430 4075 esse
452 4000 689 4094 judicavimus,
716 4005 867 4096 quamms
892 4002 1020 4074 lacunis
1046 4001 1171 4095 aliquot
1195 4003 1302 4096 prima
1327 3999 1428 4071 editio
1453 3998 1573 4070 delor-

212 4130 297 4191 mata
323 4122 386 4209 sit,
410 4142 456 4190 ex
482 4139 596 4191 eorum
622 4121 677 4213 qai
704 4118 951 4215 descripserunt
975 4117 1043 4189 lovi
1069 4117 1341 4188 hallucinatione:
1372 4119 1437 4189 nisi
1462 4118 1572 4212 potius

212 4236 397 4330 interpretis
423 4237 527 4330 ipsius
553 4256 647 4306 error
672 4232 792 4327 fuerit,
818 4235 894 4306 dum
912 4234 1096 4307 dimidiatas
1116 4236 1315 4324 sententias,
1341 4243 1377 4304 ut
1399 4232 1470 4303 lieri
1488 4231 1574 4305 solet

212 4352 245 4422 in
277 4353 351 4443 ejus
382 4354 517 4443 generis
549 4350 658 4441 libris,
695 4353 770 4446 quia
804 4350 1018 4423 formularum
1051 4352 1294 4422 notissimarum
1324 4352 1413 4420 initia
1449 4357 1571 4420 tantum

214 4464 460 4558 scribebantur,
487 4466 624 4541 lacunas
650 4489 728 4540 esse
754 4469 967 4541 existimavit
1018 4466 1092 4539 Neo
1122 4477 1249 4538 temere
1283 4462 1466 4538 cardinalis
1492 4464 1573 4537 Sir-

213 4577 311 4672 letus,
337 4583 557 4678 Iliorurqiom
580 4584 673 4655 illam
698 4606 788 4672 crae,
821 4607 920 4679 quom
951 4608 976 4655 o
1000 4583 1115 4655 Beato
1139 4582 1261 4655 Marco
1295 4582 1456 4653 traditura
1479 4583 1572 4655 Alc-

34 4716 35 4723 ’
126 4691 132 4709 ’
213 4700 385 4770 caradrion
408 4700 570 4772 Ecclcrm
594 4706 765 4773 amasset
785 4700 965 4793 judicavit,
992 4722 1065 4771 cum
1092 4699 1169 4771 illae
1194 4702 1289 4794 ipsae
1311 4707 1380 4770 tres
1394 4720 1479 4792 quaa
1495 4695 1572 4770 Co-

214 4818 297 4909 ptica
311 4825 346 4887 et
360 4814 506 4890 Arabica
521 4828 596 4892 sunt
613 4820 646 4889 in
664 4817 851 4912 quotidiano
868 4839 930 4891 usu
942 4814 1030 4913 apud
1042 4815 1252 4913 Aegyptios,
1280 4811 1322 4886 ab
1340 4836 1381 4886 ea
1393 4818 1572 4887 mammam

215 4942 340 5025 partem
366 4957 552 5030 expressae
578 4938 662 5007 sint:
689 4945 724 5007 et
749 4932 878 5007 Graeca
903 4944 970 5006 nm
997 4934 1097 5005 certis
1123 4933 1228 5025 signis
1259 4930 1302 5003 ad
1326 4931 1570 5029 Aegyptiacam

216 5042 398 5122 Ecclesiam
423 5049 606 5141 reiciatur,
633 5061 668 5124 ut
693 5050 736 5124 ad
763 5050 901 5124 alteram
926 5051 1092 5148 pertinere
1116 5070 1185 5123 uon
1209 5051 1362 5145 potuerit.
1388 5048 1571 5123 Audiamus
