4525 6034
570 584 623 659 lo
646 583 853 660 LITUROllM
875 581 1068 660 cornelli
1085 583 1116 660 S.
1134 583 1278 660 BASILII.
1367 677 1377 692 .
1539 582 1613 657 201

242 777 372 833 aetatem
399 775 481 831 certa
509 776 576 830 erat
605 775 635 832 et
665 787 763 849 usque
793 770 823 830 in
849 767 1008 849 Hispanias
1038 767 1217 849 pervulgata
1249 767 1383 849 Symboli
1409 768 1564 847 recitatio,
1586 769 1618 833 in

241 869 448 932 Orientalibus
471 867 628 946 Ecclesiis,
651 886 752 949 neque
774 867 895 930 noviter
918 865 1097 929 introducta.
1119 867 1186 929 Non
1210 866 1269 930 alia
1291 867 1384 947 igitur
1406 870 1494 950 origo
1518 886 1618 947 quae-

239 968 335 1030 renda
359 974 406 1031 est
427 969 507 1029 iuter
529 967 635 1049 Syros,
657 966 841 1049 Aegyptios,
864 973 895 1028 et
916 965 991 1029 alios
1015 967 1066 1047 qui
1089 966 1126 1027 ab
1141 964 1279 1028 Ecclesia
1297 975 1505 1043 recesserunt,
1528 987 1617 1049 quam

237 1068 367 1129 incitatio
390 1065 616 1129 consuetudinis
639 1066 884 1138 Ecclesiasticae,
913 1082 1014 1146 neque
1042 1064 1256 1146 postulandum
1285 1070 1318 1125 ut
1347 1064 1521 1147 Symbolum
1549 1085 1617 1131 cum

239 1164 395 1229 additione
409 1167 582 1242 recitarent,
605 1183 684 1245 quae
709 1164 787 1227 lacta
809 1162 940 1226 nondum
965 1163 1073 1241 iuerat,
1097 1182 1164 1226 cum
1193 1172 1226 1226 nt
1248 1180 1353 1227 omnes
1377 1174 1562 1249 agnoscunt,
1584 1168 1616 1229 iu

237 1264 386 1344 Hispania
408 1267 545 1346 coeperit
566 1263 859 1327 Priscillianistarum
882 1281 985 1338 causa,
1007 1270 1038 1325 ct
1059 1281 1120 1326 non
1142 1263 1202 1327 nisi
1223 1269 1294 1344 post
1307 1263 1421 1345 aliquot
1440 1265 1562 1329 saecula
1585 1267 1616 1328 in

236 1362 404 1426 Romanam
425 1363 593 1427 Ecclesiam
616 1362 737 1426 inducta
757 1362 859 1439 luerit.

736 1649 858 1721 Oratio
886 1648 992 1721 osculi
1015 1650 1125 1741 pacis.

329 1841 480 1920 Oscnuun
502 1863 655 1931 sanctum,
678 1853 759 1935 quod
783 1873 823 1917 ex
845 1852 1048 1916 vetustissima
1068 1852 1273 1916 Ecclesiarum
1299 1852 1518 1917 consuetudine
1541 1854 1615 1920 dare

237 1959 372 2020 invicem
393 1954 556 2018 Christiani
578 1956 657 2017 inter
685 1972 773 2017 sacra
795 1952 912 2029 solent,
934 1938 1132 2031 Ἀσπασμός
1161 1952 1242 2034 apud
1268 1951 1402 2014 Graecos
1432 1954 1613 2036 appellatur,

238 2074 327 2136 marn
369 2072 476 2116 vocem
510 2053 660 2135 Coptitae,
696 2052 888 2133 Atabesque,
922 2059 955 2114 nt
988 2059 1018 2113 et
1040 2050 1147 2115 multas
1176 2053 1249 2114 alias
1278 2051 1483 2115 retinuerunt:
1512 2055 1614 2136 itaque

237 2154 342 2217 tibulus
367 2155 454 2216 istius
478 2152 629 2215 Orationis
652 2153 752 2215 estin
782 2170 888 2214 eorum
917 2150 1140 2231 exemplaribus
1163 2141 1463 2234 οουευχηνπασμός.
1507 2152 1615 2234 Neque

237 2255 337 2317 solum
363 2273 400 2316 ea
423 2261 549 2316 utuntur
570 2250 690 2333 quando
713 2251 839 2333 Coptice
861 2251 1013 2328 scribunt,
1043 2249 1099 2313 sed
1122 2252 1211 2314 etiam
1241 2250 1382 2313 Arabica.
1427 2250 1459 2314 ln
1482 2251 1615 2316 Historia

238 2351 436 2417 Patriarcbali
458 2350 498 2413 ad
520 2369 629 2415 annum
651 2351 817 2432 Martyrum
839 2349 1053 2413 cccxxxttt.
1084 2351 1206 2430 quondo
1228 2348 1329 2428 adfuit
1357 2358 1472 2432 tempus
1502 2339 1615 2417 α’σπα-

240 2450 326 2532 apoc
349 2453 412 2515 hoc
439 2459 487 2513 est
509 2451 603 2531 pacis.
649 2450 765 2531 Nempe
796 2468 862 2512 eam
904 2450 1095 2512 retinuerunt
1135 2468 1174 2511 ex
1212 2449 1341 2512 Paulinis
1379 2449 1523 2531 Epistolis
1565 2453 1617 2516 ubi

239 2571 299 2616 non
332 2551 430 2615 semel
464 2552 596 2614 occurrit
628 2535 849 2625 ’Λσπᾶζεσθε
885 2535 1060 2633 ἀλλήλους,
1088 2541 1122 2611 ἐν
1152 2535 1316 2634 φιλήματι
1352 2539 1450 2632 ἁγίῳ,
1486 2553 1615 2616 εαλιέαλε

237 2655 370 2715 invicem
400 2654 433 2713 in
470 2651 574 2713 occulo
608 2658 725 2713 sancta.
771 2650 804 2712 ln
838 2649 971 2730 Syriacis
1002 2648 1146 2731 liturgiis
1184 2647 1256 2710 Pac
1294 2654 1407 2710 tanturm
1445 2649 1615 2730 appellatur

240 2771 349 2832 nempe
379 2732 489 2827 nnbat,
512 2748 644 2812 Arabice
662 2732 742 2828 ribo,
766 2748 873 2812 eodem
895 2766 998 2823 sensu,
1020 2757 1054 2811 ut
1076 2749 1165 2811 etiam
1188 2746 1269 2830 apud
1289 2766 1357 2812 nos.
1394 2747 1479 2812 Ritus
1503 2750 1553 2813 ille
1576 2750 1613 2814 ab

240 2852 380 2914 omnibus
407 2849 554 2912 Ecclesiis
582 2850 744 2911 retinetur:
779 2868 846 2912 curn
876 2848 975 2929 aliqua
997 2847 1183 2911 differentia:
1213 2866 1281 2909 nam
1308 2847 1415 2911 Latino
1444 2849 1504 2913 ritu
1526 2850 1615 2932 juxta

239 2951 319 3013 illam
342 2949 512 3012 Innocentii
533 2946 582 3010 tlt.
605 2948 784 3010 sententiam
804 2946 861 3028 Ep.
884 2947 906 3011 l.
929 2966 998 3008 cum
1015 2954 1089 3026 port
1108 2948 1212 3008 omniu
1233 2965 1311 3026 qaae
1332 2948 1454 3027 aperire
1474 2967 1536 3010 non
1557 2950 1615 3010 de-

240 3050 304 3127 beo,
331 3050 438 3131 inquit,
461 3047 519 3110 boc
541 3055 588 3110 est
610 3055 680 3128 post
703 3049 912 3127 mysterionnn
930 3047 1191 3109 consecrationem
1209 3063 1278 3124 pcc
1301 3047 1342 3107 ait
1362 3048 1538 3109 necessario
1564 3050 1615 3109 in-

240 3150 383 3212 dicendo.
421 3148 562 3211 Attamen
586 3147 675 3208 etiarn
696 3147 776 3208 inter
796 3144 937 3224 Latinos,
967 3145 1186 3209 Ambrosianus
1217 3153 1249 3207 et
1280 3143 1489 3208 Mozarabicus
1518 3144 1613 3227 Ritus,

240 3248 380 3312 oscurlum
401 3248 485 3329 pacis
507 3254 577 3310 ante
600 3246 859 3308 consecrationem
881 3246 1102 3325 praescribunt.
1125 3245 1204 3307 Nota
1225 3252 1297 3306 sunt
1316 3263 1395 3325 quae
1417 3246 1447 3307 in
1471 3243 1614 3307 Clemen-

241 3351 310 3411 tinis
336 3330 606 3411 constitutionibus
629 3352 795 3408 occurrunt
816 3344 855 3407 de
878 3346 1001 3424 antiqno
1023 3344 1076 3408 illo
1098 3346 1158 3407 ritu
1185 3344 1205 3409 l.
1229 3345 1260 3408 8.
1290 3363 1317 3408 c.
1351 3343 1401 3407 ll.
1431 3354 1462 3407 et
1490 3341 1616 3407 Concilii

240 3445 406 3510 Laodiceni
427 3465 493 3509 can.
519 3444 568 3508 19,
599 3453 633 3507 ut
659 3453 723 3507 tres
744 3464 765 3507 a
784 3444 923 3524 fidelibus
944 3447 1099 3507 oratioues
1124 3446 1225 3523 fiunt,
1241 3445 1347 3523 prima
1374 3445 1506 3522 silentio,
1537 3447 1616 3507 duce

242 3548 324 3607 eluto
345 3564 437 3620 occe,
469 3553 530 3606 brar
553 3563 622 3623 pce
650 3545 745 3606 detur.
776 3544 823 3606 Ex
846 3544 975 3625 antiquis
1003 3543 1061 3607 illis
1091 3545 1291 3607 monumentis
1319 3547 1413 3626 petita
1440 3553 1511 3608 sunt
1537 3564 1616 3626 quae

242 3644 332 3708 habet
355 3643 540 3706 Ebnassalus
564 3644 595 3704 in
618 3642 806 3706 Collectione
830 3642 985 3707 Canontun
1007 3663 1074 3725 cap.
1100 3641 1439 3707 ravanensium
1460 3645 1616 3725 cumEpi-

242 3763 334 3824 acopo
358 3746 431 3818 (out
457 3743 642 3814 Sacerdote)
671 3744 715 3804 ud
740 3745 955 3819 ministeriam,
983 3744 1081 3805 edicet
1104 3742 1205 3824 plebi,
1235 3750 1269 3804 ut
1293 3743 1392 3807 nouas
1421 3746 1500 3807 inter
1524 3764 1559 3807 ac
1588 3752 1619 3808 et

240 3841 370 3919 fratrem
391 3861 478 3903 suurn
499 3843 600 3904 dolonn
621 3849 676 3903 nat
695 3842 870 3924 hypocrisin
889 3842 1012 3922 foveat.-
1035 3850 1097 3905 tam
1118 3844 1225 3905 ciriae
1242 3844 1370 3906 invicem
1383 3845 1615 3909 annitebantur:

242 3944 383 4004 mulieres
403 3960 479 4003 cero
501 3941 582 4002 obas
602 3942 745 4003 molimen
766 3942 991 4018 osculabimur,
1012 3962 1069 4004 aec
1090 3944 1151 4004 iltis
1164 3944 1368 4006 ciricsceatum
1389 3943 1513 4006 άαὸλοιλ.
1534 3944 1615 4007 ldem

242 4040 427 4121 praescribit
448 4038 627 4103 Abulbircat
647 4041 678 4102 in
699 4040 898 4122 Expositione
920 4041 1085 4123 Liturgiae,
1109 4041 1232 4105 Gabriel
1250 4042 1421 4106 Patriarcba
1444 4049 1474 4104 et
1496 4042 1546 4105 alii
1569 4043 1615 4104 ri-

244 4147 324 4201 tuum
348 4141 543 4220 interpretes.
565 4138 641 4202 lllud
665 4140 753 4202 etiam
768 4157 829 4205 non
840 4140 1095 4222 praetereundum
1118 4149 1175 4219 est,
1199 4141 1332 4222 quodex
1355 4143 1537 4222 antiquitatis
1555 4160 1614 4204 ve·

243 4240 413 4315 neratione,
434 4237 587 4303 Diaconos
610 4239 746 4301 osculum
768 4240 852 4319 pacis
876 4239 1080 4316 denuncians,
1106 4240 1204 4304 adbuc
1226 4241 1371 4322 populum
1394 4240 1511 4303 Graece
1534 4241 1615 4303 allo-

243 4338 343 4417 quitur
356 4337 477 4399 dicem:
495 4323 713 4414 Ἀσπάζεσθε
726 4325 901 4423 ἀλλήλους,
913 4332 947 4401 ἐν
965 4326 1129 4426 φιλήματι
1143 4330 1240 4424 o‘yiqr:
1265 4359 1342 4422 quae
1359 4340 1453 4403 vcrba
1471 4340 1615 4422 leguntur

244 4435 321 4516 apud
350 4436 542 4514 Abulbircat,
572 4445 605 4499 ut
630 4437 709 4500 alibi.
739 4436 795 4501 Ubi
829 4446 928 4502 umen
956 4439 1179 4503 observandum
1206 4447 1254 4504 est
1283 4441 1430 4504 Graecum
1460 4439 1616 4522 exemplar

245 4534 354 4598 editum
376 4534 533 4618 Liturgiae
559 4537 597 4601 b.
620 4536 732 4616 llarci,
756 4537 813 4600 hoc
835 4538 903 4601 loco
925 4541 1162 4621 transpositione
1190 4540 1339 4603 turbatum
1362 4558 1446 4603 esse:
1477 4542 1615 4620 sequitur

244 4633 354 4714 quippe
376 4633 515 4697 osculum
537 4637 632 4717 pacis,
655 4636 759 4699 Oratio
786 4632 1006 4724 Προθέσεως,
1035 4639 1074 4701 de
1100 4656 1161 4721 qua
1189 4640 1274 4703 initio
1303 4638 1439 4705 diximus.
1484 4642 1525 4703 At
1547 4640 1615 4721 ejus

243 4748 352 4797 sensus
375 4741 406 4795 et
428 4733 523 4796 verba
544 4737 618 4798 satis
640 4734 813 4815 ostendunt,
836 4756 901 4800 eam
924 4755 986 4801 non
1006 4755 1063 4801 suo
1087 4738 1156 4802 loco
1179 4741 1400 4820 essepositam‚
1422 4739 1478 4803 sed
1493 4738 1532 4803 ad
1553 4740 1615 4802 ini·

244 4831 314 4893 tium
335 4831 491 4914 liturgiae
513 4833 729 4898 revocandam:
753 4854 853 4918 neque
874 4837 971 4901 mnus
994 4837 1131 4901 turbatus
1162 4838 1238 4901 crdo
1260 4837 1396 4917 videtur,
1426 4836 1495 4901 dum
1523 4839 1614 4922 Sym·
1664 4892 1666 4895 .

244 4928 344 4993 bolum
365 4933 396 4994 in
419 4930 526 4996 eadem
547 4933 653 5011 llarci,
675 4934 782 4998 osculo
811 4936 895 5016 pacis
924 4938 1134 5019 subjungitur:
1162 4938 1222 5001 nisi
1251 4937 1328 5002 baec
1357 4939 1535 5021 disciplinae
1565 4938 1615 5002 di·

245 5031 370 5093 versitas
394 5031 493 5096 locum
515 5033 675 5115 aliquando
693 5033 773 5117 apud
796 5034 930 5102 Graecos
952 5037 1178 5103 Alexandrinos
1199 5035 1350 5119 babuerit,
1372 5039 1411 5102 de
1433 5057 1492 5123 qua
1515 5045 1615 5103 tamen
