4525 6034
541 607 593 681 tu
615 604 823 681 tumultu
845 601 1039 680 cornelli
1056 603 1087 679 S.
1105 601 1249 679 BASILH.
1414 597 1419 604 ’
1512 602 1584 675 tot

209 809 319 871 por-rra
341 798 374 851 et
394 791 554 870 spiritum
575 797 765 867 aedronem,
789 796 819 850 et
839 789 1110 865 commertiorum,
1131 805 1189 864 per
1208 787 1299 864 fidem
1324 787 1358 849 in
1378 803 1487 848 saner
1508 794 1589 848 tuam

212 896 368 966 marm,
391 890 434 950 ad
455 895 621 950 cetam
642 905 735 968 usque
756 889 838 950 uitae
859 888 1007 967 apiriam
1028 884 1134 947 Amen.
1166 882 1277 967 Colligi
1291 884 1400 947 multae
1423 884 1588 964 aliaepos-

211 995 282 1049 sunt
304 1005 346 1049 ex
367 986 453 1052 libtis
475 986 715 1064 Ecclesiasticis,
740 1004 840 1065 neque
862 987 942 1048 enirn
963 986 1087 1047 istarum
1114 982 1283 1047 orationum
1313 991 1345 1047 et
1375 1000 1480 1046 earum
1509 1001 1588 1063 quae

210 1085 242 1147 in
262 1084 402 1167 Liturgia
425 1085 673 1165 praescribuntur
694 1086 771 1148 ratio
794 1091 841 1147 cst
863 1101 991 1165 prorsus
1019 1083 1141 1146 eadem:
1169 1083 1235 1144 istis
1259 1082 1372 1145 addere
1400 1087 1452 1143 aut
1481 1082 1588 1145 detra-

210 1182 285 1246 ltere
307 1183 383 1245 nibil
405 1182 491 1246 licet:
514 1185 545 1246 in
568 1184 634 1246 aliis
657 1201 735 1264 quae
758 1182 899 1246 dicuntur
920 1181 958 1244 ad
980 1180 1110 1258 libitum,
1141 1188 1174 1244 ut
1203 1180 1354 1244 Rubricae
1381 1187 1505 1243 nostrae
1537 1182 1588 1243 lo-

211 1290 362 1362 quuntur,
386 1291 438 1344 aut
460 1300 538 1362 quae
561 1284 700 1365 privatim
722 1284 802 1345 iuter
824 1283 1081 1344 caeremoniarum
1104 1280 1588 1344 intervallarecitantnrasacer-

210 1380 351 1458 dotibus,
375 1389 427 1445 aut
449 1401 466 1444 a
489 1381 605 1459 Laicis,
627 1382 701 1443 alias
724 1380 892 1462 adjungere
915 1398 1036 1459 semper
1065 1380 1159 1443 licuit.
1204 1379 1305 1459 ltaque
1335 1378 1445 1441 multae
1473 1378 1587 1440 similes

210 1489 378 1543 mcurrunt
400 1480 439 1544 ad
461 1483 715 1558 communionem,
737 1489 769 1544 et
792 1481 828 1543 ad
851 1480 1015 1561 gratiarum
1039 1480 1202 1557 actionem,
1232 1496 1294 1541 non
1322 1479 1369 1540 in·
1384 1476 1587 1541 Orientalibus

209 1580 317 1658 modo,
343 1580 399 1642 sed
421 1581 453 1642 in
476 1580 601 1643 Graecis
624 1598 745 1662 queque
767 1579 869 1656 libris,
893 1597 971 1658 quac
993 1597 1098 1640 omnes
1110 1578 1225 1640 realem
1236 1575 1437 1659 praesentiam
1452 1575 1493 1638 ita
1510 1592 1588 1638 con-

209 1678 347 1756 firmant,
370 1685 405 1741 ut
426 1679 479 1741 rix
500 1678 562 1741 ulla
585 1680 624 1742 sit
645 1697 724 1760 quae
747 1676 785 1740 ad
807 1695 873 1741 eam
896 1676 1104 1740 stabiliendam
1126 1681 1305 1759 arguments
1335 1676 1496 1756 perspicua
1526 1690 1586 1735 non

209 1778 398 1859 suppeditet

666 2037 932 2109 Comnmnicabit
957 2036 1143 2108 Sacerdos.
1635 2053 1664 2106 Ρ.
1683 2055 1726 2106 at.
1744 2056 1760 2107 t
1779 2058 1804 2109 s.

309 2245 363 2323 Da
386 2256 595 2319 communione
618 2255 792 2319 Sacerdotis
815 2257 886 2320 nihil
909 2256 1063 2338 singulare
1086 2254 1308 2319 observandum
1331 2254 1473 2333 occurrit,
1497 2254 1587 2316 nibil·
1641 2260 1832 2315 Communium
1856 2262 1912 2314 dtr-

209 2380 269 2443 que
292 2358 505 2442 praescribunt
527 2356 669 2418 mabricae
692 2356 830 2419 codicum
853 2357 1070 2434 recentiorum,
1095 2363 1234 2435 tanquam
1257 2355 1373 2417 scilieet
1399 2355 1431 2416 in
1453 2355 1513 2417 ritu
1536 2356 1586 2435 qui
1601 2346 1753 2399 tribuendae
1772 2351 1841 2401 ritus.

208 2461 348 2526 onmem
371 2458 445 2520 satis
466 2465 556 2519 notus
579 2474 650 2519 esse
672 2455 773 2519 debet.
819 2453 941 2517 Gabriel
968 2455 1018 2536 qui
1047 2454 1128 2517 illum
1156 2455 1325 2517 accuratius
1353 2454 1515 2532 describit,
1545 2456 1586 2516 ait

209 2560 409 2628 Sacerdotem
430 2574 542 2637 cerpus
565 2563 703 2619 sanctum
725 2554 869 2631 osculari,
892 2563 954 2617 tum
976 2553 1049 2616 illud
1070 2573 1204 2632 sumere,
1227 2570 1359 2634 moxque
1373 2553 1489 2616 discum
1508 2572 1589 2635 ope·

206 2663 289 2738 rire,
313 2677 422 2740 nempe
445 2675 486 2719 ex
508 2657 681 2719 reverentia
703 2655 903 2732 sacramenti,
927 2673 966 2716 ne
989 2654 1157 2735 particulae
1179 2655 1211 2716 in
1224 2670 1263 2716 eo
1280 2660 1482 2730 remanentes,
1506 2671 1584 2734 quae

207 2757 436 2822 &subuendae
467 2762 537 2817 sunt
566 2755 603 2818 ad
631 2754 759 2818 aliorum
796 2755 1052 2829 communionem,
1082 2753 1178 2817 oculis
1208 2753 1366 2835 expositae
1395 2754 1463 2816 sint.
1509 2754 1585 2817 Turn

206 2859 374 2940 praecipit,
396 2863 429 2917 ut
452 2854 604 2919 Sacerdos
631 2854 757 2918 calicem
787 2853 925 2937 detegat,
955 2855 1006 2935 qui
1034 2854 1104 2917 velo
1135 2872 1258 2935 quoque
1286 2872 1343 2916 suo
1373 2861 1499 2935 opertus
1528 2859 1587 2927 est,

207 2966 305 3021 etex
327 2972 365 3019 eo
388 2955 566 3038 sanguinem
589 2952 700 3036 Christi
722 2954 821 3032 bibat,
843 2953 985 3036 mappula
997 2953 1119 3028 deinde,
1141 2970 1230 3034 mam
1244 2954 1365 3016 sinistra
1388 2959 1587 3027 manutenet,

209 3074 243 3121 ee
267 3055 442 3137 abstergat,
464 3062 496 3116 et
518 3071 603 3117 oram
625 3054 745 3130 calicis,
768 3073 827 3136 qua
848 3061 936 3136 parte
957 3052 1043 3114 bibit.
1088 3051 1297 3116 Communioni
1328 3050 1501 3116 Sacerdotis
1531 3068 1587 3112 re·

209 3162 354 3219 servatur
374 3152 523 3235 particula
545 3153 594 3216 illa
616 3155 713 3234 major
734 3152 897 3216 lsbodicon
918 3152 1016 3226 dicta,
1038 3170 1095 3214 seu
1118 3151 1215 3215 media
1238 3151 1315 3214 illius
1338 3168 1428 3233 pers,
1458 3168 1499 3211 ex
1529 3166 1590 3229 qua

209 3255 409 3337 consignatus
432 3253 487 3315 luit
509 3253 605 3331 calix,
639 3259 733 3316 etex
755 3270 814 3333 qua
836 3252 935 3315 minor
957 3251 1215 3332 particula·quam
1244 3239 1446 3331 morpcritam
1474 3253 1587 3309 vocant

208 3353 366 3429 mma,
388 3354 503 3415 immitti
524 3354 555 3414 in
577 3351 701 3415 calicem
719 3351 862 3432 jubetur,
885 3353 915 3413 in
938 3351 1091 3431 excerptis
1115 3369 1156 3413 ex
1179 3348 1320 3412 Gabriele
1344 3354 1375 3411 et
1402 3346 1486 3422 eliis,
1509 3363 1588 3426 quae

209 3452 339 3515 anobis
363 3451 459 3515 relata
482 3460 562 3516 sunt.
608 3450 683 3514 Cum
705 3458 804 3513 autem
821 3450 941 3514 oblatae
972 3451 1103 3532 majores
1125 3450 1186 3512 sint
1207 3451 1238 3511 in
1254 3447 1379 3511 Oriente
1400 3464 1489 3527 quam
1508 3443 1589 3524 apud

209 3568 266 3614 nos
289 3551 426 3627 soleant,
449 3568 615 3631 omnesque
638 3548 732 3632 vulgo
755 3569 795 3612 ex
816 3567 876 3612 una
899 3556 929 3611 et
951 3549 1056 3613 eadem
1080 3550 1311 3623 communicent,
1334 3546 1385 3608 illu
1408 3563 1479 3626 pers
1503 3543 1589 3624 quasi

209 3650 376 3732 praecipua
399 3651 475 3726 (etsi
497 3649 578 3713 nulla
601 3650 639 3711 sit
662 3648 823 3711 diversitas
845 3650 925 3711 inter
954 3667 1021 3711 eam
1048 3656 1080 3711 et
1108 3648 1199 3725 alies,
1230 3662 1397 3726 omnesque
1426 3642 1589 3706 credantur

210 3747 382 3830 aequaliter
416 3767 486 3811 esse
520 3766 631 3830 corpus
666 3746 794 3822 Christi]
829 3755 1005 3824 reservatur
1033 3747 1070 3810 ad
1101 3746 1326 3828 consignandos
1360 3742 1435 3806 alies
1465 3742 1589 3816 calices,

211 3851 240 3912 in
264 3848 376 3930 quibus
399 3850 567 3912 commuuio
589 3846 794 3925 distribuitur,
818 3854 849 3909 et
871 3846 909 3909 ad
928 3846 1134 3927 praebendum
1151 3843 1381 3919 Sacerdotibus,
1405 3841 1508 3917 Clero,
1530 3839 1588 3902 ali-

210 3949 300 4030 isque
331 3947 530 4031 dignioribus.
573 3945 645 4010 blox
674 3945 797 4010 Gabriel
823 3948 865 4009 ita
892 3948 1098 4028 prosequitur.
1143 3945 1299 4007 Sacerdm
1327 3942 1467 4003 Diacoao
1496 3940 1590 4001 minr'-

210 4049 325 4110 mane
345 4048 582 4109 communiones
603 4048 748 4126 impertit,
770 4054 802 4108 et
821 4048 851 4108 si
868 4047 1045 4125 provectior
1066 4043 1298 4122 demulserit,
1328 4043 1385 4103 dat
1404 4042 1439 4114 ei
1454 4039 1590 4111 calicem,

211 4147 360 4226 amamus
381 4146 522 4208 cocblear
544 4164 565 4207 a
586 4146 682 4207 tatem
704 4147 886 4225 adjuncbom
932 4143 1296 4223 lbmaccipitllracorms
1318 4141 1454 4216 calicern,
1477 4137 1592 4218 elidad

212 4243 406 4323 cirmmfmt,
428 4245 600 4324 accipiendo
621 4262 643 4306 o
664 4245 760 4306 latere
781 4244 921 4319 emboli,
939 4243 1137 4322 proceditque
1159 4259 1312 4303 corameo
1334 4239 1412 4300 alter
1424 4237 1591 4308 Diaconos,

212 4363 336 4407 weron
357 4361 519 4405 occasum
536 4343 740 4423 praetem
770 4351 944 4424 maeretque
970 4343 1126 4403 meristeos
1153 4341 1263 4401 attans
1283 4357 1387 4400 omnes
1408 4334 1483 4396 illud
1508 4332 1591 4394 adol-

213 4463 308 4519 rare,
339 4444 443 4521 capita
470 4443 666 4518 inelimata,
693 4442 790 4503 mc
817 4444 849 4504 in
876 4443 970 4504 latere
997 4441 1113 4503 boreali
1139 4439 1315 4502 emutiterit.
1361 4435 1441 4496 lianc
1468 4432 1593 4509 incipiet

212 4541 371 4603 Sacerdos
396 4559 633 4602 commemorem
649 4540 800 4619 praebere
815 4542 963 4602 micabis
983 4539 1142 4647 morioris
1164 4538 1292 4612 ordinas,
1315 4542 1344 4597 et
1358 4534 1483 4611 intinpet
1495 4530 1590 4609 ipsis:

211 4657 348 4720 mamae
370 4658 475 4701 eorum
496 4639 625 4700 adstans
646 4658 714 4702 eam
735 4640 895 4719 mappula,
918 4657 977 4701 ora
1006 4633 1112 4701 cordos
1139 4636 1293 4716 absterpet
1314 4639 1475 4715 postquam
1504 4646 1607 4699 conr-

212 4740 444 4800 nrraicaoemiat.
488 4736 656 4816 dlajoribua
677 4745 778 4800 amem
799 4758 853 4800 sea
870 4739 967 4817 prium
988 4738 1105 4800 ordinis
1132 4735 1298 4808 samoe,
1325 4729 1479 4793 Sacerdos
1507 4725 1595 4787 dabit

213 4854 345 4916 carpam
367 4835 524 4898 Diacoarrs
541 4836 702 4916 praebebit
723 4855 898 4918 sanpomem
920 4856 988 4898 cunr
1009 4834 1171 4898 cocbleari.

302 4933 435 5015 Nempe,
458 4942 490 4997 ut
513 4953 553 4997 ex
576 4952 614 4997 ec
637 4934 705 4998 loco
727 4935 887 5016 multisque
912 4935 978 4998 eliis
1000 4932 1190 4997 manifestum
1213 4937 1277 5005 est,
1311 4926 1478 4992 communio
1510 4922 1590 5004 apud
1640 4936 1704 4990 tres
1718 4935 1900 4991 dissertatum
2035 4954 2041 4967 ·

214 5031 387 5095 Orientalcs
409 5032 505 5096 tribus
527 5034 624 5097 modis
647 5034 851 5111 distribuitur,
874 5038 914 5098 ita
937 5033 1089 5113 utnulla,
1113 5037 1255 5113 quantum
1277 5027 1315 5092 ad
1333 5024 1518 5091 Sacramentl
1540 5022 1591 5085 le-

1293 5141 1383 5217 te*
