4525 6034
581 599 813 678 Dttuudlu
852 598 1193 678 APOSTOLORUM.
1503 600 1576 675 173

214 796 385 875 rectorum,
411 789 638 861 Diaconorum
653 809 821 884 ‚purorum
849 797 883 860 et
900 785 1197 860 Subdiaconorum.
1222 784 1402 875 Memento,
1420 788 1576 876 Domine,

212 903 319 998 populi
344 907 408 993 tui,
444 908 626 1001 praecipue
651 903 780 976 illorum
809 908 864 999 qui
891 904 1080 978 obtulerunt
1105 901 1164 974 tihi
1191 901 1377 975 oblationes
1409 906 1509 993 istas,
1545 912 1579 974 et

210 1041 306 1114 parce
332 1024 589 1113 congregationi
614 1023 687 1108 isti,
715 1042 802 1116 quae
828 1043 942 1093 eoram
970 1029 1004 1091 te
1030 1018 1172 1104 collecta
1198 1028 1260 1090 est.

309 1136 459 1209 Edeoanc
484 1157 611 1207 ccccm,
663 1135 708 1208 Ut
734 1145 918 1231 perpetuo,
944 1140 1137 1230 incorrupte
1162 1138 1280 1207 vivant
1307 1157 1421 1207 coram
1453 1145 1508 1221 to,
1544 1145 1578 1206 et

207 1263 443 1348 praeparentur
476 1252 519 1324 ad
544 1251 633 1324 hona
661 1275 747 1347 quac
775 1275 793 1323 a
822 1262 855 1323 te
881 1252 945 1326 illis
972 1255 1137 1349 promissa
1165 1262 1257 1338 sunt,
1292 1275 1353 1351 per
1378 1255 1576 1325 misericor-

208 1368 290 1440 diam
309 1391 393 1461 erga
412 1368 508 1442 illos:
535 1379 609 1441 esto
632 1367 696 1441 illis
715 1373 890 1464 propitius,
917 1380 1072 1465 tanquam
1095 1366 1256 1440 Dominus
1275 1367 1383 1441 honus
1399 1378 1432 1440 et
1453 1368 1576 1442 multae

210 1489 358 1577 gratiae:
385 1483 637 1580 referemusque
663 1484 722 1557 tihi
749 1483 912 1576 gloriam,
939 1496 1003 1562 etc.

306 1600 504 1673 inclinatur.
533 1600 716 1684 Memento,
742 1601 896 1690 Domine,
923 1600 1055 1695 Regum
1081 1600 1225 1674 fidelium
1251 1605 1306 1696 qui
1332 1599 1471 1673 henelici
1499 1612 1576 1675 sunt

206 1717 326 1812 populo
354 1727 424 1802 tuo,
451 1728 485 1788 et
511 1718 692 1789 clementes
720 1727 795 1790 sunt
821 1740 905 1809 erga
932 1740 1019 1791 oves
1046 1717 1213 1790 redemtas
1240 1721 1403 1811 sanguina
1421 1728 1488 1790 tuo.
1521 1720 1574 1792 Da

206 1831 268 1904 illis
293 1832 516 1906 fortitudinem
545 1856 631 1928 quae
657 1856 678 1904 a
703 1844 737 1905 te
764 1843 827 1921 est,
854 1857 964 1931 neque
990 1843 1188 1930 superentur
1214 1833 1256 1906 ah
1284 1837 1424 1906 inimicis
1451 1837 1530 1907 suis.

307 1950 459 2021 Eleccuc
483 1971 608 2021 nocem.
661 1949 705 2021 Et
729 1949 883 2042 Angelos
910 1961 985 2024 tuos
1019 1958 1154 2023 sanctos
1193 1952 1304 2037 mitte,
1336 1949 1497 2041 Domine,
1532 1951 1576 2023 ad

206 2064 363 2137 auxilium
389 2087 520 2137 eorum:
547 2065 652 2138 libera
680 2068 779 2138 ctiam
806 2088 867 2138 eos
894 2091 914 2138 a
942 2067 1019 2139 dolo
1047 2068 1221 2162 tyrannico
1254 2076 1288 2137 et
1315 2089 1334 2137 a
1361 2066 1468 2138 Belial
1495 2072 1574 2164 spi-

205 2180 326 2272 rituali,
352 2192 388 2252 ut
413 2193 672 2278 praeserventur
699 2180 740 2253 ab
767 2182 892 2254 insidiis
919 2193 953 2254 ct
979 2180 1272 2253 machinationibus
1288 2180 1430 2253 hostiurn
1444 2183 1574 2255 Eccle-

207 2300 276 2369 siae
303 2309 380 2369 tuae
405 2297 530 2370 fidelis:
564 2310 599 2370 ut
625 2301 658 2369 in
684 2298 933 2393 tranquillitate,
966 2321 1050 2394 pace
1082 2309 1115 2371 et
1149 2296 1329 2370 concordia
1363 2297 1521 2372 studiose'
1539 2311 1575 2373 et

206 2423 467 2509 perseveranter
493 2413 676 2487 referamus
703 2414 762 2487 tihi
788 2414 949 2506 gloriam,
976 2426 1038 2487 etc.

306 2535 495 2622 Memento,
529 2536 689 2623 Domine,
730 2546 764 2607 et
798 2534 928 2607 illorum
963 2534 1018 2626 qui
1051 2555 1071 2601 a
1105 2527 1242 2602 saeculo
1274 2527 1332 2600 tihi
1370 2528 1576 2624 placuerunt,

204 2654 389 2747 praecipue
416 2659 563 2739 sanctae,
589 2651 779 2743 gloriosae,
809 2655 942 2746 s'emper
966 2646 1115 2739 Virginis
1143 2644 1320 2716 Genitricis
1346 2645 1411 2717 Dei
1435 2646 1577 2741 Mariae,

203 2767 346 2840 loannis
372 2767 562 2863 Baptistae,
597 2766 757 2863 Stephani
787 2768 944 2863 principis
976 2764 1203 2836 Diaconorum
1236 2770 1269 2833 ct
1301 2768 1577 2859 protomartyris3
1693 2839 1707 2852 .

205 2907 278 2956 cum
315 2883 451 2978 reliquis
486 2882 683 2978 ProphetiS,
718 2882 960 2978 Apostolisqua
993 2883 1135 2965 sanctis,
1169 2887 1203 2950 et
1240 2877 1388 2972 patribus
1420 2881 1485 2975 piis
1520 2885 1577 2976 qui

204 2998 367 3073 obierunt.
407 3000 577 3072 Memento
605 3003 715 3084 etiam,
742 2998 898 3088 Domine,
924 3000 1068 3071 omnium
1095 2993 1323 3066 defunctorum
1349 2993 1492 3067 fidelium
1520 3000 1576 3092 qui

204 3117 337 3212 pridem
364 3117 518 3190 obicnmt
544 3126 578 3188 et
604 3115 646 3187 ad
672 3127 706 3187 te
731 3124 965 3211 pervenerunt.
996 3114 1139 3208 Suscipe
1158 3108 1345 3182 oblationes
1367 3115 1462 3202 istas,
1489 3135 1576 3207 quae

204 3255 266 3330 pro
295 3233 361 3305 illis
387 3232 486 3304 hodie
513 3230 569 3304 tihi
596 3230 793 3319 offeruntur,
829 3241 863 3301 et
895 3233 1069 3325 quiescere
1101 3226 1178 3299 illos
1210 3224 1266 3297 lac
1298 3229 1330 3297 in
1365 3229 1439 3298 sinu
1474 3226 1575 3301 heato

201 3348 396 3423 Abrahami.
451 3347 535 3421 Cum
562 3370 624 3442 spe
651 3347 900 3419 misericordiae
933 3355 1012 3418 tuas
1047 3345 1191 3439 quictem
1223 3355 1425 3438 acceperunt
1457 3367 1574 3418 omues

180 3554 181 3558 Ἴ
202 3465 361 3555 defuncti,
388 3474 423 3537 et
448 3467 679 3536 miserationes
697 3487 716 3535 a
736 3473 770 3534 te
785 3447 992 3557 exspectant,
1014 3462 1107 3533 Deus
1126 3470 1243 3532 noster
1257 3460 1436 3533 adorande.
1462 3460 1574 3534 Prae-

202 3591 253 3656 sta
280 3583 347 3655 illis
373 3591 407 3652 ut
433 3591 622 3653 mereantur
650 3579 763 3652 audire
789 3601 912 3652 vocem
938 3577 1027 3649 illam
1053 3576 1234 3664 vivificam,
1262 3599 1348 3670 quae
1365 3589 1467 3652 vocet
1486 3577 1573 3666 illos,

203 3710 237 3771 et
263 3698 419 3785 adducat,
445 3708 546 3792 utque
572 3701 637 3768 sint
662 3699 791 3768 invitati
817 3695 860 3767 ad
886 3717 1024 3787 regnum
1052 3705 1150 3766 tuum.
1178 3692 1337 3766 Concede
1359 3697 1457 3765 etiam
1477 3693 1575 3766 nohis

204 3819 332 3887 exitum
360 3813 586 3909 tranquillum,
618 3816 845 3908 pergratiam
871 3822 979 3905 tuam,
1012 3822 1047 3883 ct
1072 3807 1173 3882 ahols
1198 3812 1402 3904 insipientias
1428 3819 1574 3899 nostras,

202 3955 265 4028 per
291 3930 553 4004 misericordiam
581 3939 680 4001 tuam.
1324 3909 1327 3918 λ

308 4047 459 4119 Eteonos
484 4068 610 4117 vocem.
661 4044 755 4117 Unus
782 4046 868 4115 enim
894 4042 955 4115 luit
980 4045 1036 4138 qui
1061 4045 1156 4114 visus
1183 4040 1282 4112 luerit
1308 4063 1409 4136 super
1436 4050 1573 4131 terram,

202 4168 276 4238 sine
303 4173 461 4261 peccato,
498 4165 684 4255 unigenitus
711 4158 814 4233 Filius
847 4170 921 4232 tuus
947 4160 1109 4231 Dominus
1141 4167 1256 4230 noster
1282 4158 1382 4229 lesus
1410 4155 1573 4246 Christus,

199 4283 398 4378 propitiator
424 4301 564 4370 magnus
590 4280 725 4370 generis
752 4279 874 4365 nostri3
907 4278 980 4371 ipse
1009 4297 1070 4370 per
1097 4296 1194 4369 quem
1221 4283 1255 4344 et
1281 4296 1344 4346 nos
1370 4275 1567 4345 misericor-

201 4397 293 4469 diam
327 4395 477 4468 obtinere
510 4417 701 4491 speramus,
736 4401 770 4465 et
801 4394 1030 4464 remissionem
1062 4399 1276 4486 peccatorum
1309 4399 1500 4463 nostrorum
1536 4398 1571 4458 et

201 4512 344 4587 illorum.

307 4629 468 4723 Populea.
522 4628 675 4715 Quietem
700 4636 845 4724 praesta.

306 4743 491 4817 Sacerdos.
543 4744 651 4844 Nobis
683 4747 782 4817 etiarn
815 4752 849 4814 ct
880 4740 945 4815 illis
977 4749 1051 4814 esto
1086 4741 1267 4837 propitius,
1300 4748 1334 4810 et
1366 4737 1573 4832 condonator

202 4870 417 4960 peccatorum
443 4859 600 4948 Domine,
625 4868 661 4932 ut
686 4863 719 4931 in
745 4858 856 4948 nohis,
882 4879 944 4954 pro
970 4855 1079 4944 nobis,
1111 4865 1146 4928 et
1172 4864 1310 4951 propter
1334 4875 1411 4945 uos,
1437 4852 1571 4947 glorifi-

203 4989 311 5071 cetur,
336 4977 506 5070 landetur,
533 4988 567 5051 et
592 4977 775 5050 honoretur
800 4996 921 5048 nomen
946 4984 1036 5046 tuum
1065 4971 1341 5065 gloriosissimum
1367 4980 1402 5042 et
1426 4968 1571 5043 henedi-

1283 5088 1333 5163 25
1346 5087 1365 5124 ⁴*
