4525 6034
689 625 768 699 210
1197 623 1558 700 LITURGIA

688 822 860 903 sanetum,
888 822 922 883 et
954 808 1136 883 coelestem
1170 830 1305 881 oremus
1340 818 1376 881 et
1407 809 1575 898 dieamus,
1601 809 1702 881 Pater
1733 818 1849 882 noster
1884 810 1938 902 qui
1963 812 2051 880 asin

688 925 804 1001 coelis.

793 1042 955 1136 Papum.
1006 1040 1238 1114 Sanctificetur
1263 1061 1385 1111 nomen
1412 1052 1517 1128 tunm,
1546 1050 1608 1112 ete.

792 1157 978 1229 Sacerdos.
1031 1154 1155 1228 Libera
1189 1178 1311 1229 servos
1344 1165 1380 1227 et
1410 1155 1496 1228 tilios
1532 1166 1607 1230 tuos
1637 1154 1798 1245 Domine,
1833 1155 1876 1229 ab
1911 1153 2050 1229 omnibus

690 1272 926 1347 tentadonihns
954 1270 1148 1345 difficillimis
1175 1282 1209 1342 et
1236 1292 1322 1365 quae
1347 1275 1441 1344 vires
1468 1281 1640 1367 superent:
1667 1282 1702 1343 et
1727 1270 1769 1343 ab
1787 1271 1940 1344 omnibus
1957 1270 2050 1342 doto-

688 1389 781 1462 ribus
809 1393 862 1484 qui
885 1389 1018 1481 corpori
1033 1398 1152 1459 nostro
1169 1386 1227 1458 vel
1243 1391 1386 1476 animae,
1414 1387 1564 1459 damnum
1584 1386 1707 1458 inferre
1720 1396 1869 1482 possunt
1923 1384 2051 1460 Custodi

688 1525 752 1575 nos
779 1504 875 1576 simul
901 1529 921 1574 a
949 1501 1037 1574 malo
1065 1511 1099 1573 et
1126 1502 1169 1575 ab
1198 1504 1270 1591 ejus
1304 1511 1470 1596 potestate
1497 1506 1674 1592 universa,
1707 1512 1741 1573 et
1774 1525 1794 1574 a
1827 1500 1954 1575 technis
1986 1504 2050 1592 ejm

688 1622 904 1715 perniciosis,
931 1621 1008 1712 quia
1037 1627 1071 1689 tn
1096 1616 1175 1688 Rex
1202 1620 1346 1689 omnium
1373 1640 1431 1706 ee,
1458 1627 1492 1689 et
1519 1615 1576 1690 tibi
1602 1618 1742 1709 gloriam
1770 1615 1957 1688 referimus.

794 1733 957 1826 Populus.
1010 1734 1128 1804 Amen.

791 1849 978 1921 Sacerdos.
1030 1847 1115 1920 Pax.

790 1963 951 2058 Populos.
1003 1962 1048 2035 Et
1073 1986 1148 2034 eum
1176 1965 1292 2058 spiritu
1319 1971 1386 2034 tno.

791 2080 980 2151 Diaconos.
1032 2078 1132 2149 Ante.

789 2193 951 2286 Populea.
1006 2192 1130 2265 Coram
1157 2204 1192 2265 te
1218 2192 1372 2265 Domine.

791 2308 976 2380 Sacerdos.
1028 2309 1157 2404 Aspice
1172 2309 1314 2380 Domine
1341 2308 1499 2404 populum
1526 2319 1615 2381 tuum
1641 2308 1781 2396 fidelem,
1810 2313 1999 2404 quinorum
2021 2321 2049 2381 te

686 2422 862 2496 inclinatus
889 2434 959 2513 est.
988 2432 1022 2494 et
1054 2434 1215 2518 expectat
1246 2424 1367 2496 donum
1400 2434 1489 2496 tuum
1523 2434 1558 2496 et
1591 2427 1734 2497 intuetur
1768 2425 1956 2520 depositum
1988 2426 2050 2497 Sr-

686 2548 932 2611 orumentornm
958 2542 1118 2631 unigeniti
1147 2541 1211 2630 tui,
1238 2540 1331 2611 Deus
1357 2540 1467 2611 Pater.
1521 2539 1573 2611 Ne
1600 2538 1733 2612 auferas
1759 2538 1893 2614 anobis
1922 2544 2051 2634 gratian

686 2664 794 2744 mam,
822 2666 856 2726 et
880 2677 924 2727 ne
951 2653 1096 2750 repelles
1123 2677 1188 2728 nos
1216 2679 1236 2726 a
1263 2658 1444 2728 ministerio
1472 2666 1551 2745 tuo,
1586 2665 1621 2727 et
1654 2681 1675 2729 a
1700 2658 1955 2750 participatione
1987 2658 2050 2730 So-

685 2779 931 2842 oramentorum
956 2778 1104 2857 tuorum,
1131 2770 1193 2842 sed
1218 2792 1386 2867 praepara
1413 2792 1496 2864 nos,
1531 2781 1567 2843 ut
1598 2774 1672 2866 puri
1698 2781 1734 2842 et
1759 2769 1888 2865 absque
1922 2769 2051 2857 maculo,

686 2884 844 2977 dignique
871 2884 935 2958 hoe
962 2887 1123 2957 convivio
1151 2888 1271 2973 simus,
1299 2897 1400 2981 utque
1427 2910 1502 2958 enm
1527 2889 1732 2959 conscientia
1758 2885 1940 2982 inculpata,
1966 2908 2049 2958 sen·

684 3022 748 3096 per
772 2999 922 3072 fruamur
947 3022 1091 3095 corpore
1119 3009 1154 3071 et
1179 3004 1342 3093 sunguine
1369 3003 1442 3091 ejus
1477 3004 1646 3097 pretioso,
1680 3012 1715 3074 et
1744 3006 1779 3073 in
1811 3004 1880 3073 vita
1913 3000 2050 3093 gloriosa

685 3125 719 3186 et
746 3113 873 3210 absque
900 3116 965 3188 fine
991 3120 1025 3188 in
1059 3115 1246 3188 habitaculo
1280 3116 1440 3212 spirituali
1473 3117 1733 3207 discumbamus,
1768 3128 1803 3190 et
1837 3116 1879 3189 ad
1914 3135 2050 3188 mensam

684 3233 782 3323 regni
810 3234 855 3303 tui
881 3230 1073 3327 epulemur,
1100 3243 1134 3303 et
1159 3232 1345 3304 referemus
1372 3232 1431 3304 tibi
1457 3233 1598 3324 glorium
1625 3243 1659 3304 et
1684 3232 1825 3305 laudem.

789 3346 950 3439 Populus.
1003 3348 1123 3421 Amen.

788 3461 974 3533 Sacerdos.
1028 3463 1113 3534 Pax.
1240 3459 1244 3468 “

790 3577 951 3669 Poprdua.
1004 3576 1149 3648 Etcum
1176 3580 1293 3671 spiritu
1319 3588 1387 3650 tuo.

788 3691 972 3763 Sacerdos.
1027 3692 1142 3764 Gratia
1169 3692 1233 3763 Dei
1261 3697 1320 3782 sit,
1347 3703 1411 3765 etc.

788 3806 951 3899 Populos.
1003 3804 1149 3879 Etcum
1176 3811 1293 3902 spiritu
1317 3818 1384 3879 tno.

787 3923 974 3993 Diaconos.
1028 3919 1112 3994 Cum
1139 3926 1267 3994 timore.

788 4037 974 4111 Sacerdos.
1027 4038 1152 4110 Sancta
1179 4043 1314 4111 sanctis.

789 4154 953 4247 Populos.
1006 4152 1100 4227 Unus
1127 4154 1228 4225 Pater
1254 4137 1398 4226 sanetus.

788 4268 977 4339 Diaconos.
1030 4268 1164 4341 Stemus
1192 4269 1358 4340 decenter.

787 4385 949 4478 Populus.
1004 4385 1128 4458 Coram
1155 4392 1197 4454 te.

786 4500 971 4572 Sacerdos.
1025 4499 1160 4573 Gratias
1186 4497 1347 4570 habemus
1375 4498 1432 4570 tibi
1448 4501 1591 4570 Domine
1618 4507 1651 4568 et
1676 4507 1774 4590 grato
1802 4501 1914 4569 animo
1943 4518 2047 4589 agno-

684 4620 808 4689 scimus
834 4614 1072 4709 benignitatem
1099 4627 1206 4700 tumn,
1235 4614 1323 4710 quod
1350 4638 1395 4685 ex
1421 4614 1522 4685 nihilo
1550 4615 1695 4688 eduxisti
1728 4634 1792 4685 nos
1827 4613 1870 4684 nd
1906 4613 1939 4685 id
1971 4607 2048 4708 qnod

684 4735 807 4822 simus,
834 4741 868 4803 et
894 4732 1095 4805 domesticos
1111 4730 1262 4823 filiosque
1275 4730 1565 4801 Sacramentormn
1581 4739 1709 4801 tuorum
1726 4727 1835 4799 iecisti
1852 4750 1931 4818 nos,
1956 4729 2047 4798 mini-

685 4850 887 4941 steriumque
912 4847 978 4919 hoc
1004 4847 1201 4939 religiosum
1228 4845 1464 4917 commendasti
1490 4844 1601 4935 nobis,
1628 4853 1727 4939 utque
1753 4866 1868 4915 mensa
1891 4842 1956 4915 hae
1982 4842 2046 4936 spi-

683 4961 791 5033 rituali
826 4985 889 5034 nos
927 4961 1046 5053 dignos
1082 4961 1200 5033 iecisti.
1255 4960 1433 5033 Conservo
1472 4963 1506 5030 in
1545 4959 1643 5032 nobis
1685 4959 1829 5030 Domine
1871 4959 2046 5054 depositum

682 5082 919 5172 mysteriorum
946 5088 1075 5150 tuorum
1102 5078 1301 5168 divinorum,
1327 5087 1362 5148 ut
1388 5075 1569 5152 seeundum
1594 5097 1707 5151 mores
1725 5072 1901 5167 Angelicis
1921 5070 2046 5158 nunties,
