4525 6034
565 646 808 726 carnotum
839 644 1174 724 apostolurum
1211 657 1261 720 uc.
1520 644 1595 717 589

225 844 372 935 fissurae
403 845 534 932 spectet
568 836 719 909 calicem.
771 834 962 906 Iactioator
996 839 1031 906 et
1068 853 1211 927 carycas
1243 833 1337 903 dicit.
1391 830 1506 904 Gloria
1539 829 1597 902 tibi

224 957 367 1030 Domine
393 956 476 1027 lesu
503 953 648 1042 Christe,
674 954 729 1047 qui
755 974 809 1024 me
835 949 1005 1043 indignum
1025 948 1125 1035 licet,
1143 951 1341 1022 constituisti
1367 950 1599 1045 pergratiam

224 1083 336 1163 tuam,
369 1073 552 1144 ministrum
587 1081 621 1142 et
656 1069 873 1141 mediatorem
906 1067 1142 1162 mysteriorum
1177 1074 1307 1138 tuorum
1333 1065 1596 1161 praeclarorum,

224 1199 429 1277 sanctorum,
456 1187 692 1262 vivificantium
720 1196 754 1257 et
767 1177 971 1257 divirorum:
998 1185 1217 1279 pergratiam
1244 1182 1494 1255 misericordiae
1521 1191 1597 1253 tuae
1729 1255 1731 1266 ,

223 1307 278 1378 iac
303 1329 359 1379 me
386 1304 520 1398 dignum
547 1305 644 1376 venia
671 1302 866 1374 delictorum
892 1309 926 1372 et
951 1302 1150 1371 remissione
1176 1308 1402 1395 peccatorum.

326 1578 451 1674 Siqnat
476 1604 514 1653 se
539 1582 636 1673 siquo
664 1581 778 1650 crocis
803 1579 840 1648 io
856 1581 975 1670 fronte
996 1575 1218 1670 similiterque
1239 1579 1504 1646 circonstantes.

767 1695 809 1765 la
835 1694 906 1764 atio
934 1694 1064 1767 codice.

332 1884 457 1982 Siqaat
478 1889 628 1980 frontem
652 1908 748 1955 saum
773 1889 871 1981 siquo
899 1887 1013 1954 crocis
1039 1890 1074 1954 ct
1099 1884 1193 1953 dicit.
1229 1881 1343 1953 Gloria
1373 1879 1432 1952 tibi
1457 1881 1601 1952 Domino

229 2006 285 2099 qui
310 2006 435 2094 creasti
460 2024 515 2074 mo
544 2023 607 2097 per
639 2004 778 2094 gratiam
814 2011 912 2084 tuam.
966 2001 1082 2073 Gloria
1117 2000 1176 2070 tibi
1202 1999 1344 2070 Domine
1380 1996 1435 2090 qui
1468 1998 1601 2090 vocasti
1723 2055 1727 2067 ,

228 2141 283 2192 me
308 2142 370 2215 per
396 2116 657 2190 misericordiam
682 2128 781 2190 tuam.
836 2118 950 2190 Gloria
976 2115 1035 2188 tibi
1060 2115 1205 2187 Domine
1238 2115 1293 2208 qui
1324 2113 1521 2185 constituisti
1546 2132 1600 2183 me

229 2235 446 2308 mediatorem
474 2234 552 2307 doni
579 2237 639 2306 tui:
675 2244 709 2305 et
733 2243 872 2330 propter
905 2234 1013 2305 omnia
1039 2230 1201 2304 beneficia
1229 2240 1284 2303 tua
1310 2253 1393 2324 erga
1419 2225 1599 2299 imbecilli-

229 2361 330 2424 tatem
370 2374 500 2440 meam,
539 2349 705 2423 celeratur
744 2347 802 2421 tibi
841 2349 933 2438 laus,
977 2347 1105 2438 honor,
1146 2344 1334 2437 confessio,
1374 2355 1419 2417 et·
1446 2342 1600 2415 adoratio

229 2490 327 2554 nune,
355 2476 419 2539 etc.

333 2584 514 2654 Accedant
546 2583 717 2671 Discunt,
752 2587 787 2652 et
819 2583 934 2673 manat
965 2602 1227 2675 aaamqacmqae
1263 2597 1379 2650 carum
1412 2582 1448 2648 io
1480 2582 1600 2672 fronte

229 2691 354 2773 diceas.
408 2697 559 2772 Christus
586 2701 747 2795 suscipiat
770 2700 986 2770 ministerium
1013 2706 1117 2768 tuum:
1146 2694 1295 2768 Christus
1321 2694 1462 2767 illustret
1479 2695 1600 2766 faciem

229 2828 333 2890 tuam:
372 2815 522 2888 Christus
549 2824 731 2888 conservet
755 2818 857 2908 vitam
894 2822 997 2885 tuam:
1034 2812 1185 2886 Christus
1218 2833 1376 2884 crescere
1408 2810 1508 2885 iaciat
1537 2813 1599 2903 ju-

228 2944 400 3007 ventutem
426 2944 524 3006 tuam.

332 3050 380 3120 Et
404 3029 620 3141 repausent.
674 3044 823 3119 Christus
850 3048 1009 3142 suscipiat
1037 3046 1238 3119 oblationem
1264 3056 1364 3120 tuam.

334 3166 456 3237 Omnes
480 3165 624 3236 redeant
650 3163 697 3234 ad
721 3163 832 3234 locam
856 3186 967 3234 suam:
987 3163 1228 3258 sacerdosque
1244 3166 1345 3257 sacta
1363 3163 1598 3252 inclinatione,

227 3286 338 3375 surqit
364 3288 399 3353 et
424 3282 510 3352 dicit
535 3287 615 3352 tono
642 3277 834 3374 Ecanyetii.
1347 3288 1364 3323 ὲ

332 3398 446 3470 Gratia
482 3399 615 3470 Domini
650 3399 756 3468 nostri
790 3395 872 3467 tesu
909 3391 1045 3469 Christi:
1081 3407 1127 3481 et.
1148 3400 1270 3469 caritas
1303 3397 1368 3468 Dei
1402 3396 1528 3485 Patria,
1565 3404 1599 3466 et

229 3515 481 3588 communicatio
509 3515 641 3609 spiritus
669 3516 792 3600 sancti,
819 3516 863 3585 sit
888 3534 963 3583 cum
990 3511 1143 3585 omnibus
1169 3513 1279 3586 nobie.

330 3630 508 3716 Sacerdos
533 3633 647 3722 manat
671 3651 710 3701 se
735 3633 858 3722 ipsam,
892 3635 926 3700 et
952 3629 1065 3700 elcard
1089 3653 1221 3701 monam
1245 3652 1340 3700 msam
1366 3652 1469 3723 saper
1496 3635 1599 3724 caput

227 3771 338 3836 eoam,
364 3752 402 3816 at
426 3751 472 3817 sit
497 3749 533 3817 ia
559 3756 643 3818 aire
670 3752 704 3817 et
726 3745 873 3839 popolus
895 3749 1075 3840 particeps
1099 3751 1146 3818 sit
1170 3750 1383 3843 aquationis.

331 3863 430 3964 Dicit
455 3862 643 3934 Diaconos.
698 3861 822 3934 Omnes
848 3884 912 3934 nos
939 3885 1012 3933 cum
1040 3866 1179 3937 timores
1215 3871 1250 3935 et
1274 3849 1329 3935 ⁸od
1361 3864 1449 3936 daec
1474 3864 1605 3955 laerta:¹

229 3977 319 4050 dedit
344 3977 442 4051 nobis
469 3983 630 4076 mysteria
656 4001 725 4051 sua.
1254 3980 1264 3989 “

335 4089 366 4131 ¹⁸
391 4096 520 4189 incipit
546 4095 722 4168 Sacerdos
747 4100 915 4192 fraegere
946 4119 1089 4190 corpus:
1126 4104 1161 4168 ct
1184 4097 1277 4168 dicit.
1305 4096 1491 4192 Propitiare
1518 4099 1597 4171 Do-
1670 4112 1673 4120 '

228 4213 316 4283 mine
341 4235 403 4308 per
430 4214 637 4285 clementiam
664 4224 752 4285 tuam
778 4217 926 4309 peccatis
958 4225 992 4285 et
1025 4216 1218 4310 insipientiis
1250 4191 1425 4286 servorum
1457 4223 1598 4302 tuorrnn,

230 4336 264 4397 et
290 4329 461 4401 sanctifica
488 4328 576 4401 lahia
603 4338 719 4401 nostra
745 4332 973 4425 pergratiam
1001 4341 1109 4415 tuam,
1145 4341 1180 4402 at
1214 4328 1292 4402 dent
1316 4330 1442 4403 fructus
1468 4332 1599 4424 gloriae
1696 4403 1701 4411 ,

230 4453 265 4515 et
289 4443 397 4516 laudis
425 4443 586 4517 divinitati
612 4456 706 4526 tuae,
733 4468 806 4517 curn
834 4445 987 4518 omnibus
1014 4450 1138 4519 sanctis
1165 4450 1229 4518 tuis
1255 4450 1289 4518 in
1315 4469 1421 4540 regno
1449 4457 1517 4521 tuo.

333 4562 381 4632 Et
407 4561 544 4634 elecoas
570 4583 687 4633 oocem
709 4562 802 4632 dicit.
854 4560 899 4634 Et
924 4562 980 4635 lac
1006 4585 1069 4636 nos
1096 4563 1215 4656 dignos
1241 4564 1384 4636 Domine
1409 4565 1501 4637 Deus
1528 4588 1598 4638 no-

230 4687 317 4767 ster,
344 4687 380 4750 ut
405 4686 569 4774 perpetuo
595 4679 724 4773 absque
749 4677 897 4770 macula,
929 4668 1042 4752 coram
1075 4689 1108 4752 tc
1141 4685 1361 4755 consistamus
1394 4704 1469 4754 cum
1496 4681 1599 4754 corde
1644 4739 1648 4764 .

229 4779 325 4889 puro,
350 4793 439 4866 facie
466 4802 581 4890 aperte
609 4805 643 4867 et
669 4817 744 4867 cum
769 4793 888 4868 fiducia
915 4819 1001 4891 quae
1027 4822 1048 4870 a
1074 4807 1108 4870 te
1135 4808 1197 4888 est,
1224 4798 1484 4873 misericorditer
1501 4797 1598 4873 nobis

229 4909 322 4983 data:
349 4921 384 4983 et
409 4932 526 4985 omnes
551 4914 677 5007 pariter
704 4914 899 4987 invocemus
915 4923 949 4986 te
965 4922 999 4987 et
1015 4916 1065 4988 sic
1086 4915 1245 4990 dicamus.
1271 4914 1375 4989 Pater
1394 4925 1522 5008 noster,
1535 4926 1598 4989 etc.

332 5027 486 5122 Papulas
505 5029 600 5101 dicit.
651 5030 754 5102 Pater
779 5038 904 5104 noster.

1312 5150 1389 5224 77⁴*
