4525 6034
674 576 748 654 lea
1175 577 1534 656 Ll'llllldld

670 765 849 840 visibilium
881 775 915 838 et
947 764 1170 840 invisibilium.
1230 760 1326 838 Coeli
1360 765 1549 855 coelorum,
1583 777 1617 839 et
1650 788 1878 862 quaecumque
1910 772 1946 840 iu
1977 768 2038 843 illis

671 895 768 972 sunt,
795 907 870 956 cum
895 887 1021 957 naturis
1048 887 1157 976 igneis
1184 893 1218 955 et
1245 879 1469 980 spiritualibus
1496 891 1530 955 te
1556 883 1753 975 glorificant
1806 882 1867 956 Sol
1900 898 1934 958 et
1964 885 2038 958 luna

671 998 824 1074 cursibus
861 1002 930 1073 suis
965 1011 999 1073 te
1032 1007 1255 1072 venerantur:
1290 998 1409 1071 stellae
1445 997 1625 1094 splendore
1664 1019 1727 1073 suo
1763 1008 1797 1069 te
1833 999 2040 1093 praedicant:

669 1121 816 1189 tonitrua
843 1121 935 1190 sonis
962 1120 1030 1190 suis
1066 1126 1209 1204 terrent,
1242 1115 1285 1187 ad
1317 1114 1506 1187 mandatum
1532 1124 1637 1187 tuum:
1663 1123 1773 1187 motus
1798 1116 1831 1185 in
1858 1124 1940 1187 aere
1965 1121 2040 1189 uir-

670 1243 774 1305 tutem
799 1243 888 1305 tuam
916 1233 1119 1326 significant:
1155 1255 1263 1328 aquae
1294 1235 1329 1303 in
1359 1229 1500 1304 nubibus
1532 1242 1613 1303 nutu
1647 1241 1703 1303 tuo
1740 1240 1921 1323 coguntur:
1953 1244 2040 1306 terra

672 1359 707 1422 et
732 1372 958 1445 quaecumque
985 1373 1086 1446 super
1113 1372 1189 1421 eam
1216 1358 1308 1436 sunt,
1342 1372 1362 1419 a
1389 1356 1423 1419 te
1448 1346 1612 1443 pendent,
1647 1358 1746 1443 atque
1781 1371 1802 1419 a
1836 1357 1871 1419 te
1903 1360 2040 1421 susten-

671 1477 800 1540 tantur:
827 1477 965 1540 naturae
991 1464 1185 1554 rationales,
1212 1475 1246 1536 et
1271 1468 1401 1537 ratione
1428 1475 1593 1552 carentes,
1620 1462 1698 1536 illae
1714 1487 1801 1560 quae
1815 1463 2040 1556 intelligentia,

672 1592 706 1655 et
733 1607 819 1678 quae
845 1583 920 1656 solo
948 1606 1049 1658 sensu
1075 1581 1249 1678 praeditae
1276 1591 1367 1672 suut,
1394 1603 1456 1677 per
1482 1585 1677 1671 levirum,
1704 1593 1738 1654 et
1763 1586 1922 1678 potestati
1947 1583 2041 1673 regni

672 1704 718 1772 tui
745 1698 911 1773 obediunt.
960 1697 1075 1771 Habes
1103 1698 1246 1770 Domine
1273 1701 1306 1768 in
1333 1695 1429 1768 coelo
1457 1695 1513 1769 illo
1541 1697 1682 1771 excelso
1708 1697 1804 1791 quod
1823 1707 1876 1769 est
1903 1694 2040 1769 scabel-

672 1815 739 1889 lum
766 1813 827 1889 sub
855 1814 996 1911 pedibus
1023 1819 1104 1905 tuis,
1131 1817 1298 1887 ministros
1324 1812 1598 1901 innumerabiles,
1630 1824 1665 1885 et
1690 1811 1846 1885 infinitum
1873 1835 2042 1885 numemur

671 1932 873 2005 laudantium
899 1941 944 2021 te,
971 1934 1025 2026 qui
1052 1933 1086 2002 in
1111 1929 1305 2023 regionibus
1331 1932 1491 2003 materiae
1518 1928 1730 2025 expertibus,
1765 1928 1854 2001 laudi
1880 1933 2042 2023 majesta-

671 2053 714 2122 tis
741 2059 835 2135 tuae,
871 2057 905 2119 et
930 2049 1115 2120 ministerio
1143 2057 1199 2120 tuo
1226 2049 1286 2118 toti
1313 2044 1434 2117 addicti
1476 2057 1569 2130 sunt,
1601 2068 1765 2141 personas
1797 2047 1926 2119 scilicet
1958 2067 2042 2141 quae

673 2186 721 2235 ex
745 2167 825 2256 igne
852 2174 886 2234 et
912 2164 1036 2260 Spiritu
1062 2172 1198 2235 creatae
1225 2171 1318 2235 sunt:
1351 2183 1438 2256 quae
1464 2165 1773 2235 canticisomnium
1798 2166 1949 2235 musicae
1974 2184 2041 2254 ge-

670 2301 800 2368 nerum
825 2280 941 2352 laudes
968 2289 1042 2351 tuas
1069 2302 1142 2350 cum
1169 2278 1318 2350 clamore
1344 2275 1530 2366 celebrant,
1559 2277 1682 2350 milleni
1708 2288 1743 2350 et
1769 2278 1882 2351 decies
1909 2278 2041 2366 milleni,

673 2399 730 2491 qui
756 2394 798 2468 ab
826 2406 964 2467 aeterno
990 2395 1117 2468 lructus
1149 2394 1347 2467 laudationis
1379 2394 1438 2467 tibi
1470 2393 1640 2483 deferunt,
1675 2399 1809 2486 agmina
1841 2407 1876 2467 et
1907 2394 2041 2467 ordines

673 2510 887 2608 spiritualium
913 2515 947 2582 iu
974 2534 1053 2586 suos
1080 2511 1215 2584 ordines
1242 2508 1505 2598 distributorum,
1539 2513 1594 2605 qui
1624 2509 1767 2608 hymnos
1790 2511 1958 2603 jucundos
1986 2510 2041 2583 tibi

672 2628 829 2701 offerunt:
857 2637 975 2700 coetus
999 2627 1227 2720 Angelorum,
1256 2626 1457 2721 ordinesque
1483 2625 1787 2718 Archangelorum,
1820 2630 1876 2723 qui
1903 2625 1962 2698 tibi
1988 2631 2043 2699 uni

671 2743 747 2818 Deo
774 2744 905 2817 laudem
931 2766 1053 2816 novam
1080 2756 1115 2818 et
1141 2743 1381 2816 indesinentem
1406 2742 1570 2816 referunt:
1596 2743 1723 2817 'lbroni
1740 2753 1775 2815 et
1792 2744 2043 2817 Dominationes

670 2864 706 2933 in
746 2862 933 2934 firmissima
973 2871 1008 2932 et
1038 2884 1105 2934 non
1138 2857 1352 2956 perturbabili
1384 2863 1562 2934 securitate
1594 2863 1777 2950 constituti,
1822 2862 1877 2954 qui
1913 2864 2042 2932 cantica

671 2977 878 3074 triumphalia
905 2981 1084 3050 concinunt
1108 2977 1179 3065 tibi,
1206 2998 1417 3073 summopere
1444 2977 1598 3049 timendo.
1639 2975 1842 3067 Archangeli
1870 2986 1904 3047 et
1930 2980 2041 3047 virtu-

671 3104 735 3182 tes,
762 3094 1034 3189 Potestatumque
1060 3096 1239 3190 principes,
1268 3096 1322 3187 qui
1348 3090 1456 3185 gloria
1482 3092 1690 3165 Thronorum
1718 3103 1937 3178 cremantur,
1964 3092 2041 3164 lau-

673 3211 799 3306 desque
826 3220 860 3281 et
886 3213 1036 3282 encomia
1064 3208 1258 3303 dignissima
1283 3218 1383 3305 prout
1409 3208 1506 3280 decet
1531 3208 1674 3301 dirigunt
1700 3208 1743 3280 ad
1770 3208 1899 3281 infimos
1915 3208 2040 3300 gradus

673 3326 748 3399 solii
774 3331 830 3399 tui.
883 3326 1092 3422 Principatus
1120 3323 1308 3422 spirituales
1335 3327 1390 3419 qui
1416 3347 1529 3396 coram
1556 3335 1590 3396 te
1616 3347 1690 3396 cum
1711 3328 1831 3397 timore
1847 3329 2040 3413 consistunt,

673 3442 898 3515 indesinenter
924 3442 1130 3514 sanctificant
1155 3444 1276 3514 tonitru
1304 3442 1485 3513 sanctitatis
1511 3452 1597 3513 tuae.
1650 3439 1776 3513 Currus
1808 3444 1930 3533 igneus
1963 3446 2040 3514 ani-

671 3558 803 3631 malium
832 3557 1034 3654 quadruplici
1059 3557 1146 3630 facie
1173 3558 1416 3645 distinctorum,
1450 3556 1776 3652 similitudinibusque
1803 3557 1950 3631 diversis
1974 3558 2040 3630 do·

672 3697 790 3747 nomm
816 3673 946 3766 gloriae
972 3674 1193 3762 diversorum,
1220 3674 1379 3746 decorem
1404 3678 1500 3766 regni
1527 3677 1573 3746 tui
1599 3672 1756 3746 clamant:
1784 3677 1917 3767 agmina
1946 3674 2038 3747 Che-

671 3791 778 3864 rubim
805 3788 914 3863 multis
942 3790 1047 3863 oculis
1072 3790 1315 3886 praeditorum,
1350 3793 1384 3862 in
1415 3790 1570 3861 circulum
1605 3811 1713 3863 voces
1739 3788 1981 3863 benedictionis
2006 3795 2038 3862 iu

671 3911 848 4000 regionem
873 3917 961 3978 tuam
988 3904 1216 3979 absconditam
1243 3904 1421 3978 extollunt:
1449 3905 1623 4002 Seraphim
1657 3906 1766 3984 multis
1792 3907 1852 3980 alis
1879 3911 2038 3994 instructi,

674 4027 729 4118 qui
755 4021 860 4094 facies
887 4042 966 4094 suas
992 4022 1108 4095 iisdem
1136 4022 1197 4094 alis
1224 4026 1293 4096 suis
1320 4033 1500 4118 protegunt
1526 4047 1546 4094 a
1573 4022 1751 4120 splendore
1778 4033 1850 4116 tuo,
1877 4035 1912 4096 et
1937 4025 2038 4120 pedes

673 4162 753 4213 suos
770 4140 897 4234 'pennis
924 4161 1056 4234 quoque
1083 4142 1151 4211 suis
1177 4148 1311 4231 tegunt,
1342 4149 1378 4210 ut
1412 4161 1479 4211 non
1509 4139 1694 4211 adurantur
1728 4139 1770 4212 ab
1805 4140 1929 4211 ardore
1954 4144 2037 4233 ignis

672 4260 719 4328 tui
745 4254 1002 4343 inaccessibilis,
1038 4265 1072 4327 et
1096 4255 1252 4329 volantes
1279 4255 1497 4350 undequaque
1522 4255 1675 4345 laudant,
1710 4266 1745 4327 et
1780 4256 1822 4328 ad
1848 4256 2037 4330 alterutrum

673 4372 736 4445 alis
761 4365 958 4468 plaudentes
983 4369 1203 4462 benedicunt,
1238 4383 1272 4444 et
1306 4371 1391 4444 alter
1423 4371 1518 4444 alteri
1544 4371 1740 4445 conformati
1764 4373 1970 4465 glorificant:
2004 4382 2037 4444 et

671 4508 757 4561 uuus
783 4485 825 4558 ab
852 4487 958 4560 altero
985 4486 1141 4585 hymnum
1169 4491 1405 4585 suscipientes,
1432 4487 1545 4560 oribus
1571 4492 1698 4581 igneis,
1725 4487 1915 4584 linguisque
1940 4487 2036 4560 dam-

673 4606 770 4692 meis,
796 4625 862 4674 una
888 4624 977 4676 voce
1003 4603 1189 4698 triplicatae
1208 4604 1476 4678 sanctificationis
1489 4604 1635 4694 laudant,
1661 4605 1814 4694 clamant,
1841 4604 2036 4677 vociferan-

672 4729 741 4807 tur,
769 4728 803 4791 et
828 4720 948 4792 dicunt

778 4835 939 4929 Populos.
992 4829 1154 4925 Sanctus,
1181 4836 1342 4927 Sanctus,
1370 4838 1523 4911 Sanctus.
1610 4883 1612 4890 ,

777 4951 953 5025 Sacerdos
978 4952 1169 5024 inclinatam.
1222 4953 1365 5028 Sanctus
1392 4977 1431 5027 es
1458 4954 1550 5026 Deus
1576 4954 1688 5042 Pater,
1715 4953 1859 5026 Sanctus
1886 4976 1924 5026 es
1948 4955 2035 5026 Deus

673 5067 756 5158 Fili,
786 5067 928 5142 Sanctius
961 5091 1000 5142 es
1026 5067 1168 5166 Spiritus
1200 5078 1335 5158 sancte,
1371 5069 1516 5142 Trinitas
1549 5077 1665 5143 sancte
1698 5079 1732 5141 et
1762 5069 1924 5162 indiuisa,
1955 5089 2035 5142 unus
