4525 6034
678 584 731 660 42
1186 583 1546 661 LITURGIA

678 771 917 844 haereditatem
943 792 1189 867 consequamur
1207 793 1281 843 cum
1302 774 1425 844 sanctis
1442 769 1507 843 illis
1526 768 1699 858 omnibus,
1726 771 1782 863 qui
1795 791 1842 841 ex
1854 769 1919 842 boc
1936 768 2045 840 mundo

678 888 739 961 tibi
765 888 976 984 placuerunt:
1003 910 1065 982 per
1097 891 1261 980 gratiam,
1294 897 1358 958 etc.
1515 885 1679 980 Popzdeo.
1732 886 1851 958 Amen

784 1002 970 1076 Sacerdos.
1024 1000 1124 1076 Pax(
1250 1003 1430 1096 tropeum.
1483 1001 1629 1075 Etcum
1656 1002 1773 1097 spiritu
1798 1011 1869 1073 tuo.

783 1118 974 1191 Diaconos.
1025 1121 1147 1192 lterum
1174 1131 1272 1214 atque
1300 1123 1417 1192 iterum
1444 1142 1507 1215 pro
1526 1120 1810 1193 consummatione
1824 1118 2047 1212 mysteriorum

680 1235 798 1311 borum
827 1244 1042 1326 sanctorum,
1070 1238 1179 1308 Deum
1206 1257 1391 1330 precemur.
1629 1314 1633 1325 „

783 1352 968 1423 Sacerdos.
1020 1353 1115 1424 Deus
1147 1373 1270 1443 magne
1303 1362 1338 1423 et
1368 1348 1550 1439 mirabilis,
1583 1352 1639 1445 qui
1674 1347 1837 1422 inclinasti
1873 1348 1986 1420 coelos
2017 1359 2049 1421 et

681 1465 883 1539 descendisti
909 1487 971 1561 pro
998 1476 1115 1538 nostra
1142 1465 1307 1538 bominum
1335 1467 1458 1559 solute,
1487 1470 1602 1561 aspice
1628 1487 1692 1538 nos
1719 1486 1781 1559 per
1797 1464 2047 1536 misericordiam

680 1591 715 1653 et
740 1586 882 1674 matiam
909 1593 1013 1654 tuam:
1040 1582 1184 1656 benedic
1209 1581 1334 1679 populo
1363 1594 1440 1671 tuo,
1467 1594 1502 1655 et
1526 1581 1764 1654 haereditatem
1797 1590 1886 1651 tuam
1914 1600 2049 1651 conser-

680 1719 743 1769 va:
769 1707 806 1770 ut
831 1719 965 1793 semper
991 1707 1025 1768 et
1052 1701 1142 1770 omni
1174 1707 1327 1794 tempore
1359 1697 1531 1773 laudemus
1565 1707 1616 1789 te,
1652 1699 1729 1793 quia
1764 1694 1857 1768 solus
1894 1717 1944 1767 es·
1964 1693 2047 1766 Deus

679 1824 795 1886 noster
834 1837 961 1887 verus:
997 1824 1031 1885 et
1055 1814 1176 1903 Deum*
1199 1813 1331 1886 Patrem
1368 1818 1564 1907 genitorem.
1587 1824 1679 1886 tuum
1711 1823 1746 1884 et
1778 1811 1937 1907 Spiritum
1968 1820 2047 1881 tuum

680 1938 830 2001 sanctum
857 1953 945 2003 nunc
971 1940 1006 2002 et
1031 1952 1188 2027 semper,
1215 1940 1279 2002 etc.

783 2045 944 2138 Populus.
997 2046 1118 2118 Amen.

781 2161 970 2233 Diaconos.
1024 2160 1174 2233 Benedic
1201 2162 1355 2234 Domine.

782 2276 967 2349 Sacerdos.
1020 2276 1169 2349 Benedic
1196 2278 1368 2369 omnibus,
1396 2298 1564 2349 conserva
1592 2298 1729 2367 omnes,
1756 2283 1819 2345 etc.

734 2428 736 2431 ·
790 2391 852 2464 Vei
874 2392 978 2464 eiiam
1001 2393 1269 2464 benedictionem
1282 2417 1351 2487 pro
1369 2393 1605 2465 Ecciecicrnm
1626 2391 1868 2464 comminutae
1891 2396 1928 2461 et
1943 2394 2048 2483 ferto-

678 2531 754 2578 rnm
777 2512 949 2580 varietate
976 2508 1163 2580 diversam:
1189 2532 1258 2604 qun
1282 2512 1433 2582 recitato
1448 2508 1628 2580 Dioconnc
1654 2511 1775 2600 incipit
1796 2505 1964 2599 probrum
1983 2505 2049 2578 Be-

678 2621 831 2696 nedicam
856 2623 1034 2697 Dominum
1060 2627 1094 2695 in
1130 2627 1220 2697 omni
1255 2635 1415 2721 tempore.
1476 2625 1550 2713 Ono
1586 2626 1678 2696 dicto
1714 2623 1840 2694 abeunt
1873 2629 1911 2693 et
1941 2625 2048 2715 fimiter

680 2737 851 2835 Liturqt'a.

678 3516 781 3595 Aliae
813 3523 992 3598 orationes
1022 3521 1067 3600 ad
1099 3524 1388 3599 communionem
1429 3531 1471 3619 et¹
1504 3531 1630 3622 postea
1662 3518 1856 3621 utendae,
1891 3546 1982 3626 quae
2017 3522 2047 3596 in

680 3650 891 3753 quibusdam
929 3651 1122 3733 Codicibus
1161 3654 1342 3758 biturgiae
1378 3652 1521 3732 Jacobi:
1569 3657 1604 3732 in
1636 3653 1712 3733 aliis
1746 3653 1864 3756 Xysti:
1908 3659 1945 3733 in
1982 3654 2047 3731 aliis

1159 3787 1273 3890 Petri,
1305 3786 1580 3893 subjunguntur.

788 4045 885 4155 Cum
912 4078 1127 4149 distribuitur
1155 4082 1362 4166 communio,
1389 4078 1565 4151 Sacerdos
1591 4079 1684 4149 dicit.

664 4229 668 4239 ·
782 4190 945 4284 Sanctus,
972 4193 1134 4281 Sanctus,
1162 4193 1305 4267 Sanctus
1333 4218 1371 4268 es
1398 4195 1561 4283 Domine,
1584 4192 1712 4266 clamat
1737 4191 1907 4267 Ecclesia.
1940 4193 2045 4264 Bene·

677 4305 783 4379 dictus
811 4312 867 4403 qui
894 4309 985 4381 dedit
1009 4308 1088 4380 mibi
1113 4331 1236 4406 eorpus
1259 4320 1298 4393 ¹et
1325 4314 1521 4404 sanguinem
1548 4333 1663 4399 suum,
1690 4317 1726 4380 ut
1750 4331 1813 4404 per
1833 4332 1911 4381 eum
1929 4310 2043 4402 expia-

676 4425 799 4494 tionem
828 4446 1064 4520 consequerer.
1118 4424 1277 4497 Sanctum
1304 4436 1394 4500 tuum
1421 4427 1620 4522 deprecetur
1646 4446 1708 4522 pro
1735 4424 1832 4497 nobis
1862 4423 2044 4516 injudicio,
2137 4443 2142 4453 ·

677 4561 791 4611 coram
818 4539 936 4613 throno
963 4540 1021 4613 illo
1049 4539 1150 4636 pleno
1178 4545 1306 4615 timoris
1333 4553 1367 4615 et
1400 4546 1547 4616 terroris.
1604 4542 1680 4635 Ego
1714 4564 1787 4615 sum
1819 4543 1919 4635 panis
1952 4542 2044 4624 vitae,

677 4655 755 4727 dicit
779 4657 956 4729 Dominus:
1000 4666 1034 4728 et
1069 4660 1124 4751 qui
1159 4658 1336 4731 manducat
1369 4682 1423 4731 me
1457 4682 1531 4761 cum
1572 4658 1658 4749 fide,
1689 4662 1792 4731 vitam
1826 4653 2043 4727 haereditabit

678 4769 741 4855 Qui
786 4771 901 4843 vident
943 4793 1066 4868 corpus
1109 4776 1217 4869 ipsum
1265 4774 1321 4845 biii
1357 4799 1438 4872 cnm
1475 4774 1559 4847 tide:
1613 4779 1667 4871 qui
1715 4778 1802 4846 inter
1850 4792 1913 4843 eos
1952 4787 2044 4864 puros

677 4895 746 4974 est,
783 4886 941 4978 accedat,
976 4880 1120 4984 illudque
1157 4893 1338 4986 suscipiat,
1376 4902 1410 4962 et
1444 4912 1505 4986 per
1541 4890 1617 4962 illud
1653 4892 1788 4963 veniam
1823 4894 2043 4981 consequetur.

675 4997 857 5075 Benedicta
885 5002 1009 5094 Maria,
1037 5014 1072 5076 et
1096 5004 1293 5079 benedictus
1320 5003 1447 5079 fructus
1475 5008 1531 5101 qui
1557 5029 1603 5078 ex
1629 5005 1870 5079 illaortusest:
1899 5002 2043 5100 quonian
