4525 6034
673 557 749 632 344
1243 559 1476 636 NOTAE

671 745 768 825 magis
792 762 880 824 quam
901 743 1053 805 Romanae
1075 741 1234 806 Ecclesiae
1258 761 1336 824 quae
1363 742 1471 805 omittit
1491 751 1609 823 partem
1631 743 1795 806 verborum
1818 742 1856 805 ab
1878 742 2046 826 Evangeli-

399 864 477 917 Μ
501 865 530 916 3.
556 864 586 928 ρ,
612 864 659 918 68.
672 843 727 903 stis
750 843 930 905 relatorum:
954 842 1045 904 etad
1068 843 1329 904 consecrationem
1352 840 1455 903 calicis
1477 841 1683 922 spectantibus
1706 842 1764 904 alia
1786 840 1933 922 adjunxit,
1958 859 2044 921 quae,

350 949 443 1003 τιὸ.

673 947 706 1003 ut
735 949 820 1005 recte
848 949 933 1007 notat
961 940 991 1003 S.
1022 940 1170 1018 Thomas,
1206 939 1364 1003 Ecclesiae
1392 939 1552 1003 traditione
1580 939 1763 1002 sufficienter
1791 937 2046 1001 commendantur.

673 1038 762 1113 Quod
784 1040 821 1119 si,
844 1048 877 1102 ut
905 1040 974 1103 olim
1005 1039 1042 1101 ab
1070 1040 1183 1119 aliquot
1211 1038 1379 1101 bominibus
1408 1038 1519 1100 iactum
1549 1046 1612 1114 est,
1646 1038 1683 1100 lis
1711 1046 1870 1102 moveatur
1901 1038 2047 1100 adversus

672 1137 844 1200 orientales
867 1139 905 1201 de
929 1136 1194 1200 sacramentorum
1216 1136 1332 1214 formis,
1355 1154 1456 1216 neque
1478 1136 1537 1198 ulla
1560 1136 1743 1213 admittatur,
1766 1144 1798 1198 ut
1821 1136 1967 1219 legitima,
1990 1135 2047 1196 nisi

670 1235 785 1299 Latinis
807 1237 911 1298 verbis
933 1236 1102 1317 syllabatim
1125 1239 1295 1307 conveniat
1316 1235 1397 1297 nulla
1420 1237 1451 1296 in
1471 1235 1610 1298 Ecclesia
1627 1235 1775 1298 Orientali
1796 1250 1929 1314 unquam
1951 1231 2044 1295 inisse

672 1335 864 1399 Sacramenta
895 1342 1039 1415 sequetur
1067 1334 1259 1397 necessario:
1295 1334 1378 1396 nulla
1403 1332 1514 1396 dudum
1541 1352 1707 1414 superesse
1740 1336 1772 1397 in
1802 1333 1861 1396 illis
1888 1329 2044 1406 Ecclesiis,

672 1452 738 1496 com
762 1433 869 1514 quibus
893 1441 991 1495 tamen
1014 1431 1147 1494 Romana
1172 1431 1418 1495 communionem
1441 1433 1545 1496 tenuit.

723 1713 758 1781 5.
798 1708 966 1779 Memento
993 1707 1140 1779 Domine
1167 1709 1298 1803 Regum
1324 1711 1515 1803 petiveram
1537 1707 1753 1800 Religionem
1774 1710 1995 1800 profitentia.

783 1898 820 1976 lu
843 1918 875 1972 ut
898 1909 969 1972 alibi
990 1912 1158 1974 monuimus
1181 1910 1357 1973 translatum
1385 1918 1496 1972 estex
1516 1910 1616 1971 veteri
1637 1908 1776 1987 formula,
1794 1911 1886 1991 juxta
1909 1908 2045 1988 discipb·

671 2033 739 2077 nam
762 2012 1017 2088 Ecclesiasticam,
1040 2029 1118 2093 quae
1142 2015 1295 2074 orationes
1325 2028 1382 2094 pro
1405 2012 1540 2093 Regibus
1562 2014 1653 2075 etiam
1680 2029 1742 2076 non
1772 2010 1954 2074 Christianis
1983 2011 2045 2074 beri

670 2110 839 2196 praecepit,
861 2129 902 2173 ex
923 2109 1141 2190 Apostolorum
1172 2109 1318 2174 doctrina.
1369 2109 1601 2174 Affectatinnem
1634 2112 1665 2171 in
1694 2109 1840 2183 Jacobitis
1871 2112 1993 2172 nimiam
2020 2111 2045 2172 si

671 2211 739 2291 quis
762 2209 833 2271 inde
861 2208 1054 2289 suspicetur,
1084 2217 1184 2271 natam
1212 2228 1253 2271 ex
1279 2215 1400 2271 vetusto
1427 2208 1576 2272 adversus
1608 2209 1809 2288 lnperatores
1838 2207 2044 2282 orthodoxos,

671 2311 722 2390 qui
745 2307 814 2370 illos
837 2315 1051 2388 represserunt
1074 2307 1156 2387 odio,
1180 2306 1301 2370 babebit
1324 2315 1499 2390 argumenta
1519 2326 1578 2370 nou
1595 2325 1692 2388 pauca
1706 2307 1815 2387 quibus
1839 2306 2044 2386 conjecturam

668 2414 798 2469 tueatur.
842 2405 1001 2468 Maledicta
1030 2406 1278 2469 animadversus
1308 2406 1493 2469 Marcianum
1522 2406 1604 2488 quod
1635 2404 1771 2469 Concilio
1802 2403 2046 2467 Calchedoueasi

670 2505 791 2584 laverit,
813 2505 934 2584 pietatis
957 2511 1073 2585 partem
1096 2504 1239 2567 videntur
1260 2505 1461 2585 enistimasse,
1484 2523 1552 2567 cum
1582 2522 1619 2566 ea
1641 2522 1702 2567 nou
1732 2503 1822 2566 modo
1852 2503 1884 2563 in
1914 2503 2044 2565 historiis

668 2603 816 2683 librisque
839 2601 1043 2686 Theologieis,
1068 2602 1122 2665 sed
1146 2604 1235 2664 etiam
1258 2603 1288 2663 in
1310 2601 1469 2685 precibuS,
1499 2611 1599 2665 tamen
1622 2610 1709 2665 extra
1733 2600 1888 2680 biturgias
1911 2619 2045 2684 conges-

669 2703 779 2765 serint:
802 2708 836 2762 ut
858 2702 887 2762 in
911 2700 1024 2781 aliquot
1047 2701 1181 2781 Syriacis
1204 2700 1308 2763 olbciis
1331 2701 1577 2764 observavimus:
1601 2719 1668 2764 nam
1692 2699 1915 2762 moderatiores
1936 2700 1995 2762 boc
2015 2701 2044 2761 ia

669 2818 787 2882 genere
810 2799 954 2881 Aegyptii
977 2798 1107 2863 luerunt.
1154 2798 1215 2860 lmo
1237 2798 1427 2875 Nestoriani,
1456 2801 1527 2863 licet
1549 2802 1579 2861 in
1601 2801 1665 2862 suis
1689 2814 1809 2881 quoque
1834 2796 1947 2859 Officiis
1971 2816 2045 2878 quae

669 2903 701 2961 in
722 2897 793 2960 Beit
813 2900 911 2974 Geso,
932 2900 998 2961 sive
1022 2897 1180 2961 Thesauro
1204 2916 1260 2961 suo
1289 2900 1481 2961 continentur
1503 2899 1675 2961 Nestorium
1705 2897 1839 2973 laudent,
1862 2897 1947 2976 quod
1970 2914 2044 2959 con-

670 2998 789 3060 triverit
819 3006 910 3079 eapnt
940 2998 1091 3077 serpentis
1120 2996 1241 3077 Cyrilli‚
1264 2997 1415 3059 abstinent
1441 3006 1541 3061 tamen
1564 3016 1581 3059 a
1604 2998 1748 3060 conviciis
1771 2995 1921 3058 adversus
1944 2995 2044 3057 'l’heo-

671 3096 787 3160 dosium
808 3096 1033 3179 imperatorem.
1080 3094 1121 3156 At
1142 3093 1298 3158 Jacobitae
1321 3096 1390 3176 Syri
1418 3097 1537 3159 modum
1565 3114 1627 3157 non
1649 3103 1821 3179 terruerunt,
1844 3103 1877 3156 et
1900 3112 1970 3156 cum
1990 3095 2043 3156 sub

670 3194 793 3257 Zenone
816 3202 846 3257 et
868 3193 1041 3272 Anastasio,
1065 3209 1143 3275 quos
1172 3201 1312 3275 tanquam
1343 3195 1470 3259 Sanctus
1493 3203 1693 3273 venerantur,
1722 3203 1753 3257 et
1783 3210 1883 3254 annua
1911 3212 2044 3257 comme-

670 3295 838 3356 moratione
861 3292 1027 3370 celebrant‚
1051 3292 1209 3374 plurimum
1237 3301 1381 3376 possent,
1409 3302 1604 3375 veteremque
1628 3290 1879 3356 consuetudinem
1902 3292 2044 3356 orationis

670 3410 727 3473 pro
751 3391 927 3454 Christianis
950 3391 1185 3471 imperatoribus
1208 3393 1238 3454 in
1261 3392 1395 3475 biturgia
1418 3391 1575 3455 faciendae
1597 3400 1814 3471 renovassent,
1846 3407 1914 3451 eam
1936 3399 2041 3470 postea

669 3492 869 3569 retinuerunt,
892 3489 949 3552 etsi
971 3497 1094 3569 praeter
1116 3488 1219 3571 Reges
1241 3490 1421 3571 Aethiopiae
1450 3498 1480 3553 et
1501 3490 1628 3568 Nubiae,
1652 3491 1750 3554 nullos
1773 3509 1813 3553 en
1835 3506 1893 3550 sua
1916 3498 2044 3551 senten·

670 3591 712 3650 tia
735 3588 928 3652 Ortbodoxos
952 3597 1166 3670 agnoscerent.

861 3847 896 3918 6·
930 3848 1098 3919 Memento
1126 3847 1284 3935 Domine,
1308 3850 1498 3941 praecipue
1524 3847 1650 3918 Jocobi
1674 3848 1860 3919 Borodoti.

764 4039 855 4132 Qooo
878 4052 1003 4125 autoris,
1026 4051 1051 4112 si
1075 4051 1177 4114 titulus
1199 4059 1232 4113 ut
1253 4051 1404 4133 legitimus
1434 4051 1622 4131 agnoscitur,
1644 4068 1752 4112 nomen
1774 4050 1935 4130 Diptycbis
1959 4053 2044 4113 inse-

671 4155 758 4231 ritur,
782 4153 935 4227 novitatiS,
957 4160 1008 4214 aut
1029 4154 1247 4233 suppositionis
1271 4161 1386 4216 certum
1404 4161 1612 4235 argumentum
1634 4171 1694 4215 nou
1717 4164 1775 4231 est,
1798 4156 1936 4235 quamvis
1958 4154 2044 4216 aliter

671 4253 779 4315 Riveto
802 4252 898 4313 visum
922 4250 1020 4329 fuerit,
1043 4269 1150 4331 parum
1174 4250 1282 4313 idoneo
1306 4260 1443 4315 veterum
1455 4252 1737 4315 Ecclesiasticorum
1760 4253 1944 4333 scriptorum
1967 4272 2043 4314 cen·

671 4352 745 4426 sori,
768 4351 820 4431 qui
842 4349 994 4432 Liturgios
1007 4347 1124 4426 iacobi,
1147 4350 1248 4412 Basilii
1272 4359 1303 4413 et
1317 4349 1524 4431 chrysostomi
1548 4349 1656 4412 frivola
1672 4351 1729 4413 ista
1741 4351 1858 4413 ratione
1874 4353 2040 4434 impugnat,

672 4451 758 4531 cujus
781 4450 952 4511 inanitatem
975 4448 1045 4511 alibi
1058 4449 1286 4513 confutavimus.
1322 4451 1402 4513 Fieri
1428 4451 1548 4513 omnino
1570 4452 1679 4530 potuit,
1702 4458 1734 4511 ιιι
1755 4451 1945 4513 recentiores
1968 4449 2042 4509 bne

671 4548 838 4631 Liturgiae,
862 4564 939 4627 quae
961 4554 995 4609 ut
1018 4545 1125 4610 Graeci
1149 4557 1271 4611 autores
1305 4548 1440 4611 nonnulli
1462 4549 1717 4625 observaverunt,
1748 4567 1765 4610 a
1786 4547 1934 4611 Jacnbitis
1957 4565 2043 4609 com-

671 4649 790 4728 positae
813 4652 892 4724 sunt,
916 4664 954 4708 eo
977 4648 1165 4726 potissimum
1188 4648 1315 4711 consilio
1337 4647 1436 4710 iactae
1458 4650 1535 4725 sint,
1565 4656 1597 4709 ut
1620 4650 1649 4710 in
1674 4647 1758 4709 iestis
1782 4647 1888 4710 diebus
1912 4664 1989 4728 quos
2011 4647 2042 4707 iu

672 4747 845 4809 memoriam
881 4745 1000 4807 illorum
1033 4754 1307 4824 consecraverant,
1342 4747 1580 4811 celebrarentur.
1636 4748 1678 4810 lta
1710 4764 1820 4808 nomen
1848 4746 1929 4809 illius
1956 4746 2041 4825 cujus

672 4846 815 4907 memoria
839 4843 996 4927 agebatur,
1018 4844 1176 4926 Diptycbis
1199 4847 1291 4908 inseri
1304 4844 1448 4908 debebat:
1471 4846 1562 4926 atque
1579 4846 1649 4909 inde
1670 4844 1760 4922 torte,
1782 4854 1817 4907 ut
1839 4845 1910 4907 alibi
1933 4844 2043 4906 obser-

672 4952 773 5006 vatum
796 4952 853 5017 est,
875 4942 1023 5023 originem
1055 4943 1225 5006 babuerunt
1254 4944 1369 5006 illarum
1398 4945 1492 5023 tituli,
1520 4964 1597 5026 quae
1628 4946 1748 5008 uomina
1775 4963 1851 5026 prae
1879 4963 1916 5006 se
1943 4943 2042 5006 ienmt

673 5050 810 5107 autorum
833 5042 885 5121 qui
906 5042 1047 5104 vixerunt
1069 5050 1139 5106 ante
1160 5042 1376 5106 Mubamedana
1399 5052 1544 5125 tempora.
