4525 6034
616 591 647 667 S.
680 588 896 666 arescunt
929 589 1163 685 tristent,
1192 605 1241 666 uc.
1532 592 1611 667 495

232 780 338 850 nostri
346 830 357 867 ‚
392 786 413 861 †
443 781 476 849 iu
509 799 633 873 corpus
660 775 748 871 quod
781 776 1026 849 commendavit
1051 778 1214 851 Dominus
1248 788 1282 850 et
1306 781 1400 852 Deus
1433 787 1549 851 noster
1574 781 1609 850 in

233 895 416 966 coenaculo
440 893 615 989 Apostolis
642 896 712 966 suis
738 896 876 983 sanctis,
902 900 923 975 τ
949 897 983 964 in
1009 913 1132 987 corpus
1160 894 1249 987 quod
1275 893 1471 967 transfixum
1497 903 1550 968 est
1575 896 1610 966 in

233 1009 424 1102 Golgotbae
455 1013 585 1082 vertice
616 1032 679 1105 pro
706 1001 781 1080 'vita
814 1008 939 1080 mundi:
972 1012 1007 1079 in
1039 1030 1163 1104 corpus
1204 1009 1294 1106 quod
1330 1019 1438 1082 ortum
1476 1019 1529 1082 est
1563 1033 1610 1083 ex

231 1125 375 1217 Virgine
401 1126 572 1199 Geniuice
606 1124 671 1196 Dei
706 1124 829 1213 blaria3
862 1147 985 1220 corpus
1011 1124 1147 1197 Domini
1175 1137 1208 1198 et
1242 1128 1306 1198 Dei
1332 1129 1448 1213 nostri,
1475 1129 1508 1196 iu
1543 1149 1609 1220 quo

231 1245 373 1313 virtutes
396 1241 590 1314 mirabiliter
617 1239 872 1313 demonstravit:
901 1240 988 1335 quod
1007 1240 1097 1312 dedit
1114 1239 1211 1314 nobis
1229 1241 1272 1313 ad
1290 1245 1515 1338 expiationem
1542 1242 1609 1316 de-

230 1355 398 1447 lictorum,
422 1360 654 1429 remissionem
682 1365 897 1451 peccatorum
925 1365 959 1427 et
984 1359 1295 1429 vitam-aeternam.

336 1473 499 1568 Papulae.
552 1475 672 1545 Amen.
979 1552 993 1564 ⁸

336 1588 521 1660 Sacerdos.
574 1588 732 1659 Similiter
768 1596 801 1658 et
835 1587 974 1659 calicem
1010 1598 1207 1661 transmutet
1250 1591 1284 1659 in
1323 1594 1520 1682 sanguinem
1553 1593 1609 1684 qui

232 1703 369 1777 stillavit
395 1727 497 1800 super
523 1707 684 1775 verticem
713 1702 902 1794 Golgotbae
938 1702 980 1774 ad
1012 1704 1122 1775 muudi
1156 1707 1382 1800 expiationem
1407 1707 1435 1792 †
1461 1709 1495 1776 in
1522 1727 1608 1776 san-

232 1821 367 1911 guinem
402 1818 491 1891 illum
524 1819 750 1892 vivificantem
787 1819 817 1905 †
849 1828 883 1890 et
915 1822 1179 1914 propitiatorium
1222 1823 1365 1893 omnium
1406 1819 1609 1892 macularum

232 1943 434 2024 nostrarum,
461 1938 489 2023 †
515 1938 547 2007 in
576 1938 773 2026 sauguinem
799 1932 889 2005 illum
918 1938 973 2028 qui
999 1937 1121 2031 pignus
1148 1941 1241 2008 vitae
1266 1934 1364 2008 nobis
1391 1945 1443 2009 est
1468 1935 1510 2007 ad
1538 1928 1609 2007 ex-

230 2054 411 2147 piationem
439 2047 645 2138 delictorum,
671 2054 904 2124 remissionem
930 2061 1157 2147 peccatorum,
1184 2061 1219 2124 et
1245 2055 1349 2124 vitam
1376 2061 1557 2124 aeternam.

336 2167 499 2259 Populea.
551 2168 672 2241 Amen.

337 2282 522 2355 Sacerdos.
575 2283 649 2356 lloc
680 2279 695 2316 ⁴
722 2293 775 2356 est
800 2304 923 2377 corpus
951 2292 985 2354 et
1011 2285 1149 2375 sanguis
1169 2281 1292 2355 Christi
1317 2284 1383 2355 Dei
1409 2285 1531 2372 uostri3
1557 2280 1610 2355 bic

200 2409 285 2471 'est
318 2397 543 2487 indivisibilis,
579 2410 613 2471 et
647 2397 875 2486 immutabilis3
901 2396 954 2469 bic
990 2401 1124 2492 estqui
1157 2421 1225 2471 non
1257 2397 1427 2490 subjectus
1454 2401 1610 2494 tempori,

232 2499 328 2586 visus
355 2525 467 2586 tamen
495 2525 562 2586 est:
590 2516 663 2609 ipse
691 2512 906 2586 absconditus
933 2512 976 2586 ab
1004 2512 1177 2602 omnibns,
1205 2518 1261 2609 qui
1286 2513 1513 2588 manifestatus
1542 2526 1609 2604 est3

231 2633 306 2725 ipse
342 2632 397 2725 qui
428 2630 470 2701 ad
501 2630 675 2702 dexteram
709 2629 818 2700 Patris
846 2629 959 2718 sedet,
1000 2633 1055 2724 qui
1081 2653 1157 2702 cum
1182 2632 1283 2702 Patre
1309 2639 1343 2702 et
1369 2631 1492 2726 Spiritu
1519 2622 1608 2705 dona

232 2745 389 2838 largitur:
425 2750 480 2842 qui
512 2749 661 2842 peccatis
696 2749 821 2817 nostris
848 2748 982 2818 veniam
1010 2745 1179 2835 concedit,
1198 2729 1334 2841 'quique
1360 2747 1463 2821 solvit
1489 2744 1609 2818 delicta

231 2872 365 2934 nostra:
393 2865 449 2956 qui
476 2861 584 2933 aufert
611 2884 652 2933 ea
679 2883 765 2955 quae
791 2864 985 2957 insipienter
1011 2864 1152 2953 egimus,
1182 2863 1237 2955 qui
1264 2862 1399 2936 mundat
1424 2862 1608 2934 couscien-

232 2980 296 3050 tias
332 2987 482 3051 nostras:
517 2981 571 3070 qui
598 2975 757 3048 illuminat
797 2977 1040 3073 simplieitatem
1077 2988 1246 3049 nostram:
1282 2982 1338 3072 qui
1376 2976 1505 3074 perficit
1545 2995 1609 3047 nos

232 3094 316 3166 lilios
343 3096 447 3189 patris
475 3097 544 3166 sui:
572 3096 627 3187 qui
653 3095 793 3164 vocavit
819 3113 881 3164 nos
907 3092 1030 3164 fratres
1056 3115 1118 3188 per
1135 3095 1278 3185 gratim
1297 3113 1410 3164 suam:
1437 3095 1493 3186 qui
1519 3090 1611 3163 dedit

232 3209 331 3283 nobis
366 3213 527 3304 mysteria
560 3207 644 3280 baec
679 3207 721 3279 ad
755 3211 982 3302 expiationem
1017 3220 1184 3281 nostram:
1220 3210 1276 3302 qui
1310 3206 1419 3280 aulert
1453 3232 1473 3280 a
1509 3206 1608 3311 nobis

233 3325 352 3420 plagas
378 3323 521 3413 brroris3
548 3329 604 3420 qui
631 3323 802 3396 advitam
829 3334 1049 3397 revocaturus
1077 3334 1130 3396 est
1163 3345 1309 3418 corpora
1334 3330 1470 3410 nostra,
1497 3326 1607 3394 mise-
1702 3329 1707 3336 ’

232 3438 477 3536 ricordiamqne
503 3450 538 3512 et
563 3438 771 3512 clementiam
799 3461 892 3511 suam
920 3443 1048 3513 exoriri
1073 3439 1177 3512 faciet
1202 3461 1304 3534 super
1331 3460 1468 3510 omnes:
1494 3439 1549 3508 cui
1575 3445 1609 3507 et

232 3558 323 3628 Patri
351 3558 436 3647 ejus,
463 3565 497 3628 et
523 3555 659 3652 Spiritui
686 3557 759 3646 ejus
786 3565 904 3627 sanato
931 3557 1058 3646 gratias
1085 3576 1226 3647 agamus
1251 3576 1339 3626 nuuc
1366 3563 1400 3625 et
1425 3574 1569 3648 semper.

336 3671 500 3765 Pupulus.
551 3673 672 3746 Amen.

330 3787 507 3859 Sacerdos
532 3788 724 3860 incitantur.
777 3785 946 3859 Memento
972 3787 1126 3873 Domine,
1153 3810 1215 3883 per
1241 3789 1383 3880 gratiam
1411 3796 1445 3857 et
1470 3787 1609 3857 miseri-

233 3901 382 3975 cordiam
409 3912 496 3974 tuam
522 3904 673 3990 multam,
701 3905 834 3975 Patrum
858 3911 1047 3974 nostrorum
1060 3901 1254 3993 tenuram,
1281 3906 1337 3997 qui
1362 3923 1451 3974 nune
1476 3902 1608 3988 vivunt,

233 4029 333 4114 utque
366 4018 544 4113 praeclari
566 4020 743 4093 Antistites
783 4017 881 4089 uobis
916 4016 1014 4088 bodie
1052 4030 1227 4114 praesunt:
1262 4016 1478 4091 Patriarcbae
1518 4015 1608 4088 sedis

231 4134 453 4230 Apostolicae
480 4136 615 4206 Domini
646 4134 687 4205 N.
724 4141 757 4205 et
782 4131 1020 4228 Metropolitae
1045 4138 1150 4206 nostri
1176 4131 1380 4221 venerandi,
1406 4131 1541 4202 Domini
1567 4128 1609 4201 N.

230 4251 502 4345 reliquorumque
527 4250 795 4322 Patriarabarum
822 4247 1106 4338 Ortbodoxorum,
1134 4254 1190 4344 qui
1215 4249 1315 4322 bodie
1342 4253 1377 4321 in
1402 4249 1492 4319 vivis
1519 4253 1609 4332 sunt,

233 4376 267 4438 et
297 4388 360 4461 pro
395 4364 551 4438 Ecclesia
585 4376 642 4438 tua
677 4375 793 4439 sanata
825 4364 1006 4436 decertant.
1058 4364 1228 4463 Memento
1261 4367 1427 4451 Domine,
1460 4362 1610 4433 universi

232 4482 442 4577 Presbyterii
469 4484 501 4552 in
528 4481 681 4571 Christo,
708 4484 874 4575 totiusque
908 4478 1033 4552 ordinis
1060 4481 1288 4556 Sacerdotalis
1319 4477 1550 4554 Ecclesiastici
1577 4484 1611 4545 et

233 4597 447 4689 Evangelia,
474 4600 528 4692 qui
556 4607 650 4669 recte
682 4597 878 4669 confitentur
910 4606 963 4667 te:
994 4594 1138 4669 benedic
1168 4598 1313 4671 Domine
1344 4619 1407 4692 per
1440 4595 1610 4668 orationes

234 4735 351 4786 eorum
379 4712 603 4808 acceptabiles
639 4713 905 4795 coronassent,
942 4733 1003 4806 per
1036 4710 1161 4784 imbres
1194 4722 1401 4809 opportunos
1434 4712 1611 4782 matutinos

235 4839 269 4901 et
295 4833 477 4901 serotinos:
504 4828 647 4901 benedic
674 4850 773 4902 omne
789 4848 896 4919 genus
922 4824 1057 4917 frugum
1083 4839 1117 4900 et
1143 4828 1319 4919 fructuum,
1346 4825 1433 4924 quod
1460 4824 1502 4896 ad
1529 4845 1612 4896 sus-

232 4944 407 5016 tentandas
443 4956 615 5017 creaturas
649 4957 724 5017 tuas
751 4927 955 5038 produxisti,
989 4964 1055 5014 uon
1083 4967 1251 5020 revocans
1285 4948 1318 5016 iu
1351 4944 1612 5029 memoriamo
