4525 6034
332 588 373 667 Ill
389 587 573 668 ChlldllEhl
592 588 818 666 GENERALEM
836 587 921 665 SIVE
936 587 1145 664 Lll'llllGlAll
1161 585 1431 665 tutulorroxu.
1494 587 1567 665 511

199 775 230 838 in
242 781 329 836 utero
341 773 469 838 blariae:
491 776 545 856 qui
561 774 678 854 socrant
689 772 831 852 ὑιίωιεεε,
845 772 1031 852 [amabitur
1043 774 1075 833 in
1094 779 1132 851 te,
1156 779 1188 835 et
1203 772 1455 855 significationem
1469 791 1571 856 agno·

199 875 251 951 rit,
276 892 353 954 quac
366 877 512 957 mysterio
525 872 733 937 Eucharistiae
754 874 883 935 maxime
907 873 1093 934 convenicus
1116 878 1175 951 est,
1197 873 1362 935 secundum
1374 871 1572 937 Orientalium

199 972 404 1056 Theologiarn.
447 973 536 1037 Nulla
564 975 643 1035 enim
673 974 702 1033 in
730 990 834 1034 corum
864 972 986 1052 scriptis
1007 970 1197 1051 frequentior
1219 973 1403 1054 comparatio
1426 975 1570 1055 occurrit,

199 1090 288 1153 quam
299 1072 505 1136 Eucharistiae
521 1091 587 1135 curn
609 1070 830 1142 lncarnatioue,
853 1089 941 1151 quam
965 1073 1004 1133 ita
1027 1071 1132 1152 paucis
1155 1071 1258 1134 verbis
1282 1072 1463 1152 exprimunt.
1486 1074 1573 1136 Sicatt

198 1175 412 1252 ammonem
440 1173 573 1252 Spiritus
598 1179 722 1234 ronchis
747 1174 780 1233 in
809 1170 845 1235 B.
874 1171 1024 1250 Virginem
1051 1172 1161 1232 naboe
1192 1170 1340 1233 Altiaaimi
1368 1190 1437 1233 com
1464 1172 1572 1235 obunc-

198 1271 323 1347 hruntc,
348 1271 496 1351 formavit
523 1292 564 1333 ex
585 1289 640 1349 eo,
671 1279 701 1333 rt
720 1273 753 1332 in
776 1290 830 1347 eo,
852 1288 964 1350 corpu-r
985 1272 1018 1331 in
1039 1290 1097 1351 qato
1119 1271 1214 1332 Fiam
1234 1271 1295 1333 Dei
1314 1273 1493 1334 incantatam
1515 1280 1572 1347 cst,

196 1373 242 1433 ito
264 1373 399 1433 amdam
421 1371 563 1450 Sphihan
585 1378 722 1432 amicatur
744 1371 939 1449 ropmeairc
960 1377 991 1431 ct
1011 1369 1097 1430 illabi
1116 1371 1149 1430 in
1170 1371 1252 1431 άοηα
1277 1373 1452 1451 proposito,
1481 1380 1511 1434 ct
1532 1392 1574 1433 car

196 1472 259 1532 illis
283 1471 423 1549 [murore
444 1488 556 1550 corpus
582 1470 652 1531 Filii
677 1469 745 1531 Dei.
789 1469 833 1531 Ea
861 1469 954 1552 igitur
983 1469 1080 1531 oratio
1109 1469 1260 1550 siguificat
1288 1471 1349 1551 peti
1380 1489 1396 1532 a
1425 1472 1509 1550 Deo,
1539 1479 1574 1533 ut

198 1571 421 1652 perspiritum
455 1587 541 1632 suum
570 1575 706 1635 sanctum
728 1568 837 1631 formet
860 1570 889 1629 in
920 1568 1006 1630 altari
1035 1586 1149 1649 corpus
1179 1576 1210 1631 et
1239 1570 1419 1653 sanguinem
1448 1569 1572 1650 Christi,

199 1671 276 1732 sicut
308 1672 337 1731 in
360 1670 485 1751 Virgine
515 1667 671 1732 formatum
699 1676 761 1743 est;
783 1685 844 1730 non
865 1685 941 1730 vero
962 1669 995 1728 in
1024 1687 1117 1730 sucro
1146 1666 1263 1743 Coeno,
1294 1670 1352 1732 hoc
1382 1677 1429 1732 est
1458 1689 1573 1733 secun-

199 1769 268 1857 dum
298 1767 457 1831 Ludoliurn
486 1768 517 1829 in
542 1769 741 1849 perceptione
770 1768 968 1844 sacramenti,
1007 1785 1085 1848 quae
1111 1785 1174 1830 uon
1202 1769 1260 1831 uisi
1290 1768 1381 1853 longo
1412 1771 1573 1834 intervallo

199 1872 346 1950 sequitur.
392 1867 490 1949 thue
513 1867 610 1931 eidem
639 1868 854 1949 comparationi
883 1868 1069 1943 insistamus,
1099 1884 1160 1929 nou
1189 1885 1228 1929 ex
1258 1869 1434 1949 conjectura
1464 1878 1573 1950 umen,

201 1968 255 2030 sed
278 1968 446 2031 secundum
459 1969 524 2048 ipsa
539 1966 736 2030 Orientalium
750 1966 976 2048 Theologorum
997 1967 1102 2043 verba,
1124 1974 1158 2029 ut
1170 1964 1386 2032 lncarnationis
1398 1969 1575 2050 mysterium

198 2076 352 2131 momento
381 2064 549 2148 perlectum
577 2074 640 2143 est,
670 2067 710 2127 ita
736 2068 826 2130 unico
854 2074 1004 2129 momento
1034 2067 1120 2146 panis
1148 2074 1179 2128 et
1208 2065 1287 2129 calix
1309 2068 1384 2131 liunt
1406 2086 1519 2151 corpus
1542 2076 1574 2132 ct

199 2167 325 2250 sangms
349 2165 468 2229 Christi.
512 2166 593 2228 llaec
614 2164 761 2228 Ludollus
783 2185 824 2228 ex
845 2165 918 2228 solis
940 2164 1083 2247 Liturgiis
1106 2164 1226 2228 discere
1248 2172 1377 2247 poterat,
1401 2168 1432 2230 in
1454 2168 1573 2250 quibus,

200 2267 226 2329 si
248 2265 324 2347 quid
345 2283 406 2329 non
429 2267 503 2328 satis
525 2265 707 2346 explicatum
729 2265 888 2328 videbatur
909 2264 1020 2327 homini
1042 2265 1240 2326 Protestanti:
1270 2265 1337 2328 aliis
1359 2269 1438 2330 enirn
1460 2285 1574 2330 sunum

199 2384 324 2447 semper
356 2364 514 2446 apparebit
545 2365 662 2426 illarum
697 2365 864 2427 orationum
893 2363 1112 2445 perspicuitas,
1143 2363 1304 2444 exquirere
1335 2365 1465 2430 debebat
1495 2384 1574 2447 quae

199 2464 427 2528 Alexandrinae
448 2462 606 2527 Ecclesiae
637 2463 711 2527 bdes
741 2472 773 2526 et
794 2462 931 2528 doctrina
958 2461 1053 2542 soret,
1087 2471 1139 2525 aut
1160 2464 1311 2545 manando
1333 2463 1576 2548 intelligerentur

200 2582 217 2626 a
240 2564 423 2628 Patriarchis
446 2571 478 2626 et
500 2563 663 2645 Theologis
685 2562 840 2627 Invocatio
863 2563 993 2645 Spiritus
1016 2565 1129 2641 sancti,
1160 2571 1191 2624 et
1220 2562 1379 2628 Confessio
1408 2564 1478 2629 fidei
1505 2574 1576 2630 ante

200 2664 410 2727 Eucharistiae
438 2662 692 2726 distributionem:
723 2663 829 2726 saltem
859 2663 982 2726 easdem
1004 2664 1159 2727 orationes
1180 2662 1324 2746 Aethiopi
1346 2683 1402 2729 suo
1424 2666 1575 2749 Gregorio

201 2781 394 2846 proponere,
418 2781 479 2827 non
502 2761 663 2839 absurdas,
687 2770 720 2824 et
741 2763 956 2845 aenigmaticas
979 2762 1136 2825 doctrinae
1159 2762 1333 2828 Catholicae
1355 2765 1575 2845 expositiones.

201 2865 316 2926 verum
346 2865 395 2944 qui
424 2863 462 2925 de
493 2861 608 2924 duabus
637 2862 696 2924 illis
719 2860 855 2924 formulis
878 2862 1004 2924 verbum
1026 2879 1087 2923 non
1116 2862 1239 2942 lecerit,
1269 2880 1346 2944 quae
1379 2864 1409 2924 in
1437 2863 1575 2926 omnibus

202 2963 347 3046 liturgiis
369 2970 556 3042 repetuntur,
580 2961 661 3023 illum
683 2962 773 3024 multa
797 2962 854 3026 alia
878 2978 955 3043 quae
978 2962 1008 3023 in
1029 2962 1135 3042 paucis
1159 2980 1235 3043 quoa
1258 2962 1331 3025 vidit
1348 2963 1431 3025 libris
1444 2962 1575 3026 Aethio-

201 3063 277 3144 picis
301 3061 514 3140 occurrebaut‚
537 3060 752 3138 dissimulasse,
774 3078 836 3123 non
856 3061 954 3123 inanis
976 3061 1108 3141 suspicio
1131 3069 1188 3124 est.

289 3161 325 3223 ln
338 3161 473 3224 secundo
488 3161 658 3224 testimonio
670 3161 860 3239 observatur,
885 3158 1009 3222 tonnam
1024 3159 1102 3222 illam
1119 3180 1159 3222 ex
1173 3160 1238 3224 aliis
1250 3160 1394 3245 Liturgiis
1409 3162 1575 3226 desumtam

204 3278 292 3338 esse,
325 3261 375 3323 ubi
405 3259 582 3341 frequenter
610 3261 762 3338 occurrit,
792 3267 823 3321 et
845 3260 1023 3340 praesertim
1044 3261 1074 3322 in
1098 3258 1223 3342 Coptica
1247 3264 1335 3325 tertia
1358 3279 1436 3342 quae
1460 3261 1575 3343 cyrillo

204 3360 354 3423 tribuitur.
377 3360 595 3440 licrplcrrdcut:
618 3359 743 3422 verbum
765 3358 975 3440 Aethiopicum
997 3358 1158 3422 adventum
1173 3360 1301 3442 Spiritus
1323 3363 1420 3424 sancti
1443 3361 1575 3424 divinum

205 3466 236 3520 et
257 3459 416 3540 majestate
438 3459 576 3539 plenum,
607 3458 773 3542 significat,
804 3456 1030 3540 respondetque
1060 3459 1184 3529 Graecis
1215 3470 1266 3523 aut
1287 3462 1426 3524 Arabicis
1448 3462 1575 3524 vocibus

205 3576 282 3639 quae
306 3550 534 3641 ἐπιφοίτησιν,
556 3576 617 3621 non
639 3558 712 3620 satis
736 3557 917 3638 exprimunt.
944 3556 1020 3620 Cum
1040 3576 1117 3620 vero
1139 3558 1306 3641 Aethiopes
1329 3561 1367 3623 ad
1380 3560 1576 3624 Jacobiticam

180 3684 182 3689 ·
205 3665 319 3719 sectam
342 3657 503 3720 translatos
526 3657 619 3720 luisse
642 3665 757 3719 certum
779 3659 817 3719 sit
839 3656 894 3720 sub
910 3656 1084 3738 Benjamino
1097 3658 1268 3722 Patriarcha
1282 3668 1441 3741 postquam
1456 3661 1576 3724 Arabes

204 3755 381 3839 Aegyptum
404 3758 607 3840 subegerunt,
638 3764 770 3837 tuncque
800 3757 935 3819 Graecae
965 3756 1086 3839 linguae
1109 3776 1182 3822 usus
1205 3760 1342 3842 vigeret,
1370 3759 1576 3823 Alexandriae

205 3856 398 3937 pracsertim,
428 3874 496 3920 cum
524 3873 561 3919 eu
591 3874 652 3918 vox
683 3873 745 3919 non
766 3854 854 3919 facile
876 3857 1003 3938 exprimi
1026 3867 1130 3936 posset
1153 3876 1210 3921 nec
1232 3859 1322 3939 plene
1344 3859 1576 3944 intelligeretur,

205 3956 403 4036 interpretata
419 3954 474 4018 luit
487 3964 624 4037 tanquam
638 3974 655 4018 a
669 3952 742 4039 φῶς
756 3954 900 4018 deducta:
923 3973 990 4019 narn
1006 3957 1097 4019 multa
1110 3959 1177 4040 ejus
1191 3961 1314 4041 generis
1332 3959 1577 4047 παρερμηνειῶν

207 4055 347 4134 exempla
360 4058 552 4136 reperiuntur
563 4056 594 4117 in
608 4055 719 4137 linguis
727 4053 940 4121 Orientalibus.
963 4055 1081 4119 Dicitur
1093 4057 1213 4135 deinde,
1225 4069 1259 4122 ot
1267 4059 1447 4141 tiotCorpos
1457 4061 1578 4134 Christi,

207 4154 403 4232 adverbum,
426 4163 460 4217 ut
480 4158 530 4233 rit,
552 4174 591 4218 cx
614 4153 764 4218 idiotismo
786 4156 933 4217 communi
944 4154 1112 4239 linguarum
1128 4157 1324 4222 Orientalium
1336 4162 1575 4243 praecipuarum.

185 4250 365 4334 'Sequiturz
393 4261 576 4334 mutaturque
602 4274 710 4335 sopor,
742 4254 791 4318 vel
811 4263 917 4335 prestus
937 4255 1025 4333 heom
1046 4258 1163 4320 culicis.
1207 4260 1274 4322 llox
1295 4260 1494 4342 Aethiopibus
1516 4261 1576 4324 boc

207 4352 275 4416 loco
300 4360 442 4434 usurpata
465 4353 633 4416 Hebraicae
654 4355 781 4437 originis
803 4362 866 4430 est,
896 4353 1041 4436 Syriaque
1070 4364 1101 4418 et
1126 4357 1279 4422 Arabibus
1297 4378 1398 4441 aeque
1419 4367 1576 4440 usurpata,

207 4471 245 4515 eo
267 4453 438 4536 significatu
459 4461 564 4534 munta
586 4463 616 4517 et
636 4457 778 4534 soporiac
800 4454 854 4518 sed
877 4473 944 4516 curn
968 4454 1004 4516 ad
1024 4454 1083 4517 alia
1102 4457 1192 4521 multa
1204 4459 1394 4539 extendatur,
1418 4461 1448 4522 in
1470 4459 1576 4523 iisdem

207 4550 338 4635 linguis,
361 4553 472 4634 aliquid
497 4571 619 4635 quoqne
642 4554 721 4616 aliud
744 4555 775 4617 iu
797 4554 975 4634 Aethiopica
997 4554 1076 4617 illam
1098 4542 1271 4639 significare
1293 4560 1442 4640 suspicari
1464 4578 1578 4641 possu-

209 4669 285 4715 mus.
329 4652 403 4714 Nam
426 4653 455 4715 in
479 4654 723 4730 consecratione,
749 4661 857 4736 gustus
880 4660 929 4716 aut
952 4671 1044 4733 sapor
1065 4659 1152 4736 panis
1175 4662 1207 4721 ct
1229 4658 1331 4721 calicis
1353 4677 1414 4722 uon
1436 4668 1577 4737 mutatur,
1600 4714 1607 4727 ,

210 4750 266 4813 sed
288 4750 367 4814 idem
389 4760 561 4834 permanet:
595 4770 695 4834 neque
723 4752 837 4817 locutio
859 4752 963 4817 similis
986 4758 1118 4819 occurrit
1140 4758 1172 4819 in
1194 4766 1238 4821 tot
1260 4777 1335 4841 quas
1357 4759 1501 4823 habemus
1523 4758 1580 4821 Li·

210 4851 329 4933 turgiis.
372 4850 452 4914 Nihil
474 4853 574 4933 igitur.
587 4850 644 4914 hoc
666 4852 734 4916 loco
756 4852 836 4916 aliud
858 4851 1086 4941 intelligendum
1107 4857 1234 4933 videtur,
1257 4877 1345 4940 quarn
1363 4858 1580 4922 elementorum

211 4952 428 5029 transmutatio,
452 4951 570 5032 qualern
594 4950 732 5034 Coptitae
754 4950 937 5034 Aethiopum
959 4955 1106 5035 magistri,
1128 4965 1160 5020 et
1180 4957 1290 5039 reliqui
1303 4957 1474 5023 Orientales
1489 4958 1580 5023 Chri-

212 5049 299 5113 stiani
320 5058 505 5134 agnoscunt3
527 5053 614 5133 panis
637 5070 745 5134 nempe
767 5052 799 5117 in
819 5070 943 5134 corpus,
965 5052 1028 5117 vini
1049 5063 1081 5118 et
1102 5073 1199 5139 aquae
1221 5058 1253 5119 iu
1274 5058 1460 5142 sanguinem
1495 5057 1581 5133 Quae
