4525 6034
655 595 732 670 368
1059 587 1664 669 DEPATRIARCHA

624 791 800 872 currunt,
826 793 893 853 tam
920 784 953 852 in
980 778 1200 874 Coptitarum,
1227 800 1326 872 quam
1358 780 1392 848 in
1424 774 1700 849 Nestorianorum
1733 773 1880 846 historia.
1933 770 2032 844 Nunc

651 921 738 972 vero
766 909 837 970 toto
864 897 1002 969 Oriente
1027 897 1089 966 vix
1116 894 1213 966 aliter
1238 893 1318 965 liunt
1344 890 1576 964 Patriarobae:
1611 913 1723 986 neque
1748 889 1906 977 libertas,
1933 909 2034 989 quam
2136 926 2140 937 ·

653 1012 831 1108 aliquando
860 1010 1037 1085 Christiani
1065 1008 1230 1099 obtinent,
1256 1008 1352 1080 aliter
1386 1007 1503 1081 baberi
1530 1016 1660 1103 potest,
1695 1008 1759 1080 nisi
1794 1004 1890 1101 plura
1912 1006 2032 1099 ‘prae-

654 1129 786 1219 stando,
813 1137 870 1199 aut
895 1125 1096 1222 pollicendo,
1124 1147 1223 1219 quarn
1249 1121 1433 1196 nebulones
1462 1123 1547 1217 apud
1576 1125 1696 1195 aerarii
1730 1117 1923 1218 praefectos
1948 1119 2032 1214 pol-

653 1241 733 1315 liciti
761 1251 848 1332 sunt,
876 1248 1309 1336 auttrepraesentavcrunt.
1356 1236 1409 1309 Ne
1436 1240 1537 1330 igitur
1564 1237 1695 1310 delectu
1722 1236 1906 1309 autoritatis
1932 1237 2032 1330 prin-

649 1362 763 1454 cipum
790 1358 968 1430 schismata
995 1378 1056 1451 per
1083 1355 1236 1428 diversas
1269 1353 1436 1427 factiones
1463 1355 1598 1441 fierent,
1635 1352 1815 1449 prudenter
1850 1353 2033 1422 institutum

654 1474 735 1563 luit,
770 1476 976 1568 relatumque
1011 1475 1096 1543 inter
1129 1471 1392 1545 Constitutiones
1424 1470 1704 1560 Ecclesiastioas,
1741 1478 1778 1540 ut
1810 1489 1931 1557 uerno,
1966 1469 2033 1539 uisi

655 1587 796 1685 probata
823 1598 914 1661 esset
939 1608 1002 1683 per
1028 1585 1221 1659 saeculares
1252 1587 1425 1681 Principes
1459 1587 1531 1677 ejus
1564 1584 1704 1675 eleqtio,
1736 1587 1769 1655 in
1804 1581 2034 1656 Patriarcbam

656 1714 923 1795 consecraretur,
951 1715 1006 1776 aut
1032 1703 1222 1794 eligeretur.
1266 1701 1318 1772 Ea
1340 1705 1470 1774 ratione
1492 1700 1752 1797 approbantibus
1777 1698 1955 1795 Episcopis
1977 1701 2033 1769 ir-

656 1821 720 1890 rita
752 1819 838 1892 facta
873 1830 925 1893 est
956 1819 1079 1892 electio
1121 1818 1261 1909 Georgii
1293 1816 1436 1891 Diacoui
1469 1816 1646 1890 Ecclesiae
1672 1800 1781 1904 Saea,
1814 1819 1868 1910 qui
1903 1815 2034 1908 absque

655 1939 821 2030 permissu
846 1935 1080 2009 Abdel-Azizi
1099 1932 1274 2030 praefecti,
1301 1958 1321 2006 a
1341 1932 1535 2029 quibusdam
1553 1934 1679 2006 electus
1693 1931 1819 2005 fuerat:
1847 1942 1881 2003 et
1894 1932 2033 2003 lsaacum

656 2050 744 2122 XLI.
772 2055 844 2144 ejus
871 2052 949 2125 loco
976 2054 1183 2145 constitutus.
1210 2049 1254 2122 Et
1279 2059 1356 2145 post
1383 2051 1507 2123 obitum
1526 2040 1696 2122 Theodori
1721 2048 1827 2120 XLV.
1853 2046 2032 2119 Jacobitae

657 2164 712 2237 diu
737 2171 903 2239 neminem
930 2168 1104 2259 elegenmt
1129 2169 1163 2237 in
1190 2169 1263 2258 ejus
1290 2164 1413 2256 locum,
1440 2169 1516 2260 quia
1542 2165 1725 2238 Kassemus
1744 2165 1897 2261 Aegypti
1923 2183 2033 2257 prae-
2163 2212 2168 2221 ‚

547 2300 552 2309 ·
655 2279 764 2354 fectus
790 2281 958 2354 licentiam
986 2291 1183 2375 negaverat
1236 2281 1313 2356 Alia
1341 2281 1504 2373 ejusmodi
1531 2280 1687 2376 exempla
1715 2289 1901 2373 suppetunt.

366 2411 456 2465 nouus
482 2411 643 2481 procedendi
759 2398 832 2469 XL.
860 2398 935 2486 Qua
960 2420 1046 2470 vero
1081 2400 1213 2470 ratione
1246 2396 1421 2469 concilium
1456 2394 1572 2469 baberi
1607 2385 1651 2468 ad
1685 2395 1882 2467 electionem
1914 2396 2034 2467 Patri-

331 2481 364 2535 ad
377 2482 538 2536 electionem.

332 4928 407 4984 drini.

656 2511 831 2584 archarum
865 2513 1010 2601 soleret,
1047 2511 1145 2585 docet
1178 2517 1249 2586 vita
1292 2512 1418 2587 Cbailis
1450 2512 1570 2584 XLVI.
1622 2513 1660 2585 ln
1693 2534 1734 2584 ea
1769 2515 1856 2583 enim
1887 2511 2035 2584 retertur

655 2627 865 2724 Episcopus»,
892 2631 1002 2701 statim
1029 2638 1127 2723 atque
1155 2629 1293 2702 illistam
1319 2638 1497 2717 venerunt,
1530 2627 1708 2701 Hoietbum
1739 2631 1891 2724 Aegypti
1922 2649 2033 2723 prae-

655 2743 778 2816 fectum
806 2745 970 2834 adivisse,
997 2744 1231 2840 licentiamque
1262 2744 1408 2837 eligendi
1442 2743 1669 2816 Patriarcbam
1702 2745 1908 2842 postulasse:
1940 2743 2034 2815 illum

654 2860 893 2956 respondisse,
919 2872 954 2933 ut
979 2863 1066 2933 inter
1092 2881 1131 2933 se
1159 2866 1386 2935 consentirent
1412 2863 1501 2933 circa
1529 2884 1606 2935 eum
1632 2884 1731 2956 quem
1756 2859 1936 2933 Theodoro
1963 2857 2033 2930 de-

654 2973 770 3049 functo
802 2977 953 3050 sufficere
991 2976 1205 3070 cogitabant,
1241 2988 1360 3074 postea
1393 2977 1557 3068 redirent,
1591 2997 1711 3072 seque,
1748 2976 1836 3072 quod
1871 2978 2034 3071 optimum

655 3091 750 3165 aotul
789 3092 982 3184 videretur,
1019 3095 1266 3189 imperaturum.
1327 3092 1560 3166 Consederunt
1599 3095 1633 3164 iu
1670 3090 1825 3166 Ecclesia
1868 3090 2033 3188 Episcopi

652 3210 749 3299 juxta
782 3207 933 3280 ordinem
959 3230 1073 3300 suum,
1099 3207 1166 3282 boc
1192 3219 1244 3285 est
1270 3212 1495 3305 antiquitatem
1522 3207 1746 3281 Ordinatiouis
1773 3231 1874 3282 suae:
1909 3230 2033 3280 sacer-

655 3323 753 3397 dotes
780 3346 888 3420 prope
912 3325 1116 3421 Episcopum
1144 3327 1283 3421 quisque
1311 3348 1422 3398 suurn:
1449 3327 1483 3395 in
1509 3323 1619 3397 medio
1641 3324 1838 3398 sacerdotes
1853 3324 2033 3398 Ecclesiae

655 3439 924 3527 Alexandrinae,
951 3462 1025 3511 cum
1051 3443 1245 3536 Protopapa
1271 3463 1344 3529 suo,
1373 3445 1428 3536 qui
1442 3440 1747 3514 Alexandrinorum
1773 3445 1907 3515 uomiue
1922 3441 2034 3515 verba

655 3554 811 3627 iaciebat.
871 3556 904 3629 ls
937 3568 1010 3629 erat
1045 3555 1328 3654 Presbyterorum
1359 3561 1504 3652 primus,
1540 3580 1626 3653 quae
1660 3558 1803 3651 dignitas
1835 3579 1902 3629 non
1944 3556 2034 3654 apud

656 3670 829 3744 lacobitas
856 3668 975 3760 modo,
1002 3671 1062 3744 sed
1090 3675 1189 3745 etiam
1218 3673 1305 3769 apud
1330 3672 1506 3745 Melcbitas
1525 3672 1647 3745 Graeci
1663 3676 1745 3747 ritus
1763 3670 1915 3765 vigebat,
1943 3672 2033 3744 uude

657 3788 757 3857 etiam
782 3783 932 3858 Arabica
959 3787 1146 3861 scribentes
1173 3811 1295 3861 vocem
1321 3794 1472 3886 Πρῶτος
1498 3799 1738 3863 servaverunt:
1770 3788 1864 3861 Talis
1891 3797 1966 3859 erat
1992 3790 2033 3874 is,

659 3924 759 3996 quem
802 3905 857 3973 vir
887 3901 1098 3976 Clarissimus
1135 3902 1330 3977 Guillelmus
1370 3904 1600 3997 Beveregius,
1640 3914 1790 3979 autorem
1826 3906 2034 3977 existimavit

656 4017 825 4087 versionis
850 4015 1021 4090 Arabicae
1048 4017 1240 4109 Canonum,
1268 4042 1365 4114 quam
1392 4019 1497 4091 edidit
1520 4030 1596 4093 ante
1618 4042 1723 4094 annos
1739 4021 1877 4115 aliquot:
1907 4043 2033 4116 quam

657 4135 729 4222 vis,
755 4141 790 4202 ut
819 4130 883 4204 alio
911 4132 988 4207 loco
1016 4132 1292 4222 observavimus,
1323 4133 1401 4206 nibil
1434 4135 1521 4208 abud
1555 4134 1664 4209 verba
1697 4158 1782 4230 quae
1815 4136 1858 4207 ad
1886 4136 2034 4209 frontem

657 4245 791 4320 Codicis
818 4246 883 4320 its.
909 4261 1044 4345 reperta
1071 4260 1166 4338 suut,
1194 4249 1396 4342 significent,
1423 4253 1488 4324 nisi
1515 4251 1781 4348 quodlosepbus
1807 4253 1863 4325 ille
1883 4273 2033 4348 posses·-

657 4386 716 4437 sor
741 4362 817 4434 libri
843 4362 959 4454 luerit,
988 4369 1061 4461 qui,
1088 4376 1125 4437 ut
1152 4366 1340 4439 Orientales
1373 4367 1497 4457 solent,
1531 4367 1617 4440 hanc
1651 4371 1913 4461 inauguratiouis
1948 4389 2033 4440 suae

656 4492 791 4569 notam,
826 4478 903 4550 durn
941 4482 1117 4570 otiaretur,
1144 4482 1356 4576 praelixerat.
1418 4486 1570 4580 Πριῐγιος
1601 4486 1701 4576 igitur
1734 4494 1824 4575 erat,
1855 4494 1891 4555 ut
1923 4483 2032 4575 vrdgo

657 4595 860 4683 diceremus,
889 4598 1053 4691 antiquior
1079 4600 1154 4668 sive
1179 4597 1337 4670 Deeauus
1364 4598 1575 4671 sacerdotum
1600 4598 1795 4692 Ecclesiae,
1828 4603 1921 4672 etin
1953 4603 2031 4672 siu-

657 4711 744 4803 gulis
770 4709 933 4783 Ecclesiis
961 4734 1041 4785 suus
1069 4723 1142 4784 erat
1168 4717 1328 4810 Πρῶτος.
1386 4766 1394 4778 ,

363 4845 516 4902 Sacerdotes
529 4849 643 4903 nem.
760 4825 847 4897 XLI.
875 4827 912 4897 lu
938 4827 1002 4900 illis
1028 4831 1129 4919 igitur
1141 4831 1282 4901 comitiis
1296 4825 1562 4920 Ecclesiasticis,
1588 4835 1713 4928 primas
1735 4832 1893 4906 tenebant
1909 4851 2032 4902 sacer·
2091 4829 2100 4847 ‘

578 4952 584 4959 “
658 4942 754 5013 dotes
789 4941 1029 5032 Alexandrini,
1073 4948 1150 5038 quia
1186 4946 1362 5038 antiquitus
1399 4945 1474 5017 dum
1511 4946 1576 5020 sibi
1610 4948 1814 5045 Episcopum
1851 4945 2032 5039 eligebant,

656 5055 794 5151 reliquis
830 5057 993 5137 Ecclesiis
1028 5058 1328 5155 Arcbiepisoopum
1371 5071 1405 5133 et
1445 5084 1635 5159 supremum
1668 5066 1861 5140 Antistitem
1898 5063 2031 5136 dabant
