4525 6034
677 546 754 622 324
1185 550 1547 629 LITURGIA

676 737 817 830 impura,
835 742 892 808 aut
907 754 1029 833 vocem
1050 736 1263 828 immundam,
1291 746 1347 811 aut
1361 747 1505 811 mentem
1521 732 1645 831 malitia
1662 738 1813 835 plenam;
1840 741 1902 814 sed
1917 744 2048 837 suscipe

676 876 778 949 super
811 854 917 927 altare
951 866 1040 928 tunm
1074 853 1246 950 spirituale
1279 866 1313 927 et
1340 853 1436 928 coelo
1464 854 1653 946 sublimius,
1685 854 1750 928 hoo
1783 858 1983 931 sacrificium
2016 862 2047 930 in

676 970 816 1043 odorem
844 973 1037 1043 suavitatis:
1072 970 1117 1043 Et
1143 973 1234 1043 mitte
1260 970 1358 1043 nobis
1385 971 1428 1043 de
1455 970 1595 1044 excelso
1622 981 1740 1045 sancto
1766 981 1823 1047 tuo
1850 973 2048 1047 Paraclitum

676 1086 836 1182 Spiritum
866 1096 974 1177 tuum,
1007 1085 1202 1175 Dominum,
1234 1086 1479 1176 vivificantem,
1508 1091 1623 1183 quiin
1654 1087 1773 1180 Lege,
1806 1087 1986 1183 Prophetis
2018 1100 2049 1162 et

675 1201 851 1297 Apostolis
878 1202 1007 1275 locutus
1034 1213 1106 1292 est;
1133 1206 1189 1298 qui
1215 1200 1411 1298 ubicumque
1437 1224 1601 1299 praeseus
1627 1215 1698 1294 est,
1727 1215 1761 1277 et
1787 1204 1895 1300 replet
1921 1207 2049 1294 onmia3

677 1321 732 1412 qui
760 1322 858 1389 etiam
885 1326 1051 1413 potestate
1077 1322 1214 1415 propria
1241 1322 1448 1392 sanctitatem
1473 1322 1507 1390 iu
1526 1322 1568 1392 iis
1587 1324 1642 1416 qui
1658 1319 1749 1413 digni
1766 1330 1853 1409 sunt,
1880 1331 2049 1415 operatur.

781 1434 965 1506 Sacerdos,
1017 1431 1150 1507 Exaudi
1178 1458 1232 1507 me
1258 1436 1411 1508 Domine.

780 1550 941 1645 Populus.
994 1550 1100 1645 llyrie
1126 1550 1254 1623 eleison
1282 1557 1345 1623 ter.

781 1666 967 1738 Sacerdos.
1020 1668 1131 1762 Super
1172 1688 1235 1739 nos
1271 1678 1305 1738 et
1338 1689 1440 1766 super
1475 1667 1536 1741 has
1571 1666 1756 1741 oblationes
1791 1671 1987 1763 propositas
2019 1679 2050 1740 et

676 1781 848 1859 sanctifica
875 1782 960 1870 illas,
992 1779 1007 1821 ³
1031 1793 1067 1854 ut
1092 1786 1189 1879 panis
1217 1782 1349 1878 quidem
1375 1787 1439 1856 iste
1466 1785 1523 1857 liat
1549 1807 1671 1880 corpus
1704 1785 1892 1874 vivificum,
1928 1806 2049 1880 corpus

675 1900 846 1987 coeleste,
872 1920 996 1994 corpus
1023 1897 1169 1970 salutare
1196 1899 1366 1973 animabus
1385 1902 1650 1996 corporibusque
1665 1904 1800 1989 nostris,
1828 1922 1954 1994 corpus
1972 1900 2049 1972 Do-

675 2020 756 2089 mini
781 2014 847 2086 Dei
874 2025 907 2087 et
934 2013 1113 2087 salvatoris
1140 2018 1246 2087 nostri
1272 2016 1355 2088 lesu
1382 2015 1523 2106 Christi,
1550 2019 1583 2088 in
1616 2000 1849 2089 remissionem
1881 2027 2048 2110 peccato·

674 2156 748 2205 rum
775 2141 809 2202 et
834 2133 937 2202 vitam
964 2139 1133 2202 aeternam
1162 2133 1420 2228 suscipientibus
1447 2132 1535 2204 illud.
1587 2131 1632 2205 Dt
1657 2136 1787 2204 mistum
1814 2132 1906 2227 quod
1938 2135 2049 2204 estin

674 2247 741 2321 hoo
766 2247 872 2319 calice
898 2244 999 2319 iaciat
1033 2250 1229 2339 sanguinem
1256 2248 1347 2322 Novi
1379 2248 1603 2336 Testamenti,
1639 2251 1833 2339 sanguinem
1866 2245 2049 2335 vivificum,

675 2366 873 2456 sanguinem
900 2360 1099 2452 salutarem,
1126 2367 1323 2456 sanguinem
1349 2363 1483 2437 Domini
1508 2364 1573 2436 Dei
1604 2373 1639 2434 et
1669 2366 1762 2455 regis
1795 2364 1943 2436 omniurn
1970 2364 2049 2435 ,lesu

675 2478 798 2552 Christi
823 2480 857 2548 in
882 2480 1112 2550 remissionem
1140 2490 1373 2574 peccatorum,
1407 2489 1440 2551 et
1472 2483 1577 2551 vitam
1612 2487 1782 2550 aeternam
1809 2479 2048 2575 accipientibus

673 2595 772 2668 illum.

775 2709 952 2781 Sacerdos
972 2712 1204 2802 prosequitur.
1258 2710 1401 2780 Domine
1427 2707 1703 2803 quemadmodum
1728 2706 1784 2778 illa
1818 2729 1880 2802 per
1907 2711 2049 2799 gratiam

672 2840 707 2902 et
732 2832 888 2900 virtutem
915 2836 1002 2898 mam
1029 2823 1181 2920 perfecta
1208 2833 1301 2910 sunt,
1328 2828 1373 2896 ita
1399 2822 1455 2896 fac
1481 2824 1544 2896 illis
1570 2821 1723 2896 omnibns
1743 2825 1942 2917 quicumque
1969 2823 2048 2896 illo-

558 2990 562 2999 ·
672 2968 744 3018 rum
773 2945 953 3039 participes
979 2938 1079 3013 liuturi
1105 2949 1199 3026 sunt,
1226 2961 1336 3036 neque
1362 2938 1446 3010 ullus
1472 2962 1534 3035 per
1561 2940 1710 3011 duritiam
1744 2937 1858 3011 cordis
1891 2941 1944 3010 sui
1977 2943 2047 3011 ira-

673 3060 789 3148 cundi,
823 3068 879 3130 aut
918 3057 1164 3153 impoenitentis
1199 3061 1368 3139 teneatur,
1409 3065 1464 3126 aut
1496 3053 1711 3150 prohibeatur
1746 3054 1788 3126 ab
1824 3075 1971 3126 accessu
2008 3054 2047 3125 ad

673 3176 850 3272 mysteria,
877 3173 939 3245 sed
965 3192 1084 3245 omnes
1110 3170 1154 3242 ad
1181 3168 1304 3243 bonam
1330 3169 1534 3242 voluntatem
1561 3181 1649 3242 tuam
1676 3180 1841 3242 converte
1871 3170 1888 3207 ⁴
1914 3179 1949 3241 et
1975 3171 2047 3245 dis-

673 3313 781 3388 pone,
815 3293 891 3386 quia
924 3301 958 3361 tu
992 3310 1030 3360 es
1059 3291 1114 3384 qui
1141 3285 1246 3375 iacis,
1273 3289 1464 3373 convertis,
1500 3298 1534 3358 et
1568 3286 1701 3357 ordinas
1739 3285 1973 3380 quodcumque
2007 3286 2048 3358 ad

672 3404 805 3479 honum.
859 3405 1029 3479 Timorem
1063 3414 1155 3475 tuum
1186 3405 1220 3473 in
1253 3399 1351 3473 nobis
1386 3404 1515 3489 insere,
1549 3412 1583 3473 et
1617 3424 1710 3497 spem
1746 3405 1838 3473 vitae
1877 3410 2046 3492 aeternae,

671 3521 795 3617 tibique
822 3521 964 3614 gloriam
989 3517 1174 3592 referemus
1202 3528 1236 3589 et
1261 3519 1430 3609 unigenito
1458 3517 1544 3591 Filio
1570 3528 1637 3590 tuo.

776 3636 953 3709 Sacerdos
988 3636 1181 3707 inclinatur.
1233 3634 1378 3728 Propter
1404 3632 1635 3706 abundantiam
1653 3635 1782 3724 gratiae
1800 3641 1879 3703 tuae
1892 3630 2043 3721 Domine,

674 3753 765 3846 digni
790 3751 872 3825 sacti
898 3774 1012 3825 sumum
1046 3749 1059 3789 ⁵
1084 3748 1291 3846 perfectione
1317 3747 1494 3821 oblationis
1513 3748 1664 3837 divinae,
1691 3758 1725 3820 et
1740 3746 1939 3819 confidimus
1954 3752 2044 3835 satis,

673 3868 763 3962 quod
781 3889 867 3962 quae
894 3889 915 3937 a
941 3878 975 3938 te
1001 3860 1143 3963 petimus
1170 3868 1382 3937 consecuturi
1408 3885 1531 3938 sumus.
1584 3864 1813 3957 Depreoamur
1840 3873 1888 3951 te,
1916 3874 1951 3936 ut
1971 3887 2043 3935 me·

672 3985 808 4056 mineris
834 3980 1009 4054 Ecclesiae
1043 3991 1120 4054 tuae
1154 3979 1348 4054 Catholicae
1381 4001 1586 4074 quacumque
1620 3978 1775 4066 timsae,
1811 3986 1847 4050 et
1879 3978 2042 4051 custodias

645 4160 649 4167 ,
674 4120 749 4169 eam
776 4101 810 4169 in
837 4095 996 4194 operibus
1017 4095 1117 4170 bonis
1134 4106 1169 4168 et
1187 4094 1425 4170 observatione
1442 4094 1822 4167 mandatoumrtuorum.
1877 4094 2041 4167 Memento

672 4212 816 4286 Domine
842 4212 1089 4309 Episcoporum
1117 4209 1406 4285 Orthodoxorum:
1432 4219 1597 4282 memento
1625 4208 1865 4301 sacerdotum,
1899 4221 1936 4283 et
1958 4211 2041 4283 Dia·

673 4349 852 4417 canorum,
882 4332 1062 4425 praecipue
1102 4326 1232 4400 illorum
1269 4329 1322 4421 qui
1354 4324 1491 4413 adsunt,
1530 4337 1566 4398 et
1599 4335 1696 4400 orant
1727 4322 1914 4414 nobiscum.
1965 4325 2040 4397 hle-

671 4452 786 4514 mento
812 4443 955 4515 Domine
982 4445 1082 4514 etiam
1107 4443 1174 4513 mei
1199 4444 1400 4536 peccatoris.
1452 4439 1505 4512 Da
1531 4439 1609 4512 mihi
1634 4452 1670 4514 ut
1695 4441 1898 4533 intelligam,
1926 4449 2040 4537 quanta

673 4555 816 4648 dignitas
845 4561 887 4630 sit
913 4557 1063 4629 adstandi
1089 4578 1203 4628 coram
1231 4556 1325 4628 altari
1352 4565 1408 4629 tuo
1436 4566 1569 4646 sanoto;
1597 4568 1632 4629 et
1657 4557 1812 4653 quidquid
1839 4560 1949 4630 animo
1975 4579 2038 4653 pu-

570 4726 575 4731 .
673 4671 748 4744 sillo
776 4682 831 4745 aut
856 4673 974 4768 puerili
997 4672 1177 4765 Jucundum
1204 4682 1272 4761 est,
1299 4697 1320 4748 a
1346 4695 1400 4744 me
1426 4672 1540 4764 auter,
1566 4695 1610 4744 ne
1635 4671 1714 4751 illud
1739 4672 1818 4744 mihi
1845 4677 1888 4747 sit
1913 4677 2036 4745 monus

674 4792 910 4880 gravissimum
936 4791 970 4859 in
998 4788 1050 4860 die
1077 4788 1134 4860 illo
1161 4788 1300 4861 terribili
1325 4791 1465 4860 rationis
1490 4787 1698 4878 reddendae3
1724 4786 1831 4861 libera
1867 4792 1962 4861 etiam
1988 4806 2035 4856 me

674 4901 716 4974 ab
745 4907 834 4975 omni
861 4906 1057 4999 operatione
1082 4906 1215 4978 virtutis
1242 4905 1415 4993 sinistrae,
1440 4927 1549 5000 neque
1574 4904 1698 5002 perdas
1722 4927 1778 4976 me
1811 4928 1886 4977 cum
1920 4904 2034 4997 iniqui-

669 5016 794 5090 tatibus
828 5021 930 5108 meis,
965 5041 1076 5114 neque
1106 5023 1139 5091 in
1176 5030 1349 5093 aeternum
1380 5023 1504 5112 iratus,
1540 5041 1700 5095 reserves
1732 5020 1822 5092 nida
1849 5020 1941 5093 mihi:
1977 5012 2032 5089 sed
