4525 6034
737 579 812 654 570
1170 583 1675 662 ntssntttatlo

732 763 917 861 Liturgiam
943 766 1137 866 reliquisse,
1173 792 1272 843 nemo
1304 763 1402 845 autor
1427 771 1566 846 idoneus
1592 775 1773 846 memoriae
1798 771 1939 870 prodidit
1978 753 2047 844 Unda

732 884 915 957 verisimile
941 896 994 959 est
1019 909 1066 958 ex
1092 890 1259 960 nominum
1295 887 1504 962 similitudine
1537 888 1697 986 deceptos
1724 886 1893 963 Censores
1915 888 2049 961 Lusitanos

733 999 852 1089 luisse,
879 1012 934 1074 aut
960 1005 1113 1076 extitisse
1139 1005 1171 1074 in
1197 1001 1361 1077 llcclesiis
1387 1003 1601 1079 blulaburicis
1627 1005 1761 1078 codices
1789 1009 1846 1102 qui
1869 1004 1988 1078 lliodon'
2001 1026 2051 1078 no-

735 1139 811 1189 men
837 1115 912 1190 huic
938 1117 1067 1206 Officio,
1093 1117 1263 1192 Theodori
1289 1118 1366 1194 loco
1392 1119 1612 1215 adjunxerint

463 1245 551 1301 nuru
568 1246 646 1301 tanat
668 1247 722 1300 ua-
838 1234 913 1307 XV.
938 1235 975 1308 ln
1003 1259 1043 1308 eu
1071 1235 1398 1310 animadvertendum
1425 1248 1488 1326 est,
1515 1241 1577 1311 vix
1595 1247 1721 1320 ‚extare
1747 1238 1920 1334 quidquam
1940 1235 2010 1333 qaod
2025 1235 2055 1307 ad

411 1335 565 1387 'mm‘
582 1342 664 1387 ”⁰⁸¹²
734 1351 968 1424 Nestorianam
985 1350 1140 1425 haeresin
1161 1353 1388 1426 insinuandum
1405 1358 1578 1450 pertineat,
1605 1354 1693 1450 quod
1711 1358 1802 1428 ctrce
1818 1357 1946 1452 prinam
1962 1351 2054 1425 obser-

733 1470 899 1541 vavimus.
935 1467 1034 1556 ouon
1060 1471 1089 1542 si
1115 1469 1171 1543 ubi
1198 1469 1236 1541 B.
1262 1467 1392 1542 blariae
1418 1470 1569 1564 Virginis
1595 1475 1719 1545 mentio
1744 1471 1798 1561 lit,
1824 1493 1890 1544 nou
1914 1468 2058 1566 appellatur

732 1585 909 1678 Deipora,
936 1588 1053 1657 mirum
1080 1607 1252 1659 essenon
1279 1584 1395 1677 debet,
1423 1611 1497 1660 cum
1524 1596 1601 1660 unte
1626 1586 1830 1684 Ephesinum
1858 1582 2059 1659 Conciliumid

732 1700 823 1790 lieri,
850 1704 1047 1796 praesertim
1073 1704 1106 1773 in
1134 1700 1273 1797 publicis
1299 1701 1454 1797 precibus
1481 1726 1549 1776 non
1575 1703 1715 1778 soleret:
1742 1727 1869 1799 neque,
1899 1711 1932 1774 ιιι
1958 1700 2059 1773 natu

731 1820 890 1914 privatis,
925 1828 982 1890 aut
1008 1841 1094 1913 quae
1121 1817 1163 1890 ud
1190 1818 1304 1892 Officia
1330 1830 1491 1893 nocturna
1518 1831 1553 1892 et
1578 1819 1694 1894 diurna
1719 1821 1927 1894 Nestoriunis
1956 1818 2061 1915 propria

732 1931 945 2024 observatur,
972 1933 1123 2007 affectatu
1149 1933 1206 2007 illa
1227 1923 1452 2031 Christipalae
1476 1936 1711 2026 denominatio,
1738 1960 1824 2034 quae
1845 1934 2062 2008 Nestorianisni

731 2058 812 2122 nota
838 2060 930 2122 certa
956 2059 1028 2123 est:
1050 2060 1149 2147 atque
1175 2049 1252 2124 inde
1277 2062 1428 2127 vetustas
1460 2057 1555 2127 istius
1584 2052 1758 2147 Liturgiae
1787 2075 1857 2127 non
1887 2051 2063 2124 mediocriter

731 2165 903 2240 stabilitur.

445 2298 527 2352 vern·
542 2298 719 2355 camarare-
834 2283 925 2356 XVI.
951 2280 1017 2355 Ubi
1042 2283 1149 2356 verba
1177 2282 1300 2357 Christi
1327 2289 1575 2358 consecratoria
1601 2285 1806 2376 referuntur,
1832 2283 1940 2357 forma
1962 2282 2064 2354 illorum

409 2395 546 2526 mg
561 2389 589 2440 ¹¹¹
606 2389 719 2459 anaqam
730 2423 800 2474 non
825 2399 952 2472 recedit
978 2397 1020 2472 ab
1050 2423 1091 2473 eu
1124 2424 1222 2496 quam
1256 2423 1386 2478 omnes¹
1407 2400 1582 2496 Litorgiae
1615 2402 1803 2476 orientales
1835 2408 2067 2498 repraesentmt,

548 2511 555 2526 '
731 2527 766 2590 et
792 2540 833 2589 ea
861 2541 947 2615 quae
972 2515 1113 2590 habetur
1138 2522 1172 2590 in
1205 2516 1333 2592 Codice
1363 2517 1478 2608 Eliae,
1509 2528 1547 2591 ιιι
1579 2521 1611 2589 in
1645 2517 1751 2591 altero
1784 2519 1863 2591 lsae
1893 2514 2068 2591 Sacerdotis

730 2632 801 2707 Sed
828 2637 925 2707 edam
952 2639 998 2708 ita
1024 2639 1180 2731 scriptam
1205 2634 1310 2707 luisse
1336 2637 1370 2706 in
1397 2635 1588 2724 codicibus,
1621 2656 1707 2729 quos
1733 2644 1869 2707 secutus
1896 2644 1947 2705 est
1969 2628 2068 2725 loseph

730 2750 944 2839 Patriurcha,
979 2775 1025 2825 ex
1056 2754 1129 2845 ejus
1162 2751 1356 2849 apographo
1391 2755 1593 2845 agnoscitur.
1651 2750 1696 2823 llt
1730 2750 1817 2847 quod
1851 2752 1959 2842 megs
1988 2745 2070 2821 adhuc

730 2872 843 2940 mhari
868 2869 968 2961 subit,
994 2869 1167 2943 invocatio
1191 2868 1333 2964 Spiritus
1360 2872 1467 2942 sancti
1493 2890 1594 2965 super
1612 2866 1854 2940 Eucharistiam
1881 2866 1992 2940 verbis
2009 2863 2068 2935 llo-

612 2987 618 3007 “
729 2987 857 3057 minicia
884 2994 1127 3076 consecratam,
1154 2994 1190 3057 ut
1215 3007 1335 3081 panem
1361 2994 1395 3057 et
1420 2984 1558 3057 culicem
1583 2982 1687 3056 iaciat
1706 3005 1827 3080 corpus
1848 2993 1885 3055 et
1903 2984 2071 3074 sanguinem

730 3100 853 3175 Christi
879 3101 1023 3192 Domini,
1049 3105 1082 3174 in
1109 3100 1229 3174 eodem
1255 3101 1420 3194 leguntur,
1445 3104 1542 3173 utin
1569 3100 1641 3175 aliis
1668 3100 1850 3186 codicibus,
1879 3119 2013 3194 quorum
2029 3093 2072 3166 id·

730 3221 822 3291 circo
849 3217 932 3291 ddes
958 3222 1080 3292 vocari
1104 3221 1138 3290 in
1164 3216 1296 3290 dubium
1322 3240 1390 3290 non
1415 3226 1536 3312 potest.

832 3334 938 3408 XVII.
964 3334 1055 3407 Idem
1082 3334 1283 3407 observatur
1308 3336 1342 3405 in
1367 3333 1518 3428 Liturgiu
1543 3336 1641 3406 tertia
1667 3355 1753 3428 quae
1776 3331 1938 3406 Nestorio
1964 3330 2084 3404 adscri-.

729 3450 835 3542 bitur,
875 3461 908 3523 et
941 3455 1035 3545 cujus
1066 3459 1102 3522 ut
1133 3448 1274 3524 Diodori
1313 3460 1348 3523 et
1379 3449 1549 3524 Theodori
1583 3453 1743 3523 memoria
1777 3448 1970 3522 celebratur
2000 3440 2071 3517 auto

728 3569 864 3642 Petrum
891 3566 1106 3640 Graecorum.
1165 3568 1202 3641 ln
1236 3590 1278 3639 ea
1309 3570 1429 3663 quippe
1461 3565 1573 3639 codex
1606 3564 1801 3662 uJosepho
1836 3568 1996 3662 scriptus,
2019 3559 2073 3631 aliis

728 3683 878 3780 perfecte
903 3683 1019 3756 similis
1045 3689 1115 3772 est,
1149 3694 1215 3755 tem
1242 3686 1333 3756 circu
1359 3669 1468 3756 verba
1493 3681 1719 3775 Evangelica,
1746 3705 1843 3778 ιιιιιιιι
1871 3684 1966 3754 circa
1988 3678 2075 3751 lavo

729 3805 893 3874 cationem
919 3804 1025 3874 sancti
1050 3800 1202 3897 Spiritus.
1254 3799 1335 3873 Inde
1360 3798 1521 3871 refellitur
1546 3798 1580 3870 id
1607 3798 1696 3894 quod
1721 3802 1756 3870 in
1781 3798 1917 3895 Synodi
1934 3797 2074 3889 Diumpe-

728 3939 832 3989 ranae
845 3914 997 3989 Decretis
1023 3917 1156 4010 legitur,
1181 3919 1295 3990 varias
1321 3915 1427 3988 luisse
1453 3915 1583 4003 malms,
1611 3926 1644 3987 et
1672 3937 1835 3988 erroneas
1861 3915 1993 3988 illorum
2009 3931 2075 3981 ver·

727 4030 845 4104 bomm
855 4031 992 4122 lormas,
1005 4036 1037 4104 in
1050 4031 1473 4105 blulabaricisbiissalibus.
1499 4031 1655 4105 Varietas
1670 4035 1706 4104 in
1717 4034 1904 4129 primaevis
1920 4025 2076 4105 Codicihm

728 4153 783 4243 qui
809 4153 842 4221 in
868 4150 1110 4247 Mesopotamia
1138 4152 1251 4246 scripti
1277 4159 1372 4240 sunt,
1399 4148 1488 4222 nulla
1514 4157 1583 4238 est,
1609 4152 1673 4222 nisi
1700 4148 1805 4244 qualis
1831 4151 1923 4221 inter
1950 4145 2076 4218 ιίιιιιιι

686 4361 691 4370 ⁵
729 4265 855 4339 diversi
880 4270 961 4341 ritus
987 4265 1154 4360 Liturgias
1182 4265 1471 4339 animadvertitur:
1507 4276 1541 4337 et
1574 4265 1662 4362 quod
1695 4264 1751 4338 illa
1777 4264 1889 4338 forma
1917 4286 1985 4336 nou
2008 4259 2077 4331 loret

729 4383 862 4474 eadem,
897 4407 984 4479 quae
1018 4382 1188 4473 Romana,
1223 4381 1267 4454 ud
1298 4380 1395 4455 fidem
1431 4381 1615 4455 nudatenus
1651 4386 1802 4477 pertinet
1844 4380 1947 4455 Unde
1973 4389 2076 4451 temere

729 4502 861 4573 omnino
888 4499 1082 4596 quibusdam
1111 4496 1302 4587 Catholicis,
1330 4502 1405 4574 sive
1432 4498 1676 4573 Chaldaeorum
1702 4502 1867 4595 supremis
1885 4493 2078 4570 Antistitibus

727 4619 918 4713 impingitur
943 4615 985 4689 ab
1011 4617 1137 4690 Alexio
1163 4615 1316 4690 Menesio
1344 4615 1433 4712 quod
1458 4615 1583 4688 formas
1610 4614 1683 4687 illus
1709 4617 1971 4688 immutaverint
2011 4607 2080 4682 Nau

729 4732 945 4807 conformitas
979 4756 1055 4805 cum
1090 4731 1231 4805 Graecis
1265 4731 1427 4806 Ecclesiis
1470 4755 1603 4806 omnem
1634 4731 1697 4804 hac
1731 4733 1766 4803 in
1807 4739 1911 4826 purte
1942 4723 2078 4799 novitatis

730 4851 951 4947 suspicionem
978 4849 1134 4923 excludit

442 4972 470 5026 ¹¹¹
488 4975 603 5046 creagra
621 4976 717 5029 ueao-
832 4966 952 5039 XVllI.
978 4967 1017 5040 In
1043 4967 1159 5040 eadem
1186 4965 1334 5038 Nestorii
1360 4964 1509 5058 Liturgia
1535 4963 1704 5057 singulare
1734 4961 1888 5059 quiddam
1925 4959 2079 5034 onsura-

407 5045 793 5173 hhhffildlllrih'tm,
820 5086 910 5156 circu
936 5084 1076 5157 lormam
1103 5084 1329 5157 Invocationis
1355 5081 1497 5179 Spiritus
1524 5084 1630 5156 sancti
1646 5079 1734 5177 quod
1751 5091 1830 5178 post
1847 5081 1976 5152 usitata
1992 5067 2079 5147 verba
