4525 6034
711 602 790 677 234
1194 604 1616 688 cdhhltthttts

711 788 906 868 Abulbircat‚
941 789 1125 854 Ebnassalus
1160 794 1191 855 in
1221 793 1358 873 Epitome
1390 792 1563 874 Canoaum,
1600 795 1721 860 Gabriel
1758 796 1946 874 Patriaroha‚
1976 798 2064 864 Aulor

714 889 865 952 Scientiae
885 889 1137 969 Ecclesiasticae,
1161 900 1192 953 et
1214 891 1273 955 aiii.
1295 892 1342 954 De
1365 892 1498 974 Syriacis
1520 894 1741 975 Jacobitarum,
1764 897 1909 960 Earsaiibi
1922 910 2082 962 comnena

712 989 789 1050 tario
813 989 850 1051 ad
872 990 1057 1072 Liturgiam,
1080 989 1293 1075 Abulfaragius
1316 994 1346 1054 in
1369 992 1598 1071 Nomooanone;
1628 1003 1689 1058 turn
1710 998 1813 1062 variae
1835 996 2003 1081 liturgiae,
2028 1017 2063 1062 cx

713 1089 822 1169 quibus
845 1089 920 1152 ordo
941 1088 1158 1171 Diptychorum
1180 1091 1365 1174 intelligitur.

421 1182 559 1281 ,villicis
584 1184 700 1238 Alexan.
801 1188 912 1251 Verum
935 1190 1011 1252 ordo
1033 1189 1100 1269 ille,
1125 1198 1156 1253 et
1178 1194 1356 1273 quicumque
1379 1191 1409 1253 in
1432 1191 1515 1255 libris
1538 1194 1770 1275 praescribitur,
1794 1212 1860 1257 uon
1891 1196 1985 1258 omnia
2009 1209 2062 1255 no·

387 1266 469 1321 ⁶⁰³⁸·
713 1289 792 1350 mina
821 1288 1010 1367 continebat,
1045 1309 1122 1371 quae
1153 1292 1331 1371 praesertim
1359 1295 1420 1355 ritu
1450 1292 1641 1376 Aegyptiaco
1678 1297 1903 1357 commemorari
1931 1293 2062 1358 solebant.

711 1388 759 1451 Ac
781 1388 819 1451 de
841 1390 918 1451 vivis
942 1388 1060 1470 quidem
1082 1398 1153 1470 post
1180 1409 1287 1453 nomeu
1316 1392 1506 1456 Patriarohae
1534 1392 1747 1471 Alexandrini,
1777 1395 1829 1475 qui
1857 1394 1977 1456 vivebat
2001 1401 2062 1455 tuac

711 1489 873 1570 temporis,
897 1487 1102 1551 nominabatur
1125 1508 1245 1571 quoque
1268 1492 1440 1553 Patriarcha
1461 1491 1667 1556 Antiochenus
1690 1492 1910 1569 Jacobitarum,
1932 1494 2016 1574 idque
2028 1511 2062 1554 ex

712 1590 830 1669 antiqua
854 1586 1087 1666 consuetudine,
1111 1608 1150 1651 ex
1173 1608 1232 1671 quo
1255 1590 1387 1654 Severus
1409 1589 1611 1654 Jacobitarum
1642 1611 1714 1673 spes
1744 1592 1854 1670 altera,
1886 1595 1936 1675 qui
1964 1591 2062 1654 Antio-

712 1688 837 1752 chenam
859 1687 962 1751 sedem
985 1697 1204 1769 occupaverat,
1227 1691 1422 1752 arctissimam
1445 1709 1512 1752 cum
1531 1691 1671 1754 Dioscuri
1693 1693 1921 1755 successoribus
1943 1694 2062 1755 societa-

711 1795 770 1849 tem
794 1796 824 1850 et
847 1787 1083 1850 communionem
1106 1788 1217 1850 habuit.
1267 1788 1436 1871 interrupta
1464 1791 1654 1871 postmodum
1682 1790 1862 1871 aliquamdiu
1892 1809 2062 1855 commemo·

710 1889 787 1950 ratio
811 1886 1064 1949 antiochenorum
1094 1887 1124 1948 in
1147 1887 1302 1970 Diptychis
1335 1888 1410 1966 fuit,
1440 1890 1508 1971 quia
1537 1891 1616 1952 inter
1644 1889 1746 1951 turbas
1776 1889 1939 1969 bellorum,
1967 1890 2061 1971 quihus

711 1986 820 2051 Oriens
844 1985 983 2065 ardebat,
1005 1986 1094 2049 desiit
1116 1989 1273 2068 utriusque
1293 1987 1450 2051 Ecclesiae
1472 2007 1529 2070 per
1550 1989 1652 2051 literas
1675 1990 1897 2054 commercium.
1929 1989 1985 2052 Sed
1999 1987 2061 2052 illud

710 2094 887 2151 renovatum
914 2094 975 2158 est;
1004 2092 1094 2166 atque
1122 2077 1310 2168 postmodum
1339 2087 1526 2151 cousuetudo
1556 2087 1625 2166 furit,
1652 2096 1685 2149 ut
1712 2088 1829 2151 illorum
1858 2090 1890 2150 in
1919 2087 2061 2168 Diptvehis

711 2190 830 2251 uomina
852 2187 1062 2261 recitarentur,
1083 2186 1163 2248 inter
1184 2188 1281 2264 vivos,
1305 2188 1370 2269 eius
1393 2189 1443 2267 qui
1465 2196 1536 2249 tunc
1558 2186 1737 2251 Cathedram
1757 2186 1931 2262 obtinebat,
1952 2195 1982 2250 et
1995 2188 2062 2248 inter

710 2295 862 2366 mortuos,
892 2285 1062 2348 decessoris
1091 2287 1167 2368 ejus.
1224 2286 1335 2349 Verum
1366 2294 1436 2348 tunc
1466 2286 1626 2366 incipiebat
1655 2289 1798 2351 memoria
1831 2286 1961 2351 viventis
1991 2285 2060 2360 lieri,

711 2385 831 2469 quarmo
859 2383 1072 2448 Alexandriam
1100 2395 1303 2466 pervenerant
1332 2386 1455 2464 literae,
1490 2403 1565 2466 quas
1600 2387 1700 2450 statim
1735 2386 1773 2449 ab
1802 2387 1990 2449 ordinatione
2013 2403 2061 2446 sua

677 2497 682 2502 “
711 2487 847 2551 scribere
870 2483 988 2547 solebat
1009 2501 1077 2545 oum
1099 2483 1300 2548 Confessione
1330 2485 1411 2562 fidei,
1442 2503 1520 2567 quae
1550 2487 1619 2565 quia
1648 2506 1688 2550 ex
1718 2485 1841 2567 Synodo
1873 2486 2060 2560 mittebantur,

710 2587 881 2670 Spendicac
902 2585 1139 2666 appellabantur.
1183 2585 1257 2647 Nam
1281 2585 1379 2647 donee
1400 2584 1476 2647 tales
1498 2585 1604 2648 literae
1626 2593 1769 2667 receptae
1791 2585 1936 2662 fuissent,
1963 2584 2061 2647 deces-

711 2688 790 2750 soris
812 2703 937 2764 nomen,
960 2686 1045 2766 quasi
1067 2686 1215 2764 viventis,
1245 2686 1448 2761 recitabatur,
1479 2686 1536 2746 etsi
1568 2685 1606 2748 de
1634 2686 1699 2768 ejus
1729 2683 1812 2748 obitu
1842 2692 2007 2759 constaret,
2034 2689 2062 2744 ut

710 2788 741 2852 in
763 2785 966 2850 Alexandrina
988 2785 1114 2848 historia
1137 2802 1196 2847 non
1219 2785 1313 2847 semel
1336 2783 1446 2846 factam
1469 2782 1705 2856 observavimus.
1744 2784 1856 2847 Postea
1871 2802 1978 2847 nomen
1995 2800 2061 2862 pro-

710 2890 791 2950 xime
815 2885 947 2948 defuncti
968 2884 1159 2948 Patriarcbae
1181 2871 1338 2966 Diptychis
1360 2884 1560 2948 inserebatur.
1604 2884 1721 2948 Nullius
1743 2904 1784 2952 cx
1806 2884 1874 2947 aliis
1897 2882 2060 2947 Patriarohis

711 2986 851 3069 memoria
874 2985 979 3048 fiebat:
1002 3003 1062 3047 non
1085 2983 1423 3066 constantinopolitani,
1446 3000 1507 3046 non
1529 2982 1670 3063 Romani,
1701 2986 1835 3066 quamvis
1866 2984 1904 3047 de
1931 2984 2060 3065 dignitate

711 3089 775 3167 ejus
799 3086 878 3148 inter
900 3104 1004 3149 omnes
1026 3092 1195 3163 constaret,
1219 3090 1422 3146 attestantur
1452 3081 1605 3146 Canonum
1635 3084 1841 3164 Colleotores,
1874 3086 1925 3166 qui
1951 3085 2060 3164 primum

709 3185 752 3247 ilii
773 3186 871 3249 locum
905 3185 1084 3263 attribuunt,
1114 3165 1171 3246 ob⁸
1184 3182 1288 3245 sedem
1317 3183 1396 3244 Petri
1426 3183 1568 3264 principis
1598 3184 1823 3265 Apostolorum.
1869 3183 1929 3248 Sed
1950 3190 2061 3264 propter

710 3284 916 3348 defensionem
939 3283 1063 3350 Concilii
1086 3283 1357 3359 calchedonensis,
1381 3281 1524 3345 haeretici
1546 3283 1731 3347 habebantur
1752 3284 1905 3346 Romanus
1933 3291 1963 3346 et
1987 3281 2060 3345 Con-

710 3386 1006 3467 stantinopohtanus3
1030 3393 1119 3465 atque
1141 3383 1254 3447 idcirco
1276 3381 1357 3444 nulla
1379 3400 1482 3445 eorum
1504 3385 1645 3447 memoria
1662 3385 1762 3447 fiebat.
1801 3383 1977 3446 Antiochiae
1991 3399 2061 3462 quo-

710 3504 769 3566 que
792 3486 870 3547 inter
891 3485 1059 3562 Jacobitas,
1089 3481 1266 3565 parimodo
1296 3480 1487 3546 referebatur
1508 3485 1537 3546 in
1566 3484 1714 3567 Diptyoha
1742 3502 1852 3548 nomen
1881 3478 2061 3548 Alexandrini

709 3583 898 3649 Patriarchae
920 3586 1064 3660 viventis,
1087 3590 1118 3645 et
1141 3583 1206 3664 ejus
1229 3582 1414 3660 decessoris,
1443 3586 1540 3646 statim
1562 3592 1652 3667 atque
1681 3585 1787 3647 literae
1811 3583 1977 3665 synodicae
2003 3581 2060 3660 ejus

709 3692 852 3767 receptae
867 3683 993 3748 fuerant.
1037 3683 1070 3746 ln
1091 3689 1276 3744 mortuorum
1299 3684 1580 3746 commemoratione
1601 3685 1818 3747 recensebatur
1830 3701 1952 3765 quoque
1964 3695 2059 3743 nomeu

709 3784 901 3847 Patriarchae
922 3783 1119 3847 Alexandrini
1140 3799 1239 3862 nuper
1261 3780 1410 3861 defuncti,
1445 3792 1477 3846 ut
1505 3784 1604 3847 multis
1634 3784 1775 3846 historiae
1803 3783 1950 3864 exemphs
1975 3781 2059 3842 mani-

711 3884 819 3946 festum
842 3892 903 3947 cst:
926 3891 1015 3964 atque
1038 3903 1056 3946 e
1079 3881 1187 3945 tabulis
1210 3880 1411 3955 eximebatur,
1434 3891 1504 3965 post
1527 3883 1714 3947 successoris
1736 3882 1858 3946 obitum:
1897 3882 1939 3944 lta
1952 3897 2058 3962 quoque

711 3984 928 4048 observabatur
950 3985 980 4046 in
1002 3982 1140 4045 Ecclesia
1160 3981 1355 4062 Aethiopica,
1379 4001 1456 4064 quae
1477 3982 1700 4046 Alexandrinae
1722 3984 1751 4044 in
1775 3982 1912 4045 omuibus
1939 3980 2059 4062 subjecta

711 4092 784 4146 erat.
827 4084 861 4147 ln
882 4082 1059 4163 Aethiopica
1081 4081 1216 4165 liturgia
1238 4081 1495 4164 Metropolitamm
1518 4083 1673 4166 plurimum
1687 4082 1806 4144 nomina
1821 4082 1994 4145 successive
2013 4096 2059 4140 re-

711 4184 893 4262 citabantur,
915 4192 948 4246 ut
969 4190 1052 4264 patet
1074 4202 1114 4245 ex
1138 4178 1261 4243 Cauone
1284 4180 1433 4246 Generali.
1477 4184 1558 4247 idem
1587 4200 1708 4265 quoque
1739 4181 1846 4243 factum
1877 4184 1907 4243 in
1935 4179 2059 4243 Ecclesia

710 4284 890 4362 Nestoriani,
914 4282 1003 4345 docet
1025 4299 1080 4344 nos
1102 4283 1237 4363 ipsorum
1259 4280 1400 4345 historiae
1416 4283 1648 4365 scriptorbfaris
1661 4280 1827 4345 Salomonis
1850 4281 1939 4359 iilius,
1961 4274 2059 4358 quide

711 4382 826 4446 duobus
857 4381 1187 4460 Pseudo-Catholicis,
1220 4388 1304 4445 nomi
1334 4401 1437 4444 comm
1469 4383 1591 4445 nomiae
1620 4381 1695 4443 libro
1729 4382 1811 4442 citae
1838 4382 1984 4459 inscripto
2005 4392 2058 4437 aco

708 4482 822 4562 scisse,
852 4481 911 4545 hoc
944 4488 990 4544 est
1015 4480 1190 4563 Diptychis‚
1226 4473 1262 4544 eo
1286 4483 1367 4562 qaod
1395 4490 1501 4544 cenna
1534 4483 1613 4563 tepea
1640 4480 1875 4542 Ecclesiasticos
1900 4480 2060 4558 diptatotcm

709 4589 940 4663 smtmooemnt.
984 4581 1085 4663 Atque
1107 4579 1183 4644 haee
1205 4580 1243 4643 de
1256 4581 1486 4658 Ecclesiasticis,
1509 4582 1590 4644 circa
1612 4598 1738 4662 quorum
1760 4577 2057 4641 commemorationem

710 4683 812 4745 similis
835 4690 901 4745 erat
923 4681 1032 4763 ubique
1053 4680 1149 4744 ferme
1171 4680 1333 4762 disciplina.

423 4798 522 4869 flegun
538 4803 660 4855 nemora
670 4803 697 4855 1„
774 4783 820 4845 De
842 4780 976 4863 Regibus
998 4789 1160 4844 occurrunt
1182 4781 1328 4861 quaedam
1348 4790 1452 4845 notatu
1482 4782 1589 4866 digna,
1618 4787 1739 4863 praeter
1768 4796 1805 4841 ea
1827 4796 1905 4859 quae
1933 4772 2058 4856 supen’us

389 4884 531 4956 triptychis.
711 4882 945 4945 observavimus.
991 4881 1069 4944 Nam
1091 4883 1121 4942 in
1145 4880 1320 4961 quibusdam
1341 4880 1504 4965 biturgiis,
1525 4889 1558 4945 ut
1580 4879 1774 4955 Nestoriana,
1802 4884 1906 4941 oratur
1925 4893 1982 4954 pro
2001 4872 2058 4934 ite-

708 4982 797 5061 pibas
816 4981 973 5063 fidelibm;
996 4988 1028 5044 ut
1050 4982 1080 5043 in
1102 4980 1277 5044 Jacobiacts
1299 4981 1458 5048 nonnullis.
1502 4981 1546 5045 Ea
1568 4981 1730 5044 occasione
1750 4976 1943 5059 reprehendit
1957 4974 2056 5036 Barsa-

710 5080 762 5143 lihi
783 5081 814 5142 in
837 5080 1056 5145 Commentario
1078 5099 1135 5144 suo
1158 5080 1303 5161 quosdam
1324 5082 1436 5144 saeculi
1458 5082 1505 5146 sui
1526 5081 1679 5161 homines,
1702 5080 1754 5161 qui
1775 5075 1983 5143 existimbant
2002 5068 2057 5132 tol·
