4525 6034
574 593 615 668 ut
636 590 843 669 LlTURGIAM
866 590 1059 667 comittit
1080 591 1111 667 S.
1132 588 1287 666 Cluuii.
1542 589 1619 662 295

241 794 355 853 sumus,
379 777 505 857 propria
527 776 582 839 iirit
604 776 851 839 Ortbodoxorum
874 774 1168 852 Alexandrinorum,
1196 792 1265 837 cum
1287 772 1385 837 nullas
1417 773 1621 856 llonopbysi-

189 864 202 881 '
240 884 339 938 tartum
368 875 525 939 doctrinae
553 882 641 938 notas
671 873 842 956 praeierat:
877 874 972 937 altera
1007 882 1108 937 certas
1136 873 1246 936 babeat
1274 873 1340 936 illas
1375 881 1406 935 et
1435 872 1621 955 exploratas.

240 975 329 1037 Unde
351 978 424 1055 quin
447 975 496 1036 illa
518 975 568 1054 sit,
592 974 630 1036 de
653 992 711 1054 qua
735 974 855 1037 blarcus
878 973 1050 1037 Patriarcba
1064 972 1250 1035 Graecorum
1266 972 1490 1035 Alexandrinus
1515 973 1621 1036 'ibeo-

209 1080 212 1085 '
241 1072 350 1134 dorum
372 1071 580 1135 Balsamonem
603 1071 764 1148 consuluit,
787 1071 916 1135 dubitari
938 1073 992 1136 vix
1014 1079 1124 1154 potest.
1169 1070 1335 1135 Dicebatur
1363 1079 1463 1134 autem
1485 1068 1621 1155 Liturgia

241 1171 351 1246 blarei,
375 1173 445 1251 prtia
468 1171 550 1233 sedis
573 1170 815 1249 Alexandrinae,
839 1190 929 1251 quam
952 1172 1002 1235 ille
1025 1169 1222 1249 fundaverat,
1245 1171 1369 1253 propriu
1393 1177 1475 1246 erat,
1503 1181 1536 1231 ιιι
1562 1171 1620 1233 la-

239 1271 311 1333 cobi
336 1269 417 1333 dicta
439 1278 497 1347 est,
520 1287 598 1350 quae
621 1269 842 1350 Hierosolymis
865 1271 1077 1353 usurpabatur.
1100 1271 1192 1334 Forte
1216 1272 1306 1332 etiam
1327 1271 1407 1332 inter
1423 1267 1620 1332 Ortbodoxos

236 1371 329 1431 unica
352 1368 427 1445 luit,
450 1377 482 1431 ut
504 1368 612 1432 suadet
636 1368 716 1431 illius
740 1368 916 1450 dispositio,
940 1388 1006 1432 cum
1029 1388 1089 1433 non
1113 1377 1146 1431 ut
1168 1368 1294 1449 Coptica
1317 1367 1503 1432 orationibus
1526 1387 1621 1449 prae-

235 1471 401 1550 paratoriis
426 1476 593 1548 careat-ct
615 1476 680 1531 tota
701 1468 750 1531 illo
774 1477 861 1550 parte
885 1486 963 1550 quae
987 1468 1122 1531 osculum
1145 1469 1242 1550 pacis,
1260 1485 1317 1530 seu
1338 1455 1541 1545 Ἀσπασμόν,
1560 1487 1619 1530 an·

234 1568 360 1631 tecedit
406 1569 519 1631 Verum
542 1570 697 1631 orationes
717 1575 748 1631 et
770 1570 846 1630 ritus
877 1567 1011 1629 continet
1040 1566 1077 1629 ab
1112 1567 1196 1629 initio
1220 1584 1316 1649 usque
1339 1567 1377 1628 ad
1399 1565 1490 1628 linem
1512 1565 1619 1628 oflicii:

235 1666 319 1729 unde
343 1667 435 1745 illam,
459 1683 519 1729 non
542 1668 668 1730 secundi
691 1667 823 1745 ordinis,
856 1666 912 1729 sed
935 1666 1106 1748 primariam
1129 1664 1223 1729 luisse
1247 1673 1382 1728 constat:
1411 1683 1478 1727 eum
1502 1664 1532 1726 in
1555 1662 1620 1727 Co-

236 1768 319 1848 ptica
355 1765 461 1848 cyrilli
494 1765 586 1828 multa
621 1786 662 1829 ex
692 1766 841 1830 Basiliam
875 1767 938 1847 peti
968 1765 1108 1829 debeant.
1160 1764 1258 1827 Aliam
1287 1782 1382 1844 porro
1413 1783 1501 1845 quam
1532 1764 1620 1827 istam

235 1864 399 1927 Balsamon
429 1883 491 1928 non
521 1865 642 1929 videtur
665 1867 839 1950 agnovisse.
884 1864 1057 1927 Absurdum
1085 1865 1166 1928 illius
1188 1864 1227 1927 de
1257 1862 1363 1926 eadem
1379 1862 1525 1946 judicium
1548 1862 1618 1925 alibi

237 1963 472 2029 confutavimus.

756 2258 933 2331 Sacerdos
958 2265 1104 2330 secreto.

330 2502 425 2581 llmc
448 2515 545 2577 oratio
568 2520 601 2575 et
622 2519 787 2593 sequentes
809 2529 870 2575 non
883 2513 1026 2595 leguntur
1047 2512 1078 2574 iu
1093 2510 1209 2574 Graeca
1232 2510 1338 2589 ldarci,
1361 2513 1430 2591 quia
1441 2530 1617 2597 rrporrepor-
1692 2554 1700 2570 .
1772 2549 1781 2569 .

239 2611 455 2680 oaeuaoraxcl
485 2634 595 2697 preces
625 2615 664 2677 ad
692 2614 888 2696 Anapboram
910 2633 966 2677 seu
988 2613 1155 2697 Liturgiam
1177 2614 1302 2697 proprie
1325 2614 1433 2678 dictam
1458 2632 1518 2677 non
1541 2634 1618 2698 per-

240 2718 346 2779 tinent.
393 2715 493 2778 Prima
515 2734 555 2777 ex
578 2732 682 2778 earum
703 2731 829 2777 numero
853 2722 911 2789 est,
933 2732 1011 2795 quae
1035 2714 1176 2776 dicuntur
1205 2733 1222 2776 a
1252 2714 1436 2791 Sacerdote,
1460 2723 1619 2796 antequam

241 2816 279 2877 ad
304 2816 399 2877 altare
422 2813 628 2897 ingrediatur,
661 2822 691 2877 et
714 2813 824 2875 multae
852 2812 929 2877 tales
958 2820 1124 2876 occurrunt
1155 2813 1185 2874 iu
1209 2814 1420 2896 manuscriptis
1445 2811 1619 2893 Codicibus,

240 2932 367 2993 quarum
390 2931 450 2975 una
472 2919 585 2974 tantum
608 2912 687 2976 solet
709 2913 843 2975 recitari.
867 2910 980 2974 Omnes
1004 2912 1139 2974 eamdem
1162 2915 1342 2975 seutentiam
1362 2912 1487 2976 habent:
1511 2930 1620 2992 nempe

241 3009 393 3074 Sacerdos
415 3029 490 3074 suae
513 3010 571 3074 sibi
594 3010 816 3085 imbecillitatis,
840 3017 870 3072 et
893 3011 1079 3093 indignitatis
1103 3014 1256 3091 conscius,
1280 3014 1407 3095 gratiam
1431 3031 1447 3074 a
1468 3010 1535 3075 Deo
1558 3029 1621 3092 po-

239 3109 342 3188 stulat,
364 3119 398 3174 ut
420 3109 607 3176 sacerdotali
629 3112 793 3173 ministerio
816 3107 967 3188 inculpate
988 3109 1144 3194 iungatur.

293 3416 354 3487 Du
378 3417 461 3487 milti
487 3418 634 3488 Domine
661 3416 826 3510 Spiritum
852 3424 1021 3507 auretam,
1049 3423 1160 3515 ipoem
1185 3426 1354 3492 materiae
1382 3426 1566 3515 expertem.
1600 3414 1606 3423 ⁸

343 3658 625 3743 Fneousanssmus
649 3670 728 3751 apud
752 3669 923 3733 Orientaies
945 3669 1034 3750 hujus
1056 3670 1252 3751 metaphorae
1276 3689 1349 3734 usus
1372 3679 1438 3749 est,
1461 3671 1500 3734 ad
1522 3673 1621 3755 signi-

241 3774 390 3838 beandam
412 3772 613 3850 divinitatem,
643 3772 808 3854 praecipue
839 3771 890 3834 ubi
920 3771 958 3834 de
981 3772 1094 3853 Spiritu
1116 3780 1222 3835 sancto
1245 3772 1427 3854 loquuntur,
1457 3791 1517 3854 quo
1539 3777 1621 3841 divi-

241 3893 312 3937 nam
335 3874 402 3954 ejus
424 3879 562 3934 naturam
576 3870 768 3947 confitentur,
792 3879 823 3933 et
845 3871 911 3953 ejus
922 3872 1160 3952 potentissimam
1183 3874 1214 3934 in
1233 3880 1387 3935 creaturas
1401 3874 1621 3953 operationem,

242 3971 406 4035 molliendo
428 3969 567 4033 duritiam
597 3979 628 4032 et
662 3968 867 4033 consumendo
890 3969 1068 4050 nequitiam,
1092 3969 1320 4051 occidendoque
1339 3972 1472 4035 membra
1496 3980 1619 4037 terrena
1673 4038 1678 4049 ‚

243 4079 275 4133 et
305 4087 471 4152 corporea,
500 4077 659 4149 motusque
689 4069 877 4133 inordinatos
909 4068 1120 4131 refraenando.
1166 4067 1209 4130 lta
1242 4070 1407 4133 secundum
1436 4090 1542 4135 eorum
1571 4073 1623 4135 lo-

243 4169 357 4251 quendi
388 4186 502 4231 morem
533 4166 679 4249 probatur
711 4168 851 4230 divinitas
881 4166 1010 4248 Spiritus
1040 4169 1159 4245 sancti,
1189 4185 1278 4247 quam
1306 4168 1427 4232 infinitis
1457 4171 1523 4232 aliis
1545 4171 1621 4236 locis

244 4286 417 4353 agnoscere
439 4286 474 4330 se
497 4275 656 4344 testantur,
680 4284 748 4330 cum
769 4266 851 4329 illum
874 4268 953 4328 Patri
976 4273 1007 4329 et
1029 4265 1091 4329 lilio
1106 4267 1391 4330 consubstantialem
1414 4288 1484 4333 esse
1507 4270 1619 4351 dicunt,

244 4371 275 4431 in
300 4370 360 4430 line
383 4369 515 4429 omnium
535 4384 656 4429 suarum
679 4368 856 4430 orationum.
880 4365 955 4428 Cum
977 4366 1069 4448 igitur
1091 4365 1125 4427 B.
1142 4367 1298 4449 Virginem
1313 4366 1437 4429 Mariam
1459 4369 1621 4449 appeliant,

244 4467 427 4530 thrasibulum
449 4485 585 4542 curemur,
608 4469 640 4526 in
662 4484 720 4546 quo
743 4464 839 4527 curbo
860 4466 949 4526 eiecto
967 4463 1038 4542 fait,
1050 4463 1222 4544 significant
1237 4464 1317 4526 illam
1339 4467 1499 4548 peperisse
1520 4466 1621 4531 Deum

245 4574 277 4629 et
301 4565 459 4627 bominem.
506 4563 582 4626 Cum
609 4563 782 4626 Nestoriani
810 4562 912 4626 etalii
935 4561 1051 4640 dieunt,
1082 4565 1181 4643 ι’φιιιιιι
1211 4564 1243 4624 in
1261 4582 1343 4643 pane
1368 4569 1510 4645 occipere
1532 4586 1621 4630 mor-

244 4665 324 4729 tales
350 4664 501 4737 bomioea,
532 4664 734 4743 praesentiam
761 4662 900 4743 eorporis
931 4661 1042 4724 Christi
1071 4660 1129 4723 Dei
1158 4668 1189 4723 et
1216 4662 1343 4725 bominis
1372 4664 1403 4725 in
1431 4663 1621 4729 Eucharistia

245 4763 444 4836 confitentum
466 4768 500 4822 ut
513 4762 681 4842 Aethiopes
703 4761 785 4843 apud
798 4778 874 4842 quos
897 4762 928 4823 in
950 4777 1010 4822 una
1033 4779 1073 4823 ex
1095 4761 1159 4823 suis
1174 4760 1328 4842 liturgiis,
1344 4760 1497 4826 Diacouus
1520 4773 1622 4829 monet

245 4880 313 4939 eos,
335 4862 388 4942 qui
410 4857 448 4922 ad
470 4860 692 4941 suscipiendam
714 4861 954 4923 communionem
976 4858 1137 4922 accedunt:
1166 4857 1213 4920 Ne
1234 4861 1387 4939 uspiciuru
1411 4862 1491 4925 barre
1508 4882 1622 4944 punem

244 4961 325 5022 rimo
341 4978 455 5040 ponera
476 4966 658 5034 terrestrum
679 4960 736 5021 red
756 4958 1037 5039 ipuemdieioitutr‘a
1057 4976 1134 5020 erre.
