4525 6034
589 612 620 688 S.
654 612 675 686 J
685 610 855 688 oannis
892 609 1223 688 columnellis.
1510 614 1587 688 479

211 801 339 894 spiritu.
401 793 578 871 conserva
612 818 675 868 nos
715 805 749 867 et
787 794 863 868 illos
901 818 964 891 per
995 797 1179 890 custodiam
1212 798 1421 890 Angelorum
1454 808 1587 872 tuorum

210 924 419 1001 sanctorum,
445 904 631 1008 praeserva
658 934 722 984 nos
751 935 771 983 a
798 910 984 998 scandalis,
1022 923 1056 985 et
1090 911 1193 986 libera
1229 935 1292 986 nos
1320 936 1339 984 a
1366 913 1495 1007 laqueis
1523 936 1588 987 sa-

210 1040 329 1118 tanae,
356 1038 390 1098 et
416 1027 457 1100 ab
486 1029 614 1123 abysso
642 1030 791 1122 peccati,
818 1051 838 1097 a
865 1029 973 1118 virgis
1001 1027 1111 1117 duris,
1144 1038 1178 1099 et
1204 1050 1224 1098 a
1257 1026 1367 1123 plagis
1400 1028 1586 1102 lethalibus.

209 1137 333 1216 Libera
367 1165 430 1216 nos
467 1141 509 1214 ab
546 1147 608 1231 iis,
642 1165 728 1237 quae
763 1153 902 1236 peccata
937 1150 1052 1213 nostra
1085 1141 1243 1214 inducunt
1274 1143 1377 1237 ‘super
1409 1149 1589 1242 nos,‘per

209 1262 487 1350 gratiam‘tuam,
515 1259 557 1330 ab
586 1257 709 1329 acerba
737 1259 939 1351 captivitate,
968 1255 1423 1349 etagentibuscrudelibns.
1477 1258 1587 1333 Senes

209 1371 398 1446 imbecillos
426 1371 605 1461 confirma,
632 1383 666 1444 et
692 1371 834 1444 robora:
862 1371 981 1443 viduas
1008 1372 1133 1445 auxilio
1157 1375 1259 1464 juva,
1293 1371 1462 1469 orphanos
1496 1399 1586 1449 con-

211 1511 314 1562 serva
342 1498 377 1559 et
401 1489 555 1582 purifico:
583 1492 738 1584 captivos
763 1485 870 1558 libera
899 1496 934 1556 et
960 1486 1073 1558 salva:
1107 1491 1240 1560 vinctos
1273 1487 1371 1561 solve
1406 1498 1440 1560 et
1475 1493 1586 1584 eripe:

152 1661 159 1675 .
211 1625 336 1695 aegros
364 1625 445 1675 sana
473 1614 506 1675 et
532 1607 614 1700 ipsis
642 1607 818 1675 sanitatem
844 1600 969 1673 tribue:
997 1603 1134 1676 afflictos
1162 1613 1197 1674 et
1231 1605 1438 1695 angustiatos
1470 1607 1586 1700 spiritu

211 1719 407 1791 consolare:
435 1722 586 1809 iujuriam
613 1728 647 1791 et
673 1718 868 1790 calumniam
896 1739 1018 1812 passos
1045 1717 1198 1790 coniorta
1214 1740 1276 1813 per
1290 1716 1461 1790 brachium
1479 1729 1586 1791 tuum:

208 1856 377 1929 pauperes
405 1834 481 1906 cibo
510 1844 544 1905 et
569 1836 772 1907 necessariis
800 1819 967 1905 sustenta:
1000 1836 1233 1906 necessitatem
1265 1836 1449 1927 patientes,
1479 1855 1587 1927 pere-

208 1954 346 2041 grinos,
374 1960 408 2021 et
434 1954 704 2045 persecutionem
731 1951 934 2020 sustinentes
960 1948 1079 2037 reduc,
1107 1959 1141 2022 et
1168 1952 1313 2043 quietem
1338 1946 1402 2019 illis
1426 1931 1586 2019 con‘cede.

165 2113 169 2120 ,
210 2065 365 2137 Perditos
393 2076 427 2137 et
454 2076 606 2137 errantes
634 2063 756 2155 collige
784 2073 817 2135 et
843 2085 1032 2157 congrega:
1069 2075 1267 2161 peccatores
1294 2062 1415 2134 munda
1443 2073 1477 2134 et
1503 2085 1586 2136 sus-

212 2183 304 2274 cipe:
338 2180 502 2273 nobisque
538 2179 690 2252 omnibus
714 2178 879 2266 solatium,
907 2178 1088 2268 medelam,
1116 2180 1269 2264 salutem,
1297 2188 1330 2249 et
1356 2177 1588 2250 liberationem

211 2309 364 2390 praesta,
392 2299 467 2389 quia
495 2306 530 2366 tu
557 2297 736 2369 aunibator
762 2307 796 2367 et
822 2294 954 2386 adjutor
980 2297 1126 2366 omnium
1153 2316 1203 2384 es,
1231 2292 1356 2388 tibique
1383 2290 1527 2384 gloriam
1554 2301 1589 2362 et

211 2410 350 2492 laudem
373 2411 550 2483 offerimus.

315 2525 478 2619 Populos.
531 2527 652 2599 Amen.

315 2641 490 2712 Sacerdos
517 2642 710 2712 inclinatus.
764 2638 872 2710 Visita
898 2637 1043 2710 Domine
1081 2660 1144 2732 per
1174 2640 1318 2729 gratiam
1352 2646 1441 2708 tuam
1467 2634 1587 2727 Reges

213 2755 442 2847 Ortbodoxos,
470 2768 503 2829 et
530 2757 659 2847 subjice
694 2754 759 2827 illis
795 2755 945 2825 inimicos
972 2774 1101 2842 eorum,
1128 2773 1309 2847 compesce
1342 2749 1431 2822 bellu
1463 2763 1497 2823 et
1528 2759 1587 2821 tu-

211 2872 345 2961 multus,
373 2882 406 2943 et
432 2882 535 2944 totum
563 2880 726 2943 terrarum
763 2867 878 2941 orbem
912 2868 1062 2963 pacifica,
1090 2876 1126 2938 ut
1150 2866 1306 2940 Ecclesia
1339 2877 1394 2937 tua
1427 2868 1460 2936 in
1491 2876 1589 2937 tran-

213 2987 371 3081 quillitate
398 2998 433 3058 et
457 3009 543 3081 pace
570 2991 622 3074 sit,
651 2997 750 3079 atque
785 2987 819 3055 in
846 2992 969 3056 attenta
996 2983 1189 3055 sedulitate:
1221 2985 1446 3077 unusquisque
1479 2989 1588 3052 autern

212 3106 246 3173 in
279 3124 340 3188 sua
373 3097 515 3195 regione
547 3101 743 3175 confiteatur
775 3100 843 3171 tibi.
905 3098 1011 3171 Nobis
1051 3098 1196 3170 Domine
1235 3102 1338 3169 vitam
1377 3098 1520 3189 quietam
1556 3104 1591 3166 et

211 3228 363 3312 tempora
390 3217 529 3313 pacifica
556 3217 721 3290 concede:
749 3227 816 3287 eta
843 3212 939 3286 uobis
967 3213 1098 3309 depelle
1125 3235 1224 3285 omne
1252 3212 1435 3284 afflictionis
1461 3232 1587 3303 genus:

212 3343 349 3428 praesta
376 3337 474 3406 etiam
502 3344 537 3404 ut
563 3342 657 3405 caste
683 3335 786 3402 vitam
815 3333 1039 3402 instituamus:
1074 3349 1272 3424 oppressos,
1300 3336 1526 3418 aegrotantes,
1555 3336 1589 3412 et

216 3452 358 3543 eosqui
393 3458 559 3520 tentantur
592 3472 612 3520 a
648 3447 801 3539 malignis
834 3445 1022 3542 spiritibus,—
1056 3466 1139 3516 sana
1172 3454 1206 3515 et
1239 3442 1371 3535 adiuva:
1432 3440 1590 3514 Coronae
1720 3477 1728 3496 ι
1836 3431 1846 3444 “

206 3567 289 3639 ,anni
315 3563 468 3652 benedic,
495 3575 530 3636 ut
556 3574 732 3636 creaturae
758 3561 902 3634 babeant
917 3560 1004 3632 unde
1020 3567 1256 3646 sustententur,
1283 3567 1317 3629 et
1332 3556 1520 3650 glorificent
1543 3565 1586 3644 te.

317 3680 479 3773 Populus.
532 3680 639 3776 Kyrie
666 3679 805 3749 eleison.

319 3794 495 3866 Sacerdos
522 3795 660 3866 ciccano
685 3815 811 3864 docem.
865 3792 1009 3864 Domine
1028 3790 1121 3879 Deus
1134 3799 1265 3883 potens,
1292 3789 1454 3858 constitue
1469 3807 1589 3880 pacem

213 3916 247 3983 in
273 3915 401 4003 regnis,
427 3934 489 4007 per
517 3909 725 3982 clementiam
750 3919 856 3997 tuam,
885 3908 1067 4002 comprime
1092 3903 1181 3977 bella
1209 3903 1427 3991 inimicorum,
1454 3911 1488 3971 et
1513 3900 1589 3971 Ec-

215 4027 390 4099 clesiarum
419 4024 578 4098 scandala
606 4023 710 4096 aufer.
752 4023 924 4115 Extingue
951 4021 1110 4093 haereses
1137 4039 1318 4109 erroneas;
1345 4025 1379 4087 et
1405 4014 1500 4089 salva
1527 4037 1589 4088 nos

214 4142 358 4214 Domine
385 4141 483 4236 plene
510 4139 757 4227 misericordia,
791 4137 833 4209 ab
862 4141 951 4210 omni
977 4135 1067 4207 lanne
1095 4134 1184 4223 dira,
1217 4131 1259 4203 ab
1295 4135 1384 4204 omni
1420 4131 1524 4202 caede
1557 4140 1591 4201 et

214 4258 427 4344 mortalitate,
455 4253 498 4327 ab
526 4253 679 4328 omnibus
707 4252 803 4326 bellis
829 4264 872 4325 et
899 4250 1103 4337 tumultibus,
1131 4273 1152 4320 a
1178 4247 1288 4344 plagis
1316 4256 1350 4318 et
1375 4244 1591 4340 colaphorum

214 4376 408 4466 ignominia,
436 4396 455 4442 a
483 4381 595 4444 terrae
630 4381 721 4442 motu
749 4379 783 4442 et
809 4370 1038 4465 oppressione,
1066 4364 1108 4437 ab
1136 4362 1296 4435 incendiis
1330 4371 1364 4433 et
1398 4359 1590 4455 depraedu-

215 4488 375 4561 tionibus:
412 4499 446 4559 et
472 4489 769 4580 congregationem
799 4484 882 4556 banc
908 4487 1194 4568 circumstantem,
1221 4482 1255 4549 in
1281 4475 1347 4547 lide
1375 4473 1503 4550 custodi
1529 4495 1591 4569 per

215 4627 350 4676 crucem
377 4606 536 4696 unigeniti
569 4603 644 4674 Filii
677 4604 740 4690 tui,
772 4622 834 4695 per
859 4597 1030 4671 bracbium
1063 4606 1153 4668 tuum
1188 4590 1371 4665 excelsum.
1431 4590 1590 4682 Virgines

216 4743 385 4793 conservo
413 4720 542 4814 absque
569 4717 710 4806 macula,
737 4719 936 4808 conjugatos
964 4735 1046 4785 orna
1074 4712 1290 4783 continentia:
1318 4727 1419 4779 senes
1447 4702 1590 4776 calami-

217 4836 338 4908 tatibus
372 4845 533 4923 vexatos,
570 4831 722 4905 conforta
750 4843 784 4903 et
816 4832 953 4923 adjuva:
990 4827 1137 4900 inlirmos
1172 4844 1255 4897 sana
1286 4843 1348 4917 per
1369 4820 1591 4891 'clementiam

217 4962 325 5023 tuam:
363 4973 547 5048 oppressos
575 4947 671 5020 malis
706 4970 825 5019 recrea
852 4947 1081 5043 pergratiam
1109 4950 1213 5012 mam:
1247 4934 1590 5032 navigantibus-esto

216 5076 334 5160 portus
361 5066 571 5161 tranquillus:
599 5067 662 5136 iter
688 5063 850 5136 iacientes
877 5082 1063 5158 praeserva
1089 5057 1131 5130 ab
1160 5052 1313 5128 omnibus
1341 5050 1478 5123 damnis.
1518 5046 1591 5120 Eos
