4525 6034
326 2750 333 2785 l

384 991 660 1050 NullainOriauleEc·

350 1078 429 1132 alesia
447 1081 584 1135 vernaculo
602 1100 661 1135 aar·

349 1180 425 1219 mone
448 1184 520 1222 sacra
538 1168 661 1223 celebrat·

364 2981 458 3038 Omnes
467 2985 597 3055 antiquam
605 2986 658 3039 liu·

347 3085 423 3138 gnam
440 3072 609 3125 retinuerant.

672 563 783 639 XLIV
1170 568 1529 648 otsshauntlo

673 766 708 827 et
733 757 894 850 ejusmodi
920 760 966 855 pii
989 755 1064 831 h'bri
1088 755 1267 831 barbarico
1293 756 1368 830 stilo
1395 755 1497 832 scribi
1524 757 1650 850 solent,
1684 782 1794 857 neque
1827 764 1916 835 enim
1943 762 2036 836 aliter

673 871 942 967 intelligerentur.

777 988 834 1063 Ex
858 989 922 1062 illis
949 993 1050 1083 igitur
1074 989 1281 1063 manilestum
1309 1001 1361 1062 est
1378 988 1551 1061 Usserium
1572 992 1784 1089 reliquosque
1797 992 2038 1086 Protestantes,

675 1108 729 1200 qui
756 1105 798 1178 de
825 1111 931 1180 sacris
958 1107 1147 1181 vernaculis
1173 1107 1295 1199 longos
1315 1115 1350 1178 et
1368 1105 1559 1180 laboriosos
1579 1110 1837 1181 commentarios
1855 1108 2037 1199 ediderunt,
2080 1126 2083 1131 “

672 1221 752 1293 nibil
779 1227 903 1316 egisse,
930 1246 1065 1296 cum-ne
1084 1247 1149 1296 una
1174 1221 1303 1318 quidem
1322 1220 1477 1295 Ecclesia
1496 1233 1566 1297 toto
1580 1222 1715 1297 Oriente
1736 1226 1904 1316 assignari
1919 1228 2037 1321 possit,

674 1360 760 1434 quae
770 1340 914 1433 vulgari,
928 1351 961 1413 et
970 1364 1067 1436 quam
1079 1338 1396 1436 plebsveruaculam
1410 1338 1543 1429 habeat,
1555 1339 1679 1433 lingua,
1694 1341 1925 1433 adbiturgiam
1940 1339 2036 1415 cele-

672 1453 832 1529 brendam
842 1469 959 1531 utatur.
986 1458 1158 1529 Accusant
1169 1456 1368 1545 Romanam,
1378 1456 1623 1551 quodhatinam
1633 1458 1739 1530 solam
1747 1458 1915 1547 admittat3
1930 1479 2036 1530 accu-

673 1575 743 1646 sari
759 1572 879 1647 eodem
892 1578 969 1667 jure
981 1583 1122 1670 possunt
1138 1571 1326 1646 Orientales
1342 1595 1471 1662 omnes,
1486 1576 1542 1668 qui
1557 1572 1719 1648 obsoletis
1736 1596 1879 1671 quoque,
1900 1583 1937 1644 ct
1954 1596 2034 1668 quas

673 1689 791 1762 eruditi
803 1690 866 1763 soli
884 1692 1000 1780 sciant,
1012 1692 1147 1783 brigis,
1168 1710 1266 1761 saera
1281 1687 1415 1760 iaciunt
1441 1689 1531 1763 Dolo
1546 1690 1645 1781 malo,
1662 1701 1698 1763 ut
1712 1689 1863 1763 fidelibus
1878 1694 2036 1786 mysteria

671 1826 739 1877 non
753 1816 900 1901 pateant,
926 1805 959 1878 id
986 1806 1073 1903 apud
1099 1828 1163 1880 nos
1182 1804 1253 1877 fieri
1272 1804 1511 1878 calumniantur
1529 1807 1774 1880 Protestantes:
1801 1817 1951 1879 atcerte
1970 1806 2036 1880 doli

671 1921 790 1995 nullius
804 1925 950 2019 suspicio
966 1923 1043 1996 olim
1058 1944 1137 1997 esse
1149 1925 1265 2019 potuit,
1282 1944 1355 1993 cum
1368 1921 1509 2014 Romae,
1523 1931 1591 1996 tota
1604 1923 1708 2011 Italia,
1721 1922 1849 2012 Africa,
1863 1924 2036 2019 multisque

664 2037 746 2112 'aliis
763 2042 989 2135 inprovinciis
999 2039 1118 2113 Latine
1131 2061 1248 2113 omnes
1259 2037 1452 2135 plerumque
1466 2039 1689 2135 loquerentur.
1718 2039 2034 2135 CompostBarba-

670 2175 784 2226 rorum
809 2159 961 2230 incursus
988 2156 1106 2229 Latina
1133 2155 1246 2248 lingua
1272 2159 1412 2252 primum
1438 2160 1621 2252 inquinata,
1653 2158 1782 2230 undam
1808 2162 1940 2255 penitus
1966 2179 2034 2228 ex-

670 2273 771 2344 tincta
798 2283 861 2364 est,
888 2294 956 2345 non
981 2273 1106 2346 idcirco
1132 2275 1241 2346 visum
1268 2271 1320 2346 'est
1346 2275 1516 2347 orationes
1542 2296 1685 2363 sacras,
1710 2296 1796 2369 quae
1823 2274 1970 2369 quotidie
1994 2273 2035 2346 ad
2063 2316 2068 2330 ›

671 2385 788 2461 altaria
813 2389 1050 2481 recitabantur,
1076 2389 1265 2463 vernaculis
1286 2401 1503 2464 commutare:
1529 2390 1637 2487 plebis
1653 2394 1844 2465 institutioni
1863 2394 2033 2488 provisum

671 2515 739 2595 est,
775 2526 836 2600 per
861 2505 1012 2580 homilias
1038 2518 1072 2580 et
1097 2505 1293 2580 catecheses
1320 2510 1355 2578 iu
1381 2506 1555 2600 vulgarem
1591 2507 1698 2580 stilum
1730 2529 1936 2582 conversas:
1969 2529 2033 2578 an-

670 2624 760 2716 tiqua
787 2623 992 2697 cousuetudo
1020 2633 1156 2699 servata
1183 2634 1244 2695 est
1297 2623 1374 2695 Pari
1401 2623 1501 2697 modo
1530 2624 1702 2720 Coptitae:
1728 2625 1808 2719 Syri
1836 2622 2033 2711 orthodoxi,

670 2736 862 2812 Nestoriani
889 2750 923 2813 et
947 2741 1143 2833 Jacobitae,
1170 2740 1307 2825 Graeci,
1338 2740 1522 2837 Aethiopes
1548 2740 1693 2834 linguam
1719 2740 1822 2833 longo
1849 2763 1913 2814 usu
1946 2762 2033 2814 con-

670 2864 847 2947 secratam,
874 2863 1025 2952 quamvis
1054 2883 1074 2931 a
1100 2857 1233 2950 vulgari
1259 2854 1324 2928 alia
1350 2855 1506 2930 abolitam
1533 2862 1746 2930 retinuerunt.

773 2973 863 3046 Sane
889 2978 918 3048 si
945 2973 1032 3070 quod
1058 2976 1303 3065 ProtestaateS,
1330 2975 1418 3048 idem
1446 2974 1634 3049 Orientales
1663 2974 1840 3048 Christiani
1866 2976 1901 3045 in
1928 2976 2032 3046 animo

670 3089 881 3181 habuissent,
917 3092 1045 3167 scilicet
1079 3113 1178 3164 sacra
1211 3094 1371 3187 mysteria
1403 3114 1470 3164 non
1502 3114 1605 3188 posse
1636 3090 1700 3165 ibis
1726 3089 1883 3186 precibus
1909 3090 2032 3187 pertici,

531 3278 535 3283 .
672 3230 757 3303 quae
785 3232 804 3280 a
830 3207 954 3306 populo
982 3232 1048 3282 non
1074 3209 1346 3300 intelligerentur,
1372 3219 1508 3282 veteres
1526 3205 1794 3281 Sacramentales
1812 3204 1918 3280 libros
1944 3227 2032 3298 suos,

669 3332 706 3394 ut
730 3324 777 3396 illi
802 3323 962 3414 leeeumt,
989 3325 1203 3419 abjecissent,
1231 3334 1266 3397 et
1290 3325 1492 3397 vernaculos
1519 3324 1773 3398 substituissent.
1817 3323 1934 3417 Itaque
1959 3323 2033 3395 Ne-

669 3443 807 3514 storiani
833 3446 942 3514 statim
967 3465 1041 3513 cum
1068 3441 1245 3514 Seleuciae
1272 3450 1306 3512 et
1332 3440 1556 3537 Ctesiphontis
1582 3440 1735 3513 Ecclesia
1761 3450 1939 3536 occupata,
1968 3437 2032 3509 illic

671 3555 787 3631 sedem
813 3560 975 3632 Antistitis
1002 3563 1147 3655 supremi
1174 3561 1225 3631 sui
1251 3561 1506 3647 constituerunt,
1537 3568 1694 3652 essetque
1729 3559 1763 3627 in
1789 3554 1949 3628 familiari
1973 3574 2032 3626 usu

671 3676 762 3745 etin
789 3696 849 3746 ore
874 3674 968 3769 vulgi
1000 3674 1113 3768 lingua
1139 3676 1296 3762 Persica,
1332 3684 1402 3747 tres
1434 3698 1512 3748 suas
1548 3673 1715 3767 Liturgias
1746 3671 1910 3767 Syriacas
1945 3672 2031 3744 omi-

670 3795 804 3878 sissent,
831 3801 865 3864 et
890 3792 1058 3866 Persicam
1085 3790 1212 3863 illarum
1238 3794 1431 3864 versionem
1457 3790 1711 3864 substituissent.
1743 3788 1781 3861 Id
1806 3799 1918 3860 mmen
1943 3808 2030 3858 nun-

671 3932 768 4004 quam
782 3908 1046 3982 committendum
1058 3906 1205 3980 arbitrati
1220 3919 1312 3980 sunt:
1339 3892 1456 3980 verum
1471 3912 1665 4003 scripturas,
1692 3916 1726 3978 et
1740 3928 1853 3977 earum
1865 3907 2030 3977 sectiones

670 4048 756 4121 quae
781 4029 815 4097 in
840 4025 1001 4099 Ecclesiis
1036 4025 1078 4098 ad
1103 4025 1288 4117 Liturgiam
1319 4023 1474 4118 leguntur
1504 4024 1642 4097 Persice
1673 4024 1898 4118 interpretati,
1929 4019 2030 4093 officia

669 4142 812 4240 Syriaca
839 4147 976 4238 antiqua
999 4165 1059 4216 sna
1086 4150 1327 4229 servaverunt,
1363 4152 1397 4214 et
1422 4144 1567 4237 posteris
1593 4139 1806 4212 tradiderunt.
1859 4136 2029 4209 Ecclesiae

669 4281 752 4333 suae
778 4270 893 4334 sectae
918 4263 953 4331 in
979 4259 1131 4331 Tartaria
1159 4260 1341 4354 superiori,
1372 4268 1407 4330 et
1436 4261 1469 4330 in
1496 4257 1738 4353 'l'urqucstauia
1764 4255 1882 4327 multas
1909 4251 2031 4326 lunda-

668 4386 806 4465 verunt,
839 4381 906 4450 imo
938 4387 972 4448 et
1001 4398 1109 4449 novas
1135 4373 1342 4471 Metropoles
1369 4360 1566 4447 arenenmt:
1593 4378 1638 4446 ita
1666 4395 1798 4469 quoque
1823 4374 1856 4443 in
1882 4370 1974 4443 India
1999 4374 2032 4438 et

667 4496 701 4565 in
727 4494 882 4567 Sinarum
906 4494 1061 4589 Imperio.
1113 4491 1285 4585 Liturgiae
1310 4502 1421 4563 tamen
1446 4492 1569 4585 linguis
1595 4491 1874 4585 l'urquestanica,
1910 4485 2029 4569 ludica,

671 4621 727 4683 aut
763 4611 877 4683 Sinica
915 4607 1106 4682 celebratae
1143 4631 1186 4680 ne
1222 4610 1401 4700 vestigium
1439 4607 1571 4702 quidem
1610 4609 1770 4679 occmrit:
1806 4626 1880 4677 cnm
1919 4610 2029 4675 contra

670 4726 846 4824 Syriacam
871 4726 993 4822 ubique
1019 4724 1194 4798 adhibitam
1221 4724 1325 4798 luisse
1352 4723 1461 4796 multis
1488 4728 1692 4817 argumentis
1718 4730 1858 4795 constet.
1893 4721 1930 4793 ln
1955 4718 2029 4791 Aa·
2169 4768 2172 4777 .

670 4853 777 4939 gypto
804 4855 837 4916 et
869 4844 970 4941 Syria
996 4841 1146 4918 Arabica
1175 4842 1289 4934 lingua
1321 4866 1341 4914 a
1373 4838 1623 4914 Muhamedanis
1654 4840 1765 4929 illata,
1798 4837 1948 4931 vulgaris
1980 4838 2029 4903 est

671 4961 713 5032 ab
746 4963 840 5033 annis
872 4960 1046 5056 plusquam
1077 4958 1184 5046 mille,
1222 4980 1287 5030 nec
1320 4956 1384 5031 aba
1415 4955 1511 5053 plebs
1542 4961 1588 5029 uti
1620 4957 1723 5032 solet:
1762 4965 1796 5027 at
1826 4952 2028 5026 nibilominus

668 5099 836 5174 nunquam
860 5075 1007 5153 Arabica
1034 5076 1204 5169 Litargiae
1231 5072 1399 5149 celebrata
1426 5084 1488 5169 cst,
1515 5096 1608 5165 oum,
1633 5085 1669 5146 ut
1695 5073 1814 5145 dictum
1840 5071 1916 5158 luit,
1943 5086 2024 5141 vcr-
