<?xml version="1.0" encoding="UTF-8"?>
<!DOCTYPE html PUBLIC "-//W3C//DTD XHTML 1.0 Transitional//EN"
    "http://www.w3.org/TR/xhtml1/DTD/xhtml1-transitional.dtd">
<html xmlns="http://www.w3.org/1999/xhtml" xml:lang="en" lang="en">
 <head>
  <title>
</title>
<meta http-equiv="Content-Type" content="text/html;charset=utf-8" />
  <meta name='ocr-system' content='tesseract 3.04.00' />
  <meta name='ocr-capabilities' content='ocr_page ocr_carea ocr_par ocr_line ocrx_word'/>
</head>
<body>
  <div class='ocr_page' id='page_1' title='image "./liturgiarumorie00unkngoog/liturgiarumorie00unkngoog_1219.png"; bbox 0 0 4525 6034; ppageno 0'>
   <div class='ocr_carea' id='block_1_1' title="bbox 416 561 1610 724">
    <p class='ocr_par' dir='ltr' id='par_1_1' title="bbox 416 561 1610 724">
     <span class='ocr_line' id='line_1_1' title="bbox 416 561 1610 724; baseline 0.008 -29"><span class='ocrx_word' id='word_1_1' title='bbox 416 561 1406 724; x_wconf 71' lang='lat' dir='ltr'><strong>runlrrnrnrrrnrounna.</strong></span> <span class='ocrx_word' id='word_1_2' title='bbox 1535 631 1610 706; x_wconf 83' lang='lat'><strong>513</strong></span> 
     </span>
    </p>
   </div>
   <div class='ocr_carea' id='block_1_2' title="bbox 228 806 1687 4053">
    <p class='ocr_par' dir='ltr' id='par_1_2' title="bbox 339 806 973 885">
     <span class='ocr_line' id='line_1_2' title="bbox 339 806 973 885; baseline 0.011 -7"><span class='ocrx_word' id='word_1_3' title='bbox 339 806 524 880; x_wconf 73' lang='lat' dir='ltr'><strong><em>Sacerdos.</em></strong></span> <span class='ocrx_word' id='word_1_4' title='bbox 577 806 713 882; x_wconf 82' lang='lat' dir='ltr'><strong>Exaudi</strong></span> <span class='ocrx_word' id='word_1_5' title='bbox 739 832 793 882; x_wconf 89' lang='lat' dir='ltr'><strong>me</strong></span> <span class='ocrx_word' id='word_1_6' title='bbox 819 812 973 885; x_wconf 82' lang='lat' dir='ltr'><strong>Domine.</strong></span> 
     </span>
    </p>

    <p class='ocr_par' dir='ltr' id='par_1_3' title="bbox 235 924 1610 1115">
     <span class='ocr_line' id='line_1_3' title="bbox 343 924 1610 1029; baseline 0.01 -35"><span class='ocrx_word' id='word_1_7' title='bbox 343 924 423 995; x_wconf 79' lang='lat' dir='ltr'><strong>Tum</strong></span> <span class='ocrx_word' id='word_1_8' title='bbox 449 928 510 996; x_wconf 84' lang='lat' dir='ltr'><strong>nit.</strong></span> <span class='ocrx_word' id='word_1_9' title='bbox 562 925 607 998; x_wconf 90' lang='lat' dir='ltr'><strong>Et</strong></span> <span class='ocrx_word' id='word_1_10' title='bbox 632 925 787 1018; x_wconf 86' lang='lat' dir='ltr'><strong>illabens,</strong></span> <span class='ocrx_word' id='word_1_11' title='bbox 813 926 915 1001; x_wconf 81' lang='lat' dir='ltr'><strong>iaciat</strong></span> <span class='ocrx_word' id='word_1_12' title='bbox 938 952 1060 1026; x_wconf 88' lang='lat' dir='ltr'><strong>panem</strong></span> <span class='ocrx_word' id='word_1_13' title='bbox 1087 929 1220 1024; x_wconf 88' lang='lat' dir='ltr'><strong>quidem</strong></span> <span class='ocrx_word' id='word_1_14' title='bbox 1246 934 1344 1004; x_wconf 91' lang='lat' dir='ltr'><strong>istum</strong></span> <span class='ocrx_word' id='word_1_15' title='bbox 1371 954 1495 1029; x_wconf 89' lang='lat' dir='ltr'><strong>corpus</strong></span> <span class='ocrx_word' id='word_1_16' title='bbox 1521 957 1610 1009; x_wconf 85' lang='lat' dir='ltr'><strong>san-</strong></span> 
     </span>
     <span class='ocr_line' id='line_1_4' title="bbox 235 1040 704 1115; baseline 0 -3"><span class='ocrx_word' id='word_1_17' title='bbox 235 1051 322 1112; x_wconf 91' lang='lat' dir='ltr'><strong>ctum</strong></span> <span class='ocrx_word' id='word_1_18' title='bbox 350 1040 473 1113; x_wconf 84' lang='lat' dir='ltr'><strong>Christi</strong></span> <span class='ocrx_word' id='word_1_19' title='bbox 499 1043 565 1115; x_wconf 89' lang='lat' dir='ltr'><strong>Dei</strong></span> <span class='ocrx_word' id='word_1_20' title='bbox 590 1046 704 1115; x_wconf 83' lang='lat' dir='ltr'><strong>nostri</strong></span> 
     </span>
    </p>

    <p class='ocr_par' dir='ltr' id='par_1_4' title="bbox 338 1157 673 1250">
     <span class='ocr_line' id='line_1_5' title="bbox 338 1157 673 1250; baseline 0.009 -23"><span class='ocrx_word' id='word_1_21' title='bbox 338 1157 499 1250; x_wconf 73' lang='lat' dir='ltr'><strong>Populos.</strong></span> <span class='ocrx_word' id='word_1_22' title='bbox 552 1159 673 1230; x_wconf 88' lang='lat' dir='ltr'><strong>Amen.</strong></span> 
     </span>
    </p>

    <p class='ocr_par' dir='ltr' id='par_1_5' title="bbox 338 1273 1608 1377">
     <span class='ocr_line' id='line_1_6' title="bbox 338 1273 1608 1377; baseline 0.009 -32"><span class='ocrx_word' id='word_1_23' title='bbox 338 1273 523 1347; x_wconf 76' lang='lat' dir='ltr'><strong><em>Sacerdos.</em></strong></span> <span class='ocrx_word' id='word_1_24' title='bbox 576 1274 621 1347; x_wconf 89' lang='lat' dir='ltr'><strong>Et</strong></span> <span class='ocrx_word' id='word_1_25' title='bbox 646 1279 776 1347; x_wconf 89' lang='lat' dir='ltr'><strong>mistum</strong></span> <span class='ocrx_word' id='word_1_26' title='bbox 804 1277 890 1372; x_wconf 91' lang='lat' dir='ltr'><strong>quod</strong></span> <span class='ocrx_word' id='word_1_27' title='bbox 922 1281 956 1349; x_wconf 92' lang='lat' dir='ltr'><strong>in</strong></span> <span class='ocrx_word' id='word_1_28' title='bbox 990 1278 1095 1351; x_wconf 85' lang='lat' dir='ltr'><strong>calice</strong></span> <span class='ocrx_word' id='word_1_29' title='bbox 1127 1292 1198 1367; x_wconf 90' lang='lat' dir='ltr'><strong>est,</strong></span> <span class='ocrx_word' id='word_1_30' title='bbox 1234 1285 1430 1373; x_wconf 82' lang='lat' dir='ltr'><strong>sanguinem</strong></span> <span class='ocrx_word' id='word_1_31' title='bbox 1458 1285 1608 1377; x_wconf 88' lang='lat' dir='ltr'><strong>ejusdem</strong></span> 
     </span>
    </p>

    <p class='ocr_par' dir='ltr' id='par_1_6' title="bbox 233 1389 1618 2888">
     <span class='ocr_line' id='line_1_7' title="bbox 236 1389 1618 1500; baseline 0.009 -37"><span class='ocrx_word' id='word_1_32' title='bbox 236 1389 359 1464; x_wconf 80' lang='lat' dir='ltr'><strong>Glrristi</strong></span> <span class='ocrx_word' id='word_1_33' title='bbox 376 1390 439 1463; x_wconf 91' lang='lat' dir='ltr'><strong>Dei</strong></span> <span class='ocrx_word' id='word_1_34' title='bbox 467 1397 573 1465; x_wconf 80' lang='lat' dir='ltr'><strong>nostri</strong></span> <span class='ocrx_word' id='word_1_35' title='bbox 599 1403 635 1465; x_wconf 88' lang='lat' dir='ltr'><strong>ut</strong></span> <span class='ocrx_word' id='word_1_36' title='bbox 655 1416 717 1489; x_wconf 89' lang='lat' dir='ltr'><strong>per</strong></span> <span class='ocrx_word' id='word_1_37' title='bbox 743 1395 899 1468; x_wconf 86' lang='lat' dir='ltr'><strong>unionem</strong></span> <span class='ocrx_word' id='word_1_38' title='bbox 919 1417 1035 1468; x_wconf 88' lang='lat' dir='ltr'><strong>eorum</strong></span> <span class='ocrx_word' id='word_1_39' title='bbox 1061 1396 1349 1488; x_wconf 75' lang='lat' dir='ltr'><strong>sacramentalem,</strong></span> <span class='ocrx_word' id='word_1_40' title='bbox 1374 1401 1409 1469; x_wconf 93' lang='lat' dir='ltr'><strong>in</strong></span> <span class='ocrx_word' id='word_1_41' title='bbox 1433 1400 1618 1500; x_wconf 74' lang='lat' dir='ltr'><strong>animabus</strong></span> 
     </span>
     <span class='ocr_line' id='line_1_8' title="bbox 235 1505 1608 1607; baseline 0.01 -30"><span class='ocrx_word' id='word_1_42' title='bbox 235 1510 373 1579; x_wconf 85' lang='lat' dir='ltr'><strong>nostris:</strong></span> <span class='ocrx_word' id='word_1_43' title='bbox 407 1520 443 1580; x_wconf 87' lang='lat' dir='ltr'><strong>et</strong></span> <span class='ocrx_word' id='word_1_44' title='bbox 473 1510 687 1605; x_wconf 79' lang='lat' dir='ltr'><strong>corporibus,</strong></span> <span class='ocrx_word' id='word_1_45' title='bbox 721 1514 786 1583; x_wconf 84' lang='lat' dir='ltr'><strong>sint</strong></span> <span class='ocrx_word' id='word_1_46' title='bbox 816 1509 915 1584; x_wconf 90' lang='lat' dir='ltr'><strong>nobis</strong></span> <span class='ocrx_word' id='word_1_47' title='bbox 947 1511 989 1582; x_wconf 90' lang='lat' dir='ltr'><strong>ad</strong></span> <span class='ocrx_word' id='word_1_48' title='bbox 1022 1512 1288 1585; x_wconf 88' lang='lat' dir='ltr'><strong>emundationem</strong></span> <span class='ocrx_word' id='word_1_49' title='bbox 1317 1538 1336 1586; x_wconf 90' lang='lat' dir='ltr'><strong>a</strong></span> <span class='ocrx_word' id='word_1_50' title='bbox 1369 1515 1527 1607; x_wconf 84' lang='lat' dir='ltr'><strong>maculis,</strong></span> <span class='ocrx_word' id='word_1_51' title='bbox 1564 1505 1608 1591; x_wconf 88' lang='lat' dir='ltr'><strong>ad</strong></span> 
     </span>
     <span class='ocr_line' id='line_1_9' title="bbox 236 1626 1609 1723; baseline 0.009 -28"><span class='ocrx_word' id='word_1_52' title='bbox 236 1636 447 1717; x_wconf 83' lang='lat' dir='ltr'><strong>augmentum</strong></span> <span class='ocrx_word' id='word_1_53' title='bbox 474 1648 579 1698; x_wconf 85' lang='lat' dir='ltr'><strong>verae</strong></span> <span class='ocrx_word' id='word_1_54' title='bbox 604 1626 694 1714; x_wconf 87' lang='lat' dir='ltr'><strong>fidei,</strong></span> <span class='ocrx_word' id='word_1_55' title='bbox 721 1626 764 1699; x_wconf 90' lang='lat' dir='ltr'><strong>ad</strong></span> <span class='ocrx_word' id='word_1_56' title='bbox 789 1630 944 1700; x_wconf 86' lang='lat' dir='ltr'><strong>virtutem</strong></span> <span class='ocrx_word' id='word_1_57' title='bbox 981 1627 1246 1723; x_wconf 79' lang='lat' dir='ltr'><strong>adipiscendam,</strong></span> <span class='ocrx_word' id='word_1_58' title='bbox 1279 1640 1314 1701; x_wconf 91' lang='lat' dir='ltr'><strong>et</strong></span> <span class='ocrx_word' id='word_1_59' title='bbox 1346 1630 1389 1702; x_wconf 89' lang='lat' dir='ltr'><strong>ad</strong></span> <span class='ocrx_word' id='word_1_60' title='bbox 1419 1631 1609 1707; x_wconf 90' lang='lat' dir='ltr'><strong>libertatem</strong></span> 
     </span>
     <span class='ocr_line' id='line_1_10' title="bbox 236 1726 1607 1842; baseline 0.007 -29"><span class='ocrx_word' id='word_1_61' title='bbox 236 1740 277 1813; x_wconf 92' lang='lat' dir='ltr'><strong>ab</strong></span> <span class='ocrx_word' id='word_1_62' title='bbox 313 1726 465 1813; x_wconf 83' lang='lat' dir='ltr'><strong>omnibus</strong></span> <span class='ocrx_word' id='word_1_63' title='bbox 499 1747 662 1835; x_wconf 82' lang='lat' dir='ltr'><strong>angustiis</strong></span> <span class='ocrx_word' id='word_1_64' title='bbox 697 1742 927 1830; x_wconf 86' lang='lat' dir='ltr'><strong>obtinendam,</strong></span> <span class='ocrx_word' id='word_1_65' title='bbox 959 1742 1120 1817; x_wconf 89' lang='lat' dir='ltr'><strong>malomm</strong></span> <span class='ocrx_word' id='word_1_66' title='bbox 1157 1745 1404 1842; x_wconf 78' lang='lat' dir='ltr'><strong>depulsionem,</strong></span> <span class='ocrx_word' id='word_1_67' title='bbox 1442 1746 1607 1823; x_wconf 90' lang='lat' dir='ltr'><strong>bonorum</strong></span> 
     </span>
     <span class='ocr_line' id='line_1_11' title="bbox 237 1857 1608 1956; baseline 0.007 -26"><span class='ocrx_word' id='word_1_68' title='bbox 237 1857 487 1949; x_wconf 81' lang='lat' dir='ltr'><strong>abundantiam,</strong></span> <span class='ocrx_word' id='word_1_69' title='bbox 527 1857 793 1933; x_wconf 81' lang='lat' dir='ltr'><strong>benedictionum</strong></span> <span class='ocrx_word' id='word_1_70' title='bbox 833 1861 1035 1949; x_wconf 85' lang='lat' dir='ltr'><strong>firmitatem,</strong></span> <span class='ocrx_word' id='word_1_71' title='bbox 1075 1861 1276 1935; x_wconf 88' lang='lat' dir='ltr'><strong>concordiae</strong></span> <span class='ocrx_word' id='word_1_72' title='bbox 1314 1863 1608 1956; x_wconf 86' lang='lat' dir='ltr'><strong>confirmationem,</strong></span> 
     </span>
     <span class='ocr_line' id='line_1_12' title="bbox 235 1974 1607 2072; baseline 0.007 -27"><span class='ocrx_word' id='word_1_73' title='bbox 235 1974 501 2070; x_wconf 82' lang='lat' dir='ltr'><strong>tranquillitatem</strong></span> <span class='ocrx_word' id='word_1_74' title='bbox 528 1976 662 2068; x_wconf 82' lang='lat' dir='ltr'><strong>laetam,</strong></span> <span class='ocrx_word' id='word_1_75' title='bbox 690 1975 872 2049; x_wconf 84' lang='lat' dir='ltr'><strong>sedulitatis</strong></span> <span class='ocrx_word' id='word_1_76' title='bbox 900 1981 1155 2051; x_wconf 88' lang='lat' dir='ltr'><strong>incrementum:</strong></span> <span class='ocrx_word' id='word_1_77' title='bbox 1185 1979 1227 2049; x_wconf 86' lang='lat' dir='ltr'><strong>ad</strong></span> <span class='ocrx_word' id='word_1_78' title='bbox 1253 1982 1410 2052; x_wconf 77' lang='lat' dir='ltr'><strong>riadcum</strong></span> <span class='ocrx_word' id='word_1_79' title='bbox 1435 1980 1528 2072; x_wconf 85' lang='lat' dir='ltr'><strong>longi</strong></span> <span class='ocrx_word' id='word_1_80' title='bbox 1546 1985 1607 2054; x_wconf 87' lang='lat' dir='ltr'><strong>iti-</strong></span> 
     </span>
     <span class='ocr_line' id='line_1_13' title="bbox 234 2089 1608 2191; baseline 0.008 -30"><span class='ocrx_word' id='word_1_81' title='bbox 234 2094 340 2164; x_wconf 84' lang='lat' dir='ltr'><strong>neris:</strong></span> <span class='ocrx_word' id='word_1_82' title='bbox 368 2091 410 2164; x_wconf 91' lang='lat' dir='ltr'><strong>ad</strong></span> <span class='ocrx_word' id='word_1_83' title='bbox 437 2089 657 2164; x_wconf 89' lang='lat' dir='ltr'><strong>arrhabonem</strong></span> <span class='ocrx_word' id='word_1_84' title='bbox 679 2095 769 2164; x_wconf 89' lang='lat' dir='ltr'><strong>vitae</strong></span> <span class='ocrx_word' id='word_1_85' title='bbox 786 2103 968 2165; x_wconf 84' lang='lat' dir='ltr'><strong>venturae:</strong></span> <span class='ocrx_word' id='word_1_86' title='bbox 996 2094 1099 2166; x_wconf 88' lang='lat' dir='ltr'><strong>etad</strong></span> <span class='ocrx_word' id='word_1_87' title='bbox 1125 2093 1256 2191; x_wconf 88' lang='lat' dir='ltr'><strong>plenam</strong></span> <span class='ocrx_word' id='word_1_88' title='bbox 1283 2097 1495 2169; x_wconf 87' lang='lat' dir='ltr'><strong>securitatem</strong></span> <span class='ocrx_word' id='word_1_89' title='bbox 1522 2097 1608 2172; x_wconf 86' lang='lat' dir='ltr'><strong>abs-</strong></span> 
     </span>
     <span class='ocr_line' id='line_1_14' title="bbox 236 2207 1607 2302; baseline 0.007 -24"><span class='ocrx_word' id='word_1_90' title='bbox 236 2231 300 2302; x_wconf 86' lang='lat' dir='ltr'><strong>que</strong></span> <span class='ocrx_word' id='word_1_91' title='bbox 332 2207 530 2280; x_wconf 82' lang='lat' dir='ltr'><strong>confusione</strong></span> <span class='ocrx_word' id='word_1_92' title='bbox 537 2261 547 2296; x_wconf 92' lang='lat'><strong>,</strong></span> <span class='ocrx_word' id='word_1_93' title='bbox 580 2231 694 2281; x_wconf 88' lang='lat' dir='ltr'><strong>eoram</strong></span> <span class='ocrx_word' id='word_1_94' title='bbox 722 2208 808 2281; x_wconf 91' lang='lat' dir='ltr'><strong>solio</strong></span> <span class='ocrx_word' id='word_1_95' title='bbox 836 2219 892 2282; x_wconf 93' lang='lat' dir='ltr'><strong>tuo</strong></span> <span class='ocrx_word' id='word_1_96' title='bbox 920 2210 1104 2298; x_wconf 93' lang='lat' dir='ltr'><strong>tremendo,</strong></span> <span class='ocrx_word' id='word_1_97' title='bbox 1132 2221 1166 2282; x_wconf 91' lang='lat' dir='ltr'><strong>et</strong></span> <span class='ocrx_word' id='word_1_98' title='bbox 1180 2211 1335 2284; x_wconf 89' lang='lat' dir='ltr'><strong>terribili:</strong></span> <span class='ocrx_word' id='word_1_99' title='bbox 1362 2219 1398 2282; x_wconf 87' lang='lat' dir='ltr'><strong>ut</strong></span> <span class='ocrx_word' id='word_1_100' title='bbox 1422 2211 1466 2286; x_wconf 87' lang='lat' dir='ltr'><strong>ab</strong></span> <span class='ocrx_word' id='word_1_101' title='bbox 1493 2217 1607 2287; x_wconf 90' lang='lat' dir='ltr'><strong>omni·</strong></span> 
     </span>
     <span class='ocr_line' id='line_1_15' title="bbox 234 2324 1452 2421; baseline 0 -23"><span class='ocrx_word' id='word_1_102' title='bbox 234 2324 308 2412; x_wconf 90' lang='lat' dir='ltr'><strong>bus,</strong></span> <span class='ocrx_word' id='word_1_103' title='bbox 336 2346 397 2419; x_wconf 89' lang='lat' dir='ltr'><strong>per</strong></span> <span class='ocrx_word' id='word_1_104' title='bbox 424 2328 534 2395; x_wconf 88' lang='lat' dir='ltr'><strong>omnia</strong></span> <span class='ocrx_word' id='word_1_105' title='bbox 562 2336 596 2397; x_wconf 88' lang='lat' dir='ltr'><strong>et</strong></span> <span class='ocrx_word' id='word_1_106' title='bbox 621 2335 758 2421; x_wconf 91' lang='lat' dir='ltr'><strong>propter</strong></span> <span class='ocrx_word' id='word_1_107' title='bbox 784 2328 895 2398; x_wconf 88' lang='lat' dir='ltr'><strong>omnia</strong></span> <span class='ocrx_word' id='word_1_108' title='bbox 922 2324 1107 2398; x_wconf 79' lang='lat' dir='ltr'><strong>referamus</strong></span> <span class='ocrx_word' id='word_1_109' title='bbox 1135 2324 1193 2398; x_wconf 91' lang='lat' dir='ltr'><strong>tibi</strong></span> <span class='ocrx_word' id='word_1_110' title='bbox 1218 2326 1363 2420; x_wconf 85' lang='lat' dir='ltr'><strong>gloriam</strong></span> <span class='ocrx_word' id='word_1_111' title='bbox 1389 2337 1452 2399; x_wconf 88' lang='lat' dir='ltr'><strong>etc.</strong></span> 
     </span>
     <span class='ocr_line' id='line_1_16' title="bbox 237 2431 1605 2541; baseline 0.004 -30"><span class='ocrx_word' id='word_1_112' title='bbox 237 2431 239 2434; x_wconf 63' lang='grc'><strong>’</strong></span> <span class='ocrx_word' id='word_1_113' title='bbox 337 2439 514 2512; x_wconf 76' lang='lat' dir='ltr'><strong>Sacerdos</strong></span> <span class='ocrx_word' id='word_1_114' title='bbox 538 2442 732 2514; x_wconf 79' lang='lat' dir='ltr'><strong>inclinatos.</strong></span> <span class='ocrx_word' id='word_1_115' title='bbox 786 2440 927 2538; x_wconf 85' lang='lat' dir='ltr'><strong>Suscipe</strong></span> <span class='ocrx_word' id='word_1_116' title='bbox 954 2443 1149 2515; x_wconf 85' lang='lat' dir='ltr'><strong>sacrificium</strong></span> <span class='ocrx_word' id='word_1_117' title='bbox 1177 2441 1242 2516; x_wconf 92' lang='lat' dir='ltr'><strong>boc</strong></span> <span class='ocrx_word' id='word_1_118' title='bbox 1268 2443 1412 2517; x_wconf 88' lang='lat' dir='ltr'><strong>Domine</strong></span> <span class='ocrx_word' id='word_1_119' title='bbox 1438 2466 1501 2541; x_wconf 91' lang='lat' dir='ltr'><strong>pro</strong></span> <span class='ocrx_word' id='word_1_120' title='bbox 1523 2448 1605 2516; x_wconf 87' lang='lat' dir='ltr'><strong>uni-</strong></span> 
     </span>
     <span class='ocr_line' id='line_1_17' title="bbox 233 2557 1606 2657; baseline 0.001 -26"><span class='ocrx_word' id='word_1_121' title='bbox 233 2581 336 2631; x_wconf 86' lang='lat' dir='ltr'><strong>versa</strong></span> <span class='ocrx_word' id='word_1_122' title='bbox 362 2557 517 2630; x_wconf 85' lang='lat' dir='ltr'><strong>Ecclesia</strong></span> <span class='ocrx_word' id='word_1_123' title='bbox 544 2568 598 2630; x_wconf 87' lang='lat' dir='ltr'><strong>tua</strong></span> <span class='ocrx_word' id='word_1_124' title='bbox 627 2568 759 2646; x_wconf 80' lang='lat' dir='ltr'><strong>sancta,</strong></span> <span class='ocrx_word' id='word_1_125' title='bbox 786 2569 821 2631; x_wconf 91' lang='lat' dir='ltr'><strong>et</strong></span> <span class='ocrx_word' id='word_1_126' title='bbox 853 2558 1066 2632; x_wconf 81' lang='lat' dir='ltr'><strong>Ortbodoxa:</strong></span> <span class='ocrx_word' id='word_1_127' title='bbox 1102 2581 1164 2656; x_wconf 92' lang='lat' dir='ltr'><strong>pro</strong></span> <span class='ocrx_word' id='word_1_128' title='bbox 1196 2557 1417 2646; x_wconf 87' lang='lat' dir='ltr'><strong>Patriarcbis‚</strong></span> <span class='ocrx_word' id='word_1_129' title='bbox 1450 2568 1485 2630; x_wconf 92' lang='lat' dir='ltr'><strong>et</strong></span> <span class='ocrx_word' id='word_1_130' title='bbox 1515 2558 1606 2657; x_wconf 91' lang='lat' dir='ltr'><strong>Epi-</strong></span> 
     </span>
     <span class='ocr_line' id='line_1_18' title="bbox 234 2673 1604 2773; baseline 0.004 -27"><span class='ocrx_word' id='word_1_131' title='bbox 234 2678 364 2771; x_wconf 89' lang='lat' dir='ltr'><strong>scopis,</strong></span> <span class='ocrx_word' id='word_1_132' title='bbox 405 2673 659 2762; x_wconf 75' lang='lat' dir='ltr'><strong>Sacerdotibus,</strong></span> <span class='ocrx_word' id='word_1_133' title='bbox 693 2676 854 2747; x_wconf 81' lang='lat' dir='ltr'><strong>[liaconis</strong></span> <span class='ocrx_word' id='word_1_134' title='bbox 888 2686 923 2747; x_wconf 87' lang='lat' dir='ltr'><strong>et</strong></span> <span class='ocrx_word' id='word_1_135' title='bbox 956 2675 1093 2771; x_wconf 89' lang='lat' dir='ltr'><strong>reliquis</strong></span> <span class='ocrx_word' id='word_1_136' title='bbox 1127 2673 1285 2749; x_wconf 74' lang='lat' dir='ltr'><strong>clericis:</strong></span> <span class='ocrx_word' id='word_1_137' title='bbox 1321 2698 1384 2773; x_wconf 91' lang='lat' dir='ltr'><strong>pro</strong></span> <span class='ocrx_word' id='word_1_138' title='bbox 1419 2697 1473 2747; x_wconf 81' lang='lat' dir='ltr'><strong>mc</strong></span> <span class='ocrx_word' id='word_1_139' title='bbox 1506 2680 1604 2750; x_wconf 85' lang='lat' dir='ltr'><strong>etiarn</strong></span> 
     </span>
     <span class='ocr_line' id='line_1_19' title="bbox 233 2788 1159 2888; baseline 0 -24"><span class='ocrx_word' id='word_1_140' title='bbox 233 2791 380 2880; x_wconf 83' lang='lat' dir='ltr'><strong>infirmo,</strong></span> <span class='ocrx_word' id='word_1_141' title='bbox 407 2790 549 2883; x_wconf 87' lang='lat' dir='ltr'><strong>inlecto,</strong></span> <span class='ocrx_word' id='word_1_142' title='bbox 575 2802 609 2863; x_wconf 90' lang='lat' dir='ltr'><strong>et</strong></span> <span class='ocrx_word' id='word_1_143' title='bbox 634 2814 796 2888; x_wconf 90' lang='lat' dir='ltr'><strong>percusso</strong></span> <span class='ocrx_word' id='word_1_144' title='bbox 824 2788 991 2865; x_wconf 87' lang='lat' dir='ltr'><strong>ulceribus</strong></span> <span class='ocrx_word' id='word_1_145' title='bbox 1019 2794 1159 2888; x_wconf 87' lang='lat' dir='ltr'><strong>peccati.</strong></span> 
     </span>
    </p>

    <p class='ocr_par' dir='ltr' id='par_1_7' title="bbox 231 2908 1606 3701">
     <span class='ocr_line' id='line_1_20' title="bbox 337 2908 1605 2983; baseline 0.004 -5"><span class='ocrx_word' id='word_1_146' title='bbox 337 2908 487 2979; x_wconf 82' lang='lat' dir='ltr'><strong>Eleocns</strong></span> <span class='ocrx_word' id='word_1_147' title='bbox 518 2930 645 2979; x_wconf 83' lang='lat' dir='ltr'><strong>oocera.</strong></span> <span class='ocrx_word' id='word_1_148' title='bbox 702 2908 889 2980; x_wconf 84' lang='lat' dir='ltr'><strong>Ecclesiam</strong></span> <span class='ocrx_word' id='word_1_149' title='bbox 923 2918 1012 2980; x_wconf 82' lang='lat' dir='ltr'><strong>uram</strong></span> <span class='ocrx_word' id='word_1_150' title='bbox 1054 2916 1247 2980; x_wconf 87' lang='lat' dir='ltr'><strong>coronatam</strong></span> <span class='ocrx_word' id='word_1_151' title='bbox 1290 2911 1379 2981; x_wconf 91' lang='lat' dir='ltr'><strong>omni</strong></span> <span class='ocrx_word' id='word_1_152' title='bbox 1421 2911 1605 2983; x_wconf 88' lang='lat' dir='ltr'><strong>sanctitatis</strong></span> 
     </span>
     <span class='ocr_line' id='line_1_21' title="bbox 234 3024 1606 3120; baseline 0.003 -24"><span class='ocrx_word' id='word_1_153' title='bbox 234 3048 364 3115; x_wconf 78' lang='lat' dir='ltr'><strong>genere</strong></span> <span class='ocrx_word' id='word_1_154' title='bbox 397 3047 480 3097; x_wconf 89' lang='lat' dir='ltr'><strong>orna</strong></span> <span class='ocrx_word' id='word_1_155' title='bbox 513 3035 546 3096; x_wconf 90' lang='lat' dir='ltr'><strong>et</strong></span> <span class='ocrx_word' id='word_1_156' title='bbox 578 3025 720 3096; x_wconf 88' lang='lat' dir='ltr'><strong>illustra:</strong></span> <span class='ocrx_word' id='word_1_157' title='bbox 756 3026 916 3097; x_wconf 85' lang='lat' dir='ltr'><strong>Pastores</strong></span> <span class='ocrx_word' id='word_1_158' title='bbox 952 3034 986 3095; x_wconf 88' lang='lat' dir='ltr'><strong>ct</strong></span> <span class='ocrx_word' id='word_1_159' title='bbox 1017 3036 1169 3097; x_wconf 88' lang='lat' dir='ltr'><strong>rectores</strong></span> <span class='ocrx_word' id='word_1_160' title='bbox 1202 3027 1276 3116; x_wconf 82' lang='lat' dir='ltr'><strong>ejus</strong></span> <span class='ocrx_word' id='word_1_161' title='bbox 1311 3027 1366 3120; x_wconf 90' lang='lat' dir='ltr'><strong>qui</strong></span> <span class='ocrx_word' id='word_1_162' title='bbox 1398 3024 1539 3098; x_wconf 87' lang='lat' dir='ltr'><strong>fideliter</strong></span> <span class='ocrx_word' id='word_1_163' title='bbox 1571 3037 1606 3100; x_wconf 91' lang='lat' dir='ltr'><strong>et</strong></span> 
     </span>
     <span class='ocr_line' id='line_1_22' title="bbox 232 3139 1605 3237; baseline -0.001 -23"><span class='ocrx_word' id='word_1_164' title='bbox 232 3141 349 3214; x_wconf 88' lang='lat' dir='ltr'><strong>sedulo</strong></span> <span class='ocrx_word' id='word_1_165' title='bbox 376 3150 537 3237; x_wconf 90' lang='lat' dir='ltr'><strong>praesunt</strong></span> <span class='ocrx_word' id='word_1_166' title='bbox 562 3140 688 3229; x_wconf 84' lang='lat' dir='ltr'><strong>eidem,</strong></span> <span class='ocrx_word' id='word_1_167' title='bbox 715 3142 877 3237; x_wconf 86' lang='lat' dir='ltr'><strong>sapientia</strong></span> <span class='ocrx_word' id='word_1_168' title='bbox 909 3149 943 3211; x_wconf 88' lang='lat' dir='ltr'><strong>et</strong></span> <span class='ocrx_word' id='word_1_169' title='bbox 974 3139 1098 3212; x_wconf 89' lang='lat' dir='ltr'><strong>auxilio</strong></span> <span class='ocrx_word' id='word_1_170' title='bbox 1136 3139 1268 3232; x_wconf 87' lang='lat' dir='ltr'><strong>adjuva.</strong></span> <span class='ocrx_word' id='word_1_171' title='bbox 1321 3139 1393 3214; x_wconf 92' lang='lat' dir='ltr'><strong>Eos</strong></span> <span class='ocrx_word' id='word_1_172' title='bbox 1428 3163 1514 3214; x_wconf 87' lang='lat' dir='ltr'><strong>vero</strong></span> <span class='ocrx_word' id='word_1_173' title='bbox 1550 3143 1605 3236; x_wconf 90' lang='lat' dir='ltr'><strong>qui</strong></span> 
     </span>
     <span class='ocr_line' id='line_1_23' title="bbox 234 3245 1605 3353; baseline -0.002 -23"><span class='ocrx_word' id='word_1_174' title='bbox 234 3258 397 3330; x_wconf 89' lang='lat' dir='ltr'><strong>adversus</strong></span> <span class='ocrx_word' id='word_1_175' title='bbox 424 3280 499 3329; x_wconf 92' lang='lat' dir='ltr'><strong>eam</strong></span> <span class='ocrx_word' id='word_1_176' title='bbox 526 3257 742 3346; x_wconf 86' lang='lat' dir='ltr'><strong>contendunt,</strong></span> <span class='ocrx_word' id='word_1_177' title='bbox 769 3257 960 3330; x_wconf 80' lang='lat' dir='ltr'><strong>fortitudine</strong></span> <span class='ocrx_word' id='word_1_178' title='bbox 986 3255 1112 3329; x_wconf 91' lang='lat' dir='ltr'><strong>brachii</strong></span> <span class='ocrx_word' id='word_1_179' title='bbox 1144 3260 1190 3328; x_wconf 91' lang='lat' dir='ltr'><strong>tul</strong></span> <span class='ocrx_word' id='word_1_180' title='bbox 1223 3269 1362 3329; x_wconf 89' lang='lat' dir='ltr'><strong>contere</strong></span> <span class='ocrx_word' id='word_1_181' title='bbox 1397 3245 1444 3329; x_wconf 56' lang='lat' dir='ltr'><strong>etx</strong></span> <span class='ocrx_word' id='word_1_182' title='bbox 1464 3256 1605 3353; x_wconf 87' lang='lat' dir='ltr'><strong>dissipa:</strong></span> 
     </span>
     <span class='ocr_line' id='line_1_24' title="bbox 233 3372 1604 3474; baseline -0.004 -26"><span class='ocrx_word' id='word_1_183' title='bbox 233 3397 415 3468; x_wconf 91' lang='lat' dir='ltr'><strong>omnesque</strong></span> <span class='ocrx_word' id='word_1_184' title='bbox 441 3373 527 3446; x_wconf 87' lang='lat' dir='ltr'><strong>lilios</strong></span> <span class='ocrx_word' id='word_1_185' title='bbox 554 3377 626 3466; x_wconf 87' lang='lat' dir='ltr'><strong>ejus</strong></span> <span class='ocrx_word' id='word_1_186' title='bbox 653 3372 714 3445; x_wconf 89' lang='lat' dir='ltr'><strong>sub</strong></span> <span class='ocrx_word' id='word_1_187' title='bbox 749 3374 811 3447; x_wconf 84' lang='lat' dir='ltr'><strong>alis</strong></span> <span class='ocrx_word' id='word_1_188' title='bbox 844 3372 1093 3474; x_wconf 85' lang='lat' dir='ltr'><strong>misericordiae</strong></span> <span class='ocrx_word' id='word_1_189' title='bbox 1125 3383 1203 3445; x_wconf 89' lang='lat' dir='ltr'><strong>tuae</strong></span> <span class='ocrx_word' id='word_1_190' title='bbox 1239 3395 1412 3473; x_wconf 79' lang='lat' dir='ltr'><strong>congrega</strong></span> <span class='ocrx_word' id='word_1_191' title='bbox 1448 3382 1483 3445; x_wconf 88' lang='lat' dir='ltr'><strong>et</strong></span> <span class='ocrx_word' id='word_1_192' title='bbox 1516 3394 1604 3468; x_wconf 88' lang='lat' dir='ltr'><strong>pro·</strong></span> 
     </span>
     <span class='ocr_line' id='line_1_25' title="bbox 231 3489 1602 3584; baseline 0 -21"><span class='ocrx_word' id='word_1_193' title='bbox 231 3502 326 3584; x_wconf 87' lang='lat' dir='ltr'><strong>tege:</strong></span> <span class='ocrx_word' id='word_1_194' title='bbox 353 3499 491 3572; x_wconf 84' lang='lat' dir='ltr'><strong>cunctos</strong></span> <span class='ocrx_word' id='word_1_195' title='bbox 518 3491 616 3561; x_wconf 89' lang='lat' dir='ltr'><strong>etiam</strong></span> <span class='ocrx_word' id='word_1_196' title='bbox 644 3513 766 3563; x_wconf 87' lang='lat' dir='ltr'><strong>servos</strong></span> <span class='ocrx_word' id='word_1_197' title='bbox 794 3500 828 3562; x_wconf 89' lang='lat' dir='ltr'><strong>et</strong></span> <span class='ocrx_word' id='word_1_198' title='bbox 854 3492 1050 3564; x_wconf 86' lang='lat' dir='ltr'><strong>adoratores</strong></span> <span class='ocrx_word' id='word_1_199' title='bbox 1077 3500 1152 3562; x_wconf 90' lang='lat' dir='ltr'><strong>tuos</strong></span> <span class='ocrx_word' id='word_1_200' title='bbox 1185 3489 1227 3562; x_wconf 90' lang='lat' dir='ltr'><strong>ab</strong></span> <span class='ocrx_word' id='word_1_201' title='bbox 1255 3490 1408 3564; x_wconf 89' lang='lat' dir='ltr'><strong>omnibus</strong></span> <span class='ocrx_word' id='word_1_202' title='bbox 1440 3490 1602 3582; x_wconf 82' lang='lat' dir='ltr'><strong>angustiis</strong></span> 
     </span>
     <span class='ocr_line' id='line_1_26' title="bbox 231 3605 1283 3701; baseline 0.001 -25"><span class='ocrx_word' id='word_1_203' title='bbox 231 3629 416 3701; x_wconf 88' lang='lat' dir='ltr'><strong>praeserva</strong></span> <span class='ocrx_word' id='word_1_204' title='bbox 443 3618 477 3679; x_wconf 88' lang='lat' dir='ltr'><strong>et</strong></span> <span class='ocrx_word' id='word_1_205' title='bbox 504 3605 651 3678; x_wconf 88' lang='lat' dir='ltr'><strong>custodi:</strong></span> <span class='ocrx_word' id='word_1_206' title='bbox 678 3616 712 3678; x_wconf 90' lang='lat' dir='ltr'><strong>et</strong></span> <span class='ocrx_word' id='word_1_207' title='bbox 737 3606 921 3680; x_wconf 86' lang='lat' dir='ltr'><strong>referemus</strong></span> <span class='ocrx_word' id='word_1_208' title='bbox 948 3605 1005 3678; x_wconf 88' lang='lat' dir='ltr'><strong>tibi</strong></span> <span class='ocrx_word' id='word_1_209' title='bbox 1031 3605 1193 3698; x_wconf 83' lang='lat' dir='ltr'><strong>gloriam,</strong></span> <span class='ocrx_word' id='word_1_210' title='bbox 1220 3616 1283 3677; x_wconf 89' lang='lat' dir='ltr'><strong>ete.</strong></span> 
     </span>
    </p>

    <p class='ocr_par' dir='ltr' id='par_1_8' title="bbox 228 3722 1687 4053">
     <span class='ocr_line' id='line_1_27' title="bbox 336 3722 1602 3820; baseline -0.001 -27"><span class='ocrx_word' id='word_1_211' title='bbox 336 3722 511 3795; x_wconf 83' lang='lat' dir='ltr'><strong>Sacerdos</strong></span> <span class='ocrx_word' id='word_1_212' title='bbox 536 3723 730 3793; x_wconf 80' lang='lat' dir='ltr'><strong>inclinatos.</strong></span> <span class='ocrx_word' id='word_1_213' title='bbox 783 3723 836 3796; x_wconf 91' lang='lat' dir='ltr'><strong>Ne</strong></span> <span class='ocrx_word' id='word_1_214' title='bbox 862 3734 1001 3820; x_wconf 90' lang='lat' dir='ltr'><strong>propter</strong></span> <span class='ocrx_word' id='word_1_215' title='bbox 1028 3725 1215 3817; x_wconf 87' lang='lat' dir='ltr'><strong>iniquitates</strong></span> <span class='ocrx_word' id='word_1_216' title='bbox 1250 3745 1345 3795; x_wconf 89' lang='lat' dir='ltr'><strong>meas</strong></span> <span class='ocrx_word' id='word_1_217' title='bbox 1371 3723 1515 3795; x_wconf 89' lang='lat' dir='ltr'><strong>Domine</strong></span> <span class='ocrx_word' id='word_1_218' title='bbox 1541 3743 1602 3793; x_wconf 91' lang='lat' dir='ltr'><strong>re-</strong></span> 
     </span>
     <span class='ocr_line' id='line_1_28' title="bbox 228 3827 1687 3934; baseline -0.001 -25"><span class='ocrx_word' id='word_1_219' title='bbox 228 3842 326 3931; x_wconf 85' lang='lat' dir='ltr'><strong>jicias</strong></span> <span class='ocrx_word' id='word_1_220' title='bbox 353 3837 643 3927; x_wconf 76' lang='lat' dir='ltr'><strong>oblationesbaS,</strong></span> <span class='ocrx_word' id='word_1_221' title='bbox 672 3839 934 3934; x_wconf 88' lang='lat' dir='ltr'><strong>quaemanibus</strong></span> <span class='ocrx_word' id='word_1_222' title='bbox 970 3842 1053 3911; x_wconf 88' lang='lat' dir='ltr'><strong>meis</strong></span> <span class='ocrx_word' id='word_1_223' title='bbox 1087 3838 1221 3910; x_wconf 85' lang='lat' dir='ltr'><strong>infirmis</strong></span> <span class='ocrx_word' id='word_1_224' title='bbox 1255 3837 1388 3912; x_wconf 86' lang='lat' dir='ltr'><strong>oblatae</strong></span> <span class='ocrx_word' id='word_1_225' title='bbox 1423 3838 1482 3910; x_wconf 89' lang='lat' dir='ltr'><strong>tibi</strong></span> <span class='ocrx_word' id='word_1_226' title='bbox 1515 3849 1602 3928; x_wconf 86' lang='lat' dir='ltr'><strong>sunt,</strong></span> <span class='ocrx_word' id='word_1_227' title='bbox 1685 3827 1687 3832; x_wconf 62' lang='grc'>’</span> 
     </span>
     <span class='ocr_line' id='line_1_29' title="bbox 231 3947 1601 4053; baseline -0.001 -27"><span class='ocrx_word' id='word_1_228' title='bbox 231 3955 290 4026; x_wconf 91' lang='lat' dir='ltr'><strong>sed</strong></span> <span class='ocrx_word' id='word_1_229' title='bbox 318 3961 451 4051; x_wconf 89' lang='lat' dir='ltr'><strong>suscipe</strong></span> <span class='ocrx_word' id='word_1_230' title='bbox 479 3979 538 4029; x_wconf 89' lang='lat' dir='ltr'><strong>eas</strong></span> <span class='ocrx_word' id='word_1_231' title='bbox 558 3979 626 4053; x_wconf 90' lang='lat' dir='ltr'><strong>per</strong></span> <span class='ocrx_word' id='word_1_232' title='bbox 653 3960 794 4048; x_wconf 86' lang='lat' dir='ltr'><strong>gratiam</strong></span> <span class='ocrx_word' id='word_1_233' title='bbox 822 3947 931 4045; x_wconf 85' lang='lat' dir='ltr'><strong>tuam,</strong></span> <span class='ocrx_word' id='word_1_234' title='bbox 959 3957 1073 4050; x_wconf 86' lang='lat' dir='ltr'><strong>etiae</strong></span> <span class='ocrx_word' id='word_1_235' title='bbox 1100 3959 1291 4029; x_wconf 88' lang='lat' dir='ltr'><strong>memoriam</strong></span> <span class='ocrx_word' id='word_1_236' title='bbox 1319 3956 1460 4045; x_wconf 90' lang='lat' dir='ltr'><strong>bonam,</strong></span> <span class='ocrx_word' id='word_1_237' title='bbox 1488 3958 1601 4029; x_wconf 89' lang='lat' dir='ltr'><strong>onmi-</strong></span> 
     </span>
    </p>
   </div>
   <div class='ocr_carea' id='block_1_3' title="bbox 229 4072 1713 4169">
    <p class='ocr_par' dir='ltr' id='par_1_9' title="bbox 229 4072 1713 4169">
     <span class='ocr_line' id='line_1_30' title="bbox 229 4072 1713 4169; baseline -0.001 -26"><span class='ocrx_word' id='word_1_238' title='bbox 229 4072 293 4143; x_wconf 92' lang='lat' dir='ltr'><strong>bus</strong></span> <span class='ocrx_word' id='word_1_239' title='bbox 320 4074 374 4166; x_wconf 91' lang='lat' dir='ltr'><strong>qui</strong></span> <span class='ocrx_word' id='word_1_240' title='bbox 414 4072 541 4144; x_wconf 89' lang='lat' dir='ltr'><strong>illarum</strong></span> <span class='ocrx_word' id='word_1_241' title='bbox 570 4076 759 4169; x_wconf 88' lang='lat' dir='ltr'><strong>participes</strong></span> <span class='ocrx_word' id='word_1_242' title='bbox 791 4082 886 4163; x_wconf 88' lang='lat' dir='ltr'><strong>sunt,</strong></span> <span class='ocrx_word' id='word_1_243' title='bbox 920 4083 953 4144; x_wconf 90' lang='lat' dir='ltr'><strong>et</strong></span> <span class='ocrx_word' id='word_1_244' title='bbox 985 4095 1100 4144; x_wconf 90' lang='lat' dir='ltr'><strong>eorum</strong></span> <span class='ocrx_word' id='word_1_245' title='bbox 1136 4074 1277 4145; x_wconf 92' lang='lat' dir='ltr'><strong>omnium</strong></span> <span class='ocrx_word' id='word_1_246' title='bbox 1311 4076 1366 4167; x_wconf 91' lang='lat' dir='ltr'><strong>qui</strong></span> <span class='ocrx_word' id='word_1_247' title='bbox 1401 4080 1602 4167; x_wconf 89' lang='lat' dir='ltr'><strong>optaverunt</strong></span> <span class='ocrx_word' id='word_1_248' title='bbox 1711 4105 1713 4110; x_wconf 96' lang='lat'>·</span> 
     </span>
    </p>
   </div>
   <div class='ocr_carea' id='block_1_4' title="bbox 226 4187 1606 5216">
    <p class='ocr_par' dir='ltr' id='par_1_10' title="bbox 230 4187 1600 4494">
     <span class='ocr_line' id='line_1_31' title="bbox 231 4187 1599 4282; baseline -0.001 -22"><span class='ocrx_word' id='word_1_249' title='bbox 231 4188 352 4261; x_wconf 89' lang='lat' dir='ltr'><strong>ollerre</strong></span> <span class='ocrx_word' id='word_1_250' title='bbox 380 4189 439 4260; x_wconf 88' lang='lat' dir='ltr'><strong>sed</strong></span> <span class='ocrx_word' id='word_1_251' title='bbox 466 4187 654 4261; x_wconf 89' lang='lat' dir='ltr'><strong>facultatem</strong></span> <span class='ocrx_word' id='word_1_252' title='bbox 681 4212 747 4262; x_wconf 91' lang='lat' dir='ltr'><strong>nou</strong></span> <span class='ocrx_word' id='word_1_253' title='bbox 781 4188 982 4277; x_wconf 80' lang='lat' dir='ltr'><strong>babuerunt3</strong></span> <span class='ocrx_word' id='word_1_254' title='bbox 1014 4200 1050 4260; x_wconf 91' lang='lat' dir='ltr'><strong>ut</strong></span> <span class='ocrx_word' id='word_1_255' title='bbox 1084 4210 1200 4261; x_wconf 91' lang='lat' dir='ltr'><strong>eorum</strong></span> <span class='ocrx_word' id='word_1_256' title='bbox 1237 4190 1381 4260; x_wconf 92' lang='lat' dir='ltr'><strong>omnium</strong></span> <span class='ocrx_word' id='word_1_257' title='bbox 1417 4190 1472 4281; x_wconf 93' lang='lat' dir='ltr'><strong>qui</strong></span> <span class='ocrx_word' id='word_1_258' title='bbox 1507 4208 1599 4282; x_wconf 89' lang='lat' dir='ltr'><strong>quo-</strong></span> 
     </span>
     <span class='ocr_line' id='line_1_32' title="bbox 231 4300 1600 4401; baseline -0.001 -24"><span class='ocrx_word' id='word_1_259' title='bbox 231 4328 370 4401; x_wconf 89' lang='lat' dir='ltr'><strong>cumque</strong></span> <span class='ocrx_word' id='word_1_260' title='bbox 397 4317 548 4401; x_wconf 90' lang='lat' dir='ltr'><strong>tempore</strong></span> <span class='ocrx_word' id='word_1_261' title='bbox 575 4318 609 4377; x_wconf 90' lang='lat' dir='ltr'><strong>et</strong></span> <span class='ocrx_word' id='word_1_262' title='bbox 635 4328 841 4400; x_wconf 88' lang='lat' dir='ltr'><strong>quacumque</strong></span> <span class='ocrx_word' id='word_1_263' title='bbox 866 4307 997 4378; x_wconf 80' lang='lat' dir='ltr'><strong>ratione</strong></span> <span class='ocrx_word' id='word_1_264' title='bbox 1024 4326 1138 4376; x_wconf 90' lang='lat' dir='ltr'><strong>curam</strong></span> <span class='ocrx_word' id='word_1_265' title='bbox 1164 4300 1286 4374; x_wconf 89' lang='lat' dir='ltr'><strong>babent</strong></span> <span class='ocrx_word' id='word_1_266' title='bbox 1314 4301 1491 4376; x_wconf 80' lang='lat' dir='ltr'><strong>Ecclesiae</strong></span> <span class='ocrx_word' id='word_1_267' title='bbox 1521 4314 1600 4375; x_wconf 89' lang='lat' dir='ltr'><strong>tuae</strong></span> 
     </span>
     <span class='ocr_line' id='line_1_33' title="bbox 230 4414 1386 4494; baseline -0.004 0"><span class='ocrx_word' id='word_1_268' title='bbox 230 4433 376 4494; x_wconf 86' lang='lat' dir='ltr'><strong>sanctae.</strong></span> <span class='ocrx_word' id='word_1_269' title='bbox 1376 4414 1386 4419; x_wconf 76' lang='grc'><em>’</em></span> 
     </span>
    </p>

    <p class='ocr_par' dir='ltr' id='par_1_11' title="bbox 226 4534 1606 5216">
     <span class='ocr_line' id='line_1_34' title="bbox 332 4534 1606 4634; baseline -0.003 -25"><span class='ocrx_word' id='word_1_270' title='bbox 332 4538 482 4609; x_wconf 74' lang='lat' dir='ltr'><strong>Elaeam</strong></span> <span class='ocrx_word' id='word_1_271' title='bbox 515 4561 640 4610; x_wconf 73' lang='lat' dir='ltr'><strong>coccos</strong></span> <span class='ocrx_word' id='word_1_272' title='bbox 694 4538 837 4634; x_wconf 88' lang='lat' dir='ltr'><strong>Suscipe</strong></span> <span class='ocrx_word' id='word_1_273' title='bbox 874 4559 1005 4633; x_wconf 90' lang='lat' dir='ltr'><strong>quoque</strong></span> <span class='ocrx_word' id='word_1_274' title='bbox 1042 4559 1105 4632; x_wconf 89' lang='lat' dir='ltr'><strong>per</strong></span> <span class='ocrx_word' id='word_1_275' title='bbox 1143 4539 1284 4629; x_wconf 81' lang='lat' dir='ltr'><strong>gratiam</strong></span> <span class='ocrx_word' id='word_1_276' title='bbox 1317 4545 1407 4607; x_wconf 87' lang='lat' dir='ltr'><strong>tuam</strong></span> <span class='ocrx_word' id='word_1_277' title='bbox 1440 4534 1606 4623; x_wconf 79' lang='lat' dir='ltr'><strong>decimas,</strong></span> 
     </span>
     <span class='ocr_line' id='line_1_35' title="bbox 227 4651 1598 4752; baseline -0.003 -27"><span class='ocrx_word' id='word_1_278' title='bbox 227 4657 408 4752; x_wconf 87' lang='lat' dir='ltr'><strong>primitias,</strong></span> <span class='ocrx_word' id='word_1_279' title='bbox 436 4665 469 4727; x_wconf 91' lang='lat' dir='ltr'><strong>et</strong></span> <span class='ocrx_word' id='word_1_280' title='bbox 496 4651 683 4728; x_wconf 89' lang='lat' dir='ltr'><strong>oblationes</strong></span> <span class='ocrx_word' id='word_1_281' title='bbox 710 4677 827 4727; x_wconf 91' lang='lat' dir='ltr'><strong>eorum</strong></span> <span class='ocrx_word' id='word_1_282' title='bbox 854 4657 909 4750; x_wconf 94' lang='lat' dir='ltr'><strong>qui</strong></span> <span class='ocrx_word' id='word_1_283' title='bbox 936 4676 1011 4725; x_wconf 89' lang='lat' dir='ltr'><strong>cum</strong></span> <span class='ocrx_word' id='word_1_284' title='bbox 1036 4652 1101 4725; x_wconf 90' lang='lat' dir='ltr'><strong>lide</strong></span> <span class='ocrx_word' id='word_1_285' title='bbox 1135 4673 1216 4725; x_wconf 88' lang='lat' dir='ltr'><strong>vera</strong></span> <span class='ocrx_word' id='word_1_286' title='bbox 1253 4675 1312 4724; x_wconf 89' lang='lat' dir='ltr'><strong>eas</strong></span> <span class='ocrx_word' id='word_1_287' title='bbox 1343 4659 1598 4745; x_wconf 85' lang='lat' dir='ltr'><strong>separavemnt,</strong></span> 
     </span>
     <span class='ocr_line' id='line_1_36' title="bbox 228 4764 1598 4844; baseline -0.004 -1"><span class='ocrx_word' id='word_1_288' title='bbox 228 4780 263 4843; x_wconf 87' lang='lat' dir='ltr'><strong>et</strong></span> <span class='ocrx_word' id='word_1_289' title='bbox 288 4772 466 4844; x_wconf 81' lang='lat' dir='ltr'><strong>attulcmnt</strong></span> <span class='ocrx_word' id='word_1_290' title='bbox 493 4770 535 4843; x_wconf 91' lang='lat' dir='ltr'><strong>ad</strong></span> <span class='ocrx_word' id='word_1_291' title='bbox 560 4769 749 4844; x_wconf 80' lang='lat' dir='ltr'><strong>Ecclesiam</strong></span> <span class='ocrx_word' id='word_1_292' title='bbox 776 4781 865 4842; x_wconf 85' lang='lat' dir='ltr'><strong>mam</strong></span> <span class='ocrx_word' id='word_1_293' title='bbox 892 4780 1050 4843; x_wconf 88' lang='lat' dir='ltr'><strong>sanctam.</strong></span> <span class='ocrx_word' id='word_1_294' title='bbox 1103 4769 1245 4842; x_wconf 85' lang='lat' dir='ltr'><strong>Praesta</strong></span> <span class='ocrx_word' id='word_1_295' title='bbox 1272 4767 1336 4839; x_wconf 90' lang='lat' dir='ltr'><strong>illis</strong></span> <span class='ocrx_word' id='word_1_296' title='bbox 1353 4788 1466 4839; x_wconf 91' lang='lat' dir='ltr'><strong>earum</strong></span> <span class='ocrx_word' id='word_1_297' title='bbox 1485 4764 1598 4838; x_wconf 89' lang='lat' dir='ltr'><strong>bene-</strong></span> 
     </span>
     <span class='ocr_line' id='line_1_37' title="bbox 226 4879 1597 4978; baseline -0.005 -18"><span class='ocrx_word' id='word_1_298' title='bbox 226 4887 322 4978; x_wconf 84' lang='lat' dir='ltr'><strong>bcio,</strong></span> <span class='ocrx_word' id='word_1_299' title='bbox 349 4891 696 4962; x_wconf 87' lang='lat' dir='ltr'><strong>commemorationem</strong></span> <span class='ocrx_word' id='word_1_300' title='bbox 724 4887 767 4960; x_wconf 91' lang='lat' dir='ltr'><strong>ad</strong></span> <span class='ocrx_word' id='word_1_301' title='bbox 793 4886 898 4959; x_wconf 89' lang='lat' dir='ltr'><strong>altare</strong></span> <span class='ocrx_word' id='word_1_302' title='bbox 924 4897 1013 4958; x_wconf 79' lang='lat' dir='ltr'><strong>mum</strong></span> <span class='ocrx_word' id='word_1_303' title='bbox 1040 4885 1207 4975; x_wconf 89' lang='lat' dir='ltr'><strong>coeleste,</strong></span> <span class='ocrx_word' id='word_1_304' title='bbox 1232 4906 1301 4957; x_wconf 92' lang='lat' dir='ltr'><strong>non</strong></span> <span class='ocrx_word' id='word_1_305' title='bbox 1325 4903 1425 4955; x_wconf 89' lang='lat' dir='ltr'><strong>manu</strong></span> <span class='ocrx_word' id='word_1_306' title='bbox 1458 4879 1597 4954; x_wconf 87' lang='lat' dir='ltr'><strong>lactum:</strong></span> 
     </span>
     <span class='ocr_line' id='line_1_38' title="bbox 228 5000 1597 5099; baseline -0.003 -25"><span class='ocrx_word' id='word_1_307' title='bbox 228 5024 337 5099; x_wconf 89' lang='lat' dir='ltr'><strong>neque</strong></span> <span class='ocrx_word' id='word_1_308' title='bbox 363 5006 506 5097; x_wconf 85' lang='lat' dir='ltr'><strong>gemitus</strong></span> <span class='ocrx_word' id='word_1_309' title='bbox 542 5015 575 5076; x_wconf 91' lang='lat' dir='ltr'><strong>et</strong></span> <span class='ocrx_word' id='word_1_310' title='bbox 607 5004 859 5078; x_wconf 87' lang='lat' dir='ltr'><strong>obsecrationes</strong></span> <span class='ocrx_word' id='word_1_311' title='bbox 895 5002 1142 5098; x_wconf 89' lang='lat' dir='ltr'><strong>deprecantium</strong></span> <span class='ocrx_word' id='word_1_312' title='bbox 1174 5011 1208 5073; x_wconf 90' lang='lat' dir='ltr'><strong>te</strong></span> <span class='ocrx_word' id='word_1_313' title='bbox 1242 5000 1409 5096; x_wconf 88' lang='lat' dir='ltr'><strong>despicias</strong></span> <span class='ocrx_word' id='word_1_314' title='bbox 1442 5000 1597 5088; x_wconf 83' lang='lat' dir='ltr'><strong>Domine,</strong></span> 
     </span>
     <span class='ocr_line' id='line_1_39' title="bbox 226 5112 1596 5216; baseline 0.002 -26"><span class='ocrx_word' id='word_1_315' title='bbox 226 5117 325 5214; x_wconf 89' lang='lat' dir='ltr'><strong>plene</strong></span> <span class='ocrx_word' id='word_1_316' title='bbox 360 5119 596 5193; x_wconf 88' lang='lat' dir='ltr'><strong>misericordia.</strong></span> <span class='ocrx_word' id='word_1_317' title='bbox 657 5119 729 5193; x_wconf 91' lang='lat' dir='ltr'><strong>Eos</strong></span> <span class='ocrx_word' id='word_1_318' title='bbox 764 5121 819 5216; x_wconf 91' lang='lat' dir='ltr'><strong>qui</strong></span> <span class='ocrx_word' id='word_1_319' title='bbox 852 5120 1038 5213; x_wconf 84' lang='lat' dir='ltr'><strong>angustiam</strong></span> <span class='ocrx_word' id='word_1_320' title='bbox 1071 5120 1206 5215; x_wconf 89' lang='lat' dir='ltr'><strong>spiritus</strong></span> <span class='ocrx_word' id='word_1_321' title='bbox 1231 5112 1422 5214; x_wconf 84' lang='lat' dir='ltr'><strong>patiuntur,</strong></span> <span class='ocrx_word' id='word_1_322' title='bbox 1461 5137 1596 5193; x_wconf 88' lang='lat' dir='ltr'><strong>recrea:</strong></span> 
     </span>
    </p>
   </div>
   <div class='ocr_carea' id='block_1_5' title="bbox 0 0 2268 6034">
    <p class='ocr_par' dir='ltr' id='par_1_12' title="bbox 0 0 2268 6034">
     <span class='ocr_line' id='line_1_40' title="bbox 0 0 2268 6034; baseline 0 4"><span class='ocrx_word' id='word_1_323' title='bbox 0 0 2268 6034; x_wconf 95' lang='lat' dir='ltr'><strong> </strong></span> 
     </span>
    </p>
   </div>
  </div>
 </body>
</html>
