4525 6034
572 569 624 643 lb
639 566 847 644 tumebat
861 563 1057 643 comdant
1074 567 1104 643 S.
1122 567 1267 645 BASILH.
1539 567 1615 642 159

712 898 834 970 Oratio
856 905 1150 995 praeparationis.
1666 943 1730 1013 Ρη.
1748 946 1772 996 1.

336 1124 431 1202 Hssc
453 1138 569 1217 Oratio,
591 1145 626 1201 ut
648 1138 750 1201 titulus
774 1138 924 1218 admouet,
946 1142 1176 1220 praeparatoria
1199 1148 1256 1218 est,
1280 1141 1449 1221 diciturque
1472 1143 1618 1208 aSacer-
1667 1148 1833 1217 Praepsnoo
1849 1151 1881 1203 ιιι
1896 1152 1943 1204 ιι-

243 1240 319 1305 dote
342 1257 431 1302 sacra
453 1238 644 1302 celebraturo
667 1238 766 1300 statim
788 1246 878 1319 atque
901 1239 939 1302 ad
961 1246 1158 1319 conspectum
1179 1241 1344 1302 sanctuarii
1365 1240 1544 1323 ingreditur,
1568 1244 1619 1306 ubi
1632 1237 1942 1305 turgiamcelebnndem.

240 1342 384 1422 deposita
406 1337 554 1401 exteriori
584 1345 667 1417 toga,
691 1336 893 1417 procumbens
916 1357 1018 1401 coram
1041 1340 1126 1400 altari
1154 1356 1212 1419 per
1234 1339 1355 1421 aliquod
1378 1343 1521 1420 temporis
1544 1361 1619 1424 spa-

239 1443 318 1504 tium
348 1456 439 1500 orare
468 1437 556 1500 solet.
603 1434 739 1509 Qualiter
765 1443 865 1498 autem
902 1446 1026 1518 paratus
1057 1437 1207 1501 accedere
1237 1437 1347 1502 debeat
1379 1439 1479 1502 inultis
1515 1441 1619 1503 verbis

241 1550 371 1604 autores
394 1536 559 1618 explicant,
583 1543 642 1597 ιιιιι
669 1536 835 1598 secundum
858 1537 1052 1616 exteriorem,
1082 1556 1170 1617 quam
1198 1537 1375 1600 interiorem
1404 1540 1619 1618 castimoniam,

240 1659 324 1721 quae
351 1638 457 1719 paucis
484 1634 729 1717 complectemur.
775 1635 924 1709 Quantum
952 1636 990 1700 ad
1013 1638 1139 1717 primam
1162 1639 1278 1715 attinet,
1309 1655 1517 1718 quaecumque
1539 1656 1619 1701 con-

240 1740 377 1803 ditiones
399 1734 650 1818 praescribuntur
673 1734 711 1798 ad
733 1736 971 1798 communionem
993 1735 1231 1817 percipiendam,
1254 1734 1376 1798 easdem
1399 1738 1429 1798 in
1452 1735 1619 1799 Sacerdote

240 1839 283 1902 ad
311 1834 523 1898 celebrandam
551 1833 717 1918 liturgiam
749 1835 845 1918 exigit
874 1833 1060 1915 Coptitarum
1088 1843 1119 1897 et
1146 1835 1276 1897 omnium
1299 1834 1497 1897 Orientalium
1524 1835 1619 1898 disci·
1712 1842 1724 1865 ⁸

239 1936 336 2018 plina.
381 1933 415 1996 ln
444 1942 528 1996 casto
558 1931 653 1997 fuisse
684 1933 776 2012 illum,
805 1941 895 1995 nocte
918 1933 1129 2015 praecedenti,
1159 1941 1210 1996 aut
1232 1934 1343 2011 triduo,
1366 1934 1532 1997 secuudum
1554 1924 1619 1997 Ca-

239 2053 341 2098 nunes
369 2041 502 2113 oportet,
525 2033 551 2095 si
577 2032 759 2116 conjugatus
789 2032 895 2094 luerit:
927 2033 953 2095 si
980 2051 1037 2113 per
1064 2033 1212 2095 insomnia
1234 2032 1393 2095 ludibrium
1421 2050 1529 2113 passus
1560 2041 1618 2113 est,

241 2134 404 2198 celebrare
434 2130 620 2213 prohibetur.
665 2133 837 2213 Eapropter
866 2131 966 2196 solent
988 2131 1166 2212 plerumque
1190 2130 1372 2195 Sacerdotes
1395 2139 1515 2195 noctem
1540 2149 1618 2213 quae

240 2232 410 2314 Liturgiam
434 2230 585 2293 antecedit
608 2230 639 2292 iu
660 2230 800 2293 Ecclesia
829 2232 1012 2314 transigere,
1042 2249 1242 2315 magnamque
1272 2232 1339 2311 ejus
1361 2240 1479 2313 partem
1501 2233 1619 2294 oratio-

240 2332 332 2394 nibus
354 2330 541 2410 impendere.
565 2327 718 2394 Sacerdos
741 2329 836 2409 pedes
849 2338 881 2393 et
902 2348 1006 2392 manus
1022 2329 1126 2393 lavare
1149 2331 1257 2394 debete
1276 2332 1433 2412 jejunasse
1457 2332 1546 2393 etiam
1569 2331 1619 2393 die

241 2429 454 2512 praecedenti,
478 2436 508 2491 et
530 2428 568 2491 ad
583 2447 742 2509 vesperam
764 2428 947 2493 abstinuisse
970 2429 1072 2492 avino
1087 2437 1119 2492 et
1142 2438 1216 2511 potu
1238 2432 1328 2506 ornni,
1353 2445 1412 2510 quo
1435 2436 1526 2508 caput
1547 2438 1618 2492 ten-

241 2532 300 2593 tari
328 2536 451 2610 posset,
484 2535 573 2609 atque
603 2527 680 2590 baec
708 2529 875 2608 praecipua
900 2534 1064 2610 praecepta
1094 2536 1175 2606 sunt,
1204 2536 1345 2610 quantum
1373 2528 1411 2590 ad
1434 2531 1618 2592 exteriorem

241 2629 428 2693 munditiam.
451 2628 560 2691 Postea
583 2626 675 2690 debet
696 2644 823 2689 examen
847 2629 1005 2691 instituere
1027 2628 1105 2690 intra
1127 2648 1162 2709 se
1184 2630 1292 2708 ipsura,
1315 2646 1385 2690 num
1400 2628 1524 2709 alicujus
1540 2648 1618 2710 pec-

242 2732 302 2793 cati
323 2746 397 2791 rcus
420 2728 470 2806 sit,
494 2743 554 2807 quo
576 2743 638 2789 nou
660 2725 759 2789 solum
781 2744 799 2786 a
821 2726 1026 2790 celebratione
1048 2725 1267 2806 Eucharistiae,
1301 2727 1355 2790 sed
1379 2727 1469 2789 etiam
1492 2726 1528 2788 ab
1552 2728 1618 2809 ejus

243 2828 455 2894 commuuione
485 2834 657 2888 arceretur:
685 2843 756 2887 num
785 2825 875 2888 alicui
907 2826 1044 2907 injuriam
1072 2835 1123 2889 aut
1151 2826 1289 2888 damnum
1318 2825 1435 2901 iecerit,
1459 2834 1491 2888 ut
1519 2828 1618 2889 statim

242 2927 384 3011 proximo
407 2923 581 3004 satisfaciat,
600 2927 687 3006 juxta
710 2923 783 2986 illud
806 2923 918 2987 Christi
939 2932 1147 3005 praeceptum,
1169 2927 1200 2989 si
1220 2923 1311 3005 offers
1332 2944 1439 2987 monas
1467 2933 1549 2987 mam
1576 2925 1620 2986 ad

243 3030 353 3102 altars,
377 3033 433 3089 eto.
456 3024 537 3086 aede
554 3026 644 3105 prius
670 3024 867 3086 reconciliat
891 3023 989 3104 fratri
1008 3031 1069 3087 tato.
1098 3022 1182 3086 Haeo
1208 3022 1303 3086 fusius
1333 3021 1455 3085 Gabriel
1481 3024 1618 3085 Petrian-

244 3129 318 3205 cba,
355 3123 489 3188 Scicntia
517 3121 749 3199 Ecclesiastica,
780 3121 981 3202 canonesque
1014 3123 1089 3184 vani
1130 3129 1361 3204 repraesentant
1395 3139 1435 3183 ex
1470 3122 1618 3184 communi

242 3241 305 3286 non
327 3223 419 3286 modo
442 3221 647 3286 Orientalibus
671 3220 848 3285 Christianis
872 3221 1025 3298 omnibus,
1054 3220 1110 3283 sed
1133 3220 1258 3283 Graecis
1281 3221 1385 3298 etiam,
1409 3219 1577 3302 disciplina,
1600 3238 1618 3282 a

245 3322 353 3404 quibus
376 3322 457 3385 illam
480 3328 674 3401 acceperunt.

333 3420 368 3483 lu
391 3419 612 3484 recentioribus
634 3421 760 3483 istorum
782 3418 866 3483 libris
889 3419 940 3501 qui
963 3418 1082 3482 modum
1105 3424 1136 3481 et
1158 3418 1244 3502 leges
1267 3417 1479 3481 celebrationis
1495 3418 1619 3481 Eucba-
1675 3452 1801 3506 mm„
1827 3453 1943 3507 mm

245 3522 351 3583 ristiae
374 3516 530 3584 continent
551 3519 769 3601 praescribitur
798 3527 831 3581 ut
859 3518 1007 3584 Sacerdos
1037 3517 1276 3602 Exomologesin
1305 3517 1404 3597 iaciat,
1433 3517 1550 3580 scilicet
1579 3535 1619 3578 ex
1633 3537 1719 3593 debet.

245 3614 622 3701 posteriorumtemporum
631 3618 859 3698 consuetudine,
867 3619 936 3699 quia
945 3619 1107 3698 antiquitus
1115 3619 1231 3699 privata
1247 3616 1297 3679 illa
1312 3617 1392 3698 apud
1402 3603 1621 3695 πνευματικὸν
1633 3625 1738 3677 Emtot.
1753 3643 1780 3694 p.
1791 3625 1834 3678 so.
1847 3624 1908 3679 too.

246 3737 302 3781 seu
324 3713 541 3780 Couiessorem
569 3718 756 3798 poenitentia
787 3716 886 3780 locum
922 3734 981 3780 nou
1010 3716 1149 3779 babebat.
1192 3715 1307 3779 Eadem
1335 3734 1457 3796 quoque
1480 3715 1531 3779 lex
1552 3718 1621 3798 pri-

250 3819 338 3879 mitus
368 3815 449 3897 apud
476 3813 645 3878 Orientales
674 3814 739 3894 luit,
770 3814 869 3878 donec
898 3822 1010 3878 inuata
1040 3815 1140 3878 multis
1163 3814 1201 3877 de
1226 3816 1344 3895 causis,
1375 3815 1556 3896 praesertim
1579 3833 1620 3877 ex

247 3914 433 3978 Graecorum
456 3915 607 3996 exemplo,
631 3913 718 3976 aliam
742 3914 966 3994 poenitentialis
989 3915 1165 3995 disciplinae
1188 3912 1314 3977 sormam
1337 3915 1464 3996 accepit.
1488 3913 1621 3997 Contigit

246 4014 276 4077 id
304 4022 373 4076 ante
401 4032 510 4077 annum
539 4014 743 4090 millesimum,
773 4032 814 4075 ex
836 4031 896 4094 quo
919 4014 1072 4076 rarissima
1102 4021 1173 4076 suut
1205 4012 1402 4094 depositionis
1425 4012 1621 4078 sacerdotum

248 4112 397 4194 exempla,
420 4113 459 4175 ob
482 4122 633 4176 secretum
656 4113 785 4191 odmen,
807 4112 863 4175 sed
885 4120 997 4175 tuntum
1020 4112 1059 4174 ob
1082 4112 1236 4194 publicum
1264 4110 1404 4192 aliquod,
1431 4111 1521 4192 idque
1544 4129 1622 4193 gra-

247 4213 412 4276 vissimum.
435 4210 526 4291 Apud
548 4211 643 4292 Syros
665 4210 836 4291 Jacobitas,
860 4229 926 4274 curn
939 4211 1048 4273 Franci
1070 4211 1100 4272 in
1122 4210 1292 4274 Palaestina
1313 4217 1489 4293 regnarent,
1512 4227 1621 4271 novam

248 4310 286 4373 de
308 4310 506 4376 sacerdotum
527 4312 715 4393 poenitentia
737 4309 874 4393 regulam
898 4311 1043 4392 viguisse,
1071 4310 1213 4373 discimus
1242 4329 1282 4373 ex
1306 4309 1449 4372 Tractatu
1476 4308 1515 4372 de
1537 4309 1622 4371 reci-

247 4409 366 4489 piendis
388 4410 626 4490 poenitentibus,
649 4409 787 4492 Dionysii
804 4408 951 4472 Barsalibi
972 4408 1184 4490 Metropolitae
1199 4408 1351 4488 Amidaui,
1365 4409 1415 4490 qui
1427 4416 1499 4471 tunc
1512 4424 1622 4488 magna
1654 4447 1736 4499 Tm,
1751 4447 1945 4518 mmo-1²⁰⁶·

250 4508 328 4590 apud
351 4526 407 4570 eos
429 4508 586 4571 doctrinae
608 4507 686 4571 lama
709 4509 847 4572 florebat,
875 4509 918 4571 Ea
931 4526 1024 4590 porro
1047 4507 1101 4571 luit
1122 4515 1156 4570 ut
1178 4507 1215 4570 ad
1239 4509 1386 4591 privatam
1399 4506 1621 4572 contessionem
1634 4537 1677 4586 ,Μ
1689 4534 1741 4586 MS.
1757 4533 1815 4601 ἕνα

248 4613 279 4669 et
301 4608 518 4688 poenitentiam
531 4608 722 4672 Sacerdotes
745 4617 776 4671 et
798 4608 848 4670 alii
871 4627 911 4671 ex
933 4607 1024 4671 Clero
1047 4607 1293 4683 admitterentur,
1322 4609 1363 4670 ita
1386 4615 1485 4669 tamen
1506 4613 1541 4668 ot
1561 4606 1622 4667 da-

246 4707 416 4786 pticaretur
446 4708 525 4786 ipsis
554 4706 678 4784 Cauca,
708 4707 774 4771 sive
803 4725 905 4788 poena
934 4708 1095 4786 canonica,
1123 4707 1204 4789 quod
1233 4709 1264 4768 in
1299 4705 1380 4789 bunc
1409 4705 1528 4767 modum
1555 4701 1622 4763 beri

250 4804 478 4885 praescribitur.
523 4806 633 4871 Laicus
654 4814 814 4887 peccatum
837 4808 1000 4886 commisit,
1023 4808 1109 4888 cujus
1131 4823 1231 4886 poena
1253 4814 1302 4868 est
1323 4806 1466 4888 jejunium
1487 4822 1544 4884 per
1558 4811 1621 4865 tres

158 4896 164 4903 ’
250 4901 515 4986 quadragesimas,
545 4913 596 4968 aut
624 4924 683 4987 per
712 4924 842 4977 annum:
873 4906 1068 4987 eleemosyna
1097 4912 1143 4967 tot
1165 4920 1342 4967 aureorum:
1365 4911 1543 4966 metanoeae
1566 4919 1623 4982 per

250 5010 349 5065 certos
372 5004 438 5067 dies
462 5012 597 5067 centum:
627 5006 654 5067 si
676 5003 827 5068 Sacerdos
850 5004 888 5067 de
918 5004 1026 5068 eodem
1048 5005 1173 5067 crimine
1200 5019 1235 5067 se
1262 5011 1385 5068 accuset
1408 5002 1487 5084 apud
1509 5002 1623 5067 Poeni-

279 5162 366 5203 ronna
379 5161 396 5203 1.
1365 5144 1414 5216 36
