4525 6034
671 566 719 641 ΙΝ
749 564 1007 642 LITURGIAM
1037 501 1189 643 MARCl.
1543 565 1617 642 185

241 757 273 813 et
294 748 326 811 id
348 746 468 829 quidem
489 745 578 811 lacile
601 745 657 810 luit
679 747 758 829 apud
787 746 1018 829 Alexandriam,
1048 747 1154 812 sedem
1183 748 1220 812 D.
1244 747 1352 811 Marci:
1375 749 1407 811 in
1428 747 1619 813 Antiocheno

241 846 448 911 Patriarchatu
470 863 530 908 non
554 848 635 925 item,
657 846 709 909 ubi
732 846 868 908 Graecae
891 847 1028 930 alicujus,
1053 866 1131 930 quae
1155 865 1221 910 cum
1245 846 1369 928 Syriaca
1391 851 1448 911 ista
1472 850 1620 911 conveni-

241 955 299 1024 ret,
322 965 395 1010 usus
419 946 578 1027 aliquando
601 945 700 1009 nullus
726 945 791 1008 luit.
836 945 923 1018 Quod
953 964 1030 1008 vero
1061 946 1118 1009 hoc
1149 964 1246 1026 usque
1270 946 1487 1027 incompertum
1509 945 1619 1025 luerat,

240 1064 351 1127 nempe
381 1048 567 1127 primaevum
598 1063 675 1107 esse
699 1043 856 1125 exemplar
883 1042 1048 1121 Graecum,
1076 1045 1277 1127 liturgiarum
1307 1063 1385 1126 quae
1415 1044 1620 1107 Alexandriae

243 1151 437 1225 usurpantur,
459 1144 557 1224 palam
579 1140 653 1204 lacit
676 1141 782 1205 Codex
803 1143 975 1205 rarissimus
997 1142 1203 1206 Bibliothecae
1216 1142 1333 1226 Regiae
1355 1145 1386 1206 in
1408 1161 1469 1224 quo
1483 1142 1619 1206 Graecus

241 1251 344 1306 textus
366 1242 570 1324 liturgiarum
591 1240 695 1303 Basilii
717 1249 748 1303 ct
762 1242 915 1322 Gregorii,
938 1260 1016 1321 quae
1039 1241 1196 1324 aCoptitis
1218 1260 1274 1304 sua
1296 1241 1401 1323 lingua
1422 1250 1617 1323 usurpantur,

242 1343 414 1423 descriptus
438 1349 485 1404 est
507 1359 574 1403 cum
595 1340 740 1403 versione
753 1339 901 1402 Arabico:
926 1339 963 1401 ab
986 1359 1024 1402 ea
1046 1359 1135 1421 quam
1158 1339 1275 1421 Coptici
1289 1339 1419 1404 Codices
1442 1340 1536 1422 vulgo
1560 1339 1618 1401 ad-

237 1444 373 1524 junctam
395 1439 507 1502 babent
529 1441 650 1503 omnino
674 1439 804 1502 diversa.
828 1439 902 1501 Eam
924 1457 1003 1519 quae
1024 1439 1119 1502 Marci
1142 1440 1250 1502 dicitur
1273 1439 1379 1502 Codex
1401 1439 1452 1501 ille
1474 1457 1536 1501 non
1558 1456 1618 1499 ex-

240 1541 339 1602 hibet:
377 1538 432 1601 sed
466 1538 619 1600 Romanus
655 1556 694 1598 ex
727 1554 788 1617 quo
818 1544 979 1618 procurata
1009 1537 1100 1601 editio
1133 1545 1195 1615 est,
1226 1554 1292 1598 eam
1322 1556 1392 1600 esse
1421 1537 1617 1613 demonstrat,

242 1656 321 1719 quae
352 1638 382 1699 in
412 1636 539 1718 Coptico
567 1634 735 1716 exemplari
766 1634 872 1717 Cyrilli
899 1635 1079 1719 appellatur.
1123 1636 1171 1699 lle
1199 1636 1257 1698 illis
1286 1635 1423 1699 omnibus
1453 1635 1523 1699 alibi
1546 1635 1618 1698 satis

242 1737 352 1800 dictmn
375 1743 433 1800 est.

328 1835 374 1897 De
397 1836 454 1898 ista
476 1834 549 1897 illud
572 1837 668 1916 primo
690 1831 913 1900 observandum
935 1840 992 1911 est,
1014 1852 1082 1896 eam
1103 1851 1174 1896 esse
1197 1833 1318 1899 omnino
1340 1835 1416 1896 ritus
1436 1832 1619 1916 Syriaciet

239 1935 278 1996 ab
302 1934 367 1996 aliis
390 1952 469 2015 quae
490 1933 597 1997 eodem
620 1934 742 1997 nomine
764 1934 979 2015 designantur,
1006 1932 1127 1995 omnino
1150 1931 1310 1996 diversam.
1354 1931 1423 1994 lllas
1447 1937 1546 1994 autem
1569 1931 1619 1991 in-

239 2033 415 2116 telligimus,
439 2051 516 2115 quae
532 2033 611 2115 apud
624 2033 760 2114 Coptitas
776 2039 970 2112 usurpantur,
993 2038 1043 2094 aut
1058 2031 1127 2093 olim
1143 2040 1307 2112 usurpatae
1326 2029 1456 2109 luerunt,
1473 2029 1619 2091 Graecam

240 2132 357 2195 scilicet
378 2140 528 2195 vetustam
551 2150 629 2213 quae
652 2151 692 2195 ex
715 2131 789 2195 Cod.
814 2130 1113 2212 Crypta-ierratensi
1136 2130 1215 2192 edita
1239 2137 1297 2208 est,
1320 2129 1518 2210 etC0pticam
1540 2142 1618 2206 quae

241 2230 348 2313 Cyrilli
370 2249 479 2295 nomen
501 2229 602 2294 habet.

327 2331 446 2393 Dudum
468 2347 564 2410 porro
587 2337 634 2392 est
657 2347 724 2390 cum
747 2347 783 2389 ea
806 2345 894 2408 quam
918 2326 1094 2389 exhibemus
1107 2324 1264 2390 Jacobitae
1287 2334 1420 2405 utuntur,
1444 2344 1511 2389 cum
1534 2331 1619 2387 extet

239 2432 272 2492 in
294 2431 367 2494 Mss.
391 2429 592 2507 Colhertinis,
620 2435 651 2490 et
676 2426 826 2490 nonnullis
854 2426 934 2489 aliis:
964 2427 1030 2508 ejus
1052 2427 1244 2489 meminerint
1265 2425 1432 2489 Maronitas
1455 2422 1621 2487 doctissimi

242 2529 365 2592 Gabriel
395 2530 528 2605 Sionita,
559 2537 590 2591 et
612 2527 764 2589 Abrabam
790 2525 996 2589 Echellensis:
1027 2525 1208 2605 tandemque
1231 2526 1310 2588 inter
1331 2525 1405 2587 alias
1428 2523 1508 2587 edita
1530 2523 1568 2585 sit
1590 2523 1621 2582 in

241 2627 357 2690 Missali
380 2627 556 2704 Chaldaioo,
579 2628 646 2689 siro
667 2625 881 2688 Maronitarum
900 2640 979 2687 anno
1001 2623 1165 2688 ttnxctv.
1188 2625 1302 2688 Romae
1323 2642 1395 2707 pag.
1417 2622 1491 2685 205.
1514 2628 1545 2684 et
1567 2639 1622 2682 se·

201 2763 206 2772 =
244 2725 415 2808 quentibus.
460 2726 532 2787 Non
555 2732 741 2801 esttamen,
775 2729 807 2785 ut
830 2723 868 2786 de
892 2722 957 2787 aliis
981 2725 1164 2796 monuimus,
1185 2721 1265 2785 unde
1288 2724 1445 2804 quisquam
1468 2720 1620 2783 existimet

242 2825 282 2887 ad
304 2824 467 2886 Maronitas
490 2841 557 2885 eam
579 2824 675 2904 magis
697 2823 852 2901 pertinere
875 2840 964 2903 quam
993 2822 1030 2884 ad
1058 2821 1230 2899 Jacobitas‚
1258 2820 1402 2902 quidquid
1432 2819 1620 2882 recentiores

242 2944 283 2987 ex
307 2943 344 2986 ea
365 2931 469 3005 gente,
493 2922 531 2985 de
554 2921 613 2984 boo
636 2928 815 3002 argumento
838 2921 1027 3001 scripserint.
1073 2920 1179 2983 Omnia
1201 2920 1314 3002 quippe
1337 2919 1439 2982 Officia
1461 2934 1566 2995 sacra,
1595 2917 1622 2979 si

243 3041 281 3085 ea
305 3023 470 3103 excipimus
495 3039 573 3100 quae
595 3021 822 3098 recentissime,
845 3018 905 3082 hoc
927 3025 975 3082 est
997 3038 1014 3081 a
1036 3018 1200 3082 reformata
1223 3037 1280 3100 per
1301 3018 1509 3082 Missionarios
1531 3015 1621 3096 Apo-

243 3120 370 3183 stolicos
392 3119 556 3182 bibanitica
579 3117 728 3196 Ecclesia,
752 3117 922 3181 introducta
944 3125 1031 3195 sunt,
1053 3116 1162 3182 Latino
1184 3117 1255 3180 ritui
1278 3118 1374 3199 magis
1398 3134 1487 3198 quam
1509 3114 1622 3177 Orien·

243 3219 296 3280 tali
320 3217 437 3295 similia,
459 3217 605 3280 Jacobitis
628 3217 753 3297 propria
775 3223 854 3279 sunt.

331 3317 484 3380 Romanae
507 3316 631 3380 editioni
661 3317 691 3377 in
721 3315 778 3377 hac
800 3322 833 3376 ut
856 3313 981 3394 reliquis
1004 3312 1149 3395 Liturgiis
1172 3314 1365 3396 interpolatio
1387 3311 1544 3394 multiplex
1567 3329 1622 3372 ac-

244 3414 318 3476 cidit
340 3433 358 3476 a
380 3415 595 3477 Maronitarum
626 3421 655 3477 et
679 3412 847 3477 Censorum
870 3413 1069 3474 obscurorum
1092 3412 1246 3489 manibus,
1276 3413 1327 3494 qui
1350 3429 1417 3473 cum
1441 3412 1471 3473 in
1494 3410 1623 3474 Schola-

244 3513 321 3575 stica
334 3511 500 3595 Tbeologia
515 3512 652 3575 lortassis
668 3512 923 3593 perspicacissimi
937 3509 1047 3589 iurent,
1071 3511 1100 3571 in
1123 3509 1279 3592 disciplina
1296 3509 1511 3573 Ecclesiastica
1532 3507 1621 3587 plane

243 3611 398 3691 hospites:
421 3627 459 3672 ea
482 3618 688 3689 mutaverunt,
712 3628 791 3691 quae
813 3627 880 3672 cum
902 3609 998 3672 altera
1020 3609 1071 3672 illa
1088 3617 1230 3672 constare
1244 3627 1305 3674 non
1325 3627 1416 3690 posse
1431 3606 1620 3684 videbantur,

243 3709 305 3770 imo
328 3708 468 3770 haeresin
481 3726 601 3789 sapere,
626 3726 715 3789 quam
737 3708 767 3770 in
790 3707 932 3788 precibus
955 3706 1047 3788 longe
1070 3708 1231 3771 multorum
1252 3708 1444 3772 saeculorum
1465 3725 1523 3769 usu
1545 3722 1622 3767 con-

246 3807 386 3883 secratis,
409 3806 504 3870 latere
527 3825 588 3870 non
610 3825 703 3888 posse
725 3807 924 3869 certissimum
948 3813 1005 3884 cst,
1028 3806 1087 3868 nisi
1110 3810 1259 3887 potiorem
1280 3807 1485 3870 existimemus
1509 3803 1622 3885 aliquot

246 3906 483 3986 'theologorum
507 3925 596 3987 quam
618 3906 776 3969 Ecclesiae
798 3904 1000 3966 autoritatem.
1046 3902 1182 3968 Grassati
1204 3914 1274 3968 sunt
1295 3907 1461 3988 praecipuo
1484 3905 1514 3966 in
1528 3904 1622 3966 Invo-

246 4005 396 4066 cationem
420 4004 678 4084 Spiritussancti,
701 4021 790 4083 quam
812 4019 869 4064 nos
891 4019 931 4064 ex
955 4000 1049 4064 Codd.
1073 4002 1146 4066 Mss.
1170 4003 1229 4066 lide
1252 4005 1447 4067 restituimus.

336 4101 399 4165 Cur
432 4102 500 4183 Syri
529 4101 685 4164 Jacobitae
712 4101 878 4184 liturgiam
907 4100 1091 4183 singularem
1118 4102 1215 4164 Marci
1243 4104 1363 4166 nomine
1393 4102 1523 4164 habeant
1546 4101 1622 4161 ratio

247 4202 385 4264 certain
408 4220 442 4262 re
465 4200 542 4262 adeo
565 4201 680 4263 incerta
704 4199 768 4263 dari
791 4199 871 4261 nulla
887 4205 998 4278 potest,
1020 4201 1198 4278 praesertim
1213 4219 1281 4263 cum
1294 4201 1367 4264 nulli
1378 4200 1482 4281 plures
1493 4197 1624 4260 habeant

247 4318 336 4381 quam
359 4300 391 4362 in
413 4319 450 4362 ea
473 4301 681 4363 communione
704 4299 907 4380 reperiuntur,
930 4315 998 4359 cum
1010 4296 1183 4361 Nestoriani
1205 4316 1267 4362 non
1289 4300 1363 4362 alias
1384 4296 1542 4361 habuerint
1564 4294 1623 4357 huo

246 4417 360 4480 usque,
391 4397 469 4460 ultra
494 4406 558 4461 tres
582 4398 662 4482 apud
684 4415 740 4460 eos
763 4395 948 4459 celebratas:
979 4396 1104 4458 totidem
1125 4396 1325 4460 Alexandrini
1348 4395 1485 4480 ejusdem
1508 4401 1623 4472 sectae,

248 4497 395 4578 Syrorum
417 4514 567 4570 numerus,
590 4497 629 4560 ad
645 4496 844 4579 quadraginta
861 4494 1030 4576 perveniat.
1054 4495 1265 4559 verisimiliter
1287 4497 1426 4560 fortassis
1449 4493 1623 4556 existimare

246 4614 426 4678 possumus,
451 4615 491 4659 ex
512 4596 719 4678 antiquissima
747 4592 956 4656 Antiochense
987 4592 1070 4655 sedis
1100 4593 1288 4659 Jacobiticae
1317 4613 1385 4658 cum
1416 4590 1624 4655 Alexandrina

248 4695 459 4776 conjunctione
481 4693 608 4771 lactum,
635 4702 668 4756 ut
697 4693 728 4756 S.
751 4692 855 4755 Marco
878 4690 1024 4773 quaedam
1048 4691 1181 4775 Liturgia
1204 4679 1371 4774 dicaretur,
1402 4691 1433 4754 in
1455 4691 1520 4771 ejus
1544 4688 1623 4750 [esto

246 4793 412 4858 recitanda.

619 4959 1255 5010 ψ
