4525 6034
549 588 750 666 Pffltoxnot
774 583 943 667 nttsoont
968 589 1243 669 utootouusts.
1503 592 1576 667 401

212 779 291 848 vino
318 784 352 846 et
378 798 480 870 aqua,
516 786 551 847 et
575 778 700 868 gratias
734 797 839 868 agens
872 784 893 859 †
918 775 1090 849 benedixit
1115 784 1137 861 †
1164 779 1386 851 sanctificavit
1410 779 1439 866 †
1465 778 1578 880 dedit-

212 914 276 986 que
302 890 419 964 iisdem
448 891 614 988 discipulis
642 896 711 964 suis
738 902 773 963 ct
797 890 971 988 Apostolis
1006 896 1131 966 sanctis
1163 894 1295 967 dicens:
1330 897 1488 990 accipite,
1519 894 1578 968 bi-

210 1007 278 1080 bite
304 1030 350 1078 cx
377 1031 419 1080 eo
446 1031 512 1080 vos
539 1031 672 1080 omnes:
699 1007 762 1079 llic
789 1019 841 1082 est
867 1012 1003 1100 sanguis
1029 1031 1123 1080 maus
1151 1009 1354 1082 Testamenti
1376 1009 1478 1098 Novi,
1504 1014 1578 1107 ipse

211 1126 267 1218 qui
292 1145 354 1219 pro
381 1124 497 1214 vobis,
524 1136 558 1196 et
584 1145 647 1219 pro
674 1123 783 1196 multis
810 1123 984 1196 effunditur
1011 1134 1045 1196 et
1070 1124 1177 1215 datur,
1204 1129 1237 1197 in
1258 1129 1482 1221 expiationem
1511 1127 1577 1198 de-

210 1238 384 1328 lictornm;
412 1243 642 1311 remissionem
668 1249 896 1335 peccatomm,
924 1251 958 1311 et
983 1244 1085 1312 vitam
1115 1252 1286 1314 aeternam
1313 1242 1577 1337 suscipientibus.

315 1356 476 1450 Populus.
528 1359 649 1430 Amen.

314 1473 499 1545 Sacerdos.
538 1472 614 1544 Hoc
626 1471 726 1543 iacite
742 1474 775 1542 in
788 1494 896 1543 meam
911 1477 1279 1562 commemorationem
1306 1478 1578 1569 quotiescumque

210 1591 298 1660 enim
331 1610 451 1683 panem
484 1588 570 1659 hunc
601 1587 861 1676 manducabitis,
894 1601 928 1661 st
960 1589 1098 1660 calicem
1133 1593 1230 1662 istum
1266 1589 1406 1680 bibetis,
1438 1602 1576 1663 mortem

210 1727 318 1777 meam
346 1701 593 1792 annuntiabitis,
621 1704 729 1777 donec
755 1707 898 1775 veniam.

313 1819 474 1913 Populos.
527 1821 645 1892 Mortis
672 1831 749 1892 tuae
774 1823 916 1893 Domine
942 1822 1133 1893 memoriam
1161 1824 1301 1913 agimus.

312 1937 496 2008 Sacerdos.
549 1934 737 2008 Universae
763 1940 863 2029 igitur
889 1936 1019 2032 periodi
1045 1937 1301 2032 dispensationis
1335 1947 1412 2008 tuae
1441 1960 1576 2009 memo-

208 2054 293 2123 riam
319 2051 479 2141 iacimus,
505 2054 662 2124 Domine:
690 2061 872 2147 concaptus
899 2056 943 2124 tui
957 2055 1048 2148 puri:
1074 2055 1342 2125 Annuntiationis
1363 2075 1424 2148 per
1451 2055 1576 2144 Ange-

209 2166 277 2239 lum
304 2169 462 2261 Vigilem:
490 2168 681 2240 Natiuitatis
707 2181 785 2241 tuae
811 2170 983 2260 gloriosae
1010 2179 1044 2240 et
1069 2168 1245 2242 mirabilis:
1279 2169 1575 2261 evangelisationis

209 2283 427 2356 laetabundae
452 2283 676 2376 Angelorum:
703 2286 863 2380 Baptismi
889 2288 934 2357 tui
961 2284 1126 2380 praeclari
1153 2294 1187 2356 st
1207 2285 1377 2357 salutaris:
1405 2284 1576 2357 elevatio-

208 2403 261 2472 nis
293 2403 325 2471 in
361 2422 475 2471 cracc:
512 2399 694 2473 descensus
722 2400 764 2472 ad
790 2399 931 2474 interos:
966 2399 1237 2472 Resurrectionis
1270 2410 1346 2473 tuae
1373 2424 1393 2471 a
1419 2404 1576 2473 mortuis:

208 2518 427 2591 Ascensionis
455 2525 531 2588 tuae
558 2515 729 2608 gloriosae
756 2527 790 2588 et
816 2516 1028 2589 admirandae
1056 2538 1076 2586 c
1102 2520 1240 2588 terrain
1257 2515 1407 2588 coelum:
1441 2521 1576 2590 sessio-

209 2637 260 2704 nis
287 2642 362 2704 tuac
389 2631 430 2702 ad
457 2631 629 2703 dexteram
655 2633 719 2703 Dei
746 2634 869 2704 Patris:
896 2642 928 2704 et
956 2655 1030 2705 cum
1056 2631 1107 2702 bis
1136 2629 1307 2722 omnibus,
1339 2632 1503 2705 adventus
1530 2638 1576 2705 tui

208 2747 371 2820 tremendi
398 2758 431 2819 et
456 2747 633 2836 terribilis,
659 2750 694 2818 in
721 2770 786 2842 quo
820 2772 895 2820 cum
926 2747 1123 2843 splendore,
1155 2756 1189 2818 ct
1220 2756 1365 2818 tremore
1397 2751 1575 2839 exoriens,

209 2877 244 2938 et
270 2888 372 2961 super
399 2865 517 2937 solium
543 2867 726 2956 majestatis
753 2876 830 2938 tuae
857 2864 1000 2952 sedens,
1026 2863 1109 2936 fines
1137 2872 1171 2934 et
1196 2866 1354 2955 regiones
1380 2873 1491 2936 terrae
1513 2868 1575 2957 jn-

209 2981 353 3069 dicabis3
380 3004 454 3053 cum
481 2984 702 3073 congregatio
728 2979 783 3052 illa
810 3003 932 3074 magna
959 2992 991 3052 at
1018 2979 1188 3053 tremenda
1219 2980 1289 3052 liet:
1324 2981 1454 3075 quando
1489 3003 1574 3075 per-

210 3097 288 3169 ditio
317 3108 350 3168 et
376 3100 541 3169 cmciatus
568 3097 730 3169 adversus
756 3099 876 3190 impios
908 3096 1141 3168 decernentur:
1175 3096 1306 3190 quando
1339 3100 1427 3188 ignis
1461 3101 1573 3169 mina-

209 3213 291 3282 citer
317 3212 519 3308 splendebit:
547 3211 678 3307 quando
706 3211 860 3303 gehenna
887 3211 1104 3284 vehementer
1122 3210 1266 3283 ardebit:
1294 3212 1425 3306 quando
1443 3214 1573 3284 occulta

206 3330 242 3398 in
268 3337 416 3424 apertum
443 3329 628 3423 produces,
655 3350 863 3422 examenque
890 3351 1026 3423 operum
1054 3331 1221 3400 institues:
1250 3327 1381 3423 quando
1392 3332 1503 3421 justos
1531 3329 1573 3400 ad

208 3443 362 3535 gaudium
391 3448 518 3532 mittes,
546 3454 579 3515 et
605 3447 724 3538 impios
750 3455 995 3540 operantesque
1021 3444 1128 3532 mala,
1156 3443 1250 3517 dabis
1277 3449 1310 3515 in
1331 3444 1439 3516 cibum
1465 3449 1571 3536 ignis:

208 3560 340 3652 quando
366 3558 413 3631 illi
439 3563 493 3655 qui
519 3562 615 3651 regni
641 3562 820 3654 participes
847 3571 960 3648 emm,
987 3559 1187 3646 clamabunt,
1216 3559 1339 3631 Fidelis
1372 3570 1424 3632 est
1448 3560 1572 3633 Domi-

206 3696 270 3747 nas
296 3678 328 3746 in
355 3674 563 3747 sermonibus
590 3678 678 3763 suis,
705 3685 738 3746 et
763 3697 868 3746 veras
899 3686 975 3748 sunt
1007 3678 1246 3771 promissiones
1282 3679 1373 3767 ejas:
1408 3676 1454 3747 illi
1487 3700 1572 3750 vero

208 3796 264 3886 qui
289 3794 357 3884 igni
384 3791 559 3883 gehennae
585 3790 735 3863 destinati
763 3799 869 3879 erunt,
894 3791 1008 3863 lnstns
1027 3814 1082 3879 es,
1109 3792 1270 3880 Domine,
1297 3802 1332 3862 st
1356 3791 1457 3864 valde
1481 3806 1572 3866 recta

208 3916 283 3980 sunt
305 3907 428 4000 judicia
450 3910 598 4000 justitiae
633 3919 720 3980 tuae.
782 3906 834 3979 Eo
869 3917 1019 4003 ternpore
1060 3911 1223 4004 propitius
1250 3920 1323 3982 esto
1350 3908 1475 4004 populo
1503 3920 1572 3998 tuo,

206 4023 366 4109 Domine,
395 4033 428 4094 et
459 4026 618 4095 miserere
645 4027 758 4096 ovium
784 4029 899 4116 gregis
927 4028 990 4096 tui:
1016 4046 1059 4095 ne
1085 4025 1265 4097 incidamus
1298 4028 1331 4095 in
1366 4024 1468 4098 chaos
1495 4023 1571 4095 illud

206 4137 355 4211 terribile
381 4138 470 4233 quod
495 4140 530 4210 in
556 4140 664 4212 medio
692 4150 760 4211 cst:
787 4162 830 4210 ne
856 4161 1028 4232 gemamus
1063 4143 1095 4211 in
1128 4140 1275 4212 tenebris
1310 4141 1385 4211 lucc
1419 4144 1570 4211 carenti-

205 4254 286 4327 bus:
312 4277 356 4325 nc
381 4252 476 4342 lletu,
503 4253 676 4350 lacrymis,
712 4264 746 4326 st
770 4254 859 4326 luctu
891 4256 1071 4350 affligamur
1102 4261 1187 4329 inter
1221 4257 1402 4353 supplicia,
1436 4256 1570 4328 dolores

207 4380 243 4443 ct
267 4371 436 4467 planctus:
463 4393 506 4441 ne
532 4374 748 4467 suspiriorum
775 4371 989 4444 amaritudine
1016 4378 1217 4446 cruciemur:
1243 4395 1309 4444 non
1335 4374 1477 4465 ligentur
1502 4374 1571 4443 lin-

205 4507 296 4579 guae
323 4496 459 4560 nostrae
485 4488 625 4560 vinculis
651 4486 814 4578 flammae,
841 4511 949 4584 nsque
974 4487 1064 4562 labia
1078 4500 1195 4564 nostra
1212 4488 1330 4561 fraeno
1346 4493 1442 4582 ignis.
1495 4488 1573 4560 Non

206 4603 409 4695 obtegantur
436 4602 523 4676 oculi
550 4607 656 4678 nostri
682 4603 829 4677 tenebris
856 4615 890 4676 et
915 4610 1053 4679 tristitia.
1105 4606 1159 4678 Nc
1184 4608 1298 4702 prives
1314 4628 1377 4677 nos
1391 4614 1572 4699 conspectu

205 4717 305 4791 faciei
332 4729 428 4808 tuae,
454 4719 612 4793 Domine:
638 4742 747 4815 neque
773 4720 923 4814 abneges
953 4743 1016 4795 nos
1048 4734 1082 4795 at
1116 4724 1208 4796 dicas
1243 4720 1360 4812 nobis‚
1396 4725 1471 4817 quia
1504 4743 1572 4792 non

205 4838 288 4907 novi
313 4857 396 4927 nos,
422 4836 482 4907 sed
509 4839 670 4931 propitius
697 4848 770 4911 esto
797 4836 910 4911 nobis:
938 4843 1071 4935 suscipe
1097 4861 1217 4936 preces
1244 4849 1279 4912 at
1306 4838 1474 4935 lacrymas
1500 4861 1569 4911 no-

206 4959 303 5025 stras.
355 4951 483 5024 Idcirco
508 4951 663 5025 Ecclesia
690 4964 746 5024 tua
772 4964 886 5028 sancta
913 4955 1110 5052 deprecatur
1137 4967 1188 5047 ts,
1222 4965 1256 5027 at
1289 4978 1351 5052 per
1384 4964 1436 5047 ta,
1471 4964 1571 5051 atque

203 5069 315 5138 tecnni
340 5068 473 5141 Patrem
499 5079 587 5142 tuum
615 5068 739 5143 dicens.
