4525 6034
630 581 689 655 ht)
724 576 937 689 uusuottt
967 577 1230 655 tttoucttu.
1546 581 1621 655 635

191 753 195 774 ’
245 765 276 827 in
299 764 443 830 Oratione
467 764 505 828 de
528 772 608 828 statu
629 764 835 827 Ecclesiarum
857 763 886 824 in
910 762 1038 825 Graecia
1062 769 1093 825 et
1114 762 1201 841 Asia,
1233 784 1293 847 qua
1320 765 1529 829 lucubratione
1550 766 1623 830 nihil

246 864 376 928 sortasse
406 884 536 947 uuquam
562 863 675 946 prodiit
703 863 823 940 salsius,
852 860 1002 924 indoctius
1025 868 1076 923 aut
1098 860 1249 927 inlantius.
1294 864 1335 927 At
1357 883 1396 928 ne
1419 865 1478 927 ulla
1500 865 1621 946 quidem

248 963 365 1028 Graeca
393 964 527 1047 Liturgia
559 971 643 1027 caret
671 963 722 1025 illa
750 959 891 1024 sacrificii
914 964 1210 1041 commemoratione,
1234 981 1323 1044 quam
1346 966 1459 1045 pariter
1479 972 1621 1045 repetunt

245 1063 397 1126 multoties
421 1063 506 1146 Syri,
524 1062 674 1145 Coptitae,
696 1059 876 1141 Aethiopes,
900 1079 1004 1123 omnes
1027 1061 1148 1124 tandem
1171 1062 1342 1125 Orientales
1366 1064 1396 1125 in
1419 1065 1491 1128 suis.
1516 1064 1618 1126 Grae-

246 1182 298 1226 cas
321 1165 545 1226 recentissimas
568 1163 773 1239 arbitrantur,
802 1160 879 1222 adeo
903 1168 935 1220 ut
957 1169 1085 1222 aetatem
1107 1160 1224 1223 illarum
1248 1162 1285 1224 ad
1307 1161 1409 1225 Alexii
1431 1163 1622 1244 lmperatoris

246 1260 375 1326 aetatem
398 1249 523 1325 Rivetus
546 1260 748 1324 revocandam
770 1261 932 1321 censuerit.
962 1260 1075 1322 Verum
1097 1259 1295 1322 Nestorianas
1318 1280 1397 1342 quae
1419 1260 1540 1326 Critieis
1564 1264 1623 1327 illis

247 1364 373 1446 ignotae
397 1361 535 1439 luerunt,
565 1361 709 1444 maiorem
739 1358 854 1440 aliquot
882 1358 1016 1432 saeculis
1046 1359 1251 1439 antiquitatem
1280 1360 1394 1424 habere
1424 1364 1622 1425 certissimum

247 1470 305 1525 ost.
337 1463 381 1525 lta
404 1461 496 1543 longe
518 1469 588 1523 ante
610 1458 803 1542 imaginarias
824 1458 890 1521 illas
903 1457 1053 1540 Epochas,
1077 1477 1151 1539 quas
1175 1460 1413 1522 Protestantibus
1436 1464 1486 1543 qui
1509 1461 1621 1524 similes

248 1571 371 1625 autores
395 1559 531 1624 studiose
555 1561 795 1641 exscripserunt,
818 1558 1003 1620 comminisci
1024 1557 1147 1639 placuit,
1170 1558 1341 1622 Nestoriani
1361 1560 1413 1641 qui
1426 1560 1463 1622 ab
1476 1561 1622 1643 Ephesini

248 1661 375 1725 Concilii
398 1669 544 1743 tempore,
567 1659 677 1722 nullam
701 1677 769 1722 cum
791 1657 975 1720 Orthodoxis
999 1656 1212 1737 Orientalibus
1236 1657 1328 1720 multo
1351 1660 1448 1721 minus
1471 1679 1538 1723 curn
1559 1660 1622 1722 La-

247 1762 317 1824 tinis
339 1761 576 1824 communionem
599 1759 777 1837 babuerunt,
800 1756 966 1820 doctrinam
990 1755 1028 1818 de
1049 1756 1197 1819 sacrificio
1215 1757 1422 1821 Eucharistioo
1446 1757 1620 1821 familiarem
1672 1775 1677 1783 ·

246 1860 414 1938 habebant,
438 1868 470 1922 et
490 1858 574 1940 plebi
596 1859 674 1921 inter
696 1876 852 1920 sacrorum
874 1856 1019 1919 solemnia
1041 1856 1239 1921 inculcabant.
1285 1858 1363 1920 Nihil
1387 1877 1479 1939 porro
1503 1858 1622 1940 simpli-

248 1961 312 2022 cius
336 1967 368 2022 et
391 1959 501 2021 clarius
526 1958 584 2020 boc
606 1958 635 2019 in
658 1965 835 2038 argumento
859 1957 918 2019 dici
940 1963 1077 2037 poterat,
1101 1973 1189 2036 quam
1212 1974 1290 2037 quae
1312 1958 1415 2038 paucis
1438 1956 1496 2020 illis
1519 1958 1620 2020 verbis

249 2060 469 2140 exprimuntur.
515 2056 625 2120 Offerri
649 2056 752 2119 docnt
772 2056 945 2119 Nestoriani
968 2055 1158 2119 Oblationem
1180 2056 1279 2118 vivam
1303 2065 1333 2119 et
1359 2057 1551 2134 rationalem,
1580 2059 1621 2120 ita

249 2160 362 2239 quippe
385 2156 581 2239 rigidiuscule
604 2158 798 2237 interpretari
821 2163 971 2238 praestat,
1001 2173 1089 2235 quam
1117 2155 1306 2219 accuratiore
1329 2163 1360 2219 et
1383 2157 1419 2219 ad
1442 2160 1621 2220 sententiam

247 2258 363 2341 magis,
396 2276 485 2340 quam
515 2256 553 2319 ad
579 2258 645 2337 ipsa
667 2257 761 2319 verba
784 2255 1009 2319 accommodata
1031 2254 1297 2335 interpretatione,
1326 2254 1492 2320 calumniae
1520 2255 1621 2318 locum

249 2359 332 2422 dare.
356 2357 480 2419 hlirihca
494 2357 572 2419 enim
586 2363 634 2418 est
650 2356 833 2418 eruditorum
855 2354 1050 2436 quorumdam
1072 2353 1302 2416 Protestantium
1325 2355 1434 2438 religio
1457 2357 1487 2417 in
1511 2356 1620 2437 linguis

250 2456 453 2520 Orientalibus
476 2455 708 2537 interpretandis
732 2475 772 2517 ex
794 2463 894 2536 etymo
920 2454 1020 2534 aliquo
1044 2451 1205 2531 Hebraico,
1227 2454 1308 2517 nulla
1332 2455 1369 2517 ad
1391 2454 1490 2517 stilum
1508 2453 1621 2518 Eccle-

249 2559 402 2621 siastieum
432 2556 532 2618 habita
559 2556 695 2633 ratione,
724 2572 741 2617 a
764 2573 824 2635 quo
853 2564 951 2617 tamen
973 2570 1083 2615 vocum
1105 2553 1143 2615 ad
1167 2553 1362 2636 'theologiam
1386 2557 1522 2636 ritusque
1544 2573 1621 2636 spe-

248 2659 389 2719 ctantium
411 2655 591 2738 significatio
613 2671 674 2716 non
697 2653 817 2716 aliunde
845 2652 974 2735 petenda
993 2660 1049 2715 est.
1081 2653 1150 2715 Vox
1163 2653 1287 2736 Syriaca
1308 2665 1428 2741 tatutis>
1446 2655 1619 2734 lioarbono,

248 2757 428 2819 oblationem
450 2754 599 2835 significat
606 2773 615 2829 3
638 2761 671 2815 ut
693 2754 781 2815 etiam
803 2753 1015 2832 Sacrificium:
1039 2752 1079 2813 ita
1101 2753 1181 2815 verti
1202 2761 1304 2834 potest
1325 2753 1536 2833 Sacrificium,
1559 2771 1620 2816 non

247 2855 344 2916 minus
373 2871 460 2934 quam
489 2853 619 2916 Oblatio.
665 2851 725 2916 Sed
747 2871 875 2915 necesse
899 2859 1047 2929 nonest,
1079 2870 1147 2914 cum
1169 2870 1231 2915 vox
1252 2864 1372 2921 ttt'tmh
1401 2853 1558 2916 Debahhto
1581 2853 1620 2916 de

246 2973 304 3035 qua
329 2953 506 3036 ambiguitas
529 2951 611 3015 nulla
634 2960 682 3014 est
704 2951 839 3014 Graecae
854 2944 962 3014 docio
987 2951 1183 3031 respondeat,
1207 2953 1358 3016 utstatim
1380 2953 1566 3034 subjiciatur,
1590 2961 1620 3016 et

248 3053 280 3114 in
303 3053 447 3115 Oratione
471 3051 630 3134 prolixiori
652 3056 722 3132 post
745 3054 941 3132 pronunciata
966 3048 1076 3113 Christi
1099 3051 1193 3114 verba
1221 3052 1342 3134 legatur
1372 3051 1495 3113 iterum:
1534 3050 1619 3134 Offe-

245 3153 343 3213 rimas
364 3152 420 3213 tibi
440 3151 630 3231 sacrificium
651 3152 830 3227 hocoioam,
852 3158 998 3230 sanctum,
1022 3151 1223 3230 acceptabile,
1241 3152 1439 3230 praectarum
1461 3159 1491 3212 et
1510 3153 1620 3214 incim-

245 3258 353 3312 eniam.
382 3250 495 3313 Dicunt
517 3268 593 3332 ergo
615 3250 798 3330 Nestoriani,
822 3249 933 3313 offerri
945 3249 1010 3311 Deo
1024 3248 1205 3312 oblationem
1228 3250 1326 3312 rivam
1349 3258 1379 3312 et
1401 3251 1617 3332 rationabilem,

247 3337 377 3434 λογικὴν
399 3351 604 3430 opirintalem,
632 3351 675 3412 ita
703 3350 782 3412 enim
805 3368 867 3412 vox
887 3351 953 3430 ipsa
974 3331 1078 3416 tcS‘Sm
1100 3349 1228 3434 intelligi
1251 3349 1357 3428 debet,
1387 3358 1420 3412 ut
1450 3370 1490 3413 ex
1520 3352 1618 3416 multis

246 3448 398 3512 versionis
416 3447 560 3530 Syriacae
582 3449 658 3512 loeis
681 3449 912 3512 demonstratur.
947 3449 989 3512 ht
1010 3449 1131 3513 Oblatio
1153 3452 1226 3512 oica
1248 3457 1278 3512 et
1300 3451 1469 3529 spiritualis
1489 3449 1618 3533 intelligi

247 3546 305 3610 alia
328 3565 388 3610 non
409 3555 521 3629 potest,
544 3566 631 3629 quam
652 3547 771 3628 Corpus
794 3549 892 3611 vivum
916 3547 1026 3610 Christi
1050 3549 1178 3625 Domini,
1202 3550 1282 3630 quod
1306 3547 1433 3611 offertur
1454 3567 1516 3613 non
1542 3567 1619 3612 sen-

245 3645 388 3725 sibiliter,
418 3647 473 3710 sed
500 3648 707 3729 spiritualiter.
758 3648 884 3710 Victima
906 3650 994 3711 etiam
1017 3666 1076 3710 non
1098 3649 1254 3711 immolato
1275 3648 1398 3728 dicitur,
1427 3650 1497 3730 quia
1519 3650 1618 3711 sacri-

245 3744 344 3807 ficium
366 3747 553 3809 incruentum
576 3755 642 3823 est,
666 3747 778 3828 absque
803 3749 956 3811 occisione
976 3749 1133 3826 victimae,
1157 3766 1235 3830 qaae
1257 3750 1326 3811 viva
1350 3757 1380 3811 et
1402 3750 1520 3831 integra
1543 3767 1618 3830 per-

245 3853 378 3908 severat.
423 3845 539 3908 Dicitur
560 3855 659 3908 autem
681 3845 801 3908 Oblatio
820 3848 1025 3926 primitiaram
1046 3856 1232 3923 nostrarum,
1254 3847 1322 3928 quia
1343 3846 1478 3911 Christus
1502 3849 1619 3929 primo-

246 3945 367 4026 genitus
397 3946 492 4008 omnis
521 3954 694 4024 creaturae,
725 3946 833 4010 obtulit
855 3966 889 4009 se
912 3949 1010 4029 ipsum
1030 3947 1113 4026 Deo,
1142 3965 1199 4029 pro
1221 3947 1319 4010 salute
1341 3948 1459 4010 humani
1481 3949 1616 4030 generis,

245 4063 338 4107 verus
368 4045 475 4122 bomo,
504 4045 590 4109 nobis
619 4066 677 4128 per
705 4049 803 4109 omnia
834 4047 936 4110 similis
965 4046 1077 4124 lactus,
1108 4057 1239 4128 excepto
1268 4056 1405 4130 peccato.
1450 4047 1484 4109 ln
1511 4047 1616 4109 eadem

128 4159 130 4164 ’
246 4145 383 4207 oratione
416 4164 474 4227 per
509 4147 604 4210 verba
632 4147 790 4227 sequentia
819 4146 1013 4210 confirmatur
1042 4148 1152 4209 eximie
1180 4155 1267 4210 vetus
1297 4146 1453 4209 Ecclesiae
1480 4146 1555 4209 fides
1578 4146 1616 4210 de

192 4309 199 4330 Ι
245 4243 432 4307 revelatione
462 4252 492 4308 et
515 4247 747 4308 annunciatione
768 4263 825 4327 per
847 4245 1012 4328 Prophetas
1035 4244 1114 4310 iacta
1136 4247 1274 4310 sacrificii
1297 4246 1492 4329 Evangelia,
1521 4263 1617 4326 prae-

248 4342 336 4405 dicati
359 4362 416 4424 per
426 4344 604 4425 Apostolos,
627 4353 791 4426 martyrum
814 4347 981 4409 testimonio
1004 4346 1181 4425 confirmati,
1204 4347 1442 4429 quotidianoque
1464 4345 1617 4410 Sacerdo-

245 4451 307 4504 tum
329 4443 494 4506 ministerio
519 4444 673 4522 celebrati,
696 4463 713 4506 a
736 4445 858 4522 Levitis,
881 4446 939 4509 boc
954 4453 1000 4508 est
1011 4447 1151 4510 Diaconis
1164 4447 1284 4527 portati,
1308 4447 1377 4527 quia
1399 4445 1617 4509 Eucharistiam

245 4542 427 4605 distribuere
449 4562 554 4606 munus
576 4544 696 4607 illorum
718 4543 783 4623 luit,
807 4553 914 4626 estque
937 4547 1095 4609 etiamnum
1118 4548 1149 4610 in
1170 4546 1326 4627 plerisque
1347 4545 1618 4609 EcclesiisOrien-

245 4642 364 4706 talibus.
410 4643 602 4724 significatur
635 4644 724 4706 etiam
754 4644 881 4707 allectus
913 4645 1114 4722 sacramenti,
1150 4665 1218 4708 cum
1249 4645 1370 4707 dicitu:
1406 4645 1510 4726 populi
1542 4643 1616 4707 illud

246 4743 397 4823 accipiunt
419 4743 456 4804 ad
480 4744 687 4807 remissionem
706 4752 909 4825 peccatorum,
933 4746 1059 4827 ejusque
1082 4744 1194 4808 oblatio
1216 4763 1273 4827 pro
1297 4745 1432 4807 omnibus
1456 4746 1615 4822 creatu-ris,

245 4841 303 4903 hoe
326 4850 373 4905 est
395 4861 451 4923 pro
473 4842 561 4905 bonis
584 4842 798 4925 temporalibus
821 4853 852 4908 et
872 4843 1092 4926 spiritualibus:
1120 4863 1177 4926 pro
1200 4846 1276 4908 vivis
1299 4852 1330 4907 et
1352 4844 1486 4909 momnis.
1530 4844 1615 4918 Quae
1663 4851 1671 4866 ¹

245 4940 285 5001 sit
306 4941 431 5004 intentio
455 4943 612 5006 Ecclesiae
633 4943 833 5006 Nestorianae
856 4943 1037 5008 sulhoienter
1059 4944 1193 5025 explieat
1220 4943 1375 5028 Litargiae
1406 4945 1519 5021 series,
1549 4962 1616 5007 oum

245 5044 390 5103 memoria
413 5041 464 5104 liat
485 5044 623 5105 vivorum
645 5050 677 5106 et
698 5050 894 5121 mortuorum,
916 5045 1130 5107 necessitatum
1143 5044 1339 5126 spiritualium
1352 5052 1383 5107 et
1397 5043 1614 5125 temporalium,

199 5170 204 5178 ’
271 5204 358 5247 cornus
372 5205 398 5247 u.
1347 5188 1397 5262 83
