4525 6034
724 612 1087 691 itstotttt.
1515 614 1590 689 625

215 800 289 872 liter
322 799 511 872 Ecclesiam
548 809 636 872 tuam
669 811 819 874 sanctam
848 800 1013 874 illustrant
1047 799 1206 897 operibus
1241 804 1399 895 justitiae.
1452 801 1497 877 Et
1529 825 1591 901 pro

215 915 379 1005 omnibns,
407 920 462 1012 qui
487 916 688 1013 profundunt
715 918 951 1013 eleemosynas
978 940 1057 992 suas
1093 939 1196 1014 super
1229 942 1406 1015 pauperes.
1459 918 1504 991 Et
1528 944 1591 1016 pro

216 1031 367 1107 omnibus
394 1034 547 1127 Regibus
570 1033 733 1124 fidelibus,
760 1045 794 1105 et
820 1033 1000 1108 stabilitate
1013 1036 1111 1126 regui
1130 1032 1270 1106 illorum.
1323 1034 1368 1106 Et
1392 1040 1592 1130 proomni-

213 1147 277 1220 bus
303 1148 507 1246 principibus
536 1160 569 1222 et
594 1148 818 1246 potentatibus
845 1149 941 1243 hujus
969 1149 1112 1222 saeculi:
1142 1147 1359 1223 obsecramus
1385 1160 1419 1223 te
1446 1154 1591 1225 Domine

215 1275 249 1337 et
276 1265 494 1362 deprecamur
520 1277 566 1355 te,
593 1270 687 1339 utin
714 1266 779 1338 illis
806 1266 982 1339 confirmes
1009 1270 1161 1338 timorem
1188 1277 1298 1353 tuum,
1332 1278 1366 1340 et
1399 1269 1530 1365 plantes
1555 1272 1591 1339 in

214 1380 279 1452 illis
307 1386 483 1457 veritatem
510 1395 609 1469 tuam,
636 1395 671 1456 et
698 1381 855 1476 subjicias
883 1382 946 1455 illis
975 1406 1090 1457 omnes
1117 1381 1281 1457 barbaras
1307 1386 1471 1457 nationes.
1511 1383 1590 1457 Ro-

215 1524 334 1594 gamus
362 1501 565 1573 divinitatem
592 1509 680 1572 tuam
708 1501 860 1588 Domine,
888 1511 923 1572 ut
949 1503 1149 1596 comprimas
1165 1497 1254 1573 bella
1276 1524 1296 1573 a
1322 1501 1440 1575 linibus
1467 1511 1590 1591 terrae,

216 1628 249 1690 et
281 1618 425 1716 dissipes
458 1618 535 1689 inde
570 1627 690 1709 gentes
723 1640 810 1712 qnae
842 1614 963 1689 bellum
991 1615 1125 1705 volunt,
1157 1627 1192 1688 ut
1224 1614 1459 1690 habitationem
1492 1629 1591 1689 han-

217 1735 347 1829 quillam
382 1744 416 1807 et
449 1737 592 1829 quietam
626 1732 829 1825 babeamus,
864 1737 898 1804 in
930 1736 1017 1806 omni
1050 1737 1269 1829 temperantia
1304 1744 1339 1805 et
1369 1738 1489 1808 timore
1514 1734 1592 1804 Dei.

214 1851 260 1924 Et
291 1876 354 1950 pro
384 1831 549 1923 ¹fructibus
584 1861 710 1938 terrae,
743 1852 899 1946 aerisque
932 1852 1111 1944 temperie,
1149 1860 1186 1922 ut
1217 1850 1434 1923 benedicatur
1464 1871 1591 1923 corona

216 1972 293 2040 anni
327 1992 389 2066 per
424 1972 564 2061 gratiam
600 1977 698 2038 tuam.
753 1965 796 2038 Et
828 1989 891 2062 pro
926 1965 991 2036 boo
1029 1965 1108 2039 loco
1149 1974 1183 2038 et
1223 1964 1463 2041 habitatoribus
1504 1970 1590 2058 ejus,

217 2084 436 2181 omnibusque
462 2082 656 2177 regionibns
684 2092 718 2155 et
743 2081 983 2155 habitatoribus
1011 2104 1138 2171 earnm,
1165 2090 1201 2152 ut
1226 2081 1354 2156 illorum
1386 2086 1591 2172 miserearis,

215 2203 280 2274 illis
307 2199 501 2290 benedicas,
528 2198 670 2295 illosque
697 2200 864 2272 custodias
892 2208 926 2271 et
950 2209 1133 2293 protegas,
1165 2221 1228 2294 per
1258 2199 1465 2273 clementiam
1493 2212 1592 2272 tuam.

215 2318 260 2390 Et
285 2341 347 2415 pro
375 2315 526 2389 omnibus
554 2320 608 2411 qui
636 2318 669 2386 in
700 2317 819 2387 itinere
845 2325 921 2388 smrt
946 2318 979 2385 in
1007 2313 1152 2386 maribus
1187 2326 1244 2387 ant
1275 2318 1308 2387 iu
1334 2318 1408 2388 viis.
1460 2315 1505 2387 Et
1528 2339 1592 2412 pro

217 2435 371 2508 omnibus
398 2435 452 2528 qui
479 2444 555 2504 sunt
580 2435 614 2503 in
628 2430 781 2519 vinculis,
808 2434 840 2502 in
862 2435 1037 2523 angustiis,
1065 2440 1099 2503 et
1115 2431 1414 2525 persecutionibus,
1442 2455 1593 2529 oppres-

216 2551 368 2625 sionibus
396 2561 429 2623 et
456 2546 644 2622 tumultibus
672 2558 810 2643 propter
835 2569 957 2619 nomen
985 2555 1084 2619 tunm
1137 2546 1181 2617 Et
1206 2569 1268 2643 pro
1297 2547 1449 2623 omnibus
1477 2552 1593 2644 quiin

217 2668 353 2740 exilium
380 2668 492 2758 ejecti,
520 2675 553 2737 et
581 2667 635 2761 qui
661 2668 694 2736 in
721 2661 987 2736 tribulationibus
1014 2672 1048 2735 et
1075 2663 1267 2736 carceribus
1303 2669 1336 2738 in
1369 2665 1495 2738 insulas
1529 2688 1592 2737 re-

216 2797 326 2856 motas
362 2782 403 2854 ad
439 2791 633 2878 perpetuum
666 2781 860 2877 supplicium
893 2783 1034 2875 projecti
1068 2788 1161 2853 sunt:
1198 2792 1254 2853 ant
1296 2781 1399 2855 durae
1440 2784 1594 2856 servituti

218 2900 349 2973 addicti.
401 2899 446 2970 Et
477 2920 538 2993 pro
575 2896 726 2969 omnibus
757 2895 916 2970 iratribus
950 2899 1073 2970 nostris
1110 2899 1165 2991 qui
1202 2909 1278 2970 sunt
1314 2902 1348 2970 in
1382 2903 1592 2996 captivitate:

216 3021 426 3114 petimusque
453 3039 473 3086 a
499 3026 533 3086 te
559 3014 725 3103 Domine,
752 3022 787 3085 ut
813 3011 953 3104 adjuves
989 3015 1087 3084 etiam
1122 3035 1240 3086 omnes
1274 3017 1329 3109 qui
1361 3013 1531 3087 doloribus
1560 3026 1594 3088 et

219 3134 309 3206 duris
333 3130 572 3202 infirmitatibus
595 3138 773 3202 vexantur.
800 3131 1031 3225 Deprecamur
1053 3151 1186 3225 quoque
1208 3131 1471 3204 misericordiam
1489 3141 1592 3218 tuam,

217 3250 374 3336 Domine,
401 3251 629 3343 pergratiam
657 3256 757 3331 tuam,
783 3268 846 3341 pro
875 3243 1027 3317 omnibus
1053 3247 1194 3316 inimicis
1221 3250 1356 3335 nostris,
1385 3259 1419 3320 et
1445 3248 1507 3321 illis
1537 3252 1592 3344 qni

219 3365 361 3436 oderunt
386 3385 468 3436 nos:
496 3373 530 3435 et
555 3385 617 3460 pro
654 3360 805 3435 omnibus
840 3364 895 3457 qui
930 3365 1079 3453 cogitant
1111 3360 1275 3435 adversus
1301 3386 1365 3436 nos
1393 3363 1497 3436 mala:
1525 3386 1593 3437 non

219 3486 253 3554 in
276 3481 431 3575 judicium
458 3504 568 3575 neque
594 3480 853 3570 invindictam,
887 3479 1030 3551 Domine
1055 3478 1149 3548 Dens
1175 3476 1290 3567 fortis,
1325 3478 1386 3553 sed
1414 3480 1456 3552 ad
1483 3484 1591 3553 mise-

218 3601 367 3671 rationes
395 3608 428 3670 et
455 3597 607 3686 salutem,
635 3604 733 3691 atque
761 3596 802 3666 ad
835 3596 1064 3667 remissionem
1091 3604 1326 3691 peccatorum,
1360 3599 1436 3691 quia
1470 3600 1523 3669 vis
1558 3606 1595 3670 ut

220 3738 336 3788 omnes
363 3713 513 3786 homines
539 3718 656 3786 vivant
683 3724 717 3784 et
743 3721 981 3784 convertantur
1013 3710 1054 3783 ad
1091 3713 1294 3803 agnitionem
1327 3717 1488 3786 veritatis.
1542 3714 1594 3786 Tu

220 3836 307 3903 enim
334 3833 535 3927 praecepisti
567 3829 664 3902 nobis
698 3852 759 3925 per
785 3828 903 3900 Filium
937 3837 1024 3899 tuum
1059 3827 1213 3900 dilectum
1239 3826 1414 3900 Dominum
1442 3839 1593 3903 nostrum

219 3949 333 4020 lesum
363 3947 549 4037 Christum,
577 3958 612 4019 ut
638 3969 812 4020 oraremus
845 3968 907 4040 pro
935 3946 1074 4015 inimicis
1101 3947 1244 4033 nostris,
1278 3954 1313 4015 et
1344 3966 1406 4040 pro
1437 3947 1501 4018 illis
1539 3948 1593 4040 qui

221 4064 361 4135 oderunt
386 4086 459 4151 nos,
488 4075 522 4136 et
549 4087 611 4160 pro
639 4063 703 4136 illis
731 4066 785 4158 qui
811 4060 910 4134 nobis
937 4064 1100 4156 imperant
1125 4058 1290 4132 violenter
1317 4073 1350 4133 et
1375 4064 1505 4153 injuste.

326 4180 454 4251 Canon.
506 4181 611 4273 lgitur
645 4180 808 4268 Domine,
847 4175 1001 4272 quidquid
1045 4187 1201 4270 tanquam
1243 4175 1393 4250 homines
1434 4176 1593 4250 mortales

221 4299 458 4387 commisimus
485 4306 519 4368 et
545 4299 772 4391 peccavimus,
799 4295 908 4380 solve,
936 4293 1080 4380 dimitte,
1108 4291 1205 4364 auier
1231 4302 1265 4364 et
1295 4316 1398 4390 parce
1432 4304 1466 4364 tu
1492 4292 1592 4382 bone,

221 4418 276 4509 qui
302 4437 363 4509 per
389 4412 650 4485 misericordiam
683 4422 771 4483 tuam
803 4409 972 4504 gubernas
1000 4412 1128 4496 omnia,
1166 4419 1201 4480 ut
1234 4432 1308 4480 cum
1343 4411 1524 4483 concordia
1552 4409 1593 4481 ad

220 4552 283 4602 nos
311 4534 468 4618 invicem,
495 4528 680 4601 referamus
707 4528 766 4600 tibi
791 4527 936 4616 laudem,
962 4525 1136 4613 bonorem,
1163 4528 1343 4617 gratiarum
1371 4530 1536 4599 actionem
1561 4537 1594 4598 et
1690 4511 1695 4516 ⁵

222 4648 462 4736 adorationem,
488 4669 576 4718 nuuc
603 4658 637 4719 et
663 4668 808 4742 semper,
836 4647 928 4716 etin
955 4642 1090 4716 saecula
1113 4642 1332 4715 saeculorum.

325 4762 501 4833 Sacerdos
526 4767 639 4856 sigum
664 4786 702 4834 se
728 4765 844 4855 ipsum.
875 4761 957 4832 Tmo
982 4759 1162 4831 Diaconos
1186 4759 1279 4829 dicit.
1318 4758 1448 4831 Levate
1476 4759 1593 4832 oculos

222 4891 358 4953 vestros
384 4882 417 4949 in
445 4880 584 4954 excelsa
612 4878 774 4968 sublimia,
802 4889 836 4950 et
862 4878 999 4973 aspicite
1026 4873 1190 4947 mentibus
1218 4875 1367 4947 cordium
1384 4886 1593 4948 vestrorum:

222 5009 342 5092 rogate
370 5000 469 5069 etiam
496 5009 530 5070 et
555 4999 777 5094 deprecamini
812 4993 975 5067 Christum
1008 4993 1213 5069 saluatorem
1239 5003 1403 5080 nostrum,
1438 5001 1474 5064 ut
1504 5013 1594 5087 per-
