<?xml version="1.0" encoding="UTF-8"?>
<!DOCTYPE html PUBLIC "-//W3C//DTD XHTML 1.0 Transitional//EN"
    "http://www.w3.org/TR/xhtml1/DTD/xhtml1-transitional.dtd">
<html xmlns="http://www.w3.org/1999/xhtml" xml:lang="en" lang="en">
 <head>
  <title>
</title>
<meta http-equiv="Content-Type" content="text/html;charset=utf-8" />
  <meta name='ocr-system' content='tesseract 3.04.00' />
  <meta name='ocr-capabilities' content='ocr_page ocr_carea ocr_par ocr_line ocrx_word'/>
</head>
<body>
  <div class='ocr_page' id='page_1' title='image "./liturgiarumorie00unkngoog/liturgiarumorie00unkngoog_0997.png"; bbox 0 0 4525 6034; ppageno 0'>
   <div class='ocr_carea' id='block_1_1' title="bbox 518 608 1636 689">
    <p class='ocr_par' dir='ltr' id='par_1_1' title="bbox 518 608 1636 689">
     <span class='ocr_line' id='line_1_1' title="bbox 518 608 1636 689; baseline -0.002 -1"><span class='ocrx_word' id='word_1_1' title='bbox 518 608 695 689; x_wconf 82' lang='lat' dir='ltr'><strong>olosoont</strong></span> <span class='ocrx_word' id='word_1_2' title='bbox 719 608 982 688; x_wconf 71' lang='lat' dir='ltr'><strong>intumulata</strong></span> <span class='ocrx_word' id='word_1_3' title='bbox 1007 609 1300 689; x_wconf 62' lang='lat' dir='ltr'><strong>ommutuit·</strong></span> <span class='ocrx_word' id='word_1_4' title='bbox 1500 613 1577 687; x_wconf 82' lang='grc'><strong>287</strong></span> <span class='ocrx_word' id='word_1_5' title='bbox 1633 633 1636 644; x_wconf 84' lang='lat'><em>·</em></span> 
     </span>
    </p>
   </div>
   <div class='ocr_carea' id='block_1_2' title="bbox 125 795 1581 2756">
    <p class='ocr_par' dir='ltr' id='par_1_2' title="bbox 317 795 1508 898">
     <span class='ocr_line' id='line_1_2' title="bbox 317 795 1508 898; baseline 0.002 -29"><span class='ocrx_word' id='word_1_6' title='bbox 317 795 478 891; x_wconf 75' lang='lat' dir='ltr'><strong>Papulae.</strong></span> <span class='ocrx_word' id='word_1_7' title='bbox 530 800 676 892; x_wconf 90' lang='lat' dir='ltr'><strong>Dignum</strong></span> <span class='ocrx_word' id='word_1_8' title='bbox 702 809 737 870; x_wconf 88' lang='lat' dir='ltr'><strong>et</strong></span> <span class='ocrx_word' id='word_1_9' title='bbox 758 800 883 889; x_wconf 80' lang='lat' dir='ltr'><strong>justtrm</strong></span> <span class='ocrx_word' id='word_1_10' title='bbox 908 807 970 871; x_wconf 90' lang='lat' dir='ltr'><strong>est.</strong></span> <span class='ocrx_word' id='word_1_11' title='bbox 1502 882 1508 898; x_wconf 74' lang='lat'><strong>,</strong></span> 
     </span>
    </p>

    <p class='ocr_par' dir='ltr' id='par_1_3' title="bbox 212 913 1581 1476">
     <span class='ocr_line' id='line_1_3' title="bbox 316 913 1579 1007; baseline 0.002 -21"><span class='ocrx_word' id='word_1_12' title='bbox 316 914 492 987; x_wconf 81' lang='lat' dir='ltr'><strong>Sacerdos</strong></span> <span class='ocrx_word' id='word_1_13' title='bbox 516 914 707 986; x_wconf 77' lang='lat' dir='ltr'><strong>inclinatos.</strong></span> <span class='ocrx_word' id='word_1_14' title='bbox 759 913 851 985; x_wconf 89' lang='lat' dir='ltr'><strong>Vere</strong></span> <span class='ocrx_word' id='word_1_15' title='bbox 877 913 1011 1007; x_wconf 87' lang='lat' dir='ltr'><strong>dignum</strong></span> <span class='ocrx_word' id='word_1_16' title='bbox 1038 926 1090 987; x_wconf 89' lang='lat' dir='ltr'><strong>cst</strong></span> <span class='ocrx_word' id='word_1_17' title='bbox 1115 923 1150 987; x_wconf 93' lang='lat' dir='ltr'><strong>et</strong></span> <span class='ocrx_word' id='word_1_18' title='bbox 1178 938 1198 986; x_wconf 89' lang='lat' dir='ltr'><strong>a</strong></span> <span class='ocrx_word' id='word_1_19' title='bbox 1224 914 1322 988; x_wconf 92' lang='lat' dir='ltr'><strong>nohis</strong></span> <span class='ocrx_word' id='word_1_20' title='bbox 1350 914 1494 992; x_wconf 89' lang='lat' dir='ltr'><strong>debitum</strong></span> <span class='ocrx_word' id='word_1_21' title='bbox 1521 926 1579 989; x_wconf 89' lang='lat' dir='ltr'><strong>at-</strong></span> 
     </span>
     <span class='ocr_line' id='line_1_4' title="bbox 216 1028 1579 1127; baseline 0.002 -24"><span class='ocrx_word' id='word_1_22' title='bbox 216 1054 279 1127; x_wconf 82' lang='lat' dir='ltr'><strong>que</strong></span> <span class='ocrx_word' id='word_1_23' title='bbox 307 1029 348 1103; x_wconf 89' lang='lat' dir='ltr'><strong>ab</strong></span> <span class='ocrx_word' id='word_1_24' title='bbox 377 1034 466 1103; x_wconf 91' lang='lat' dir='ltr'><strong>omni</strong></span> <span class='ocrx_word' id='word_1_25' title='bbox 491 1041 655 1118; x_wconf 89' lang='lat' dir='ltr'><strong>creatura,</strong></span> <span class='ocrx_word' id='word_1_26' title='bbox 682 1038 718 1102; x_wconf 91' lang='lat' dir='ltr'><strong>ut</strong></span> <span class='ocrx_word' id='word_1_27' title='bbox 744 1040 776 1102; x_wconf 87' lang='lat' dir='ltr'><strong>ta</strong></span> <span class='ocrx_word' id='word_1_28' title='bbox 791 1028 1002 1119; x_wconf 73' lang='lat' dir='ltr'><strong>honoremus,</strong></span> <span class='ocrx_word' id='word_1_29' title='bbox 1030 1030 1218 1117; x_wconf 90' lang='lat' dir='ltr'><strong>adoremus,</strong></span> <span class='ocrx_word' id='word_1_30' title='bbox 1246 1031 1472 1121; x_wconf 90' lang='lat' dir='ltr'><strong>conliteamur,</strong></span> <span class='ocrx_word' id='word_1_31' title='bbox 1499 1034 1579 1106; x_wconf 91' lang='lat' dir='ltr'><strong>lau-</strong></span> 
     </span>
     <span class='ocr_line' id='line_1_5' title="bbox 215 1145 1579 1243; baseline 0.001 -24"><span class='ocrx_word' id='word_1_32' title='bbox 215 1147 342 1237; x_wconf 85' lang='lat' dir='ltr'><strong>demus,</strong></span> <span class='ocrx_word' id='word_1_33' title='bbox 368 1156 403 1219; x_wconf 88' lang='lat' dir='ltr'><strong>et</strong></span> <span class='ocrx_word' id='word_1_34' title='bbox 428 1146 613 1221; x_wconf 76' lang='lat' dir='ltr'><strong>exaltemus</strong></span> <span class='ocrx_word' id='word_1_35' title='bbox 641 1157 686 1236; x_wconf 85' lang='lat' dir='ltr'><strong>te,</strong></span> <span class='ocrx_word' id='word_1_36' title='bbox 713 1149 767 1241; x_wconf 91' lang='lat' dir='ltr'><strong>qui</strong></span> <span class='ocrx_word' id='word_1_37' title='bbox 795 1171 815 1219; x_wconf 96' lang='lat' dir='ltr'><strong>a</strong></span> <span class='ocrx_word' id='word_1_38' title='bbox 841 1145 954 1220; x_wconf 91' lang='lat' dir='ltr'><strong>militia</strong></span> <span class='ocrx_word' id='word_1_39' title='bbox 981 1169 1125 1243; x_wconf 88' lang='lat' dir='ltr'><strong>superna</strong></span> <span class='ocrx_word' id='word_1_40' title='bbox 1152 1146 1362 1221; x_wconf 85' lang='lat' dir='ltr'><strong>benediceris</strong></span> <span class='ocrx_word' id='word_1_41' title='bbox 1389 1161 1424 1221; x_wconf 91' lang='lat' dir='ltr'><strong>et</strong></span> <span class='ocrx_word' id='word_1_42' title='bbox 1448 1152 1579 1222; x_wconf 90' lang='lat' dir='ltr'><strong>sancti-</strong></span> 
     </span>
     <span class='ocr_line' id='line_1_6' title="bbox 213 1260 1581 1360; baseline 0 -26"><span class='ocrx_word' id='word_1_43' title='bbox 213 1262 346 1352; x_wconf 76' lang='lat' dir='ltr'><strong>hauns,</strong></span> <span class='ocrx_word' id='word_1_44' title='bbox 380 1266 435 1335; x_wconf 91' lang='lat' dir='ltr'><strong>cui</strong></span> <span class='ocrx_word' id='word_1_45' title='bbox 467 1260 607 1335; x_wconf 90' lang='lat' dir='ltr'><strong>debetur</strong></span> <span class='ocrx_word' id='word_1_46' title='bbox 641 1263 769 1355; x_wconf 86' lang='lat' dir='ltr'><strong>gloria,</strong></span> <span class='ocrx_word' id='word_1_47' title='bbox 800 1260 926 1351; x_wconf 88' lang='lat' dir='ltr'><strong>honor,</strong></span> <span class='ocrx_word' id='word_1_48' title='bbox 961 1272 996 1334; x_wconf 86' lang='lat' dir='ltr'><strong>et</strong></span> <span class='ocrx_word' id='word_1_49' title='bbox 1027 1262 1197 1350; x_wconf 89' lang='lat' dir='ltr'><strong>adoratio,</strong></span> <span class='ocrx_word' id='word_1_50' title='bbox 1231 1288 1251 1336; x_wconf 93' lang='lat' dir='ltr'><strong>a</strong></span> <span class='ocrx_word' id='word_1_51' title='bbox 1287 1262 1513 1360; x_wconf 91' lang='lat' dir='ltr'><strong>superioribus</strong></span> <span class='ocrx_word' id='word_1_52' title='bbox 1546 1271 1581 1334; x_wconf 87' lang='lat' dir='ltr'><strong>et</strong></span> 
     </span>
     <span class='ocr_line' id='line_1_7' title="bbox 212 1373 1505 1476; baseline 0.001 -26"><span class='ocrx_word' id='word_1_53' title='bbox 212 1377 438 1470; x_wconf 83' lang='lat' dir='ltr'><strong>inferioribus,</strong></span> <span class='ocrx_word' id='word_1_54' title='bbox 465 1402 539 1452; x_wconf 89' lang='lat' dir='ltr'><strong>cum</strong></span> <span class='ocrx_word' id='word_1_55' title='bbox 565 1377 651 1451; x_wconf 90' lang='lat' dir='ltr'><strong>Filio</strong></span> <span class='ocrx_word' id='word_1_56' title='bbox 678 1382 734 1474; x_wconf 84' lang='lat' dir='ltr'><strong>qui</strong></span> <span class='ocrx_word' id='word_1_57' title='bbox 761 1401 807 1450; x_wconf 82' lang='lat' dir='ltr'><strong>ex</strong></span> <span class='ocrx_word' id='word_1_58' title='bbox 833 1381 967 1474; x_wconf 84' lang='lat' dir='ltr'><strong>teipso</strong></span> <span class='ocrx_word' id='word_1_59' title='bbox 994 1388 1057 1467; x_wconf 89' lang='lat' dir='ltr'><strong>est,</strong></span> <span class='ocrx_word' id='word_1_60' title='bbox 1084 1390 1118 1451; x_wconf 90' lang='lat' dir='ltr'><strong>et</strong></span> <span class='ocrx_word' id='word_1_61' title='bbox 1144 1378 1269 1476; x_wconf 80' lang='lat' dir='ltr'>Spiritu</span> <span class='ocrx_word' id='word_1_62' title='bbox 1294 1373 1351 1453; x_wconf 88' lang='lat' dir='ltr'><strong>tuo</strong></span> <span class='ocrx_word' id='word_1_63' title='bbox 1378 1390 1505 1453; x_wconf 89' lang='lat' dir='ltr'><strong>sancto.</strong></span> 
     </span>
    </p>

    <p class='ocr_par' dir='ltr' id='par_1_4' title="bbox 125 1492 1581 2756">
     <span class='ocr_line' id='line_1_8' title="bbox 317 1492 1578 1571; baseline 0.002 -5"><span class='ocrx_word' id='word_1_64' title='bbox 317 1495 468 1567; x_wconf 77' lang='lat' dir='ltr'><strong>Eleoucs</strong></span> <span class='ocrx_word' id='word_1_65' title='bbox 492 1517 618 1566; x_wconf 76' lang='lat' dir='ltr'><strong>cocae.</strong></span> <span class='ocrx_word' id='word_1_66' title='bbox 671 1492 795 1567; x_wconf 84' lang='lat' dir='ltr'><strong>Coram</strong></span> <span class='ocrx_word' id='word_1_67' title='bbox 822 1505 857 1567; x_wconf 89' lang='lat' dir='ltr'><strong>te</strong></span> <span class='ocrx_word' id='word_1_68' title='bbox 888 1497 1031 1567; x_wconf 89' lang='lat' dir='ltr'><strong>Domine</strong></span> <span class='ocrx_word' id='word_1_69' title='bbox 1057 1505 1146 1567; x_wconf 90' lang='lat' dir='ltr'><strong>stant</strong></span> <span class='ocrx_word' id='word_1_70' title='bbox 1179 1506 1213 1567; x_wconf 90' lang='lat' dir='ltr'><strong>ct</strong></span> <span class='ocrx_word' id='word_1_71' title='bbox 1243 1500 1428 1571; x_wconf 89' lang='lat' dir='ltr'><strong>ministrant</strong></span> <span class='ocrx_word' id='word_1_72' title='bbox 1462 1517 1578 1568; x_wconf 88' lang='lat' dir='ltr'><strong>omnes</strong></span> 
     </span>
     <span class='ocr_line' id='line_1_9' title="bbox 213 1610 1578 1707; baseline -0.002 -22"><span class='ocrx_word' id='word_1_73' title='bbox 213 1612 350 1685; x_wconf 83' lang='lat' dir='ltr'><strong>ordines</strong></span> <span class='ocrx_word' id='word_1_74' title='bbox 385 1614 536 1706; x_wconf 87' lang='lat' dir='ltr'><strong>superni,</strong></span> <span class='ocrx_word' id='word_1_75' title='bbox 571 1613 657 1703; x_wconf 89' lang='lat' dir='ltr'><strong>ignis</strong></span> <span class='ocrx_word' id='word_1_76' title='bbox 692 1619 727 1682; x_wconf 86' lang='lat' dir='ltr'><strong>et</strong></span> <span class='ocrx_word' id='word_1_77' title='bbox 761 1613 912 1706; x_wconf 87' lang='lat' dir='ltr'><strong>spiritus,</strong></span> <span class='ocrx_word' id='word_1_78' title='bbox 948 1614 1002 1707; x_wconf 89' lang='lat' dir='ltr'><strong>qui</strong></span> <span class='ocrx_word' id='word_1_79' title='bbox 1033 1610 1163 1703; x_wconf 89' lang='lat' dir='ltr'><strong>gloriae</strong></span> <span class='ocrx_word' id='word_1_80' title='bbox 1197 1622 1275 1685; x_wconf 90' lang='lat' dir='ltr'><strong>tuac</strong></span> <span class='ocrx_word' id='word_1_81' title='bbox 1310 1613 1450 1705; x_wconf 90' lang='lat' dir='ltr'><strong>subjecti</strong></span> <span class='ocrx_word' id='word_1_82' title='bbox 1484 1622 1578 1684; x_wconf 90' lang='lat' dir='ltr'><strong>sunt:</strong></span> 
     </span>
     <span class='ocr_line' id='line_1_10' title="bbox 212 1727 1579 1824; baseline -0.003 -22"><span class='ocrx_word' id='word_1_83' title='bbox 212 1727 339 1820; x_wconf 88' lang='lat' dir='ltr'><strong>Angeh</strong></span> <span class='ocrx_word' id='word_1_84' title='bbox 367 1730 421 1824; x_wconf 85' lang='lat' dir='ltr'><strong>qui</strong></span> <span class='ocrx_word' id='word_1_85' title='bbox 446 1727 641 1820; x_wconf 84' lang='lat' dir='ltr'><strong>glorificant,</strong></span> <span class='ocrx_word' id='word_1_86' title='bbox 667 1727 870 1820; x_wconf 82' lang='lat' dir='ltr'><strong>Archangeli</strong></span> <span class='ocrx_word' id='word_1_87' title='bbox 897 1730 951 1822; x_wconf 88' lang='lat' dir='ltr'><strong>qni</strong></span> <span class='ocrx_word' id='word_1_88' title='bbox 977 1727 1121 1815; x_wconf 87' lang='lat' dir='ltr'><strong>laudant,</strong></span> <span class='ocrx_word' id='word_1_89' title='bbox 1149 1728 1338 1802; x_wconf 87' lang='lat' dir='ltr'><strong>Potestates</strong></span> <span class='ocrx_word' id='word_1_90' title='bbox 1359 1752 1445 1824; x_wconf 92' lang='lat' dir='ltr'><strong>quae</strong></span> <span class='ocrx_word' id='word_1_91' title='bbox 1459 1728 1579 1824; x_wconf 90' lang='lat' dir='ltr'><strong>splen-</strong></span> 
     </span>
     <span class='ocr_line' id='line_1_11' title="bbox 214 1841 1579 1941; baseline -0.004 -24"><span class='ocrx_word' id='word_1_92' title='bbox 214 1844 292 1917; x_wconf 86' lang='lat' dir='ltr'><strong>dide</strong></span> <span class='ocrx_word' id='word_1_93' title='bbox 317 1843 452 1937; x_wconf 78' lang='lat' dir='ltr'><strong>fulgent,</strong></span> <span class='ocrx_word' id='word_1_94' title='bbox 480 1843 604 1917; x_wconf 85' lang='lat' dir='ltr'><strong>Throni</strong></span> <span class='ocrx_word' id='word_1_95' title='bbox 631 1847 686 1939; x_wconf 91' lang='lat' dir='ltr'><strong>qui</strong></span> <span class='ocrx_word' id='word_1_96' title='bbox 708 1844 861 1937; x_wconf 86' lang='lat' dir='ltr'><strong>jubilant,</strong></span> <span class='ocrx_word' id='word_1_97' title='bbox 885 1847 1138 1919; x_wconf 90' lang='lat' dir='ltr'><strong>Dominationcs</strong></span> <span class='ocrx_word' id='word_1_98' title='bbox 1166 1869 1253 1941; x_wconf 84' lang='lat' dir='ltr'><strong>quae</strong></span> <span class='ocrx_word' id='word_1_99' title='bbox 1285 1843 1466 1932; x_wconf 84' lang='lat' dir='ltr'><strong>extollunt,</strong></span> <span class='ocrx_word' id='word_1_100' title='bbox 1492 1841 1579 1913; x_wconf 88' lang='lat' dir='ltr'><strong>Vir-</strong></span> 
     </span>
     <span class='ocr_line' id='line_1_12' title="bbox 213 1958 1580 2056; baseline -0.004 -23"><span class='ocrx_word' id='word_1_101' title='bbox 213 1971 302 2033; x_wconf 80' lang='lat' dir='ltr'><strong>tutes</strong></span> <span class='ocrx_word' id='word_1_102' title='bbox 338 1982 424 2056; x_wconf 88' lang='lat' dir='ltr'><strong>quae</strong></span> <span class='ocrx_word' id='word_1_103' title='bbox 454 1959 643 2050; x_wconf 88' lang='lat' dir='ltr'><strong>celebrant,</strong></span> <span class='ocrx_word' id='word_1_104' title='bbox 678 1958 856 2033; x_wconf 77' lang='lat' dir='ltr'><strong>Cherubim</strong></span> <span class='ocrx_word' id='word_1_105' title='bbox 890 1960 1063 2049; x_wconf 86' lang='lat' dir='ltr'><strong>submissi,</strong></span> <span class='ocrx_word' id='word_1_106' title='bbox 1097 1963 1151 2056; x_wconf 88' lang='lat' dir='ltr'><strong>qui</strong></span> <span class='ocrx_word' id='word_1_107' title='bbox 1186 1961 1384 2034; x_wconf 91' lang='lat' dir='ltr'><strong>benedicunt</strong></span> <span class='ocrx_word' id='word_1_108' title='bbox 1417 1968 1580 2030; x_wconf 91' lang='lat' dir='ltr'><strong>concentu</strong></span> 
     </span>
     <span class='ocr_line' id='line_1_13' title="bbox 212 2074 1579 2173; baseline -0.004 -22"><span class='ocrx_word' id='word_1_109' title='bbox 212 2078 419 2151; x_wconf 88' lang='lat' dir='ltr'><strong>indilicienti:</strong></span> <span class='ocrx_word' id='word_1_110' title='bbox 452 2076 625 2173; x_wconf 81' lang='lat' dir='ltr'><strong>Seraphim</strong></span> <span class='ocrx_word' id='word_1_111' title='bbox 659 2081 765 2150; x_wconf 89' lang='lat' dir='ltr'><strong>sancti</strong></span> <span class='ocrx_word' id='word_1_112' title='bbox 792 2080 845 2172; x_wconf 86' lang='lat' dir='ltr'><strong>qui</strong></span> <span class='ocrx_word' id='word_1_113' title='bbox 877 2076 938 2148; x_wconf 88' lang='lat' dir='ltr'><strong>alis</strong></span> <span class='ocrx_word' id='word_1_114' title='bbox 965 2100 1029 2150; x_wconf 84' lang='lat' dir='ltr'><strong>sex</strong></span> <span class='ocrx_word' id='word_1_115' title='bbox 1059 2080 1168 2169; x_wconf 83' lang='lat' dir='ltr'><strong>igneis</strong></span> <span class='ocrx_word' id='word_1_116' title='bbox 1203 2074 1472 2150; x_wconf 75' lang='lat' dir='ltr'><strong>immaterialibus</strong></span> <span class='ocrx_word' id='word_1_117' title='bbox 1507 2077 1579 2145; x_wconf 93' lang='lat' dir='ltr'><strong>cir-</strong></span> 
     </span>
     <span class='ocr_line' id='line_1_14' title="bbox 214 2190 1580 2290; baseline -0.004 -22"><span class='ocrx_word' id='word_1_118' title='bbox 214 2195 400 2280; x_wconf 89' lang='lat' dir='ltr'><strong>cumvecti,</strong></span> <span class='ocrx_word' id='word_1_119' title='bbox 436 2200 470 2264; x_wconf 88' lang='lat' dir='ltr'><strong>ct</strong></span> <span class='ocrx_word' id='word_1_120' title='bbox 499 2192 675 2282; x_wconf 86' lang='lat' dir='ltr'><strong>volantes,</strong></span> <span class='ocrx_word' id='word_1_121' title='bbox 707 2192 833 2266; x_wconf 87' lang='lat' dir='ltr'><strong>duabus</strong></span> <span class='ocrx_word' id='word_1_122' title='bbox 866 2192 972 2266; x_wconf 88' lang='lat' dir='ltr'><strong>iacies</strong></span> <span class='ocrx_word' id='word_1_123' title='bbox 1005 2216 1083 2266; x_wconf 91' lang='lat' dir='ltr'><strong>suas</strong></span> <span class='ocrx_word' id='word_1_124' title='bbox 1118 2204 1251 2287; x_wconf 88' lang='lat' dir='ltr'><strong>tegunt,</strong></span> <span class='ocrx_word' id='word_1_125' title='bbox 1284 2216 1367 2290; x_wconf 89' lang='lat' dir='ltr'><strong>prae</strong></span> <span class='ocrx_word' id='word_1_126' title='bbox 1402 2190 1580 2288; x_wconf 87' lang='lat' dir='ltr'><strong>splendore</strong></span> 
     </span>
     <span class='ocr_line' id='line_1_15' title="bbox 212 2309 1579 2407; baseline -0.001 -23"><span class='ocrx_word' id='word_1_127' title='bbox 212 2314 345 2385; x_wconf 82' lang='lat' dir='ltr'><strong>virtutis</strong></span> <span class='ocrx_word' id='word_1_128' title='bbox 371 2314 554 2403; x_wconf 88' lang='lat' dir='ltr'><strong>majestatis</strong></span> <span class='ocrx_word' id='word_1_129' title='bbox 588 2321 683 2382; x_wconf 89' lang='lat' dir='ltr'><strong>tuac:</strong></span> <span class='ocrx_word' id='word_1_130' title='bbox 712 2309 839 2383; x_wconf 90' lang='lat' dir='ltr'><strong>duabus</strong></span> <span class='ocrx_word' id='word_1_131' title='bbox 872 2320 988 2403; x_wconf 85' lang='lat' dir='ltr'><strong>tegunt</strong></span> <span class='ocrx_word' id='word_1_132' title='bbox 1021 2310 1125 2407; x_wconf 89' lang='lat' dir='ltr'><strong>pedes</strong></span> <span class='ocrx_word' id='word_1_133' title='bbox 1163 2333 1244 2384; x_wconf 90' lang='lat' dir='ltr'><strong>suos</strong></span> <span class='ocrx_word' id='word_1_134' title='bbox 1276 2333 1320 2383; x_wconf 92' lang='lat' dir='ltr'><strong>ne</strong></span> <span class='ocrx_word' id='word_1_135' title='bbox 1353 2313 1464 2402; x_wconf 87' lang='lat' dir='ltr'><strong>ignitis</strong></span> <span class='ocrx_word' id='word_1_136' title='bbox 1496 2332 1579 2382; x_wconf 92' lang='lat' dir='ltr'><strong>car-</strong></span> 
     </span>
     <span class='ocr_line' id='line_1_16' title="bbox 212 2424 1579 2523; baseline 0 -22"><span class='ocrx_word' id='word_1_137' title='bbox 212 2427 358 2501; x_wconf 91' lang='lat' dir='ltr'><strong>bonibus</strong></span> <span class='ocrx_word' id='word_1_138' title='bbox 385 2430 448 2499; x_wconf 90' lang='lat' dir='ltr'><strong>tuis</strong></span> <span class='ocrx_word' id='word_1_139' title='bbox 476 2426 671 2516; x_wconf 89' lang='lat' dir='ltr'><strong>adurantur,</strong></span> <span class='ocrx_word' id='word_1_140' title='bbox 698 2435 733 2498; x_wconf 90' lang='lat' dir='ltr'><strong>et</strong></span> <span class='ocrx_word' id='word_1_141' title='bbox 758 2424 885 2500; x_wconf 89' lang='lat' dir='ltr'><strong>duabus</strong></span> <span class='ocrx_word' id='word_1_142' title='bbox 910 2426 1047 2517; x_wconf 85' lang='lat' dir='ltr'><strong>volant,</strong></span> <span class='ocrx_word' id='word_1_143' title='bbox 1081 2426 1309 2523; x_wconf 85' lang='lat' dir='ltr'><strong>extolluntque</strong></span> <span class='ocrx_word' id='word_1_144' title='bbox 1343 2427 1439 2501; x_wconf 90' lang='lat' dir='ltr'><strong>simul</strong></span> <span class='ocrx_word' id='word_1_145' title='bbox 1471 2450 1579 2502; x_wconf 87' lang='lat' dir='ltr'><strong>voces</strong></span> 
     </span>
     <span class='ocr_line' id='line_1_17' title="bbox 213 2542 1581 2640; baseline -0.003 -22"><span class='ocrx_word' id='word_1_146' title='bbox 213 2566 313 2632; x_wconf 91' lang='lat' dir='ltr'><strong>suas,</strong></span> <span class='ocrx_word' id='word_1_147' title='bbox 340 2555 374 2615; x_wconf 91' lang='lat' dir='ltr'><strong>et</strong></span> <span class='ocrx_word' id='word_1_148' title='bbox 399 2543 542 2615; x_wconf 92' lang='lat' dir='ltr'><strong>clamant</strong></span> <span class='ocrx_word' id='word_1_149' title='bbox 567 2543 651 2615; x_wconf 89' lang='lat' dir='ltr'><strong>alter</strong></span> <span class='ocrx_word' id='word_1_150' title='bbox 676 2542 719 2613; x_wconf 91' lang='lat' dir='ltr'><strong>ad</strong></span> <span class='ocrx_word' id='word_1_151' title='bbox 746 2542 884 2614; x_wconf 90' lang='lat' dir='ltr'><strong>alterum</strong></span> <span class='ocrx_word' id='word_1_152' title='bbox 916 2546 1008 2616; x_wconf 89' lang='lat' dir='ltr'><strong>trinis</strong></span> <span class='ocrx_word' id='word_1_153' title='bbox 1040 2542 1373 2632; x_wconf 85' lang='lat' dir='ltr'><strong>sanctificationibus,</strong></span> <span class='ocrx_word' id='word_1_154' title='bbox 1405 2542 1581 2640; x_wconf 87' lang='lat' dir='ltr'><strong>quaesibi</strong></span> 
     </span>
     <span class='ocr_line' id='line_1_18' title="bbox 125 2658 1580 2756; baseline -0.001 -23"><span class='ocrx_word' id='word_1_155' title='bbox 125 2680 127 2683; x_wconf 87' lang='grc'><strong><em>·</em></strong></span> <span class='ocrx_word' id='word_1_156' title='bbox 212 2663 361 2734; x_wconf 85' lang='lat' dir='ltr'><strong>invicem</strong></span> <span class='ocrx_word' id='word_1_157' title='bbox 387 2658 579 2748; x_wconf 86' lang='lat' dir='ltr'><strong>succedunt,</strong></span> <span class='ocrx_word' id='word_1_158' title='bbox 606 2667 641 2731; x_wconf 88' lang='lat' dir='ltr'><strong>ct</strong></span> <span class='ocrx_word' id='word_1_159' title='bbox 665 2660 807 2733; x_wconf 86' lang='lat' dir='ltr'><strong>vocibus</strong></span> <span class='ocrx_word' id='word_1_160' title='bbox 823 2658 1070 2756; x_wconf 84' lang='lat' dir='ltr'><strong>triumphalibus</strong></span> <span class='ocrx_word' id='word_1_161' title='bbox 1084 2659 1302 2750; x_wconf 84' lang='lat' dir='ltr'><strong>sanctificant,</strong></span> <span class='ocrx_word' id='word_1_162' title='bbox 1328 2661 1482 2751; x_wconf 85' lang='lat' dir='ltr'><strong>clamant,</strong></span> <span class='ocrx_word' id='word_1_163' title='bbox 1508 2683 1580 2732; x_wconf 90' lang='lat' dir='ltr'><strong>vo-</strong></span> 
     </span>
    </p>
   </div>
   <div class='ocr_carea' id='block_1_3' title="bbox 97 2774 612 2867">
    <p class='ocr_par' dir='ltr' id='par_1_5' title="bbox 97 2774 612 2867">
     <span class='ocr_line' id='line_1_19' title="bbox 97 2774 612 2867; baseline -0.012 -15"><span class='ocrx_word' id='word_1_164' title='bbox 97 2832 105 2840; x_wconf 79' lang='lat'><strong>·</strong></span> <span class='ocrx_word' id='word_1_165' title='bbox 214 2776 407 2867; x_wconf 79' lang='lat' dir='ltr'><strong>ciferantur,</strong></span> <span class='ocrx_word' id='word_1_166' title='bbox 433 2787 467 2847; x_wconf 86' lang='lat' dir='ltr'><strong>et</strong></span> <span class='ocrx_word' id='word_1_167' title='bbox 492 2774 612 2847; x_wconf 91' lang='lat' dir='ltr'><strong>dicunt.</strong></span> 
     </span>
    </p>
   </div>
   <div class='ocr_carea' id='block_1_4' title="bbox 123 2893 1584 5200">
    <p class='ocr_par' dir='ltr' id='par_1_6' title="bbox 319 2893 652 2986">
     <span class='ocr_line' id='line_1_20' title="bbox 319 2893 652 2986; baseline -0.006 -22"><span class='ocrx_word' id='word_1_168' title='bbox 319 2893 480 2986; x_wconf 82' lang='lat' dir='ltr'><strong>Populea</strong></span> <span class='ocrx_word' id='word_1_169' title='bbox 532 2894 652 2964; x_wconf 88' lang='lat' dir='ltr'><strong>Amen.</strong></span> 
     </span>
    </p>

    <p class='ocr_par' dir='ltr' id='par_1_7' title="bbox 214 3006 1582 4245">
     <span class='ocr_line' id='line_1_21' title="bbox 318 3006 1580 3102; baseline 0.002 -22"><span class='ocrx_word' id='word_1_170' title='bbox 318 3009 502 3081; x_wconf 79' lang='lat' dir='ltr'><strong>Sacerdos.</strong></span> <span class='ocrx_word' id='word_1_171' title='bbox 554 3007 696 3080; x_wconf 83' lang='lat' dir='ltr'><strong>Sanctus</strong></span> <span class='ocrx_word' id='word_1_172' title='bbox 722 3006 814 3080; x_wconf 90' lang='lat' dir='ltr'><strong>Deus</strong></span> <span class='ocrx_word' id='word_1_173' title='bbox 840 3009 943 3081; x_wconf 88' lang='lat' dir='ltr'><strong>Pater</strong></span> <span class='ocrx_word' id='word_1_174' title='bbox 969 3012 1101 3102; x_wconf 91' lang='lat' dir='ltr'><strong>genitor</strong></span> <span class='ocrx_word' id='word_1_175' title='bbox 1125 3010 1209 3082; x_wconf 92' lang='lat' dir='ltr'><strong>lucis</strong></span> <span class='ocrx_word' id='word_1_176' title='bbox 1237 3021 1410 3083; x_wconf 89' lang='lat' dir='ltr'><strong>aeternae:</strong></span> <span class='ocrx_word' id='word_1_177' title='bbox 1437 3010 1580 3083; x_wconf 87' lang='lat' dir='ltr'><strong>Sanctus</strong></span> 
     </span>
     <span class='ocr_line' id='line_1_22' title="bbox 215 3123 1580 3220; baseline -0.002 -21"><span class='ocrx_word' id='word_1_178' title='bbox 215 3130 315 3199; x_wconf 88' lang='lat' dir='ltr'><strong>etiam</strong></span> <span class='ocrx_word' id='word_1_179' title='bbox 342 3125 446 3199; x_wconf 85' lang='lat' dir='ltr'><strong>Filius</strong></span> <span class='ocrx_word' id='word_1_180' title='bbox 474 3136 629 3218; x_wconf 74' lang='lat' dir='ltr'><strong>aeternus</strong></span> <span class='ocrx_word' id='word_1_181' title='bbox 656 3127 711 3220; x_wconf 86' lang='lat' dir='ltr'><strong>qui</strong></span> <span class='ocrx_word' id='word_1_182' title='bbox 738 3147 783 3195; x_wconf 86' lang='lat' dir='ltr'><strong>ex</strong></span> <span class='ocrx_word' id='word_1_183' title='bbox 809 3129 881 3197; x_wconf 90' lang='lat' dir='ltr'><strong>sinn</strong></span> <span class='ocrx_word' id='word_1_184' title='bbox 908 3123 1063 3217; x_wconf 86' lang='lat' dir='ltr'><strong>virginah</strong></span> <span class='ocrx_word' id='word_1_185' title='bbox 1099 3137 1232 3218; x_wconf 87' lang='lat' dir='ltr'><strong>sancte,</strong></span> <span class='ocrx_word' id='word_1_186' title='bbox 1268 3135 1302 3197; x_wconf 88' lang='lat' dir='ltr'><strong>ct</strong></span> <span class='ocrx_word' id='word_1_187' title='bbox 1335 3123 1580 3220; x_wconf 91' lang='lat' dir='ltr'><strong>impassibiliter</strong></span> 
     </span>
     <span class='ocr_line' id='line_1_23' title="bbox 214 3239 1580 3338; baseline -0.001 -23"><span class='ocrx_word' id='word_1_188' title='bbox 214 3254 314 3316; x_wconf 89' lang='lat' dir='ltr'><strong>natus</strong></span> <span class='ocrx_word' id='word_1_189' title='bbox 346 3254 413 3315; x_wconf 88' lang='lat' dir='ltr'><strong>est:</strong></span> <span class='ocrx_word' id='word_1_190' title='bbox 447 3241 590 3314; x_wconf 91' lang='lat' dir='ltr'><strong>Sanctus</strong></span> <span class='ocrx_word' id='word_1_191' title='bbox 616 3242 709 3314; x_wconf 86' lang='lat' dir='ltr'><strong>Deus</strong></span> <span class='ocrx_word' id='word_1_192' title='bbox 737 3239 880 3336; x_wconf 90' lang='lat' dir='ltr'><strong>Spiritus</strong></span> <span class='ocrx_word' id='word_1_193' title='bbox 915 3240 1107 3330; x_wconf 82' lang='lat' dir='ltr'><strong>vivificans,</strong></span> <span class='ocrx_word' id='word_1_194' title='bbox 1144 3246 1200 3338; x_wconf 84' lang='lat' dir='ltr'><strong>qui</strong></span> <span class='ocrx_word' id='word_1_195' title='bbox 1233 3253 1368 3315; x_wconf 89' lang='lat' dir='ltr'><strong>sanctos</strong></span> <span class='ocrx_word' id='word_1_196' title='bbox 1405 3245 1580 3314; x_wconf 75' lang='lat' dir='ltr'><strong>sanctitate</strong></span> 
     </span>
     <span class='ocr_line' id='line_1_24' title="bbox 215 3356 1581 3456; baseline -0.001 -25"><span class='ocrx_word' id='word_1_197' title='bbox 215 3358 346 3456; x_wconf 85' lang='lat' dir='ltr'><strong>perlicit</strong></span> <span class='ocrx_word' id='word_1_198' title='bbox 380 3368 414 3430; x_wconf 91' lang='lat' dir='ltr'><strong>ct</strong></span> <span class='ocrx_word' id='word_1_199' title='bbox 447 3368 666 3430; x_wconf 89' lang='lat' dir='ltr'><strong>consummat:</strong></span> <span class='ocrx_word' id='word_1_200' title='bbox 703 3359 757 3452; x_wconf 88' lang='lat' dir='ltr'><strong>qui</strong></span> <span class='ocrx_word' id='word_1_201' title='bbox 785 3367 836 3429; x_wconf 93' lang='lat' dir='ltr'><strong>ter</strong></span> <span class='ocrx_word' id='word_1_202' title='bbox 863 3367 897 3429; x_wconf 92' lang='lat' dir='ltr'><strong>et</strong></span> <span class='ocrx_word' id='word_1_203' title='bbox 922 3360 1035 3445; x_wconf 85' lang='lat' dir='ltr'><strong>unice,</strong></span> <span class='ocrx_word' id='word_1_204' title='bbox 1063 3366 1162 3453; x_wconf 88' lang='lat' dir='ltr'><strong>atquc</strong></span> <span class='ocrx_word' id='word_1_205' title='bbox 1188 3356 1470 3454; x_wconf 87' lang='lat' dir='ltr'><strong>inseparabiliter,</strong></span> <span class='ocrx_word' id='word_1_206' title='bbox 1497 3378 1581 3429; x_wconf 90' lang='lat' dir='ltr'><strong>unus</strong></span> 
     </span>
     <span class='ocr_line' id='line_1_25' title="bbox 216 3471 1582 3566; baseline -0.001 -20"><span class='ocrx_word' id='word_1_207' title='bbox 216 3474 260 3547; x_wconf 90' lang='lat' dir='ltr'><strong>ah</strong></span> <span class='ocrx_word' id='word_1_208' title='bbox 286 3478 445 3547; x_wconf 87' lang='lat' dir='ltr'><strong>universo</strong></span> <span class='ocrx_word' id='word_1_209' title='bbox 472 3471 556 3546; x_wconf 91' lang='lat' dir='ltr'><strong>orbe</strong></span> <span class='ocrx_word' id='word_1_210' title='bbox 583 3478 793 3566; x_wconf 85' lang='lat' dir='ltr'><strong>agnoscitur,</strong></span> <span class='ocrx_word' id='word_1_211' title='bbox 827 3486 861 3547; x_wconf 89' lang='lat' dir='ltr'><strong>et</strong></span> <span class='ocrx_word' id='word_1_212' title='bbox 885 3495 970 3546; x_wconf 90' lang='lat' dir='ltr'><strong>unus</strong></span> <span class='ocrx_word' id='word_1_213' title='bbox 1004 3478 1038 3546; x_wconf 89' lang='lat' dir='ltr'><strong>iu</strong></span> <span class='ocrx_word' id='word_1_214' title='bbox 1071 3474 1174 3547; x_wconf 90' lang='lat' dir='ltr'><strong>trihus</strong></span> <span class='ocrx_word' id='word_1_215' title='bbox 1205 3478 1362 3547; x_wconf 83' lang='lat' dir='ltr'><strong>noscitur.</strong></span> <span class='ocrx_word' id='word_1_216' title='bbox 1416 3472 1582 3559; x_wconf 77' lang='lat' dir='ltr'><strong>Quicum</strong></span> 
     </span>
     <span class='ocr_line' id='line_1_26' title="bbox 216 3588 1581 3687; baseline -0.003 -24"><span class='ocrx_word' id='word_1_217' title='bbox 216 3612 326 3684; x_wconf 89' lang='lat' dir='ltr'><strong>genus</strong></span> <span class='ocrx_word' id='word_1_218' title='bbox 352 3601 499 3663; x_wconf 93' lang='lat' dir='ltr'><strong>nostrum</strong></span> <span class='ocrx_word' id='word_1_219' title='bbox 525 3589 665 3662; x_wconf 85' lang='lat' dir='ltr'><strong>vidisset</strong></span> <span class='ocrx_word' id='word_1_220' title='bbox 689 3590 867 3686; x_wconf 90' lang='lat' dir='ltr'><strong>perditum,</strong></span> <span class='ocrx_word' id='word_1_221' title='bbox 895 3600 929 3662; x_wconf 86' lang='lat' dir='ltr'><strong>ct</strong></span> <span class='ocrx_word' id='word_1_222' title='bbox 955 3614 975 3662; x_wconf 96' lang='lat' dir='ltr'><strong>a</strong></span> <span class='ocrx_word' id='word_1_223' title='bbox 1001 3588 1108 3664; x_wconf 89' lang='lat' dir='ltr'><strong>bestia</strong></span> <span class='ocrx_word' id='word_1_224' title='bbox 1136 3591 1221 3663; x_wconf 91' lang='lat' dir='ltr'><strong>mala</strong></span> <span class='ocrx_word' id='word_1_225' title='bbox 1248 3590 1407 3687; x_wconf 90' lang='lat' dir='ltr'><strong>spirituali</strong></span> <span class='ocrx_word' id='word_1_226' title='bbox 1433 3589 1581 3686; x_wconf 88' lang='lat' dir='ltr'><strong>deprae-</strong></span> 
     </span>
     <span class='ocr_line' id='line_1_27' title="bbox 218 3704 1581 3804; baseline -0.002 -25"><span class='ocrx_word' id='word_1_227' title='bbox 218 3708 343 3796; x_wconf 86' lang='lat' dir='ltr'><strong>datum,</strong></span> <span class='ocrx_word' id='word_1_228' title='bbox 370 3709 572 3798; x_wconf 88' lang='lat' dir='ltr'><strong>unigenitum</strong></span> <span class='ocrx_word' id='word_1_229' title='bbox 595 3706 702 3778; x_wconf 88' lang='lat' dir='ltr'><strong>Deum</strong></span> <span class='ocrx_word' id='word_1_230' title='bbox 728 3708 815 3779; x_wconf 91' lang='lat' dir='ltr'><strong>misit</strong></span> <span class='ocrx_word' id='word_1_231' title='bbox 841 3704 884 3777; x_wconf 91' lang='lat' dir='ltr'><strong>ad</strong></span> <span class='ocrx_word' id='word_1_232' title='bbox 901 3706 1038 3779; x_wconf 87' lang='lat' dir='ltr'><strong>salutem</strong></span> <span class='ocrx_word' id='word_1_233' title='bbox 1052 3710 1144 3798; x_wconf 87' lang='lat' dir='ltr'><strong>ejus:</strong></span> <span class='ocrx_word' id='word_1_234' title='bbox 1172 3708 1433 3804; x_wconf 61' lang='lat' dir='ltr'><strong>quiex&#39;fipiritu</strong></span> <span class='ocrx_word' id='word_1_235' title='bbox 1452 3716 1581 3795; x_wconf 87' lang='lat' dir='ltr'><strong>sancto,</strong></span> 
     </span>
     <span class='ocr_line' id='line_1_28' title="bbox 217 3815 1581 3917; baseline -0.002 -21"><span class='ocrx_word' id='word_1_236' title='bbox 217 3833 253 3896; x_wconf 86' lang='lat' dir='ltr'><strong>et</strong></span> <span class='ocrx_word' id='word_1_237' title='bbox 278 3822 420 3914; x_wconf 89' lang='lat' dir='ltr'><strong>Virgine</strong></span> <span class='ocrx_word' id='word_1_238' title='bbox 446 3825 634 3893; x_wconf 89' lang='lat' dir='ltr'><strong>incarnatus</strong></span> <span class='ocrx_word' id='word_1_239' title='bbox 662 3831 696 3893; x_wconf 90' lang='lat' dir='ltr'><strong>et</strong></span> <span class='ocrx_word' id='word_1_240' title='bbox 720 3832 815 3893; x_wconf 90' lang='lat' dir='ltr'><strong>natus</strong></span> <span class='ocrx_word' id='word_1_241' title='bbox 843 3831 906 3910; x_wconf 87' lang='lat' dir='ltr'><strong>est,</strong></span> <span class='ocrx_word' id='word_1_242' title='bbox 937 3815 951 3854; x_wconf 81' lang='lat'><strong>²</strong></span> <span class='ocrx_word' id='word_1_243' title='bbox 977 3825 1148 3894; x_wconf 84' lang='lat' dir='ltr'><strong>nativitate</strong></span> <span class='ocrx_word' id='word_1_244' title='bbox 1174 3821 1298 3894; x_wconf 90' lang='lat' dir='ltr'><strong>carnali</strong></span> <span class='ocrx_word' id='word_1_245' title='bbox 1323 3834 1356 3895; x_wconf 93' lang='lat' dir='ltr'><strong>et</strong></span> <span class='ocrx_word' id='word_1_246' title='bbox 1382 3844 1449 3895; x_wconf 93' lang='lat' dir='ltr'><strong>non</strong></span> <span class='ocrx_word' id='word_1_247' title='bbox 1472 3820 1581 3917; x_wconf 93' lang='lat' dir='ltr'><strong>phan-</strong></span> 
     </span>
     <span class='ocr_line' id='line_1_29' title="bbox 217 3936 1582 4034; baseline -0.002 -23"><span class='ocrx_word' id='word_1_248' title='bbox 217 3942 354 4028; x_wconf 89' lang='lat' dir='ltr'><strong>tastica,</strong></span> <span class='ocrx_word' id='word_1_249' title='bbox 381 3940 554 4033; x_wconf 84' lang='lat' dir='ltr'><strong>extititque</strong></span> <span class='ocrx_word' id='word_1_250' title='bbox 580 3937 729 4033; x_wconf 87' lang='lat' dir='ltr'><strong>perfecte</strong></span> <span class='ocrx_word' id='word_1_251' title='bbox 761 3936 864 4009; x_wconf 88' lang='lat' dir='ltr'><strong>Filius</strong></span> <span class='ocrx_word' id='word_1_252' title='bbox 896 3937 1052 4026; x_wconf 86' lang='lat' dir='ltr'><strong>hominis,</strong></span> <span class='ocrx_word' id='word_1_253' title='bbox 1086 3938 1179 4012; x_wconf 88' lang='lat' dir='ltr'><strong>Deus</strong></span> <span class='ocrx_word' id='word_1_254' title='bbox 1206 3943 1332 4012; x_wconf 83' lang='lat' dir='ltr'><strong>interea</strong></span> <span class='ocrx_word' id='word_1_255' title='bbox 1360 3938 1487 4034; x_wconf 90' lang='lat' dir='ltr'><strong>absque</strong></span> <span class='ocrx_word' id='word_1_256' title='bbox 1513 3941 1582 4008; x_wconf 89' lang='lat' dir='ltr'><strong>im-</strong></span> 
     </span>
     <span class='ocr_line' id='line_1_30' title="bbox 217 4053 1581 4153; baseline -0.004 -25"><span class='ocrx_word' id='word_1_257' title='bbox 217 4059 399 4128; x_wconf 87' lang='lat' dir='ltr'><strong>mutatione</strong></span> <span class='ocrx_word' id='word_1_258' title='bbox 424 4076 637 4150; x_wconf 83' lang='lat' dir='ltr'><strong>permanens,</strong></span> <span class='ocrx_word' id='word_1_259' title='bbox 665 4056 775 4127; x_wconf 91' lang='lat' dir='ltr'><strong>ornnia</strong></span> <span class='ocrx_word' id='word_1_260' title='bbox 801 4053 843 4125; x_wconf 93' lang='lat' dir='ltr'><strong>ad</strong></span> <span class='ocrx_word' id='word_1_261' title='bbox 871 4054 1010 4127; x_wconf 87' lang='lat' dir='ltr'><strong>salutem</strong></span> <span class='ocrx_word' id='word_1_262' title='bbox 1042 4065 1190 4128; x_wconf 89' lang='lat' dir='ltr'><strong>nostram</strong></span> <span class='ocrx_word' id='word_1_263' title='bbox 1224 4054 1402 4153; x_wconf 91' lang='lat' dir='ltr'><strong>disponens</strong></span> <span class='ocrx_word' id='word_1_264' title='bbox 1436 4065 1470 4126; x_wconf 93' lang='lat' dir='ltr'><strong>et</strong></span> <span class='ocrx_word' id='word_1_265' title='bbox 1495 4074 1581 4150; x_wconf 87' lang='lat' dir='ltr'><strong>per-</strong></span> 
     </span>
     <span class='ocr_line' id='line_1_31' title="bbox 217 4172 343 4245; baseline -0.016 -1"><span class='ocrx_word' id='word_1_266' title='bbox 217 4172 343 4245; x_wconf 84' lang='lat' dir='ltr'><strong>ficiens.</strong></span> 
     </span>
    </p>

    <p class='ocr_par' dir='ltr' id='par_1_8' title="bbox 123 4286 1584 5200">
     <span class='ocr_line' id='line_1_32' title="bbox 322 4286 1582 4373; baseline 0 -14"><span class='ocrx_word' id='word_1_267' title='bbox 322 4287 473 4359; x_wconf 83' lang='lat' dir='ltr'><strong>Elecocc</strong></span> <span class='ocrx_word' id='word_1_268' title='bbox 504 4309 630 4358; x_wconf 83' lang='lat' dir='ltr'><strong>uocem.</strong></span> <span class='ocrx_word' id='word_1_269' title='bbox 684 4286 748 4372; x_wconf 78' lang='lat' dir='ltr'><strong>out</strong></span> <span class='ocrx_word' id='word_1_270' title='bbox 788 4308 862 4358; x_wconf 92' lang='lat' dir='ltr'><strong>cum</strong></span> <span class='ocrx_word' id='word_1_271' title='bbox 897 4287 942 4357; x_wconf 91' lang='lat' dir='ltr'><strong>ita</strong></span> <span class='ocrx_word' id='word_1_272' title='bbox 974 4286 1156 4373; x_wconf 87' lang='lat' dir='ltr'><strong>voluisset,</strong></span> <span class='ocrx_word' id='word_1_273' title='bbox 1189 4288 1369 4361; x_wconf 87' lang='lat' dir='ltr'><strong>secuudum</strong></span> <span class='ocrx_word' id='word_1_274' title='bbox 1403 4287 1582 4361; x_wconf 89' lang='lat' dir='ltr'><strong>salutarem</strong></span> 
     </span>
     <span class='ocr_line' id='line_1_33' title="bbox 218 4396 1582 4500; baseline -0.002 -23"><span class='ocrx_word' id='word_1_275' title='bbox 218 4425 314 4477; x_wconf 88' lang='lat' dir='ltr'><strong>suam</strong></span> <span class='ocrx_word' id='word_1_276' title='bbox 347 4403 648 4499; x_wconf 85' lang='lat' dir='ltr'><strong>dispensationem,</strong></span> <span class='ocrx_word' id='word_1_277' title='bbox 691 4409 768 4473; x_wconf 92' lang='lat' dir='ltr'><strong>ante</strong></span> <span class='ocrx_word' id='word_1_278' title='bbox 801 4404 991 4498; x_wconf 86' lang='lat' dir='ltr'><strong>passionem</strong></span> <span class='ocrx_word' id='word_1_279' title='bbox 1025 4424 1119 4475; x_wconf 90' lang='lat' dir='ltr'><strong>suam</strong></span> <span class='ocrx_word' id='word_1_280' title='bbox 1154 4404 1321 4476; x_wconf 84' lang='lat' dir='ltr'><strong>vivificam</strong></span> <span class='ocrx_word' id='word_1_281' title='bbox 1360 4396 1374 4438; x_wconf 80' lang='lat'>³</span> <span class='ocrx_word' id='word_1_282' title='bbox 1409 4414 1582 4500; x_wconf 91' lang='lat' dir='ltr'><strong>postquam</strong></span> 
     </span>
     <span class='ocr_line' id='line_1_34' title="bbox 218 4517 1582 4617; baseline -0.002 -24"><span class='ocrx_word' id='word_1_283' title='bbox 218 4518 317 4593; x_wconf 90' lang='lat' dir='ltr'><strong>simul</strong></span> <span class='ocrx_word' id='word_1_284' title='bbox 342 4542 417 4591; x_wconf 89' lang='lat' dir='ltr'><strong>cum</strong></span> <span class='ocrx_word' id='word_1_285' title='bbox 444 4517 610 4614; x_wconf 90' lang='lat' dir='ltr'><strong>discipulis</strong></span> <span class='ocrx_word' id='word_1_286' title='bbox 637 4519 706 4590; x_wconf 89' lang='lat' dir='ltr'><strong>suis</strong></span> <span class='ocrx_word' id='word_1_287' title='bbox 734 4540 856 4610; x_wconf 89' lang='lat' dir='ltr'><strong>agnum</strong></span> <span class='ocrx_word' id='word_1_288' title='bbox 881 4517 969 4590; x_wconf 92' lang='lat' dir='ltr'><strong>illum</strong></span> <span class='ocrx_word' id='word_1_289' title='bbox 996 4519 1181 4592; x_wconf 87' lang='lat' dir='ltr'><strong>Mosaicum</strong></span> <span class='ocrx_word' id='word_1_290' title='bbox 1210 4520 1360 4617; x_wconf 89' lang='lat' dir='ltr'><strong>epulatus</strong></span> <span class='ocrx_word' id='word_1_291' title='bbox 1387 4528 1490 4606; x_wconf 87' lang='lat' dir='ltr'><strong>essct,</strong></span> <span class='ocrx_word' id='word_1_292' title='bbox 1516 4542 1582 4590; x_wconf 89' lang='lat' dir='ltr'><strong>ac-</strong></span> 
     </span>
     <span class='ocr_line' id='line_1_35' title="bbox 218 4632 1582 4736; baseline 0 -31"><span class='ocrx_word' id='word_1_293' title='bbox 218 4638 309 4730; x_wconf 89' lang='lat' dir='ltr'><strong>cepit</strong></span> <span class='ocrx_word' id='word_1_294' title='bbox 342 4656 461 4730; x_wconf 90' lang='lat' dir='ltr'><strong>panem</strong></span> <span class='ocrx_word' id='word_1_295' title='bbox 496 4638 587 4706; x_wconf 86' lang='lat' dir='ltr'><strong>vitae</strong></span> <span class='ocrx_word' id='word_1_296' title='bbox 619 4637 653 4705; x_wconf 92' lang='lat' dir='ltr'><strong>in</strong></span> <span class='ocrx_word' id='word_1_297' title='bbox 679 4655 794 4707; x_wconf 89' lang='lat' dir='ltr'><strong>manus</strong></span> <span class='ocrx_word' id='word_1_298' title='bbox 822 4655 900 4706; x_wconf 88' lang='lat' dir='ltr'><strong>snas</strong></span> <span class='ocrx_word' id='word_1_299' title='bbox 932 4656 1033 4736; x_wconf 82' lang='lat' dir='ltr'><strong>puras</strong></span> <span class='ocrx_word' id='word_1_300' title='bbox 1060 4645 1093 4706; x_wconf 90' lang='lat' dir='ltr'><strong>et</strong></span> <span class='ocrx_word' id='word_1_301' title='bbox 1125 4636 1369 4723; x_wconf 88' lang='lat' dir='ltr'><strong>immaculatas,</strong></span> <span class='ocrx_word' id='word_1_302' title='bbox 1410 4641 1432 4717; x_wconf 79' lang='lat' dir='ltr'><strong>t</strong></span> <span class='ocrx_word' id='word_1_303' title='bbox 1470 4632 1582 4706; x_wconf 88' lang='lat' dir='ltr'><strong>bene-</strong></span> 
     </span>
     <span class='ocr_line' id='line_1_36' title="bbox 219 4749 1583 4845; baseline 0 -24"><span class='ocrx_word' id='word_1_304' title='bbox 219 4750 363 4825; x_wconf 87' lang='lat' dir='ltr'><strong>dictione</strong></span> <span class='ocrx_word' id='word_1_305' title='bbox 388 4749 570 4841; x_wconf 79' lang='lat' dir='ltr'><strong>benedixit,</strong></span> <span class='ocrx_word' id='word_1_306' title='bbox 597 4757 618 4833; x_wconf 92' lang='lat'>†</span> <span class='ocrx_word' id='word_1_307' title='bbox 645 4758 678 4821; x_wconf 93' lang='lat' dir='ltr'><strong>et</strong></span> <span class='ocrx_word' id='word_1_308' title='bbox 704 4750 921 4823; x_wconf 83' lang='lat' dir='ltr'><strong>sanctificavit</strong></span> <span class='ocrx_word' id='word_1_309' title='bbox 954 4757 975 4833; x_wconf 94' lang='lat'>†</span> <span class='ocrx_word' id='word_1_310' title='bbox 1003 4773 1096 4839; x_wconf 87' lang='lat' dir='ltr'><strong>cum,</strong></span> <span class='ocrx_word' id='word_1_311' title='bbox 1123 4750 1225 4845; x_wconf 79' lang='lat' dir='ltr'><strong>fregit</strong></span> <span class='ocrx_word' id='word_1_312' title='bbox 1249 4764 1284 4826; x_wconf 92' lang='lat' dir='ltr'><strong>et</strong></span> <span class='ocrx_word' id='word_1_313' title='bbox 1309 4750 1440 4824; x_wconf 88' lang='lat' dir='ltr'><strong>tradidit</strong></span> <span class='ocrx_word' id='word_1_314' title='bbox 1466 4753 1583 4823; x_wconf 89' lang='lat' dir='ltr'><strong>socie-</strong></span> 
     </span>
     <span class='ocr_line' id='line_1_37' title="bbox 217 4865 1582 4969; baseline -0.001 -32"><span class='ocrx_word' id='word_1_315' title='bbox 217 4869 277 4938; x_wconf 89' lang='lat' dir='ltr'><strong>tati</strong></span> <span class='ocrx_word' id='word_1_316' title='bbox 303 4866 521 4962; x_wconf 83' lang='lat' dir='ltr'><strong>Apostohcae</strong></span> <span class='ocrx_word' id='word_1_317' title='bbox 549 4866 686 4940; x_wconf 85' lang='lat' dir='ltr'><strong>dicens:</strong></span> <span class='ocrx_word' id='word_1_318' title='bbox 713 4865 880 4963; x_wconf 82' lang='lat' dir='ltr'><strong>Accipite,</strong></span> <span class='ocrx_word' id='word_1_319' title='bbox 905 4867 1118 4939; x_wconf 86' lang='lat' dir='ltr'><strong>manducata:</strong></span> <span class='ocrx_word' id='word_1_320' title='bbox 1154 4867 1258 4969; x_wconf 49' lang='lat' dir='ltr'><strong>Verex</strong></span> <span class='ocrx_word' id='word_1_321' title='bbox 1275 4867 1340 4943; x_wconf 91' lang='lat' dir='ltr'><strong>huc</strong></span> <span class='ocrx_word' id='word_1_322' title='bbox 1372 4876 1425 4940; x_wconf 88' lang='lat' dir='ltr'><strong>est</strong></span> <span class='ocrx_word' id='word_1_323' title='bbox 1459 4887 1582 4961; x_wconf 90' lang='lat' dir='ltr'><strong>corpus</strong></span> 
     </span>
     <span class='ocr_line' id='line_1_38' title="bbox 218 4980 1584 5080; baseline 0.001 -26"><span class='ocrx_word' id='word_1_324' title='bbox 218 5005 346 5073; x_wconf 89' lang='lat' dir='ltr'><strong>meum,</strong></span> <span class='ocrx_word' id='word_1_325' title='bbox 381 4983 469 5078; x_wconf 81' lang='lat' dir='ltr'><strong>quod</strong></span> <span class='ocrx_word' id='word_1_326' title='bbox 494 5006 555 5080; x_wconf 95' lang='lat' dir='ltr'><strong>pro</strong></span> <span class='ocrx_word' id='word_1_327' title='bbox 582 4981 694 5054; x_wconf 91' lang='lat' dir='ltr'><strong>mundi</strong></span> <span class='ocrx_word' id='word_1_328' title='bbox 720 4984 790 5055; x_wconf 89' lang='lat' dir='ltr'><strong>vita</strong></span> <span class='ocrx_word' id='word_1_329' title='bbox 823 4980 988 5076; x_wconf 87' lang='lat' dir='ltr'><strong>frangitur</strong></span> <span class='ocrx_word' id='word_1_330' title='bbox 1022 4993 1057 5055; x_wconf 88' lang='lat' dir='ltr'><strong>et</strong></span> <span class='ocrx_word' id='word_1_331' title='bbox 1083 4983 1254 5076; x_wconf 89' lang='lat' dir='ltr'><strong>dividitur,</strong></span> <span class='ocrx_word' id='word_1_332' title='bbox 1286 4989 1320 5057; x_wconf 92' lang='lat' dir='ltr'><strong>in</strong></span> <span class='ocrx_word' id='word_1_333' title='bbox 1354 4985 1584 5059; x_wconf 89' lang='lat' dir='ltr'><strong>remissionem</strong></span> 
     </span>
     <span class='ocr_line' id='line_1_39' title="bbox 123 5099 837 5200; baseline 0.003 -31"><span class='ocrx_word' id='word_1_334' title='bbox 123 5197 125 5200; x_wconf 13' lang='grc' dir='ltr'><strong><em>ι</em></strong></span> <span class='ocrx_word' id='word_1_335' title='bbox 218 5108 444 5196; x_wconf 89' lang='lat' dir='ltr'><strong>peccatorum,</strong></span> <span class='ocrx_word' id='word_1_336' title='bbox 471 5100 549 5172; x_wconf 92' lang='lat' dir='ltr'><strong>illud</strong></span> <span class='ocrx_word' id='word_1_337' title='bbox 575 5099 837 5194; x_wconf 89' lang='lat' dir='ltr'><strong>suscipientibus.</strong></span> 
     </span>
    </p>
   </div>
   <div class='ocr_carea' id='block_1_5' title="bbox 0 0 2274 6034">
    <p class='ocr_par' dir='ltr' id='par_1_9' title="bbox 0 0 2274 6034">
     <span class='ocr_line' id='line_1_40' title="bbox 0 0 2274 6034; baseline 0 0"><span class='ocrx_word' id='word_1_338' title='bbox 0 0 2274 6034; x_wconf 95' lang='lat' dir='ltr'><strong> </strong></span> 
     </span>
    </p>
   </div>
  </div>
 </body>
</html>
