4525 6034
610 625 662 701 io
679 583 886 701 numum
903 620 1095 700 coruom
1113 624 1144 700 s,
1160 623 1305 700 enno.
1563 622 1640 694 aar

276 811 421 893 adjunctis
444 809 597 891 precibus,
621 810 800 890 praesertim
822 808 1017 871 invocatione
1041 808 1169 889 Spiritus
1191 809 1299 885 sancti,
1322 807 1540 871 Eucharistiam
1554 820 1642 871 'con-

276 910 398 972 secrari.
421 908 504 972 lilius
525 909 702 971 sententiam
723 908 900 989 Imperator,
922 907 1037 988 Joseph
1059 906 1240 985 Patriarcha,
1264 915 1295 970 et
1316 908 1474 989 Episcopi,
1504 924 1561 970 sex
1583 927 1642 970 ex-

276 1011 383 1092 ceptis,
405 1027 509 1072 omnes
532 1007 747 1088 probaverunt,
769 1026 828 1070 nec
850 1006 887 1068 ab
911 1026 947 1069 ea
969 1008 1058 1070 avelli
1075 1014 1247 1088 potuerunt.
1270 1006 1377 1070 Institit
1400 1006 1640 1083 Turrecremata,

276 1117 309 1172 ut
331 1109 501 1172 Belinitioni
523 1107 665 1190 synodali
699 1106 881 1189 adjiceretur
910 1116 1052 1187 qnantum
1079 1108 1152 1170 satis
1175 1115 1274 1185 essct,
1302 1114 1351 1185 ut,
1382 1104 1463 1187 quod
1490 1104 1577 1184 pauci
1599 1103 1642 1164 illi

277 1209 403 1271 credere
426 1227 461 1270 se
482 1209 583 1269 testati
604 1206 733 1283 inerant,
756 1205 893 1269 omnibns
916 1215 1054 1287 tanquam
1076 1206 1135 1269 lide
1158 1215 1273 1269 certum
1299 1203 1566 1287 praescriberetur.
1609 1201 1642 1263 ld

275 1308 415 1392 Eugenio
437 1305 572 1368 Pontifici
594 1324 654 1369 non
676 1306 798 1387 placuit,
822 1314 853 1368 et
874 1305 1014 1369 Definitio
1035 1307 1151 1387 absque
1181 1307 1241 1368 ulla
1271 1305 1421 1368 additione
1454 1302 1643 1386 promulgata

277 1415 336 1486 est,
359 1406 527 1486 Graecique
549 1405 587 1467 ad
609 1405 765 1468 Ecclesiae
787 1405 938 1469 Romanae
961 1407 1197 1470 communionem
1219 1407 1350 1486 recepti,
1379 1405 1409 1466 in
1439 1405 1565 1485 patriam
1587 1419 1642 1463 re-

277 1508 359 1569 versi
384 1512 463 1568 sunt.
508 1504 582 1567 Cnm
604 1523 678 1568 vero
701 1506 773 1567 unio
795 1505 893 1567 statim
915 1505 1033 1568 turbata
1056 1504 1173 1584 luisset,
1197 1512 1228 1567 et
1248 1501 1351 1568 Marco
1378 1504 1511 1585 Ephesio
1533 1505 1642 1564 incen-

276 1617 355 1683 tore,
379 1623 445 1667 eam
472 1604 610 1685 plerique
643 1605 838 1687 rejecissent3
867 1606 947 1668 missi
982 1624 999 1667 a
1036 1605 1179 1668 Pontihce
1216 1604 1494 1686 Constantinopolin
1524 1597 1642 1680 Legati,

275 1707 388 1770 nullam
411 1703 535 1766 Graecis
558 1703 595 1766 de
618 1704 669 1766 illo
692 1704 819 1768 articulo
841 1705 923 1768 litem
945 1713 1117 1768 moverunt:
1141 1708 1193 1787 qui
1214 1705 1374 1768 Decretum
1397 1706 1518 1786 scriptis
1540 1703 1641 1779 impu·

275 1811 457 1891 gnavernnt,
480 1804 518 1866 de
541 1821 579 1866 eo
601 1803 727 1865 verbnm
748 1823 808 1866 non
832 1803 989 1867 lecerunt:
1012 1824 1112 1886 neque
1134 1805 1173 1868 de
1195 1806 1291 1867 altero
1314 1805 1351 1868 ad
1373 1803 1536 1882 Armenoc,
1560 1795 1641 1882 quod

274 1905 415 1987 plerique
437 1903 586 1985 Theologi
613 1903 758 1966 adversus
786 1922 841 1967 eos
870 1905 1004 1989 allegare
1027 1904 1137 1981 solent,
1168 1905 1329 1986 quidquam
1351 1904 1516 1966 audierunt.
1561 1901 1641 1962 llaec

276 2021 344 2065 cnm
367 2001 491 2065 Graecis
513 2002 685 2066 Florentiae
707 2011 869 2084 transacta,
891 2012 1026 2090 autorum
1049 2005 1216 2085 aequalium
1239 2005 1406 2067 testimonia
1426 2003 1641 2075 demonstrant,

275 2119 339 2163 non
360 2103 468 2179 minus,
490 2120 579 2184 quam
600 2101 677 2164 Acta
700 2103 843 2185 legitima,
866 2104 1008 2186 quidquid
1031 2107 1059 2168 in
1075 2105 1289 2183 Collectaneis,
1312 2122 1389 2184 quae
1403 2103 1521 2184 privati,
1545 2099 1642 2163 dcto-

275 2220 344 2264 rum
365 2204 484 2264 nomine
507 2201 748 2282 publicaverunt,
771 2206 952 2267 contrarium
975 2212 1125 2269 occurrat.

364 2302 417 2364 llla
440 2319 533 2382 porro
557 2305 653 2365 cannia
676 2320 736 2364 non
758 2305 853 2386 magis
877 2303 1022 2384 Coptitas,
1045 2304 1140 2385 Syros
1163 2313 1195 2367 et
1216 2304 1350 2385 reliquos
1373 2301 1543 2366 orientales
1566 2316 1640 2379 spe-
1654 2309 1965 2377 Haecdupnnrioorien·

277 2409 359 2464 ciant
381 2421 468 2483 quam
490 2402 564 2463 alias
586 2401 758 2480 Ecclesiae,
788 2421 865 2483 quae
895 2404 1005 2467 nullam
1033 2424 1100 2467 cum
1131 2403 1255 2467 Graecis
1278 2404 1516 2466 communionem
1544 2394 1746 2464 habe-‘tlibi’
1764 2398 1853 2465 ignom
1870 2397 1923 2449 tuit

276 2501 359 2563 bant.
381 2501 455 2564 Nam
478 2502 638 2564 Decretum
661 2501 698 2563 ad
714 2503 881 2579 hrmenos,
904 2512 935 2567 et
956 2504 1037 2567 aliud
1059 2504 1097 2567 ad
1123 2504 1293 2582 Jacobitas,
1323 2522 1401 2585 quae
1429 2503 1528 2565 soluto
1557 2501 1643 2565 Con-

279 2601 349 2663 cilio
371 2600 549 2679 factasunt,
572 2599 610 2664 ad
633 2598 767 2664 Graecos
790 2601 991 2682 pertinebunt,
1015 2622 1082 2665 cnm
1105 2603 1213 2666 Gracci
1235 2612 1338 2682 erunt,
1362 2619 1423 2665 non
1446 2601 1570 2665 Armeni
1593 2609 1643 2663 aut

278 2699 445 2763 Jacobitac.
468 2700 543 2763 Cum
565 2700 658 2783 igitur
679 2700 760 2763 nulla
782 2703 821 2764 sit
843 2700 965 2764 Graccis
988 2720 1055 2764 cnm
1077 2703 1279 2765 Orientalibus
1298 2703 1366 2766 aliis
1381 2701 1450 2764 lidei
1471 2719 1645 2764 sacrorum-

280 2818 341 2880 que
370 2801 554 2877 communio,
589 2799 728 2861 haeresin
758 2800 959 2878 Graecorum,
994 2818 1198 2883 quaecumque
1234 2802 1353 2864 tandem
1385 2803 1442 2879 sit,
1474 2800 1644 2864 Orientales

279 2916 407 2979 prorsus
429 2899 657 2980 ignoraverunt,
681 2917 779 2981 neque
801 2901 827 2963 si
850 2901 921 2982 quid
943 2901 1115 2980 Cabasilas,
1144 2911 1195 2965 aut
1216 2902 1336 2964 Marcus
1358 2900 1506 2982 Ephesius
1528 2918 1645 2981 perpe-

278 3017 346 3061 ram
367 2999 405 3061 de
427 3000 660 3062 consecratoriis
681 3000 784 3062 verbis
806 3002 1010 3081 scripserunt,
1040 3000 1138 3064 iraudi
1168 3002 1233 3065 aliis
1263 3019 1332 3065 esse
1361 3000 1463 3065 debet.
1506 3000 1646 3063 Retinent

280 3100 511 3161 vetustissimam
533 3097 737 3162 Ecclesiarum
760 3118 880 3163 suarum
898 3100 1100 3164 Traditioncm
1123 3103 1153 3164 in
1175 3102 1328 3165 recitanda
1340 3101 1543 3177 lnvocatione,
1556 3117 1645 3180 quam

280 3198 319 3260 ab
342 3197 516 3260 orthodoxa
539 3197 655 3261 Graeca
678 3199 815 3262 Ecclesia
838 3210 1035 3281 acceperant,
1068 3209 1099 3264 et
1128 3220 1205 3282 quae
1234 3201 1271 3263 ab
1301 3201 1359 3263 illis
1387 3200 1555 3263 introducta
1583 3217 1644 3262 non

280 3296 346 3358 fnit
389 3297 434 3360 De
457 3297 536 3360 illius
557 3298 775 3380 significatione
796 3299 878 3362 nulla
900 3301 979 3363 inter
1000 3319 1054 3364 eos
1076 3303 1282 3365 controversia
1311 3301 1382 3379 luit,
1412 3308 1462 3363 ant
1492 3318 1561 3363 esse
1584 3318 1645 3380 po-

278 3399 351 3459 tnit:
373 3416 442 3459 nam
464 3398 657 3478 quaestiones
680 3397 880 3483 Theologicas
910 3400 948 3463 de
972 3410 1121 3464 momento
1149 3402 1386 3465 consecrationis
1414 3399 1588 3481 perlectae,
1613 3405 1644 3461 et

279 3496 393 3558 simdes
416 3496 488 3558 alias
512 3496 591 3576 apud
613 3514 668 3559 nos
691 3504 787 3574 natas,
816 3516 937 3579 semper
958 3501 1193 3583 ignoraverunt:
1228 3508 1259 3563 et
1280 3500 1415 3562 adoratio
1437 3498 1644 3562 Eucharistiae

280 3595 362 3676 apud
384 3614 438 3658 eos
461 3594 527 3657 lieri
547 3596 636 3674 solet,
659 3614 719 3659 non
741 3605 811 3677 post
833 3601 1029 3678 pronunciata
1053 3599 1166 3663 Christi
1188 3602 1300 3679 verba,
1329 3599 1384 3663 scd
1407 3618 1475 3662 cnm
1496 3598 1644 3661 inclama-

278 3704 341 3770 tur,
363 3694 478 3756 Sourta
500 3694 630 3772 Sanctia,
653 3703 683 3758 et
705 3703 776 3780 tnnc
798 3694 951 3760 invocatio
974 3699 1052 3762 dicta
1075 3707 1131 3762 est.

370 3793 408 3855 Ut
430 3793 510 3856 illam
531 3812 605 3857 vero
627 3795 814 3859 subtiliorem
838 3800 1057 3878 quaestionem,
1085 3802 1125 3861 ita
1153 3799 1287 3881 reliquas
1315 3816 1419 3862 omnes
1443 3798 1643 3879 Theologicas
1674 3814 1759 3868 uerba
1777 3816 1965 3883 simpliciterne

280 3895 321 3958 de
345 3894 544 3957 sacramentis
566 3898 721 3972 nesciunt;
744 3904 775 3959 et
797 3900 951 3962 orationes
976 3898 1133 3961 Ecclesiae
1160 3900 1334 3979 simpliciter
1362 3899 1547 3983 intelligunt:
1572 3916 1673 3960 cre-a
1696 3901 1836 3968 majoribus
1861 3910 1965 3971 accepia

280 3994 388 4057 dentes
410 3993 510 4070 modo,
532 4012 592 4057 non
615 4013 705 4058 orare
727 3995 838 4059 trustra
860 3997 1038 4076 Ecclesiam,
1060 4007 1091 4061 et
1114 4018 1153 4061 ex
1170 3998 1281 4062 Christi
1303 4000 1451 4079 promisso
1465 3998 1550 4076 effici,
1566 4016 1644 4080 quae
1658 3988 1811 4059 intelligunt

280 4113 300 4156 a
323 4093 389 4157 Deo
411 4093 608 4174 postulantur,
631 4095 668 4158 ad
690 4098 950 4161 consecrationem
972 4099 1196 4162 elementorum.
1220 4099 1321 4162 Verba
1336 4098 1446 4162 Christi
1466 4097 1585 4162 Domini
1607 4099 1644 4162 ad

280 4213 351 4256 eam
377 4193 589 4274 perficiendam
617 4198 789 4258 necessaria
818 4199 1003 4275 existimant,
1039 4205 1070 4260 et
1098 4199 1245 4262 habentur
1273 4200 1303 4261 in
1337 4197 1472 4262 omnibus
1502 4198 1644 4281 liturgiis
1718 4263 1725 4280 ,

274 4293 507 4369 Alexandrinis,
531 4292 653 4357 Graecia
676 4302 707 4357 et
730 4294 873 4377 Copticis.
918 4296 964 4359 De
987 4296 1118 4379 Syriacis
1141 4299 1236 4362 tribua
1265 4297 1424 4379 inquibus
1447 4298 1572 4375 desunt,
1596 4297 1645 4360 di-

225 4426 228 4429 >
280 4413 385 4457 cemus
407 4395 437 4455 in
460 4394 539 4454 notis
562 4394 598 4456 ad
620 4393 727 4458 Jacobi
748 4395 930 4480 Liturgiam,
958 4415 1058 4479 neque
1080 4418 1120 4461 ex
1142 4398 1201 4461 illis
1222 4397 1394 4476 reformari,
1425 4406 1475 4460 ant
1498 4399 1644 4478 explicari
1726 4422 1736 4430 ·

280 4493 394 4557 debent
416 4512 520 4556 omnes
542 4493 629 4571 aliae,
651 4513 718 4557 cnm
741 4497 928 4559 recentiores
950 4498 1019 4577 sint,
1033 4504 1074 4577 set
1096 4497 1203 4579 culpae
1225 4500 1324 4578 potius
1346 4497 1535 4560 librariorum
1557 4516 1646 4580 qnam

281 4601 369 4657 certo
392 4592 535 4669 consilio,
565 4592 723 4657 discrimen
750 4595 822 4657 illud
851 4596 969 4677 insigne
999 4616 1016 4659 a
1044 4597 1168 4678 reliquis
1196 4598 1332 4660 omnibus
1362 4597 1502 4680 Litnrgiis
1526 4597 1646 4660 adscri-

279 4693 413 4757 bendum
435 4691 580 4755 videatur.
624 4692 809 4758 invocationi
829 4697 970 4758 virtutem
998 4697 1156 4759 maximam
1178 4697 1327 4773 tribuunt;
1356 4705 1581 4775 verumtamen,
1604 4697 1644 4759 ita
1726 4765 1732 4777 ,

280 4802 316 4855 ut
337 4810 437 4874 neque
459 4810 499 4854 ex
520 4791 680 4874 liturgicis
703 4792 822 4874 Officiis,
845 4813 945 4876 neque
968 4814 1008 4857 ex
1030 4795 1148 4859 illorum
1170 4796 1394 4877 expositoribus
1416 4797 1539 4877 probari
1566 4814 1645 4877 pos-

281 4894 333 4972 sit,
355 4910 411 4973 per
432 4911 501 4954 eam
520 4892 614 4955 solam
626 4895 732 4956 mutari
744 4894 902 4973 elementa,
925 4902 985 4973 aut,
1008 4904 1166 4977 antequam
1181 4896 1376 4978 pronunciata
1391 4898 1441 4974 sit,
1452 4897 1646 4960 mutationem

280 4992 412 5055 nondum
435 5011 504 5056 esse
527 4992 644 5058 iactam.
688 4994 721 5057 ln
744 4996 830 5059 istius
852 4995 955 5058 basilii
978 4996 1121 5077 Copticae
1143 4995 1298 5079 Litargiac
1325 4997 1429 5077 primis
1451 4998 1646 5076 orationibus,

281 5094 416 5155 occurrit
443 5112 501 5155 nna
535 5095 566 5156 in
593 5113 652 5175 qna
686 5104 790 5159 orator
819 5095 921 5175 Deus,
957 5102 989 5158 nt
1020 5096 1193 5176 benedicat,
1225 5105 1396 5175 consecet,
1425 5095 1648 5180 maculantque

337 5216 454 5261 sonari.
1391 5200 1440 5276 45
