4525 6034
588 593 619 672 S.
645 594 779 671 tisri
811 593 960 671 PAPAE
984 591 1173 670 conniti.
1486 591 1560 667 tat

301 781 461 876 Poprdas.
512 781 618 879 Kyrie
644 781 772 855 eleison
798 787 860 852 ter.

302 897 477 971 Sacerdos
503 899 640 972 cissam
664 920 789 970 rocem
840 897 885 970 Et
908 901 1023 971 veniat
1055 900 1198 972 Domine
1230 898 1371 994 Spiritus
1398 905 1473 968 tuns
1498 896 1561 967 vi-

205 1037 264 1090 rus
289 1025 323 1087 et
350 1025 500 1106 sanctum
526 1027 561 1088 et
585 1018 775 1110 requiescat
800 1037 900 1112 super
926 1014 1125 1088 oblationem
1140 1018 1249 1104 istam,
1275 1035 1450 1088 servorum
1476 1022 1558 1085 tro-

204 1154 286 1204 rurn:
322 1134 429 1227 sitque
463 1129 719 1228 suscipientibus
751 1153 824 1204 eam
856 1130 899 1202 nd
934 1135 1155 1226 expiationem
1183 1129 1394 1220 delictorum,
1428 1128 1481 1202 ad.
1494 1152 1559 1201 re-

203 1249 386 1321 missionem
414 1257 641 1344 peccatorum:
669 1246 711 1318 ad
736 1250 1012 1321 resurrectionem
1047 1246 1255 1321 benedictam
1287 1271 1307 1319 a
1340 1250 1498 1336 mortuis,
1525 1256 1559 1319 et

202 1362 241 1435 ad
265 1366 369 1436 vitam
395 1387 520 1437 novam
548 1373 582 1436 et
608 1371 779 1436 aeternam
804 1367 839 1436 in
864 1387 970 1459 regno
1004 1363 1184 1437 coelorum.
1236 1362 1280 1434 Et
1309 1385 1427 1459 panem
1460 1361 1557 1452 huno,

182 1480 348 1576 ‘perficiat
374 1502 495 1577 corpus
523 1478 645 1553 Christi
670 1480 735 1552 Dei
760 1484 874 1555 nostri

299 1597 460 1691 Popcias.
512 1597 631 1668 Amen.

299 1712 483 1785 Sacerdos.
534 1712 579 1785 Et
611 1711 749 1786 calicem
786 1712 892 1804 huno,
926 1711 1075 1810 perficiat
1106 1713 1300 1804 sangninem
1336 1708 1456 1782 Christi
1490 1707 1557 1781 Dei

198 1831 311 1904 nostri.

298 1945 460 2040 Poprdur.
511 1945 632 2018 Amen.

297 2061 482 2135 Sacerdos.
534 2062 578 2135 ln
602 2085 665 2137 nos
679 2067 776 2136 Ιἰεῑοε
803 2066 858 2159 qui
890 2063 954 2139 illis
985 2064 1255 2136 communicaturi
1281 2084 1410 2150 snmus,
1436 2059 1558 2133 iaciant

196 2182 377 2275 participes
397 2181 552 2254 coelestis
571 2179 749 2276 voluptatis
776 2180 863 2275 apud
888 2189 934 2273 te,
952 2182 1106 2270 Domine,
1132 2189 1167 2251 et
1184 2174 1368 2252 referemus
1394 2177 1465 2268 nti,
1492 2187 1555 2250 etc.

296 2295 487 2368 Diacoaas.
540 2295 682 2369 Oramus
709 2307 743 2368 et
769 2279 996 2394 deprecemur,
1023 2305 1085 2369 etc.

297 2410 474 2484 Sacerdos
499 2412 690 2486 iacir'aatar.
742 2414 841 2504 Esto,
866 2412 1026 2503 commo,
1053 2409 1243 2509 pastoribus
1268 2409 1444 2482 Ecclesiae
1469 2417 1556 2495 tuae,

193 2526 306 2622 lingua
333 2539 463 2624 potens,
491 2552 577 2624 quae
602 2532 693 2602 vinci
717 2552 785 2602 non
810 2532 917 2627 possit
941 2553 961 2601 a
987 2530 1145 2603 doctrinis
1171 2531 1338 2624 pessimae
1364 2525 1555 2599 haereseos.

297 2644 449 2716 hierarc
473 2669 598 2718 rocem,
649 2646 694 2719 Et
719 2669 779 2720 ora
805 2645 1068 2737 haereticorum,
1093 2646 1211 2742 quihus
1236 2642 1465 2742 blasphemant
1490 2641 1556 2713 ad-

193 2783 316 2836 versus
342 2785 405 2834 nos
432 2763 580 2854 ohstrue‚
608 2762 748 2861 illosque
774 2766 1002 2839 conticescere
1028 2763 1093 2852 fac,
1120 2764 1282 2835 Domine:
1313 2769 1349 2833 et
1373 2758 1555 2830 referemus

193 2877 263 2971 nbi,
291 2888 356 2950 etc.

296 2995 483 3067 Diaconos.
536 2994 658 3069 lterum
696 3007 730 3069 et
770 2999 887 3068 iterum
929 3016 1226 3070 commemoramus
1272 3012 1388 3066 omnes
1434 2988 1555 3062 hatras

191 3122 339 3184 nostros.

295 3226 472 3299 Sacerdos
503 3228 697 3299 iaelc‘aatas.
755 3225 856 3319 Esto,
894 3227 1055 3319 nomme,
1090 3238 1319 3301 remunerator
1351 3245 1466 3297 eorum
1500 3227 1556 3319 qui

192 3342 282 3417 hona
311 3355 501 3439 operantur,
528 3356 562 3417 et
586 3343 746 3418 liberator
771 3365 887 3416 eornm
913 3349 968 3442 qui
994 3349 1028 3417 in
1054 3343 1279 3418 aiiiietionihus
1308 3343 1502 3415 detinentur.
1628 3343 1634 3358 ‘

297 3460 448 3532 Eieaacs
473 3484 597 3532 rocem.
651 3459 813 3532 Gemitum
839 3461 1047 3552 afflictorum3
1073 3461 1253 3535 clamorem
1278 3479 1471 3556 pauperum,
1496 3456 1554 3529 ln-

192 3599 329 3674 crymas
355 3599 613 3674 oppressorum,
648 3587 683 3649 et
715 3576 848 3650 dolores
875 3601 990 3650 corum
1017 3583 1072 3674 qni
1097 3582 1363 3676 persecutionem
1389 3580 1555 3671 patiuntur

191 3713 235 3765 na
262 3693 442 3790 despicias,
467 3716 577 3789 neque
603 3692 716 3782 sileas,
743 3695 901 3766 Domine:
927 3706 963 3767 ut
987 3695 1171 3770 referamus
1199 3695 1270 3787 tihi,
1296 3704 1358 3766 etc.

296 3809 484 3882 macanos.
536 3812 658 3884 Iterum
689 3832 984 3885 commemoramus
1020 3835 1137 3886 omnes
1160 3812 1276 3906 Reges
1302 3809 1432 3900 fideles,
1459 3819 1521 3881 eto.

297 3925 472 3999 Sacerdos
497 3928 688 3999 iactiaatas.
738 3927 836 4017 Esto,
862 3929 1016 4018 Domine,
1041 3951 1153 4002 murus
1180 3928 1275 4002 fortis
1303 3933 1391 4003 omni
1417 3927 1555 4018 civitati,

188 4046 324 4137 regioni
350 4053 384 4115 et
409 4065 534 4136 regno,
570 4066 686 4116 eorum
718 4048 773 4140 qui
805 4043 984 4118 secundum
1009 4044 1106 4117 fidem
1131 4057 1257 4118 rectam
1284 4050 1319 4120 in
1344 4059 1378 4123 te
1405 4045 1554 4136 crodunt,

189 4171 224 4232 et
250 4160 296 4232 ad
322 4171 355 4232 te
382 4158 583 4252 confugiunt.

296 4276 445 4349 Etecacs
475 4299 599 4348 nocem.
651 4274 696 4349 Et
727 4299 788 4350 eos
821 4279 876 4372 qui
909 4288 1081 4350 numerant
1113 4288 1222 4352 turrres
1257 4283 1340 4357 Sion
1376 4287 1553 4382 spiritualis

188 4402 268 4466 tnae
295 4416 356 4490 per
383 4396 562 4482 circuitum,
589 4403 678 4465 terre
704 4402 738 4466 et
764 4394 887 4490 dissipa
912 4393 1075 4487 Domine,
1108 4406 1146 4469 ut
1175 4399 1360 4475 referamus
1387 4401 1445 4475 tibi
1471 4401 1553 4496 glo-

186 4513 287 4601 riam,
313 4519 375 4582 eto.

294 4626 481 4698 Diaconos.
533 4625 655 4699 lterum
681 4638 715 4699 et
739 4630 868 4719 iterum,
895 4638 958 4700 etc.

294 4742 469 4814 Sacerdos
509 4744 699 4815 inclinatas.
766 4744 868 4835 Esto,
903 4743 1065 4836 Domine,
1105 4747 1312 4823 confortator
1349 4760 1383 4824 et
1421 4752 1551 4846 adjutor

187 4882 327 4950 eorum,
363 4862 418 4954 qni
444 4858 644 4952 confugiunt
678 4860 720 4932 ad
754 4864 946 4935 memoriam
977 4865 1090 4937 matris
1127 4862 1249 4938 Christi
1282 4869 1342 4939 tui:
1381 4878 1418 4940 ut
1452 4872 1550 4942 etiam

186 4986 379 5050 sanctorum
406 4980 586 5050 amicorum
612 4986 750 5050 tuorum.
