4525 6034
462 603 1366 683 s.tut11PlPlnn0nnnt
1523 607 1597 683 231

326 788 510 862 Sacerdos.
562 789 649 863 Pax.

327 904 490 998 Populus.
541 905 587 977 Et
612 928 698 977 cum.

328 1018 514 1094 sacam
567 1019 822 1093 Misericordiae
847 1021 913 1093 Ilei
939 1022 1021 1111 sint,
1048 1030 1112 1094 ete.

327 1134 489 1228 Populus.
541 1135 586 1208 Et
611 1159 695 1208 cum.

327 1249 515 1323 Diaconos.
567 1251 691 1324 lterum
718 1261 818 1347 atque
844 1255 972 1324 iterum.

266 1589 442 1663 Sooerdm
464 1593 599 1684 [respit
625 1591 782 1663 Oblatum
808 1598 843 1664 ct
867 1595 990 1686 aptot
1045 1592 1168 1665 Oratio
1194 1600 1276 1666 cote
1301 1594 1403 1668 Pater
1428 1608 1555 1672 noster.

327 1828 555 1902 indesinenter
572 1833 699 1922 gratim
717 1833 847 1923 agimus
868 1831 944 1920 tibi,
969 1830 1063 1903 Deus
1076 1832 1179 1903 Pater
1195 1832 1417 1927 omnipotens,
1445 1835 1598 1909 ulrsoon-

224 1945 293 2018 dite
329 1954 363 2017 et
394 1944 589 2033 invisibilis,
623 1955 762 2041 propter
794 1949 903 2019 omnia
935 1943 1098 2019 beneficia
1130 1955 1186 2018 tuo
1221 1967 1305 2037 erga
1337 1968 1419 2020 nos:
1453 1953 1509 2044 qui
1533 1970 1598 2024 nos

221 2059 370 2135 infirmos
398 2070 432 2132 et
457 2070 657 2157 peccatores
684 2062 805 2154 dignos
831 2060 953 2150 iecisti,
980 2059 1172 2133 celebrandi
1197 2064 1414 2136 ministerium
1431 2063 1496 2137 hoc
1515 2088 1598 2162 my-

222 2178 339 2250 sticum
366 2179 491 2249 nomini
517 2188 574 2250 tuo
601 2187 729 2250 sancto.
784 2173 1008 2272 complaceas
1044 2175 1103 2248 tibi
1134 2181 1168 2248 in
1198 2176 1296 2250 uoltis
1332 2201 1416 2271 ergo
1442 2177 1599 2270 Domine,

223 2302 257 2363 et
276 2302 439 2388 perpetuo
460 2312 629 2365 conserva
645 2293 791 2367 innuitis
805 2292 1006 2389 pignushoc
1021 2314 1178 2385 magnum
1196 2303 1231 2365 et
1246 2293 1409 2386 mirabile,
1431 2294 1598 2388 repellens

223 2430 244 2479 a
276 2407 434 2480 cordibus
468 2411 593 2480 nostris
634 2430 751 2481 omnes
788 2409 1012 2501 cogitationes
1047 2408 1256 2496 materiales,
1300 2420 1334 2483 et
1366 2409 1598 2484 meditationes

223 2532 323 2617 atque
345 2526 599 2616 imaginationes
627 2523 753 2597 saeculi
780 2522 886 2615 lruJus,
914 2533 949 2595 ut
975 2522 1168 2595 fiducialiter
1193 2526 1392 2599 invocemus
1414 2536 1447 2597 te
1464 2527 1598 2599 Patrem

223 2639 406 2713 coelestem
440 2642 718 2735 omnipotentem,
752 2661 953 2734 oremusque
984 2650 1018 2710 et
1050 2640 1207 2712 dicamus.
1260 2639 1361 2712 Peter
1392 2652 1508 2713 noster
1543 2643 1600 2736 qui

223 2775 261 2826 es
289 2756 323 2825 in
349 2755 464 2828 coelis.

327 2870 489 2964 Populus.
542 2869 783 2943 Sanctificetur.
1159 2956 1169 2968 ,

326 2987 510 3058 Sacerdos.
563 2986 709 3058 Petimus
744 3008 765 3057 a
797 2994 832 3057 te
864 2992 961 3079 poter
987 2983 1288 3057 misericordiarum
1316 2994 1351 3055 et
1375 2982 1469 3058 Deus
1497 2987 1598 3058 totius

221 3102 483 3189 consolationis,
509 3124 553 3173 ne
579 3101 717 3174 inducas
744 3122 867 3175 servos
894 3110 970 3172 tuos
995 3103 1029 3171 in
1056 3101 1288 3187 tentationem,
1316 3099 1377 3173 sed
1402 3099 1508 3173 libero
1534 3122 1598 3173 nos

222 3240 244 3288 a
272 3218 372 3306 malo,
399 3229 434 3291 et
459 3215 618 3314 operibus
645 3219 730 3309 ejus,
759 3226 793 3289 et
823 3213 977 3288 omnibus
1003 3237 1089 3310 quoe
1116 3214 1280 3307 ejusmodi
1296 3223 1384 3303 sunt,
1411 3217 1488 3308 qnia
1508 3224 1599 3287 tuum

223 3344 278 3406 est
303 3356 441 3427 regnum
469 3343 503 3406 et
528 3338 636 3408 virtus
663 3343 698 3405 et
722 3333 880 3418 laudatio,
909 3340 942 3404 et
967 3334 1127 3424 unigeniti
1154 3330 1229 3402 Filii
1256 3333 1315 3420 tui,
1343 3338 1377 3401 et
1392 3329 1535 3425 Spiritus
1552 3333 1598 3402 tui

223 3451 341 3522 sancti.

328 3564 488 3658 Populos.
542 3567 661 3637 Amen.

329 3679 513 3753 Sacerdos.
566 3681 652 3754 Pax.

327 3794 489 3888 Populos.
542 3793 687 3866 Etcum
716 3795 831 3888 spiritu
859 3801 926 3864 tuo.

327 3911 515 3981 Discum
568 3912 658 3982 Ante
686 3911 941 4004 susceptionem.

328 4024 490 4118 Populus.
544 4023 668 4098 Corum
696 4036 739 4098 te.

328 4138 512 4213 Sacerdos.
566 4140 689 4214 Pastor
714 4139 805 4213 lone
830 4140 947 4229 gregis
974 4133 1158 4222 rationalis,
1185 4137 1340 4209 visitator
1366 4135 1448 4207 Sion
1475 4133 1597 4208 coele-

225 4258 287 4329 stis
314 4265 349 4326 ct
374 4255 556 4329 illustrator
581 4255 825 4351 perlectorum,
861 4256 962 4326 visita
993 4250 1055 4323 hos
1091 4272 1213 4325 servos
1239 4261 1315 4323 tuos
1343 4252 1399 4344 qui
1426 4270 1540 4322 coram
1566 4260 1601 4337 te

223 4370 371 4442 inclinati
398 4381 485 4459 sunt,
513 4382 547 4443 et
573 4370 694 4443 munda
720 4369 824 4443 corde
847 4390 963 4441 eorum
984 4365 1027 4439 ad
1045 4369 1292 4461 susceptionem
1309 4364 1601 4437 Sacramentorum

223 4494 356 4556 tuorum
384 4496 584 4573 sanctornm,
614 4483 717 4557 etad
742 4481 874 4556 laudem
900 4483 1042 4556 nominis
1070 4484 1116 4552 tui
1143 4479 1387 4572 gloriosissimi,
1414 4488 1447 4551 et
1472 4480 1598 4571 unige-

224 4601 285 4671 niti
310 4599 385 4671 Filii
412 4604 470 4690 tui,
497 4611 532 4672 et
557 4601 699 4696 Spiritus
727 4603 772 4671 tui
799 4601 917 4687 sancti,
943 4619 1040 4684 nunc,
1067 4606 1131 4669 ete.

329 4715 491 4809 Populea.
544 4715 664 4789 Amen.

329 4829 514 4904 Sacerdos.
567 4832 651 4903 Parc

329 4946 492 5040 Populus.
544 4946 589 5020 Et
615 4919 834 5043 cum⁹spiritu
860 4956 928 5020 tuo.

327 5062 513 5137 Sacerdos.
566 5062 819 5136 Misericordiae
845 5060 910 5134 Dei
936 5064 1010 5135 sint
