4525 6034
664 613 695 690 S.
722 613 980 694 cttbntttls
1016 615 1205 695 ROlllilll.
1547 619 1620 695 187

250 803 393 878 destruis
419 823 552 874 omnem
576 800 779 874 altitudinem
804 807 999 899 passionum
1013 803 1227 877 extollentem
1244 829 1283 879 se
1310 805 1486 879 adversus.
1502 809 1620 879 scien-

250 923 330 992 tiam
357 903 456 1005 mam,
490 927 524 988 et
548 922 724 1013 captivans
752 941 882 992 omnem
915 923 1152 1012 eogitanonem
1184 920 1225 994 ad
1258 921 1402 994 formam
1428 921 1616 996 humilitatis

251 1046 287 1107 et
321 1034 561 1107 adnihilationis
576 1044 675 1106 tuae.
728 1035 780 1107 Tu
811 1034 1022 1125 beatissime,
1048 1047 1085 1109 et
1110 1038 1208 1111 divas
1242 1037 1403 1112 donomm
1435 1036 1622 1110 sublimium

252 1155 366 1248 aspice
392 1173 454 1222 nos
481 1174 501 1222 e
527 1150 632 1224 coelis
663 1154 728 1226 tuis
761 1151 954 1225 sublimibus
980 1165 1015 1226 et
1041 1153 1243 1250 splendidis,
1275 1166 1310 1227 et
1341 1177 1388 1227 ex
1419 1153 1622 1225 habitatione

250 1270 348 1360 regni
372 1269 419 1339 tui
445 1269 581 1339 aeterni.
607 1265 702 1339 Mitte
718 1266 816 1340 nobis
832 1268 921 1341 dona
941 1273 1071 1361 gratiae
1087 1281 1165 1343 tuae
1180 1271 1332 1359 divinae,
1349 1268 1621 1343 inhabitationem

251 1383 395 1479 Spiritus
421 1387 468 1455 tui
494 1387 614 1456 sancti:
654 1386 730 1478 quia
762 1394 797 1456 tu
830 1384 927 1458 dives
960 1386 1262 1460 misericordiarum
1295 1398 1330 1458 et
1360 1385 1555 1479 magnificus
1589 1389 1624 1456 in

252 1499 362 1589 donis,
388 1511 422 1571 et
448 1498 670 1595 amplissimae
697 1499 906 1590 clementiae,
931 1500 1058 1596 tibique
1084 1503 1226 1596 gloriam
1252 1515 1287 1576 et
1301 1506 1481 1595 gratiarum
1509 1502 1623 1573 aetio-

250 1637 328 1687 nem
355 1615 533 1702 olienmus,
563 1627 597 1687 et
621 1618 793 1708 unigenito
819 1615 905 1688 Filio
933 1625 1002 1704 tuo,
1030 1629 1093 1690 etc.
1432 1619 1433 1622 ’

355 1730 517 1824 Populus.
569 1733 688 1803 Amen.

224 1898 230 1908 .
357 1846 542 1919 Sacerdm
593 1845 738 1920 Domine
761 1829 857 1920 Deus
881 1856 1022 1941 potens,
1050 1851 1105 1944 qui
1130 1848 1229 1922 vides
1256 1849 1472 1941 abscondita,
1504 1861 1538 1922 et
1562 1849 1623 1922 fu-

253 1973 327 2036 tura
354 1966 453 2034 etiam
479 1973 647 2058 penetras,
673 1963 751 2036 lons
776 1967 871 2035 vitae
886 1972 920 2034 et
938 1965 1036 2055 origo
1056 1962 1154 2036 beata
1173 1964 1383 2040 beatitudinis
1396 1977 1430 2040 et
1447 1966 1623 2055 bonitatis3

252 2077 393 2172 largitor
418 2081 581 2175 puritatis,
608 2089 642 2150 et
668 2101 688 2150 a
716 2101 781 2174 quo
809 2082 967 2151 sanctitas
993 2078 1094 2151 babet
1111 2083 1293 2174 originem3
1319 2083 1495 2156 thesaurus
1513 2105 1626 2155 rerum

252 2199 501 2292 preciosarum,
528 2206 562 2267 et
588 2194 664 2267 lans
692 2197 892 2291 sapientiae:
918 2203 1014 2290 pater
1039 2196 1126 2269 lucis
1153 2207 1328 2287 aeternae,
1356 2223 1442 2295 quae
1469 2207 1626 2271 estante

254 2315 365 2384 omnia
392 2310 528 2384 saecula
554 2315 586 2383 in
615 2321 648 2382 te
675 2311 908 2399 essentialiter,
935 2312 1082 2407 aequalis
1108 2315 1257 2408 potentia
1285 2323 1319 2385 et
1344 2314 1463 2406 gloria.
1491 2313 1542 2385 'le
1557 2314 1625 2386 de-

253 2450 430 2524 precamur
450 2430 657 2500 sanctissima
675 2428 829 2516 Domine,
852 2428 1021 2501 sanctifica
1043 2427 1172 2502 mentes
1191 2439 1226 2502 et
1243 2432 1465 2522 cogitationes
1481 2433 1627 2503 omnium

253 2553 422 2634 nostrum,
447 2544 569 2615 munda
596 2545 723 2615 animas
750 2554 784 2615 et
809 2564 953 2640 corpora
981 2546 1124 2617 omnium
1150 2554 1318 2634 nostrum,
1342 2547 1499 2619 refraena
1526 2550 1625 2619 inar-

254 2660 456 2733 dinationem
482 2663 719 2753 cogitationum
740 2670 944 2732 nostrarum.
995 2660 1097 2733 Indue
1122 2683 1186 2734 nos
1213 2660 1299 2735 stola
1326 2684 1417 2734 nova
1442 2664 1624 2736 mterrexta

254 2787 375 2849 ornatu
399 2798 527 2849 morum
554 2776 783 2847 bonestorum:
810 2786 844 2847 at
869 2799 931 2872 per
956 2775 1112 2873 Spiritum
1129 2787 1218 2850 tuum
1236 2788 1384 2850 sanctann
1400 2777 1627 2874 perficientem

255 2897 380 2982 omnia,
407 2877 522 2987 quiin
548 2890 699 2966 omnibus
726 2891 890 2965 mantibus
917 2895 1009 2989 puris
1036 2893 1180 2983 habitat,
1206 2903 1241 2966 et
1265 2897 1300 2966 in
1326 2892 1498 2968 animabus
1523 2917 1626 2967 mun·

255 3008 307 3080 dis
330 3007 443 3081 sedem
463 3007 574 3098 babet,
602 3007 771 3081 sanctifica
790 3030 854 3081 nos
873 3013 1104 3104 pergratiam,
1130 3009 1402 3098 misericordiam,
1429 3019 1463 3082 et
1478 3033 1627 3085 amorem

255 3148 340 3218 erga
372 3124 522 3198 homines
557 3127 717 3218 unigeniti
752 3124 828 3198 Filii
862 3129 925 3199 tui:
960 3148 1022 3222 per
1053 3150 1151 3222 quern
1186 3139 1219 3200 et
1251 3150 1327 3200 cum
1362 3148 1427 3221 quo
1460 3137 1493 3199 te
1528 3126 1627 3199 decet

256 3242 389 3336 gloria,
420 3252 483 3313 etc.
1151 3257 1153 3260 ’

359 3357 521 3452 Papulas.
574 3356 693 3428 Amen.

361 3474 548 3545 Diaconos.
601 3471 735 3543 Stemus
762 3470 930 3544 decenter.

219 3611 224 3616 ·
361 3588 522 3683 Populus.
574 3587 837 3660 Misericordiae.

362 3705 546 3777 Sacerdos.
601 3704 743 3777 Caritas.

362 3822 522 3915 Popalua.
574 3819 718 3892 Etcum
745 3822 862 3915 spiritu
889 3803 980 3892 tuu‘

361 3937 545 4009 Sacerdos.
598 3936 738 4014 Sursum
764 3935 877 4008 corda.

363 4054 523 4148 Papulas.
575 4051 745 4164 Habemps
772 4051 814 4123 ad
839 4053 1027 4125 Dominum.

361 4170 545 4242 Sacerdos.
599 4167 732 4242 Gratias
759 4190 899 4261 agamus
925 4169 1083 4240 Domino.¹

363 4285 524 4379 Papulas.
576 4283 721 4377 Dignum
748 4294 782 4355 et
803 4286 928 4376 justum
955 4293 1016 4356 est.

362 4401 547 4475 Sacerdos.
600 4401 652 4473 Ta
679 4403 765 4473 enim
800 4400 897 4473 decet
926 4401 1034 4493 gloria
1065 4410 1100 4473 et
1132 4397 1191 4472 tibi
1223 4398 1362 4472 debetur
1393 4400 1557 4473 laudatio:
1592 4409 1626 4472 te

164 4499 173 4511 ’
259 4520 359 4593 decet
383 4519 525 4614 hymnus
551 4527 586 4589 et
612 4518 773 4591 exaltatio
802 4539 1010 4612 quocumque
1035 4526 1201 4612 tempore,
1235 4515 1387 4604 Patrem,
1422 4516 1559 4605 Filium,
1592 4526 1628 4589 et

260 4621 417 4733 Spiritum
445 4645 612 4723 sanctum,
638 4633 746 4706 Deum
772 4655 907 4722 verum,
933 4636 1029 4705 unius
1055 4641 1195 4705 naturae
1221 4631 1390 4721 excelsae,
1416 4635 1511 4705 unius
1538 4632 1625 4706 sub-

260 4756 412 4839 stantiae,
440 4752 555 4846 quiin
581 4753 736 4845 personis
763 4747 867 4822 tribus
894 4748 1044 4823 adoraris
1071 4757 1106 4820 et
1122 4747 1269 4822 laudaris
1288 4745 1330 4819 ab
1350 4747 1514 4838 omnibus,
1540 4770 1627 4843 quae

259 4891 322 4965 per
347 4870 543 4963 sapientiam
569 4869 692 4939 creasti
719 4877 753 4938 at
779 4866 948 4938 ordinasti.

363 4982 540 5054 Sacerdos
566 4983 703 5055 elevans
727 5005 853 5054 oocera.
905 4982 1138 5055 Benedicimus
1170 4992 1204 5053 te
1229 4981 1391 5053 factorem
1418 4980 1628 5055 saeculoram
1667 5074 1670 5079 Ι

260 5111 295 5173 et
321 5109 506 5173 creatorem
539 5109 746 5188 naturarum,
779 5098 972 5192 largitorem
1002 5103 1094 5172 vitae
1127 5108 1162 5170 et
1195 5097 1369 5171 Dominum
1403 5107 1627 5170 creaturarum

316 5240 402 5283 tomus
418 5238 443 5282 11.
1378 5215 1429 5289 27
