4525 6034
501 614 754 696 substinui
778 615 1040 693 PlllllARCllllli
1065 612 1306 691 nnllocflnli.
1434 703 1438 712 Ι
1511 610 1587 686 235

332 803 506 876 Sacerdos
531 803 720 874 ructuosos.
773 803 905 877 Gratias
922 825 1072 896 agamuS,
1099 802 1288 889 adoremus,
1315 811 1349 873 et
1363 799 1588 894 glorificemus

228 921 377 1008 Panem,
403 918 537 1009 Filium,
563 930 598 991 et
622 919 778 1015 Spiritum
805 929 955 992 sanctum
979 941 1079 990 unum
1104 916 1212 990 Deum
1239 939 1366 990 vemm.

332 1037 481 1108 Elorum
505 1057 630 1106 nocem
682 1035 961 1127 Magnificentiam
987 1046 1075 1106 tuam
1092 1035 1234 1106 Domine
1260 1032 1447 1125 glorificant
1473 1051 1589 1105 omnes

228 1156 368 1226 virtutes
405 1153 564 1223 materiae
598 1160 773 1245 expertes:
807 1150 959 1243 legiones
993 1147 1214 1222 inflammatae
1253 1173 1299 1222 ex
1329 1148 1460 1222 flamme
1501 1167 1589 1241 pro-

229 1268 365 1340 ductae:
393 1270 524 1359 agmina
552 1266 699 1339 ardentia
726 1266 905 1340 Cherubim
936 1266 1086 1339 fortium:
1121 1276 1249 1338 turmae
1281 1263 1446 1337 terribiles
1479 1262 1590 1336 Sera-

227 1383 317 1480 phim
343 1393 549 1473 sanctorum3
575 1386 630 1479 qui
662 1393 836 1456 moventes
872 1382 943 1455 alas
977 1403 1072 1470 suns,
1108 1380 1267 1473 clamant,
1299 1381 1525 1454 vociferantur
1557 1389 1592 1452 et

229 1500 348 1571 dicunt

333 1615 493 1708 Populus.
544 1614 703 1702 Sanctius,
729 1613 889 1702 Sanctus,
915 1613 1067 1686 Sanctus.

332 1731 507 1802 Sacerdos
531 1730 721 1801 inclinato-s.
774 1730 894 1802 'lbinas
920 1728 1197 1802 sancbficadones
1213 1730 1379 1802 oderimus
1401 1728 1472 1816 tibi,
1498 1730 1590 1801 Deus

229 1848 349 1936 Peter,
377 1855 411 1917 et
435 1850 604 1938 unigenito
630 1845 715 1918 Filio
750 1856 826 1936 tuo,
859 1854 894 1916 et
925 1845 1060 1941 Spiritui
1095 1856 1152 1917 tuo
1191 1854 1322 1919 sancto:
1362 1868 1470 1941 neque
1504 1847 1591 1916 enim

228 1960 459 2034 mensurabilis
486 1973 538 2034 est
564 1963 720 2035 sanctitas
747 1971 801 2033 tua
828 1962 986 2035 Domine:
1015 1965 1069 2057 qni
1095 1985 1169 2033 cum
1194 1961 1318 2055 indigni
1334 1977 1495 2051 essemus,
1521 1965 1589 2032 mi-

229 2082 302 2151 sisti
314 2077 431 2150 Filium
455 2086 544 2150 tuum
571 2081 603 2149 in
630 2077 783 2150 mundum
809 2099 870 2172 pro
896 2076 1001 2150 salute
1027 2086 1159 2151 nosne:
1187 2090 1344 2175 ortusque
1362 2088 1415 2153 est
1435 2100 1481 2149 ex
1504 2077 1591 2149 Vir-

229 2198 326 2287 gine,
352 2204 387 2265 et
411 2215 472 2289 per
496 2202 636 2264 mortem
663 2214 756 2264 suam
789 2195 890 2264 vitem
917 2196 1080 2288 praestitit
1104 2192 1294 2265 mortalitati
1319 2203 1465 2266 nostrae.

334 2309 484 2379 Eleoooe
509 2330 634 2381 vocem,
688 2309 752 2393 Qui
778 2331 851 2379 cum
878 2308 1048 2381 voluntale
1073 2330 1152 2399 sun,
1179 2312 1273 2405 quasi
1287 2309 1503 2384 succidaneus
1528 2329 1590 2403 pro

228 2425 327 2497 nobis
352 2423 583 2518 peccatoribus
608 2428 702 2495 venit
728 2423 769 2495 ad
796 2434 955 2515 mortem,
982 2429 1112 2521 accepit
1137 2448 1258 2521 panem
1291 2431 1325 2498 in
1361 2446 1477 2498 manus
1513 2446 1591 2497 suas

229 2549 382 2627 sanctas,
414 2540 442 2628 †
472 2538 658 2628 benedixit,
694 2546 715 2623 l
748 2539 980 2630 sanctificavit,
1023 2540 1049 2635 †
1083 2542 1200 2635 fregit,
1236 2543 1389 2638 deditque
1423 2539 1591 2637 discipulis

229 2659 299 2731 suis
326 2659 466 2745 sanctis,
493 2666 528 2727 et
553 2655 650 2728 dixit:
678 2658 817 2752 occipite
844 2657 1039 2730 manducate
1065 2681 1111 2730 ex
1146 2681 1205 2731 eo:
1236 2652 1251 2692 ²
1277 2659 1351 2732 lloc
1385 2667 1437 2730 est
1469 2679 1592 2754 corpus

229 2797 357 2864 meum,
384 2774 473 2868 qood
503 2796 568 2848 vos
595 2784 628 2846 et
662 2796 777 2847 omnes
811 2777 1028 2870 suscipientes
1061 2773 1140 2847 illud
1171 2775 1306 2868 fideles,
1336 2783 1516 2871 praeparat
1551 2771 1593 2843 ad

229 2894 332 2963 vitam
360 2900 539 2963 aeternnm.

333 3006 494 3099 Populos.
546 3009 665 3080 Amen.

335 3122 518 3196 Sacerdos.
570 3124 728 3196 Similiter
754 3137 786 3197 et
812 3124 950 3198 calicem
977 3147 1074 3220 quem
1101 3127 1279 3197 miscuerat
1312 3125 1393 3194 vino
1429 3131 1463 3193 et
1495 3142 1594 3215 aque,

231 3241 261 3329 †
285 3238 471 3330 benedixit,
501 3241 530 3329 †
562 3241 798 3340 sanctificavit,
833 3242 921 3330 †et
953 3240 1042 3312 dedit
1075 3241 1193 3313 iisdem
1218 3240 1385 3336 discipulis
1411 3240 1534 3311 sanctis
1561 3245 1595 3308 et

233 3356 343 3429 dixitr
358 3359 526 3453 Accipite,
552 3356 654 3430 bibite
680 3379 726 3428 ex
752 3380 794 3429 eo
824 3379 903 3442 vos,
925 3379 1055 3430 omnes:
1081 3357 1145 3428 llic
1170 3369 1223 3432 est
1257 3358 1393 3449 sanguis
1419 3376 1512 3426 meus
1540 3354 1596 3448 qui

231 3493 296 3546 vos
323 3481 357 3543 et
384 3494 501 3545 omnes
527 3476 747 3569 suscipientes
777 3496 850 3547 eum
885 3473 1000 3546 fideles
1024 3485 1202 3571 praeparat
1223 3475 1387 3547 advitam
1415 3481 1594 3544 aeternam.

335 3588 496 3681 Popula-s.
547 3591 666 3662 Amen.

335 3704 517 3777 Sacerdos.
570 3706 699 3778 Sedet
730 3705 861 3801 quando
894 3710 1087 3802 mysterium
1119 3710 1206 3781 istud
1238 3703 1470 3794 celebrabitis,
1504 3707 1594 3796 agite

232 3825 425 3893 memoriam
452 3825 567 3894 mortis
594 3843 709 3910 meae,
737 3821 845 3893 donec
871 3826 1015 3895 veniam.

336 3937 496 4031 Populea.
548 3937 665 4011 Mortis
692 3947 769 4010 tuoe
794 3938 936 4009 Domine
963 3941 1155 4011 memoriam
1182 3945 1320 4032 egimus.

337 4052 519 4125 Sacerdos.
572 4055 681 4127 Etiam
707 4053 882 4126 adventum
908 4063 996 4125 tuum
1023 4055 1220 4144 salutarem,
1248 4066 1281 4128 et
1307 4055 1485 4127 secundnm
1504 4055 1594 4127 illum

233 4167 458 4242 retributionis
497 4182 794 4244 commemorantes
833 4170 994 4260 Domine,
1034 4171 1150 4243 laudes
1193 4193 1266 4242 cum
1306 4171 1595 4267 deprecationibus

233 4287 398 4377 majestati
430 4293 505 4357 tuae
539 4286 724 4377 offerimus,
757 4301 791 4362 ut
818 4290 850 4358 in
877 4285 931 4358 die
956 4286 1013 4358 illo
1039 4309 1162 4379 magno
1185 4286 1298 4380 judicii
1325 4292 1372 4358 tui
1393 4290 1495 4380 justi,
1527 4310 1595 4360 non

232 4426 295 4499 per
320 4414 459 4498 peccata
484 4413 598 4477 nostra
615 4388 740 4477 fiamus
767 4407 860 4480 cibus
888 4403 1068 4477 carbonum
1094 4407 1193 4497 ignis,
1220 4403 1472 4500 alimentumque
1493 4402 1595 4475 ilam-

233 4542 309 4592 mae
334 4520 504 4593 terribilis:
530 4543 597 4592 non
624 4521 855 4614 demergamur
881 4525 914 4593 in
939 4544 1031 4593 mare
1049 4520 1187 4612 ardens,
1213 4530 1269 4592 sut
1286 4522 1402 4612 jactati
1417 4518 1595 4591 obruamur

233 4633 386 4707 ductibus
412 4639 545 4728 ignium.
597 4635 674 4709 Non
703 4641 803 4710 simus
828 4636 992 4708 haeredes
1020 4639 1247 4733 suspiriorum:
1277 4658 1386 4730 neque
1418 4634 1594 4725 gemitibus

235 4750 367 4823 acerbis
393 4750 529 4824 addicas
561 4774 639 4827 nos:
672 4776 739 4826 non
772 4753 888 4826 iiamus
918 4752 1119 4826 habitatores
1154 4752 1304 4825 locomm
1330 4750 1593 4840 tenebrosorum,

235 4876 269 4939 et
294 4871 470 4961 regionum
495 4873 613 4941 timore
638 4870 824 4964 plenarum:
851 4891 916 4942 non
944 4869 1042 4941 alieni
1067 4869 1183 4941 fiamus
1216 4865 1257 4939 ab
1290 4866 1493 4939 haereditate
1526 4878 1594 4955 tua,

235 5006 344 5079 neque
370 4987 492 5079 privati
524 4984 742 5058 familiaritate
781 4995 854 5058 tua:
888 4985 948 5062 sed
980 5009 1054 5058 cum
1086 4987 1232 5057 invitatis
1265 4983 1307 5056 ad
1339 4981 1594 5055 recumbendum
1729 4997 1735 5004 '

235 5109 362 5192 tecum,
398 5110 432 5172 et
462 5105 593 5176 vocatis
625 5103 667 5175 ad
698 5104 887 5175 convivium
921 5111 1011 5174 tuum
1043 5103 1209 5194 conjunge
1240 5121 1320 5190 nos,
1354 5109 1388 5171 et
1418 5099 1595 5196 splendore

289 5238 410 5283 emron
1323 5220 1371 5294 33
