4525 6034
585 611 638 687 AD
661 610 869 687 [limeum
891 607 1084 686 coruom
1104 610 1134 686 S.
1153 609 1297 685 BASILII.
1601 606 1674 681 tot

307 794 389 854 mine
422 795 586 875 praecipue
616 795 784 879 gloriantur
812 793 1010 857 Alexandrini
1036 794 1241 857 Jacobitarum
1271 792 1479 873 Patriarchac,
1509 791 1590 875 quod
1619 792 1677 855 soli

307 893 343 953 in
363 891 648 956 hluhamedanorum
670 895 815 976 lmperio,
838 894 940 976 Reges
963 895 1150 959 Christianos
1173 895 1304 957 habeant
1325 912 1400 956 suae
1422 893 1503 957 sedis
1525 893 1679 956 autoritati

310 992 483 1075 subjectos,
507 1011 564 1074 qua
587 992 733 1075 dignitate
756 994 879 1057 carebat
899 993 1108 1057 Antiochenus
1131 992 1266 1076 ejusdem
1293 1000 1407 1059 sectae.
1451 992 1510 1066 Qui
1540 993 1618 1055 enim
1646 993 1677 1054 in

311 1094 482 1155 vastissima
503 1093 554 1154 illa
575 1093 711 1156 dioecesi
734 1094 896 1158 Christiani
925 1094 1080 1175 principes
1106 1092 1322 1175 superfuerunt
1350 1090 1528 1174 aliquando,
1557 1099 1609 1153 aut
1637 1110 1677 1153 cx

304 1193 443 1255 Graecae
466 1191 623 1255 Ecclesiae
646 1196 870 1272 communione,
894 1201 945 1256 aut
967 1212 1006 1255 cx
1029 1193 1154 1255 Latinae
1176 1200 1245 1274 post
1266 1191 1348 1254 bella
1369 1192 1581 1255 Transmarina
1608 1189 1679 1253 iue-

301 1299 392 1369 runt,
415 1291 523 1373 quihus
545 1310 614 1353 curn
635 1291 783 1356 Jacobitis
812 1309 969 1355 commune
996 1291 1066 1353 nihil
1098 1310 1228 1372 unquam
1258 1290 1321 1353 tuit.
1365 1291 1536 1355 Ncstoriani
1565 1290 1677 1367 serius,

302 1409 375 1454 cum
398 1390 478 1471 apud
502 1390 617 1453 Turcas
640 1399 671 1453 et
693 1390 814 1455 Cataios
835 1391 1023 1474 Religionem
1046 1390 1260 1470 Christianam,
1292 1392 1347 1455 sed
1368 1410 1424 1454 sua
1446 1391 1567 1454 haeresi
1595 1388 1677 1451 inie-

300 1500 383 1553 ctam
406 1497 644 1571 propagassent,
668 1490 835 1553 habuerunt
865 1508 986 1571 quoque
1009 1509 1093 1553 more
1116 1509 1173 1554 suo
1192 1492 1297 1571 fideles
1318 1492 1417 1572 Reges
1438 1489 1497 1552 hoc
1525 1496 1572 1552 est
1601 1506 1676 1549 suae

296 1598 422 1666 sectae,
446 1590 543 1671 qualis
565 1588 621 1651 tuit
642 1588 775 1653 famosus
797 1590 849 1653 ille
872 1589 1075 1672 Ungchanus,
1096 1609 1185 1671 quem
1207 1589 1420 1672 Presbyterum
1435 1587 1582 1652 Joannem
1606 1587 1676 1669 ple-

297 1691 391 1770 rique
416 1688 509 1751 iuisse
531 1688 654 1766 volunt,
677 1690 703 1751 is
725 1689 843 1752 scilicet
864 1691 916 1770 qui
945 1708 962 1751 a
992 1688 1218 1771 Ginghizchano
1245 1689 1388 1773 Mogolici
1417 1687 1538 1769 inperii
1565 1686 1676 1749 funda·

295 1796 386 1865 tore,
409 1789 472 1851 vita
493 1806 653 1870 regnoque
675 1788 821 1870 spoliatus
844 1796 901 1852 est.
947 1790 1080 1852 Fuerunt
1102 1789 1152 1851 alii
1175 1806 1311 1869 quoque,
1343 1795 1412 1851 ante
1443 1795 1474 1850 et
1505 1794 1575 1868 post
1597 1786 1673 1849 Gin-

297 1885 502 1971 ghizchanum
526 1887 687 1951 Christiani
709 1890 739 1951 in
762 1888 899 1950 Tartaria
922 1889 1092 1970 principes,
1121 1889 1173 1969 qui
1196 1887 1305 1950 Hordis
1328 1887 1518 1969 amplissimis
1540 1888 1675 1967 impera-

296 1995 387 2063 rent3
412 1986 580 2068 dequibus
603 1987 737 2051 dicemus
761 1987 840 2050 ahbi.

389 2085 485 2149 Porro
518 2088 654 2168 quamvis
682 2087 871 2151 Christianae
898 2087 1064 2169 Religionis
1094 2095 1259 2168 praecepta
1287 2094 1319 2148 et
1348 2085 1488 2166 exempla
1517 2082 1673 2147 Jacobitae
1739 2088 1806 2149 Quid
1829 2092 1855 2142 in
1877 2089 1997 2143 tacebitis

297 2185 449 2267 Aegyptii
471 2205 533 2248 non
555 2188 652 2248 minus
675 2188 704 2249 in
728 2187 812 2249 libris
841 2188 903 2249 suis
933 2188 1112 2268 consignata
1142 2185 1291 2263 babeant,
1325 2186 1364 2249 de
1392 2184 1563 2249 obedientia
1596 2199 1673 2266 erga
1687 2175 1997 2276 culpandumcircaote-

297 2285 457 2366 Principes
480 2287 569 2348 etiam
592 2286 741 2365 infideles,
765 2305 891 2367 eamque
915 2295 995 2348 nictu
1018 2295 1050 2349 et
1065 2287 1149 2349 malis
1163 2286 1278 2348 subacti
1291 2283 1673 2363 bluhamedanisabjectis-
1686 2261 1807 2361 ‘¹¹⁰¹{⁸¹⁸¹¹'
1835 2261 1996 2363 Prinqpibm

298 2386 407 2447 simam
428 2403 549 2467 semper
572 2387 792 2467 praestiterint,
826 2395 954 2449 attamen
976 2385 1033 2447 hac
1055 2389 1083 2448 in
1103 2393 1190 2467 parte
1212 2384 1372 2448 Christiani
1388 2383 1492 2460 ollicii,
1514 2382 1674 2465 dupliciter
1685 2349 1804 2403 d⁰b¹²¹¹¹¹¹'

298 2502 451 2564 peccasse
475 2495 507 2548 et
529 2485 649 2566 quidem
670 2486 851 2567 gravissime
874 2485 1151 2566 deprehenduntur.
1172 2486 1300 2548 Primum
1322 2485 1441 2566 quidem
1463 2491 1622 2565 peccatum
1641 2489 1673 2544 et

297 2583 335 2644 in
358 2583 532 2646 Christianis
556 2585 762 2647 inexcusabile
784 2584 838 2647 luit
860 2586 1024 2667 petulantia
1047 2593 1079 2648 et
1100 2584 1193 2647 libido
1217 2584 1414 2647 calumniandi
1435 2584 1619 2647 Marcianum
1642 2588 1673 2643 et

299 2682 510 2761 Pulcheriam,
534 2683 572 2747 dc
595 2683 719 2764 quibus,
742 2704 848 2767 regum
871 2685 1028 2766 majestate
1056 2686 1182 2765 insuper
1209 2684 1325 2761 habita,
1359 2684 1449 2748 multa
1478 2683 1672 2758 mentiuntur,

210 2804 216 2811 ·
300 2791 336 2844 et
358 2785 562 2861 conviciorum
586 2785 616 2844 in
639 2802 693 2847 eos
715 2784 849 2865 plaustra
873 2784 1038 2848 effundunt.
1084 2783 1190 2847 Omnia
1213 2801 1290 2864 quae
1312 2802 1369 2865 per
1398 2783 1499 2846 scelus
1529 2790 1560 2844 et
1588 2779 1674 2843 sedi·
1685 2832 1889 2886 &mentitu
1903 2831 1988 2886 M

299 2883 417 2944 tionem
439 2901 457 2943 a
479 2883 620 2947 Dioscori
642 2884 844 2947 sectatoribus
867 2893 897 2946 et
919 2884 1150 2947 successoribus
1171 2891 1260 2965 gesta
1283 2891 1369 2960 sunt,
1398 2883 1528 2963 probant
1551 2890 1581 2944 et
1604 2878 1673 2942 col·
1685 2920 1783 2972 aare.
1800 2873 1897 2974 lieri
1908 2939 1935 2991 p.
1947 2872 1995 2972 m:

298 2980 440 3044 laudant:
464 2983 582 3047 tandem
605 2985 686 3065 quod
709 2991 799 3065 caput
821 2983 970 3047 scelerum
992 2983 1062 3063 luit,
1087 3002 1154 3046 curn
1167 2984 1287 3046 Arabes
1299 2982 1475 3066 Aegyptum
1486 2983 1672 3057 invaserunt,
1688 3007 1784 3058 my,
1807 3007 1912 3060 Am·
1931 3008 1993 3059 gg„

299 3099 364 3142 non
387 3082 475 3145 modo
497 3082 654 3146 Jacobitae
677 3083 861 3165 reipublicae
890 3081 1066 3161 defuerunt,
1089 3084 1145 3146 sed
1167 3091 1273 3146 contra
1291 3081 1465 3163 lmperiales
1488 3078 1671 3162 praelectus,
1685 3090 1757 3144 Pac.
1771 3093 1844 3146 Ata.
1856 3112 1882 3163 ρ.
1898 3094 1958 3146 too.

301 3198 371 3241 cum
392 3181 487 3245 Amro
510 3192 541 3245 et
563 3183 629 3246 aliis
651 3182 781 3246 hostiurn
809 3182 935 3246 ducibus
962 3183 1123 3245 coitionem
1146 3182 1294 3261 iecerunt,
1317 3189 1347 3243 et
1366 3198 1497 3244 excusso
1522 3179 1673 3243 Christia·
1790 3218 1794 3225 ·

299 3297 409 3342 norum
433 3283 599 3363 principum
622 3283 756 3366 legitimo
780 3283 928 3361 dominio,
951 3283 1093 3346 Barbaris
1116 3302 1151 3345 se
1174 3282 1369 3345 tradiderunt.
1415 3281 1498 3344 llacc
1528 3298 1589 3342 non
1612 3299 1671 3343 ne-

299 3387 376 3460 gant
398 3380 517 3444 illorum
539 3382 680 3446 meliores
703 3383 861 3462 llistorici,
884 3385 973 3445 etiam
995 3381 1219 3460 Ecclesiastici,
1243 3396 1309 3444 narn
1332 3401 1373 3444 ex
1387 3378 1536 3462 Eutychio
1559 3388 1592 3443 et
1613 3398 1672 3441 au·

299 3478 418 3541 toribus
440 3499 541 3543 rerum
564 3481 822 3565 Aegyptiacorum
844 3482 958 3561 multis,
983 3483 1124 3545 discimus
1148 3482 1284 3564 Coptitas
1308 3499 1429 3559 omnes,
1458 3480 1524 3543 sive
1551 3479 1671 3542 nativos

299 3576 492 3661 Aegyptios,
516 3581 585 3661 quia
608 3581 746 3664 plerique
768 3581 966 3645 Jacobiticam
988 3590 1102 3644 sectam
1124 3581 1244 3664 perdite
1272 3581 1450 3660 tuebantur,
1485 3579 1521 3641 ad
1552 3578 1671 3641 Arabes

298 3677 401 3739 statim
431 3677 596 3758 deiecisse,
626 3689 656 3743 et
684 3680 840 3744 llelchitas
862 3681 913 3762 qui
935 3680 1045 3744 Graeci
1067 3689 1154 3744 eraut
1175 3689 1207 3745 ct
1229 3679 1412 3759 Orthodoxi,
1447 3700 1487 3743 cx
1509 3678 1559 3741 illa
1581 3678 1670 3742 delc-

299 3777 402 3839 ctione
423 3787 547 3841 coactos
569 3778 664 3842 luisse
686 3781 723 3843 ad
753 3781 934 3844 deditionem
956 3778 1131 3844 faciendam.
1176 3781 1260 3844 llaec
1282 3779 1337 3843 luit
1360 3780 1585 3843 Haereticorum
1598 3779 1670 3842 illo-

298 3893 366 3937 rum
390 3875 537 3940 adversus
558 3876 709 3961 legitimos
732 3881 886 3962 principes
909 3898 980 3943 suos
1003 3880 1091 3943 fides:
1116 3881 1222 3962 majori
1243 3899 1319 3944 vero
1342 3879 1439 3942 adhuc
1458 3880 1588 3958 scelere,
1612 3899 1669 3941 cu-

294 3974 348 4054 jus
371 3993 429 4037 non
453 3994 530 4039 unus
553 3985 604 4038 aut
626 3976 703 4040 alter
724 3979 888 4043 insimulari
910 3989 1067 4061 poterant,
1091 3980 1146 4043 sed
1169 3987 1232 4043 tota
1253 3980 1391 4043 Ecclesia
1412 3979 1588 4057 Jacobitica,
1611 3979 1667 4041 suh

298 4073 540 4138 Patriarcharum
563 4096 685 4139 suorum
707 4080 885 4158 autoritate,
909 4078 1043 4143 Graecos
1066 4079 1261 4142 Orthodoxos
1284 4081 1335 4160 qui
1357 4079 1528 4161 paucissimi
1542 4087 1573 4141 et
1595 4077 1669 4140 abs-

298 4190 360 4253 que
383 4173 536 4255 Episcopo
560 4186 781 4252 remanserant,
803 4180 834 4240 in
857 4185 992 4242 extrema
1014 4197 1108 4260 saepe
1130 4178 1265 4260 pericula
1289 4178 1488 4255 adduxerunt,
1512 4178 1669 4241 calumniis

299 4272 365 4334 suis
388 4291 444 4335 eos
467 4274 546 4354 apud
568 4284 690 4356 gentem
713 4278 994 4359 suspiciosissimam
1016 4278 1213 4357 traducendo,
1237 4279 1324 4360 quasi
1341 4297 1436 4341 novas
1459 4296 1509 4340 res
1532 4279 1563 4339 in
1578 4276 1669 4340 savo-

299 4388 364 4432 rem
398 4370 584 4437 Graccorum
622 4377 839 4458 Imperatorum
869 4376 1064 4456 molirentur,
1095 4381 1165 4459 quia
1197 4380 1226 4440 in
1253 4378 1360 4442 eadem
1391 4378 1540 4459 religione
1571 4384 1667 4441 erant.

300 4469 408 4551 Neque
431 4474 574 4537 meliores
597 4477 626 4537 in
649 4474 708 4540 hoc
731 4476 823 4538 ollicii
845 4476 1137 4558 generehlelohitae
1156 4478 1287 4557 luerunt,
1311 4479 1446 4558 quarnvis
1466 4480 1563 4542 minor
1586 4486 1668 4542 esset

298 4569 385 4649 fidei,
410 4580 461 4634 aut
483 4591 580 4654 prope
603 4575 683 4637 nulla
707 4576 786 4638 inter
808 4594 863 4638 eos
876 4575 1071 4657 Francosque
1084 4578 1303 4659 Hierosolymis
1318 4586 1482 4662 regnantes
1498 4578 1668 4659 diversitas,

299 4675 397 4731 tamen
422 4690 488 4732 curn
513 4691 578 4734 eam
601 4674 706 4737 urbem
730 4673 946 4738 Salaheddinus
970 4675 1127 4739 obsessam
1150 4685 1285 4757 teneret,
1309 4697 1365 4741 nec
1387 4679 1505 4742 obsidio
1528 4699 1567 4742 cx
1595 4687 1667 4743 voto

299 4770 420 4831 omnino
451 4770 646 4852 succederet,
677 4792 744 4836 eam
774 4775 912 4836 omittere
941 4776 1107 4857 cogitabat,
1138 4777 1194 4837 nisi
1223 4777 1364 4840 Melchita
1393 4779 1528 4859 quidam,
1563 4797 1667 4843 omnes

298 4884 373 4929 snae
407 4869 564 4953 religionis
599 4872 752 4950 homines,
783 4872 869 4935 simul
900 4893 966 4936 cum
1000 4875 1146 4938 Jacobitis
1178 4878 1384 4957 conjuratione
1414 4878 1577 4962 illigasset,
1608 4899 1667 4962 qua

297 4965 408 5029 Franci
431 4968 507 5030 adeo
530 4973 683 5050 perterriti
705 4979 792 5052 sunt,
826 4980 860 5034 ut
881 4973 980 5035 statim
1011 4974 1193 5039 deditionem
1221 4976 1358 5041 iecerint.
1405 4979 1500 5042 l'anta
1522 4987 1569 5043 est
1589 4942 1991 5083 hac-mwgmw

295 5069 375 5129 rosis
398 5075 430 5130 et
450 5068 625 5134 rebellionis
647 5071 786 5136 allinitas.

1381 5195 1460 5270 41*
