4525 6034
557 551 609 629 tlt
640 546 932 627 ttloaatls
965 542 1238 625 stellans.
1528 546 1580 621 at

216 734 349 814 cobitos,
371 741 403 796 et
425 752 510 797 suum
532 753 654 817 quoque
676 737 717 798 ita
744 733 927 816 appellatum
955 732 1128 797 Nestoriani
1156 731 1282 795 babent:
1312 730 1449 813 Coptitae
1477 730 1582 814 Syno-

212 836 337 897 oeosmtm
358 843 478 899 vocant.
522 834 666 909 Ouamvis
694 834 773 898 enim
796 833 911 897 Graeca
933 852 1012 907 vox,
1040 850 1128 915 quam
1156 833 1359 910 retinuerunt,
1393 830 1473 895 aliud
1503 849 1581 913 opus

213 934 338 998 Graecis
360 934 546 997 notissimum
569 935 734 1019 significet,
756 952 865 1015 nempe
888 933 1065 998 Sanctorum
1086 933 1222 1010 nomina,
1245 939 1278 994 et
1299 940 1387 1013 gesta
1411 931 1583 998 calendarii

214 1033 320 1096 ordine
342 1032 497 1114 disposita,
519 1043 550 1098 et
571 1035 667 1098 simile
685 1052 806 1115 quoque
819 1032 957 1114 Coptitae
979 1038 1149 1115 agnoscunt
1169 1031 1249 1093 inter
1270 1030 1364 1094 libros
1386 1032 1582 1107 Ecclesiasti-

214 1149 268 1196 cos
289 1150 374 1208 suos,
397 1134 544 1216 singulari
564 1141 664 1196 tamen
685 1133 916 1218 significatione,
938 1133 1039 1213 hymni
1061 1131 1100 1193 ad
1114 1132 1242 1196 Sanctos
1265 1131 1307 1193 ita
1330 1131 1476 1214 dispositi,
1499 1134 1581 1216 Syn-

215 1232 333 1293 osorio
348 1232 554 1314 appellantur:
577 1234 707 1315 taliaque
722 1239 826 1296 entant
838 1232 870 1295 in
884 1231 1090 1306 Bibliothecis3
1114 1238 1144 1293 et
1158 1229 1263 1293 similia
1281 1230 1391 1294 babent
1402 1231 1580 1314 Aethiopes.
1662 1244 1668 1255 ‘

301 1322 530 1396 Observandum
552 1352 673 1415 quoque
695 1341 759 1411 est,
781 1351 821 1396 ne
844 1332 917 1413 quid
939 1331 977 1394 ad
1005 1331 1124 1393 llituum
1152 1330 1348 1393 Orientalium
1378 1333 1582 1416 cognitionem
1633 1323 1726 1423 libam
1753 1322 1903 1421 structorum

213 1437 358 1511 spectans
380 1433 550 1510 omittatur,
580 1433 659 1514 apud
682 1434 795 1514 Syros,
823 1432 1018 1514 reliquosque
1047 1430 1219 1494 Orientales
1242 1429 1438 1509 Christianos,
1468 1435 1498 1496 in
1520 1450 1581 1514 quo
1593 1411 1680 1465 ''¹¹¹¹'‘
1697 1427 1724 1463 ¹¹¹
1741 1406 1854 1462 ⁰¹¹⁰¹¹¹⁰·

215 1527 361 1593 Graecam
385 1530 570 1614 disciplinam
591 1540 776 1614 sequuntur,
799 1531 908 1594 blissas
930 1531 1109 1595 Sanctorum
1131 1531 1289 1611 proprias,
1312 1538 1345 1592 ut
1365 1534 1398 1593 in
1416 1533 1582 1597 Occidente

214 1636 286 1692 sunt
308 1637 340 1692 et
361 1629 481 1694 luerunt
504 1651 522 1694 a
544 1632 798 1717 longinquissimis
820 1630 1023 1711 temporibus,
1046 1629 1143 1692 nullas
1167 1647 1246 1692 esse.
1291 1630 1403 1692 Verum
1418 1632 1584 1716 Liturgiam

214 1728 325 1792 eodem
347 1748 469 1813 semper
491 1738 597 1795 tenore
620 1734 650 1796 in
678 1732 856 1797 Sanctorum
885 1729 1112 1794 solennitatibus
1141 1728 1310 1792 celebrant:
1341 1729 1474 1812 nihilque
1504 1731 1585 1812 adji-

215 1829 311 1907 citur,
340 1830 398 1892 nisi
427 1829 583 1912 Epistolao
612 1839 663 1895 aut
685 1832 809 1895 alterius
838 1831 907 1894 libri
934 1830 1015 1894 sacri
1043 1829 1153 1906 lectio,
1182 1827 1440 1912 Evangeliumque
1463 1831 1500 1893 ad
1531 1850 1583 1895 eas

213 1930 387 2010 pertinens:
409 1929 488 1993 inter
510 1949 589 2012 iprae
613 1931 772 2013 aliquando
795 1930 913 1993 Sedroe
934 1929 984 1992 vel
1006 1928 1083 1991 aliae
1105 1927 1192 2010 bujus
1214 1933 1337 2013 generis
1351 1931 1505 1993 orationes
1527 1947 1584 1992 ca-

215 2034 340 2091 nuntur.
382 2027 455 2091 lllae
477 2039 577 2093 autern
603 2049 816 2112 nonnunquam
834 2029 998 2093 Prooemia
1019 2026 1223 2110 appellantur:
1251 2028 1306 2091 sed
1334 2047 1489 2093 commune
1511 2030 1584 2093 nihil

214 2126 329 2189 babent
365 2145 432 2190 oum
467 2130 578 2193 nostris
601 2130 857 2193 Praelationibus:
887 2136 938 2191 aut
967 2146 1034 2191 eum
1062 2129 1188 2191 vetustis
1219 2128 1283 2190 aliis
1312 2128 1396 2191 Ritus
1430 2128 1583 2205 Gallicani,

216 2226 329 2290 Gottici
352 2234 403 2288 aut
424 2226 621 2293 llosarabiei:
643 2231 703 2293 imo
725 2237 756 2292 et
777 2231 872 2311 ipsius
894 2228 1035 2307 Romani,
1057 2227 1089 2289 in
1111 2227 1219 2310 quibus
1242 2227 1280 2290 de
1304 2227 1483 2291 Sanctorum
1504 2247 1585 2309 quo-

213 2345 284 2389 rum
305 2327 449 2388 memoria
472 2327 636 2411 agebatur,
659 2329 816 2408 laudibus,
839 2328 986 2406 stactis,
1008 2327 1099 2391 multa
1122 2327 1360 2392 continebantur.
1406 2329 1477 2391 Tam
1497 2347 1585 2392 com-

214 2426 315 2489 munis
338 2432 448 2502 autem,
470 2427 667 2510 omnibusque
681 2427 847 2510 approbata
869 2426 1025 2508 disciplina
1047 2427 1194 2490 luitciroa
1207 2426 1384 2490 Sanctorum
1401 2429 1585 2508 memoriam,

214 2533 290 2588 vota
312 2525 350 2588 ad
374 2544 479 2589 eorum
501 2528 661 2609 sepulcra,
683 2518 953 2608 confidentiamque
974 2527 1005 2588 in
1028 2546 1133 2591 eorum
1156 2526 1236 2608 apud
1261 2526 1358 2589 Deum
1384 2527 1586 2591 interventio-

215 2624 326 2701 nibus,
348 2632 382 2688 ut
403 2627 462 2706 ipsi
482 2626 705 2707 llubamedani,
735 2626 835 2689 multis
863 2627 1014 2689 miraculis
1042 2628 1189 2705 convicti,
1219 2627 1444 2690 venerationem
1466 2628 1586 2691 illorum

216 2725 311 2787 uariis
333 2725 363 2786 in
385 2723 460 2787 locis
483 2728 679 2804 retinuerint,
703 2734 734 2789 et
763 2726 800 2789 ad
827 2743 900 2789 suos
922 2726 1057 2789 homines
1086 2725 1304 2789 transtulerint.
1347 2725 1452 2807 ltaque
1480 2727 1586 2792 ldolo-

215 2823 325 2887 latriae
347 2841 387 2886 ne
408 2825 541 2889 umbram
564 2826 684 2907 quidem
706 2834 911 2908 agnoverunt,
934 2826 965 2888 iu
988 2826 1038 2907 pio
1061 2825 1112 2888 illo
1136 2826 1269 2904 bonore,
1298 2842 1386 2906 quem
1408 2828 1586 2891 Sanctorum

215 2923 382 2986 memoriae
404 2943 421 2986 a
449 2923 625 2989 Christianis
654 2925 766 2989 deferri
794 2925 953 2989 videbant:
982 2933 1015 2988 ut
1043 2944 1143 3008 neque
1169 2927 1200 2988 in
1231 2925 1312 2988 crdtu
1334 2943 1488 2991 sacrarum
1509 2928 1586 2990 ima-

216 3041 330 3105 gruum.

589 3391 786 3485 Praecipue
811 3391 854 3462 B.
888 3389 1038 3483 Virginis
1063 3390 1211 3462 Mariae.
1599 3401 1646 3543 ΖΡ.
1665 3404 1709 3454 32.
1727 3401 1744 3453 t
1762 3402 1806 3455 23.
1824 3411 1848 3454 e
1863 3402 1907 3457 36.

1608 3529 1615 3544 .
1633 3493 1660 3543 5.
1994 3502 1998 3509 «

313 3622 457 3701 Prorsus
481 3636 675 3701 Orientalium
705 3657 780 3723 erga
802 3639 836 3703 B.
881 3638 1037 3722 Virginem
1058 3646 1103 3702 tot
1124 3646 1194 3702 sunt
1215 3647 1405 3723 argumenta,
1438 3650 1472 3705 ut
1501 3645 1585 3709 libris
1633 3661 1723 3715 Cultus
1741 3658 1909 3715 Orientalium

217 3737 459 3813 Ecclesiasticis,
482 3754 607 3818 quorum
629 3738 735 3820 aliqui,
757 3756 833 3818 quos
848 3738 1031 3802 Graecorum
1053 3738 1192 3819 exemplo
1209 3740 1369 3805 lbeotolrio
1386 3749 1507 3822 vocant,
1530 3763 1586 3808 seu
1599 3764 1662 3819 erga
1679 3748 1710 3803 B.
1727 3747 1866 3818 virginem.

218 3838 334 3904 Preces
357 3840 395 3902 ad
416 3838 592 3919 Deiparam,
616 3838 696 3919 pleni
717 3848 788 3901 sunt
810 3839 994 3902 orationibus
1018 3838 1148 3917 adeam,
1170 3846 1202 3900 ut
1224 3856 1275 3902 res
1297 3840 1433 3904 ulteriori
1449 3843 1586 3924 explica-

219 3941 307 4003 tione
328 3957 388 4001 non
410 3938 558 4019 indigeat:
582 3946 612 4000 ct
630 3938 692 4023 jam
715 3939 752 4002 de
773 3939 832 4001 boc
854 3946 1030 4020 argumento
1052 3938 1163 4001 dictum
1185 3939 1283 4001 estin
1307 3938 1526 4005 Commentario
1548 3944 1586 4007 ad
1634 3942 1663 3995 P·
1680 3942 1743 3996 23³·

220 4039 379 4119 Copticam
400 4038 564 4120 Liturgiam
586 4036 696 4099 Basilii.
740 4038 896 4100 Jacobitae
918 4038 1113 4119 praesertim,
1138 4038 1189 4118 qui
1216 4037 1363 4102 adversus
1390 4041 1586 4106 Nestorianos

221 4139 263 4202 de
285 4136 385 4200 divina
407 4137 472 4218 eJos
494 4137 682 4199 maternitate
710 4143 855 4200 tractatus
885 4136 992 4200 multos
1022 4135 1197 4216 ediderunt,
1225 4127 1465 4225 eam’singulari
1490 4162 1588 4206 vene·

220 4239 342 4301 ratione
365 4243 595 4318 prosequuntur.
639 4235 725 4298 Unde
747 4237 777 4298 in
799 4235 953 4319 plerisque
976 4235 1305 4300 commemorationibus
1333 4242 1431 4321 primo
1459 4240 1526 4305 loco
1556 4243 1587 4306 B.

220 4338 320 4421 Virgo
342 4336 512 4400 nominatur
533 4334 626 4397 veluti
649 4342 853 4398 creaturarum
883 4336 1152 4417 praestantissima:
1180 4342 1270 4417 atque
1297 4337 1326 4400 id
1357 4338 1537 4405 observatur
1556 4346 1589 4405 in

222 4436 343 4499 Graeco
353 4435 488 4519 liturgia
503 4434 608 4497 Jacobi
626 4421 816 4520 Ἐξαιρέτως
835 4431 894 4520 τῆς
915 4427 1083 4518 monaydae,
1106 4421 1267 4520 ἆχρᾶνιου
1288 4432 1343 4499 καὶ
1366 4430 1589 4526 n‘nrapaoioyp-

222 4529 324 4619 μένης
352 4524 486 4614 ἐνδόξου
513 4527 685 4618 δεσποίνης
711 4522 803 4617 ἡμῶν
824 4520 985 4596 θεοτόκου
1014 4529 1070 4596 καὶ
1096 4521 1321 4620 οἷειπαρθένου
1349 4534 1503 4624 Magios:
1531 4560 1589 4605 nec

221 4635 312 4698 aliter
333 4636 365 4697 in
386 4634 511 4716 reliquis
534 4632 668 4698 Graecis.
712 4633 767 4695 llic
788 4652 862 4697 vero
884 4634 1082 4715 praemittitur
1103 4635 1246 4697 memoria
1273 4635 1397 4700 loannis
1426 4638 1588 4721 Baptistae,

223 4735 297 4817 quia
326 4734 440 4797 sedicet
467 4735 546 4797 inter
574 4741 662 4797 natos
689 4733 862 4813 milliorum
893 4735 1035 4817 majorem
1062 4733 1115 4797 illo
1143 4751 1203 4796 non
1233 4736 1419 4817 surrexisse,
1450 4738 1587 4806 Christus

221 4834 293 4916 ipse
315 4841 440 4897 testatus
464 4840 520 4897 est.
554 4833 604 4895 lln
624 4833 676 4897 illa
698 4850 788 4897 cansa
809 4834 849 4897 sit
871 4851 926 4896 cur
946 4850 1055 4897 nornen
1077 4833 1143 4917 ejus
1165 4836 1387 4916 praemittatur,
1410 4854 1471 4899 non
1484 4838 1588 4921 liquet,

224 4950 329 5014 nequa
349 4933 442 5014 plane
460 4932 630 4996 verisimilis
652 4932 787 4997 videtur:
810 4951 878 4997 nam
898 4934 929 4995 in
951 4933 1065 5015 aliquot
1094 4933 1315 5015 exemplaribus
1344 4942 1415 5015 post
1441 4936 1588 5001 loannem

226 5029 391 5115 Baptistam
412 5032 581 5097 nominatur
603 5032 772 5116 Stephanus
794 5033 1008 5118 Protomartyr,
1031 5039 1064 5096 ut
1085 5034 1116 5098 in
1138 5032 1271 5098 Romana
1293 5033 1442 5118 editione,
1469 5037 1501 5102 iu
1523 5034 1587 5103 Oo-
1633 5047 1665 5102 P.
1684 5048 1746 5103 198.
