4525 6034
709 575 786 650 478
1218 573 1577 651 llTURGld

709 767 805 835 sione
831 773 886 834 tua
914 760 1054 857 lrpssopi
1082 763 1128 830 tui
1155 757 1275 830 munda
1303 780 1374 847 me,
1402 782 1513 854 neque
1531 758 1702 853 elongeris
1729 785 1835 847 ame,
1860 762 2042 837 sedabuudet

706 882 737 948 in
766 900 820 948 me
846 879 954 968 gratia
982 888 1058 964 tua,
1086 884 1119 945 et
1145 873 1251 946 libera
1280 897 1334 946 me
1361 872 1403 946 ab
1431 875 1583 947 omnibus
1610 879 1756 971 quaein
1782 881 1836 948 ine
1867 877 1937 950 odio
1964 877 2042 969 digna

707 1004 791 1065 sunt.
844 992 898 1064 Da
924 990 1000 1063 mibi
1028 992 1255 1063 sustinentiam
1284 1000 1319 1061 ut
1344 999 1515 1063 transeam
1541 1012 1604 1086 per
1639 990 1791 1064 mundum
1825 991 1905 1063 bunc
1933 1003 2043 1087 tempo-

706 1111 811 1180 ralem
838 1117 872 1178 et
898 1104 1118 1179 laboriosam:
1147 1105 1189 1176 da
1216 1104 1293 1176 mibi
1319 1116 1354 1177 ut
1382 1127 1567 1198 agnoscam
1595 1106 1788 1198 dignitatern
1814 1110 1971 1177 mmbmrii
1991 1107 2043 1178 ln-

702 1229 777 1318 jus,
804 1230 940 1317 praesta
968 1242 1022 1291 me
1048 1219 1319 1312 dignumlumine
1333 1229 1390 1292 tuo
1404 1232 1555 1294 aeterno.
1606 1221 1777 1294 Memento
1800 1223 1937 1293 Domine
1953 1209 2044 1294 eorum

707 1342 762 1434 qui
790 1342 821 1408 in
849 1334 951 1408 exilio
980 1344 1071 1421 sunt,
1098 1336 1320 1423 infirmorum,
1347 1347 1381 1408 et
1408 1336 1617 1424 afflictorum,
1645 1346 1820 1410 eteorum
1856 1341 1908 1431 qui
1936 1346 2046 1431 speram

706 1459 738 1526 in
767 1463 818 1542 te;
855 1461 954 1546 atque
988 1450 1110 1542 adjuva
1147 1474 1208 1523 eos
1236 1453 1267 1521 in
1304 1455 1516 1522 necessitate.
1569 1452 1738 1524 Memento
1772 1456 1871 1523 etiarn
1900 1456 1995 1541 atris,
2020 1461 2046 1522 at

706 1567 885 1664 multiplica
913 1564 1180 1638 benedictionem
1207 1568 1298 1636 anni:
1326 1577 1426 1662 atque
1454 1564 1687 1639 abundantiam
1705 1567 1868 1640 mearum
1883 1566 1968 1638 simul
1989 1589 2046 1638 curn

705 1708 808 1780 pace,
835 1681 889 1752 fac
916 1686 949 1753 in
977 1679 1061 1753 orbe
1088 1678 1250 1784 obtinere.

809 1797 973 1890 Populus.
1027 1795 1134 1891 llyrie
1162 1795 1301 1868 eleison.

809 1912 991 2008 Sacerdos¹
1016 1911 1155 1984 elevarae
1186 1932 1313 1982 nocem,
1365 1912 1517 2003 Integre,
1552 1912 1723 2006 perfecte,
1753 1920 1789 1983 et
1820 1910 2047 1984 misericorditer

705 2050 873 2101 conserva
899 2027 1044 2100 Domine
1069 2025 1227 2121 populum
1253 2038 1342 2098 tuum
1370 2024 1516 2115 fidelem,
1543 2037 1576 2098 et
1601 2025 1707 2098 bbera
1731 2048 1795 2098 uos
1809 2051 1831 2098 a
1846 2027 1956 2099 lurore
1973 2027 2048 2113 duro,

705 2154 740 2213 et
766 2142 862 2215 salva
889 2165 951 2215 nos
980 2164 999 2213 a
1028 2140 1116 2213 fame
1144 2149 1179 2212 et
1205 2141 1404 2236 pestilentia,
1430 2152 1580 2213 aterrae
1593 2152 1684 2214 motu
1696 2151 1729 2213 et
1746 2143 1912 2214 incendio.
1960 2142 2049 2213 Prae·

705 2281 806 2330 serva
841 2279 904 2329 nos
932 2281 953 2329 a
980 2254 1215 2328 tentationibus
1247 2255 1381 2329 Diaboli
1415 2268 1449 2329 et
1483 2256 1524 2328 ab
1559 2257 1711 2330 omnibus
1745 2261 1906 2349 inimicis,
1937 2257 2049 2329 occultis

577 2455 582 2462 ,
704 2386 738 2446 et
765 2372 959 2447 manifestis.
1013 2370 1084 2443 Nos
1112 2373 1212 2444 etiam
1238 2369 1364 2445 liberos
1391 2382 1526 2468 praesta
1554 2396 1574 2443 a
1601 2372 1814 2468 passionibus
1847 2377 2051 2470 perversiset

703 2487 943 2585 reprobandis,
971 2496 1005 2558 et
1031 2484 1073 2558 ab
1102 2489 1192 2559 omni
1223 2509 1432 2581 quocumque
1467 2511 1582 2561 earum
1615 2510 1725 2560 rernm
1757 2509 1905 2579 genere,
1938 2510 2051 2583 quaen

703 2617 735 2676 te
762 2625 826 2676 nos
852 2602 969 2701 procul
997 2601 1130 2675 iaciunt.
1183 2600 1292 2674 Aufer
1318 2626 1339 2674 a
1364 2603 1461 2676 nobis
1487 2604 1606 2699 plagas
1633 2602 1750 2692 malas,
1777 2614 1812 2675 et
1840 2607 1953 2696 virgas
1971 2604 2050 2674 inro-

702 2724 765 2791 ris:
794 2720 916 2813 adjuva
943 2740 1007 2791 nos
1033 2716 1178 2789 Domine
1212 2716 1372 2790 Salvator
1405 2728 1540 2809 noster,
1576 2722 1850 2814 quotiescumque
1884 2723 2052 2792 invocamus

702 2845 754 2922 tc,
782 2846 816 2906 et
841 2857 885 2906 ne
913 2834 1080 2929 despicias
1108 2831 1382 2928 supplicationem
1411 2833 1617 2926 adorantium
1649 2843 1692 2905 te.
1744 2835 1912 2907 Miserere
1942 2856 2051 2930 paupe·

701 2973 792 3040 rum,
820 2952 981 3046 propitius
1008 2959 1082 3020 esto
1110 2969 1194 3039 erga
1220 2950 1440 3044 peregrinos:
1468 2948 1626 3044 orphanis
1652 2953 1743 3020 vitae
1768 2954 1961 3022 necessaria
1984 2973 2053 3045 pro-

700 3066 797 3156 vide,
824 3067 1008 3137 esurientes
1034 3063 1139 3158 reple.
1191 3065 1337 3156 Protege
1352 3062 1540 3137 Ecclesiam
1556 3076 1658 3154 tuam,
1684 3086 1746 3160 per
1767 3088 1906 3136 crucem
1920 3066 2054 3158 unigeniti

701 3180 776 3252 Filii
803 3184 868 3268 tui,
900 3189 935 3251 et
967 3177 1080 3249 exalta
1113 3178 1200 3250 lilios
1235 3181 1326 3269 ejus,
1359 3197 1421 3275 per
1455 3185 1750 3254 conservationem
1775 3202 1885 3254 verae
1919 3181 2002 3252 fidei:
2028 3188 2054 3248 ut

684 3295 886 3368 ‘reseramus
913 3291 971 3365 tibi
999 3292 1141 3386 gloriam
1169 3303 1203 3364 et
1229 3292 1378 3384 taudem,
1406 3307 1440 3368 et
1465 3298 1635 3388 unigenito
1662 3294 1747 3367 Filio
1774 3305 1854 3384 tuo,
1882 3306 1917 3367 et
1941 3295 2055 3390 Spiritui

699 3422 755 3483 tuo
777 3421 911 3484 sancto.
1838 3409 1842 3418 '

804 3526 965 3619 Populea.
1018 3526 1138 3597 Amen.

804 3640 980 3711 Sacerdos
1010 3639 1203 3710 inclinatae.
1258 3638 1424 3712 Miserere
1456 3640 1601 3715 Domine
1632 3646 1838 3736 paupertatis
1874 3666 1986 3730 meae,
2014 3641 2057 3734 qui

701 3768 734 3829 te
761 3760 885 3829 invoco
914 3754 977 3827 boc
1004 3764 1165 3850 tempore.
1219 3757 1388 3829 Memento
1415 3779 1478 3852 per
1500 3761 1640 3848 gratiam
1675 3768 1761 3829 tuam
1796 3780 1914 3831 eorum
1947 3762 1997 3852 qui
2024 3755 2057 3826 ad

699 3881 733 3942 te
761 3870 973 3964 confugiunt,
1001 3867 1201 3963 adjuvantes
1235 3869 1422 3944 Ecclesiam
1459 3881 1546 3944 tuam
1582 3882 1731 3944 sanctam
1766 3877 1799 3945 in
1833 3875 1945 3948 verbo
1977 3875 2058 3945 etin

699 4009 820 4083 opere:
849 3989 903 4082 qui
929 3984 1093 4058 honorant
1120 3996 1276 4077 sanctos,
1303 3990 1358 4080 qui
1385 4010 1499 4060 curam
1525 3999 1646 4081 gerunt
1671 4011 1855 4086 pauperum
1876 3988 1988 4086 popul
2010 3989 2056 4072 ui,

699 4115 874 4174 eteorum
903 4104 957 4196 qui
984 4105 1017 4172 in
1045 4102 1096 4173 bis
1123 4100 1346 4177 oblationibus
1372 4112 1501 4199 partem
1527 4102 1730 4193 babuerunt3
1762 4115 1799 4177 ut
1831 4106 1984 4194 illorum,
2015 4106 2058 4196 qui

700 4218 823 4291 offerre
857 4216 1056 4306 voluerunt,
1096 4217 1158 4290 sed
1197 4240 1264 4290 non
1298 4227 1485 4315 potuerunt.
1539 4219 1678 4291 Praesta
1704 4217 1848 4315 [quoque
1884 4223 2059 4295 memoriam

697 4333 820 4406 bonam
847 4331 996 4428 patribus
1024 4342 1058 4404 et
1084 4332 1242 4406 iratribus
1268 4336 1411 4423 nostris,
1438 4344 1471 4405 et
1497 4336 1538 4407 iis
1565 4333 1716 4409 omnibus
1754 4339 1808 4430 qui
1842 4340 2056 4410 communica-

697 4457 817 4519 verunt
843 4449 1037 4519 necessitati
1063 4458 1218 4537 nostrae,
1247 4461 1346 4544 atque
1373 4448 1688 4522 commendaverunt
1718 4448 1836 4540 nohis,
1873 4464 1917 4549 ut
1941 4473 2057 4525 memo-

697 4563 779 4633 riam
807 4585 923 4635 eorum
951 4583 1148 4653 ageremus,
1175 4586 1290 4637 coram
1318 4576 1350 4638 te
1376 4566 1469 4638 Deus
1497 4566 1653 4638 clemens.

801 4677 963 4770 Populos.
1018 4676 1124 4771 llyria
1152 4677 1291 4752 eleison.

800 4790 976 4865 Sacerdos
1003 4792 1142 4864 elevans
1167 4815 1295 4865 vocem.
1347 4795 1516 4868 Memento
1531 4797 1675 4870 Domine
1686 4800 1948 4894 uniuscuiusque
1961 4819 2059 4871 eorum

697 4927 782 4998 quos
809 4910 1144 4983 commemoravimus
1172 4932 1287 4982 eoram
1314 4919 1369 4998 te,
1396 4921 1430 4982 et
1457 4932 1572 4984 eornm
1599 4917 1696 4984 etiam
1724 4935 1867 5008 quorum
1902 4938 1970 4989 non
1993 4934 2057 4985 me-

696 5022 865 5095 minimus:
892 5035 927 5096 ut
962 5046 1079 5097 eorum
1110 5027 1166 5118 qui
1202 5024 1361 5117 adjuvant
1393 5047 1579 5122 pauperes,
1595 5008 1758 5120 egenos,
1794 5040 1829 5100 at
1865 5032 2057 5123 angustiatos
