4525 6034
592 561 622 638 S.
648 557 814 637 DlOllYSll
840 562 1072 640 ATHENARUM
1097 562 1278 640 EPlSCOPl.
1542 569 1619 643 205

350 746 534 818 Sacerdos.
588 747 664 841 lpse
691 750 790 818 etiam
817 758 1030 843 praeceptum
1066 750 1125 822 toti
1157 752 1266 821 coetui
1297 760 1331 821 et
1364 755 1620 844 congregationi

246 863 390 936 bdelium
415 885 477 958 per
504 861 641 933 eosdem
667 861 854 956 Apostolos
881 873 1016 935 sanctos
1050 863 1151 953 dedit,
1183 863 1313 937 dicens:
1344 866 1420 939 Hoc
1451 867 1551 940 facite
1586 873 1620 941 in

244 981 311 1047 mei
348 981 560 1064 memoriam,
595 981 868 1073 quotiescumque
902 978 1142 1052 manducabitis
1168 1003 1289 1075 panem
1316 981 1403 1054 bunc
1429 993 1464 1054 et
1489 986 1620 1055 mistum

246 1093 334 1187 quod
361 1096 395 1164 in
421 1093 484 1164 boc
511 1093 617 1165 calice
644 1102 697 1164 est
721 1091 854 1181 bibetis,
883 1105 918 1166 et
942 1093 1007 1166 boo
1034 1098 1226 1166 convivium
1249 1094 1475 1186 celebrabitis,
1501 1101 1619 1171 mortis

244 1231 343 1280 meae
369 1211 718 1280 commemorationem
745 1211 853 1298 agetis
881 1209 988 1281 donec
1014 1213 1159 1281 veniam.

349 1323 509 1416 Populos.
562 1324 681 1397 Mortis
708 1334 784 1395 tuae
810 1326 954 1397 Domine
980 1328 1174 1397 memoriam
1200 1328 1339 1417 agimus.

348 1439 532 1510 Sacerdos.
585 1440 773 1534 Praecepto
807 1443 908 1532 igitur
933 1442 1108 1513 Dominico
1144 1449 1201 1513 tuo
1235 1442 1480 1539 obsequentes„
1517 1467 1617 1517 com-

242 1559 518 1628 memorationem
544 1559 660 1627 mortis
688 1565 721 1626 et
747 1558 1002 1628 resurrectionis
1028 1566 1105 1628 tuae
1131 1578 1195 1652 per
1220 1559 1416 1632 sacrificium
1442 1560 1506 1633 hoc
1530 1584 1618 1656 per-

243 1679 347 1765 petuo
374 1671 584 1744 celebrantes
617 1674 650 1741 in
681 1674 861 1766 mysterio:
895 1680 1112 1766 expectamus
1149 1694 1281 1768 quoque
1315 1675 1494 1748 adventum
1528 1686 1617 1748 tuum

242 1786 436 1876 secundun,
461 1790 716 1859 renovationem
743 1790 879 1878 generis
905 1789 1029 1876 nostri,
1061 1798 1095 1859 et
1120 1787 1381 1862 vivificationem
1408 1791 1617 1865 mortalitatis

242 1910 389 1974 nostrae.
442 1902 518 1973 Non
544 1905 631 1972 enim
659 1902 864 1996 simpliciter,
890 1901 952 1974 sed
978 1924 1052 1974 cum
1079 1902 1189 1993 gloria
1215 1902 1291 1974 Deo
1319 1904 1439 1997 digua,
1473 1910 1506 1977 iu
1532 1907 1622 2002 Spi-·

241 2020 306 2087 ritu
333 2015 487 2088 ineffabili
513 2015 703 2089 terribiliter
728 2016 909 2104 advenies,
936 2027 971 2090 et
998 2040 1099 2112 super
1125 2017 1276 2090 tbromm
1304 2020 1477 2093 excelsum
1503 2026 1617 2113 maje-

243 2136 339 2205 statis
374 2141 451 2203 tuae
487 2132 629 2218 sedens,
669 2135 872 2224 agnitionem
909 2135 1026 2223 regiae
1060 2135 1235 2227 potestatis
1275 2145 1353 2206 tuae
1386 2134 1429 2208 ab
1463 2136 1616 2210 omuibus

242 2249 384 2336 creatis,
417 2258 451 2320 et
476 2247 573 2320 iactis
601 2251 738 2340 exiges3
765 2248 989 2341 ultionemque
1016 2251 1170 2340 imaginis
1197 2259 1291 2338 tuae,
1327 2250 1368 2322 ab
1405 2254 1445 2323 iis
1474 2255 1529 2346 qui
1554 2274 1616 2346 per

231 2360 349 2434 'malas
375 2367 552 2458 passiones
579 2386 652 2434 eam
679 2374 909 2458 corruperunt,
933 2365 1023 2454 juste
1049 2362 1165 2436 iacies.
1219 2362 1422 2437 Sacrificium
1445 2365 1521 2455 boc,
1548 2365 1617 2439 illic

243 2476 461 2568 celebratam,
487 2480 547 2552 tibi
573 2501 872 2552 commemoramus
886 2478 1029 2551 Domine
1055 2489 1089 2550 et
1115 2481 1291 2575 passiones
1318 2503 1400 2575 quas
1427 2502 1490 2575 pro
1516 2481 1615 2556 nobis

242 2596 425 2667 sustinuisti
452 2599 485 2667 in
512 2617 622 2667 cruce.
674 2596 841 2690 Propitius
869 2604 954 2682 esto,
982 2616 1003 2665 o
1029 2594 1119 2667 bone
1146 2606 1180 2666 et
1206 2607 1335 2671 amator
1360 2596 1546 2686 bominum,
1581 2601 1615 2670 in

240 2708 324 2780 bora
350 2709 406 2781 illa
432 2710 532 2805 plena
559 2713 699 2798 timoris,
726 2721 760 2782 et
785 2709 1026 2804 trepidationis,
1043 2714 1299 2803 congregationi
1315 2710 1389 2783 huic
1407 2711 1615 2785 adorantium

242 2835 294 2914 te,
330 2834 364 2896 et
389 2824 541 2898 omnibus
572 2826 647 2899 liliis
672 2825 848 2897 Ecclesiae
875 2835 1011 2897 sanotae
1043 2825 1239 2920 redemptae
1270 2830 1433 2918 sanguine
1465 2830 1611 2921 pretioso

240 2951 310 3012 tuo.
364 2940 580 3036 Depellantur
606 2939 772 3024 carbones
796 2944 896 3033 ignis,
923 2941 965 3012 ab
994 2940 1057 3012 illis
1085 2944 1140 3034 qui
1170 2934 1185 2975 ³
1218 2944 1309 3012 tincti
1342 2950 1418 3013 sunt
1450 2945 1614 3035 sangnine

241 3064 311 3143 tuo,
338 3064 373 3127 et
398 3060 520 3149 signati
547 3057 774 3129 Sacramentis
800 3059 883 3142 tuis,
915 3059 949 3126 in
980 3058 1114 3128 nomine
1145 3066 1203 3128 tuo
1237 3067 1372 3143 sancto,
1406 3057 1499 3129 velut
1534 3058 1614 3129 olim

241 3167 374 3242 flamma
400 3171 625 3267 Babylonica,
658 3195 678 3243 a
708 3176 822 3267 pueris
858 3172 974 3243 domus
1009 3171 1193 3244 Hananiae.
1255 3171 1375 3265 Neque
1409 3174 1496 3244 enim
1530 3170 1614 3245 alios

239 3299 377 3382 praeter
403 3298 436 3359 te
462 3290 629 3370 novimus,
655 3289 762 3378 Deus,
787 3309 897 3380 neque
923 3290 957 3357 in
985 3286 1050 3358 alio
1077 3309 1171 3382 spem
1198 3286 1358 3358 babemus
1385 3286 1500 3360 salutis
1523 3309 1613 3360 con-

242 3402 458 3498 sequendae,
494 3407 523 3477 si
551 3403 681 3498 quidem
708 3403 906 3490 auxiliator,
939 3411 973 3473 et
1007 3402 1157 3475 salvator
1192 3406 1328 3494 generis
1361 3407 1467 3476 nostri
1502 3416 1536 3476 tu
1564 3424 1612 3474 es.

240 3517 286 3590 Et
305 3529 485 3615 eapropter
514 3523 647 3615 sapiens
670 3517 824 3591 Ecclesia
850 3525 918 3607 tua,
945 3540 1087 3612 perora
1107 3529 1142 3590 et
1160 3517 1291 3611 linguas
1306 3522 1449 3590 omnium
1465 3527 1614 3590 nostrum

241 3632 441 3729 deprecatur
467 3643 518 3722 te,
546 3642 580 3705 et
605 3656 667 3728 per
694 3643 745 3721 te,
772 3642 806 3704 et
832 3643 940 3704 tecum
966 3633 1099 3704 Patrem
1125 3643 1234 3722 mum,
1262 3634 1388 3705 dicens.

346 3750 507 3843 Populos.
560 3750 736 3821 Miserere.
1329 3745 1339 3766 '

345 3863 528 3937 Sacerdos.
582 3864 653 3938 Nos
683 3885 825 3958 quoque.

345 3981 532 4053 Diaconos.
586 3981 694 4068 Quam
721 3979 863 4052 timenda
891 3987 944 4050 est
968 3976 1053 4049 baec
1080 3977 1173 4050 hora.

274 4319 451 4393 Sacerdos
475 4323 659 4393 inclinatus
685 4321 770 4390 dicit
796 4319 994 4390 Orationem
1019 4318 1254 4390 Iooocaiioaia
1279 4317 1431 4411 Spiritus
1455 4322 1577 4390 sancii.

345 4543 396 4614 Te
422 4548 545 4616 invoco
571 4544 664 4615 Deus
690 4543 808 4614 Pater:
835 4544 998 4612 miserere
1022 4543 1146 4630 nostri,
1182 4548 1217 4611 et
1251 4539 1349 4612 ablue
1380 4544 1611 4636 pergratiam

238 4668 340 4746 tuam,
367 4658 600 4730 immunditiam
629 4680 768 4753 operum
793 4678 944 4728 meorum
970 4655 1145 4743 malornm,
1172 4654 1248 4727 dele
1269 4677 1333 4751 per
1349 4654 1611 4728 misericordiam

238 4785 347 4861 uam,
383 4796 469 4868 quae
504 4775 581 4846 odio
617 4774 716 4865 digna
748 4773 908 4844 commisi.
961 4770 1093 4843 Etenim
1126 4791 1195 4841 non
1228 4770 1374 4843 extendo
1406 4769 1449 4841 ad
1475 4779 1510 4841 te
1536 4792 1611 4842 curn

237 4886 357 4961 fiducia
385 4912 502 4962 manus
529 4911 644 4977 meas3
669 4910 780 4981 neque
807 4889 893 4958 euim
920 4907 1057 4982 possum
1074 4889 1108 4956 in
1130 4884 1261 4957 coelum
1281 4889 1447 4980 aspicere,
1473 4893 1611 4980 propter

237 5003 475 5077 multitudinem
507 5008 711 5100 iniquitatum
743 5024 909 5090 mearum,
945 5012 979 5073 et
1012 5003 1202 5096 spurcitiam
1234 4999 1419 5071 facinorum
1450 5021 1610 5072 meorum.

1317 5115 1406 5190 29*
