<?xml version="1.0" encoding="UTF-8"?>
<!DOCTYPE html PUBLIC "-//W3C//DTD XHTML 1.0 Transitional//EN"
    "http://www.w3.org/TR/xhtml1/DTD/xhtml1-transitional.dtd">
<html xmlns="http://www.w3.org/1999/xhtml" xml:lang="en" lang="en">
 <head>
  <title>
</title>
<meta http-equiv="Content-Type" content="text/html;charset=utf-8" />
  <meta name='ocr-system' content='tesseract 3.04.00' />
  <meta name='ocr-capabilities' content='ocr_page ocr_carea ocr_par ocr_line ocrx_word'/>
</head>
<body>
  <div class='ocr_page' id='page_1' title='image "./liturgiarumorie00unkngoog/liturgiarumorie00unkngoog_0753.png"; bbox 0 0 4525 6034; ppageno 0'>
   <div class='ocr_carea' id='block_1_1' title="bbox 567 599 1638 678">
    <p class='ocr_par' dir='ltr' id='par_1_1' title="bbox 567 599 1638 678">
     <span class='ocr_line' id='line_1_1' title="bbox 567 599 1638 678; baseline -0.001 -1"><span class='ocrx_word' id='word_1_1' title='bbox 567 601 598 677; x_wconf 89' lang='lat' dir='ltr'><strong>S.</strong></span> <span class='ocrx_word' id='word_1_2' title='bbox 624 599 761 677; x_wconf 74' lang='lat' dir='ltr'><strong>tuconi</strong></span> <span class='ocrx_word' id='word_1_3' title='bbox 785 599 973 677; x_wconf 82' lang='lat' dir='ltr'>APOSTOLI</span> <span class='ocrx_word' id='word_1_4' title='bbox 997 600 1155 677; x_wconf 74' lang='lat' dir='ltr'>FRATRIS</span> <span class='ocrx_word' id='word_1_5' title='bbox 1181 599 1325 678; x_wconf 74' lang='lat' dir='ltr'><strong>odunt</strong></span> <span class='ocrx_word' id='word_1_6' title='bbox 1587 602 1638 677; x_wconf 74' lang='lat'><strong>37</strong></span> 
     </span>
    </p>
   </div>
   <div class='ocr_carea' id='block_1_2' title="bbox 249 787 1643 1583">
    <p class='ocr_par' dir='ltr' id='par_1_2' title="bbox 249 787 1643 1583">
     <span class='ocr_line' id='line_1_2' title="bbox 250 787 1641 884; baseline -0.001 -22"><span class='ocrx_word' id='word_1_7' title='bbox 250 795 370 883; x_wconf 80' lang='lat' dir='ltr'><strong>gione,</strong></span> <span class='ocrx_word' id='word_1_8' title='bbox 398 790 454 884; x_wconf 90' lang='lat' dir='ltr'><strong>qui</strong></span> <span class='ocrx_word' id='word_1_9' title='bbox 479 791 513 860; x_wconf 94' lang='lat' dir='ltr'><strong>in</strong></span> <span class='ocrx_word' id='word_1_10' title='bbox 538 787 604 861; x_wconf 87' lang='lat' dir='ltr'><strong>fide</strong></span> <span class='ocrx_word' id='word_1_11' title='bbox 633 810 718 861; x_wconf 83' lang='lat' dir='ltr'><strong>vera</strong></span> <span class='ocrx_word' id='word_1_12' title='bbox 750 787 879 884; x_wconf 84' lang='lat' dir='ltr'><strong>pridem</strong></span> <span class='ocrx_word' id='word_1_13' title='bbox 911 787 1162 861; x_wconf 75' lang='lat' dir='ltr'>obdormientes</span> <span class='ocrx_word' id='word_1_14' title='bbox 1198 790 1417 882; x_wconf 84' lang='lat' dir='ltr'><strong>quievemnt,</strong></span> <span class='ocrx_word' id='word_1_15' title='bbox 1453 797 1488 861; x_wconf 90' lang='lat' dir='ltr'><strong>et</strong></span> <span class='ocrx_word' id='word_1_16' title='bbox 1520 787 1563 861; x_wconf 92' lang='lat' dir='ltr'><strong>ad</strong></span> <span class='ocrx_word' id='word_1_17' title='bbox 1599 798 1641 860; x_wconf 86' lang='lat' dir='ltr'><strong>te</strong></span> 
     </span>
     <span class='ocr_line' id='line_1_3' title="bbox 250 904 1643 1002; baseline -0.001 -24"><span class='ocrx_word' id='word_1_18' title='bbox 250 906 361 978; x_wconf 89' lang='lat' dir='ltr'><strong>Deum</strong></span> <span class='ocrx_word' id='word_1_19' title='bbox 385 905 564 977; x_wconf 89' lang='lat' dir='ltr'><strong>Dominum</strong></span> <span class='ocrx_word' id='word_1_20' title='bbox 598 908 768 1002; x_wconf 75' lang='lat' dir='ltr'>spirituum</span> <span class='ocrx_word' id='word_1_21' title='bbox 801 914 836 976; x_wconf 90' lang='lat' dir='ltr'><strong>et</strong></span> <span class='ocrx_word' id='word_1_22' title='bbox 868 907 977 977; x_wconf 89' lang='lat' dir='ltr'><strong>omnis</strong></span> <span class='ocrx_word' id='word_1_23' title='bbox 1015 908 1126 978; x_wconf 86' lang='lat' dir='ltr'><strong>carnis</strong></span> <span class='ocrx_word' id='word_1_24' title='bbox 1161 915 1395 1000; x_wconf 86' lang='lat' dir='ltr'><strong>pervenerunt</strong></span> <span class='ocrx_word' id='word_1_25' title='bbox 1451 904 1643 997; x_wconf 79' lang='lat' dir='ltr'><strong>Rogamus,</strong></span> 
     </span>
     <span class='ocr_line' id='line_1_4' title="bbox 249 1018 1635 1119; baseline -0.001 -24"><span class='ocrx_word' id='word_1_26' title='bbox 249 1021 489 1119; x_wconf 78' lang='lat' dir='ltr'><strong>imploramus,</strong></span> <span class='ocrx_word' id='word_1_27' title='bbox 505 1032 551 1093; x_wconf 87' lang='lat' dir='ltr'><strong>et</strong></span> <span class='ocrx_word' id='word_1_28' title='bbox 576 1021 797 1118; x_wconf 78' lang='lat' dir='ltr'><strong>deprecamur</strong></span> <span class='ocrx_word' id='word_1_29' title='bbox 829 1018 995 1093; x_wconf 81' lang='lat' dir='ltr'><strong>Christum</strong></span> <span class='ocrx_word' id='word_1_30' title='bbox 1021 1021 1129 1093; x_wconf 91' lang='lat' dir='ltr'><strong>Deum</strong></span> <span class='ocrx_word' id='word_1_31' title='bbox 1157 1029 1318 1108; x_wconf 88' lang='lat' dir='ltr'><strong>nostmm,</strong></span> <span class='ocrx_word' id='word_1_32' title='bbox 1346 1024 1401 1116; x_wconf 91' lang='lat' dir='ltr'><strong>qui</strong></span> <span class='ocrx_word' id='word_1_33' title='bbox 1420 1024 1569 1117; x_wconf 79' lang='lat' dir='ltr'><strong>suscepit</strong></span> <span class='ocrx_word' id='word_1_34' title='bbox 1590 1020 1635 1093; x_wconf 92' lang='lat' dir='ltr'><strong>ad</strong></span> 
     </span>
     <span class='ocr_line' id='line_1_5' title="bbox 251 1135 1641 1233; baseline -0.002 -23"><span class='ocrx_word' id='word_1_35' title='bbox 251 1160 290 1211; x_wconf 88' lang='lat' dir='ltr'><strong>sc</strong></span> <span class='ocrx_word' id='word_1_36' title='bbox 317 1141 447 1210; x_wconf 76' lang='lat' dir='ltr'><strong>annuas</strong></span> <span class='ocrx_word' id='word_1_37' title='bbox 473 1147 508 1208; x_wconf 87' lang='lat' dir='ltr'><strong>ot</strong></span> <span class='ocrx_word' id='word_1_38' title='bbox 534 1140 668 1233; x_wconf 77' lang='lat' dir='ltr'><strong>spiritus</strong></span> <span class='ocrx_word' id='word_1_39' title='bbox 695 1158 831 1226; x_wconf 89' lang='lat' dir='ltr'><strong>eorum,</strong></span> <span class='ocrx_word' id='word_1_40' title='bbox 859 1146 894 1208; x_wconf 90' lang='lat' dir='ltr'><strong>ut</strong></span> <span class='ocrx_word' id='word_1_41' title='bbox 919 1158 981 1231; x_wconf 90' lang='lat' dir='ltr'><strong>per</strong></span> <span class='ocrx_word' id='word_1_42' title='bbox 1006 1139 1241 1209; x_wconf 77' lang='lat' dir='ltr'><strong>miserationes</strong></span> <span class='ocrx_word' id='word_1_43' title='bbox 1275 1158 1356 1209; x_wconf 88' lang='lat' dir='ltr'><strong>snas</strong></span> <span class='ocrx_word' id='word_1_44' title='bbox 1384 1135 1502 1209; x_wconf 85' lang='lat' dir='ltr'><strong>multas</strong></span> <span class='ocrx_word' id='word_1_45' title='bbox 1528 1158 1641 1231; x_wconf 86' lang='lat' dir='ltr'><strong>prae-</strong></span> 
     </span>
     <span class='ocr_line' id='line_1_6' title="bbox 252 1252 1634 1347; baseline -0.002 -20"><span class='ocrx_word' id='word_1_46' title='bbox 252 1264 318 1327; x_wconf 88' lang='lat' dir='ltr'><strong>stet</strong></span> <span class='ocrx_word' id='word_1_47' title='bbox 344 1253 421 1329; x_wconf 85' lang='lat' dir='ltr'><strong>illos</strong></span> <span class='ocrx_word' id='word_1_48' title='bbox 449 1253 571 1346; x_wconf 84' lang='lat' dir='ltr'><strong>dignos</strong></span> <span class='ocrx_word' id='word_1_49' title='bbox 598 1254 698 1325; x_wconf 91' lang='lat' dir='ltr'><strong>venia</strong></span> <span class='ocrx_word' id='word_1_50' title='bbox 723 1252 919 1324; x_wconf 90' lang='lat' dir='ltr'><strong>delictcmm</strong></span> <span class='ocrx_word' id='word_1_51' title='bbox 946 1261 981 1323; x_wconf 88' lang='lat' dir='ltr'><strong>et</strong></span> <span class='ocrx_word' id='word_1_52' title='bbox 1005 1255 1206 1325; x_wconf 77' lang='lat' dir='ltr'><strong>remissione</strong></span> <span class='ocrx_word' id='word_1_53' title='bbox 1238 1263 1469 1347; x_wconf 87' lang='lat' dir='ltr'><strong>peecatorum:</strong></span> <span class='ocrx_word' id='word_1_54' title='bbox 1503 1273 1634 1347; x_wconf 88' lang='lat' dir='ltr'><strong>nosque</strong></span> 
     </span>
     <span class='ocr_line' id='line_1_7' title="bbox 250 1366 1638 1465; baseline -0.001 -24"><span class='ocrx_word' id='word_1_55' title='bbox 250 1379 285 1441; x_wconf 90' lang='lat' dir='ltr'><strong>et</strong></span> <span class='ocrx_word' id='word_1_56' title='bbox 311 1370 387 1442; x_wconf 90' lang='lat' dir='ltr'><strong>illos</strong></span> <span class='ocrx_word' id='word_1_57' title='bbox 414 1374 596 1465; x_wconf 87' lang='lat' dir='ltr'><strong>pervenire</strong></span> <span class='ocrx_word' id='word_1_58' title='bbox 621 1369 724 1442; x_wconf 87' lang='lat' dir='ltr'><strong>iaciat</strong></span> <span class='ocrx_word' id='word_1_59' title='bbox 750 1368 793 1441; x_wconf 92' lang='lat' dir='ltr'><strong>ad</strong></span> <span class='ocrx_word' id='word_1_60' title='bbox 818 1388 961 1460; x_wconf 84' lang='lat' dir='ltr'><strong>regnum</strong></span> <span class='ocrx_word' id='word_1_61' title='bbox 987 1391 1082 1441; x_wconf 90' lang='lat' dir='ltr'><strong>snum</strong></span> <span class='ocrx_word' id='word_1_62' title='bbox 1109 1371 1143 1439; x_wconf 93' lang='lat' dir='ltr'><strong>in</strong></span> <span class='ocrx_word' id='word_1_63' title='bbox 1158 1366 1275 1440; x_wconf 88' lang='lat' dir='ltr'><strong>coelis.</strong></span> <span class='ocrx_word' id='word_1_64' title='bbox 1328 1366 1380 1439; x_wconf 89' lang='lat' dir='ltr'><strong>Ea</strong></span> <span class='ocrx_word' id='word_1_65' title='bbox 1401 1377 1539 1462; x_wconf 89' lang='lat' dir='ltr'><strong>propter</strong></span> <span class='ocrx_word' id='word_1_66' title='bbox 1556 1369 1638 1440; x_wconf 88' lang='lat' dir='ltr'><strong>cia·</strong></span> 
     </span>
     <span class='ocr_line' id='line_1_8' title="bbox 253 1484 998 1583; baseline -0.005 -25"><span class='ocrx_word' id='word_1_67' title='bbox 253 1508 382 1558; x_wconf 90' lang='lat' dir='ltr'><strong>memus</strong></span> <span class='ocrx_word' id='word_1_68' title='bbox 409 1496 443 1558; x_wconf 89' lang='lat' dir='ltr'><strong>et</strong></span> <span class='ocrx_word' id='word_1_69' title='bbox 470 1486 618 1559; x_wconf 89' lang='lat' dir='ltr'><strong>dicamus</strong></span> <span class='ocrx_word' id='word_1_70' title='bbox 644 1484 757 1583; x_wconf 71' lang='lat' dir='ltr'><strong>Kyrie‘</strong></span> <span class='ocrx_word' id='word_1_71' title='bbox 779 1484 907 1557; x_wconf 90' lang='lat' dir='ltr'><strong>eleison</strong></span> <span class='ocrx_word' id='word_1_72' title='bbox 935 1491 998 1555; x_wconf 87' lang='lat' dir='ltr'><strong>ter.</strong></span> 
     </span>
    </p>
   </div>
   <div class='ocr_carea' id='block_1_3' title="bbox 248 1597 1636 2162">
    <p class='ocr_par' dir='ltr' id='par_1_3' title="bbox 248 1597 1636 2162">
     <span class='ocr_line' id='line_1_9' title="bbox 359 1597 1636 1686; baseline -0.002 -12"><span class='ocrx_word' id='word_1_73' title='bbox 359 1603 538 1674; x_wconf 60' lang='lat' dir='ltr'><strong>&amp;caum</strong></span> <span class='ocrx_word' id='word_1_74' title='bbox 580 1602 774 1674; x_wconf 58' lang='lat' dir='ltr'><strong>inchoatus.</strong></span> <span class='ocrx_word' id='word_1_75' title='bbox 827 1599 996 1671; x_wconf 82' lang='lat' dir='ltr'><strong>Memento</strong></span> <span class='ocrx_word' id='word_1_76' title='bbox 1039 1600 1155 1686; x_wconf 86' lang='lat' dir='ltr'><strong>etiam,</strong></span> <span class='ocrx_word' id='word_1_77' title='bbox 1207 1598 1373 1686; x_wconf 89' lang='lat' dir='ltr'><strong>Domine,</strong></span> <span class='ocrx_word' id='word_1_78' title='bbox 1416 1597 1636 1672; x_wconf 79' lang='lat' dir='ltr'><strong>Sacerdotem</strong></span> 
     </span>
     <span class='ocr_line' id='line_1_10' title="bbox 252 1712 1634 1815; baseline -0.003 -24"><span class='ocrx_word' id='word_1_79' title='bbox 252 1717 542 1807; x_wconf 84' lang='lat' dir='ltr'><strong>Ortbodoxorum,</strong></span> <span class='ocrx_word' id='word_1_80' title='bbox 580 1717 708 1815; x_wconf 90' lang='lat' dir='ltr'><strong>pridem</strong></span> <span class='ocrx_word' id='word_1_81' title='bbox 762 1715 1009 1805; x_wconf 78' lang='lat' dir='ltr'><strong>defunctorum,</strong></span> <span class='ocrx_word' id='word_1_82' title='bbox 1047 1715 1275 1787; x_wconf 91' lang='lat' dir='ltr'><strong>Diaconomm</strong></span> <span class='ocrx_word' id='word_1_83' title='bbox 1316 1724 1350 1786; x_wconf 90' lang='lat' dir='ltr'><strong>et</strong></span> <span class='ocrx_word' id='word_1_84' title='bbox 1394 1712 1634 1787; x_wconf 86' lang='lat' dir='ltr'><strong>Subdiacooo-</strong></span> 
     </span>
     <span class='ocr_line' id='line_1_11' title="bbox 250 1826 1631 1926; baseline -0.003 -20"><span class='ocrx_word' id='word_1_85' title='bbox 250 1856 344 1925; x_wconf 88' lang='lat' dir='ltr'><strong>mm,</strong></span> <span class='ocrx_word' id='word_1_86' title='bbox 385 1835 589 1924; x_wconf 89' lang='lat' dir='ltr'><strong>Psaltamm,</strong></span> <span class='ocrx_word' id='word_1_87' title='bbox 629 1835 831 1922; x_wconf 83' lang='lat' dir='ltr'><strong>Lecturam,</strong></span> <span class='ocrx_word' id='word_1_88' title='bbox 865 1832 1100 1926; x_wconf 89' lang='lat' dir='ltr'><strong>Interpretum,</strong></span> <span class='ocrx_word' id='word_1_89' title='bbox 1127 1828 1327 1917; x_wconf 77' lang='lat' dir='ltr'><strong>cantorum,</strong></span> <span class='ocrx_word' id='word_1_90' title='bbox 1366 1826 1631 1919; x_wconf 86' lang='lat' dir='ltr'><strong>Exoreistarum,</strong></span> 
     </span>
     <span class='ocr_line' id='line_1_12' title="bbox 248 1945 1635 2043; baseline -0.004 -20"><span class='ocrx_word' id='word_1_91' title='bbox 248 1950 503 2039; x_wconf 79' lang='lat' dir='ltr'><strong>Monacborum,</strong></span> <span class='ocrx_word' id='word_1_92' title='bbox 531 1951 799 2043; x_wconf 84' lang='lat' dir='ltr'><strong>Religiosorum,</strong></span> <span class='ocrx_word' id='word_1_93' title='bbox 835 1948 1052 2033; x_wconf 87' lang='lat' dir='ltr'><strong>Anditcmm,</strong></span> <span class='ocrx_word' id='word_1_94' title='bbox 1087 1945 1263 2037; x_wconf 86' lang='lat' dir='ltr'><strong>Virginum</strong></span> <span class='ocrx_word' id='word_1_95' title='bbox 1303 1955 1558 2040; x_wconf 83' lang='lat' dir='ltr'><strong>perpetuarum,</strong></span> <span class='ocrx_word' id='word_1_96' title='bbox 1601 1957 1635 2018; x_wconf 93' lang='lat' dir='ltr'><strong>et</strong></span> 
     </span>
     <span class='ocr_line' id='line_1_13' title="bbox 249 2062 1633 2162; baseline -0.005 -22"><span class='ocrx_word' id='word_1_97' title='bbox 249 2067 491 2155; x_wconf 89' lang='lat' dir='ltr'><strong>saecularium,</strong></span> <span class='ocrx_word' id='word_1_98' title='bbox 528 2071 583 2162; x_wconf 93' lang='lat' dir='ltr'><strong>qui</strong></span> <span class='ocrx_word' id='word_1_99' title='bbox 616 2072 650 2138; x_wconf 91' lang='lat' dir='ltr'><strong>in</strong></span> <span class='ocrx_word' id='word_1_100' title='bbox 682 2066 747 2138; x_wconf 87' lang='lat' dir='ltr'><strong>iide</strong></span> <span class='ocrx_word' id='word_1_101' title='bbox 773 2089 858 2138; x_wconf 90' lang='lat' dir='ltr'><strong>vora</strong></span> <span class='ocrx_word' id='word_1_102' title='bbox 889 2062 1035 2135; x_wconf 84' lang='lat' dir='ltr'><strong>defuncti</strong></span> <span class='ocrx_word' id='word_1_103' title='bbox 1062 2072 1155 2149; x_wconf 88' lang='lat' dir='ltr'><strong>sunt,</strong></span> <span class='ocrx_word' id='word_1_104' title='bbox 1189 2072 1223 2133; x_wconf 89' lang='lat' dir='ltr'><strong>et</strong></span> <span class='ocrx_word' id='word_1_105' title='bbox 1263 2083 1379 2134; x_wconf 89' lang='lat' dir='ltr'><strong>eorum</strong></span> <span class='ocrx_word' id='word_1_106' title='bbox 1406 2080 1491 2155; x_wconf 90' lang='lat' dir='ltr'><strong>quos</strong></span> <span class='ocrx_word' id='word_1_107' title='bbox 1524 2083 1633 2134; x_wconf 91' lang='lat' dir='ltr'><strong>unus-</strong></span> 
     </span>
    </p>
   </div>
   <div class='ocr_carea' id='block_1_4' title="bbox 249 2150 1910 2296">
    <p class='ocr_par' dir='ltr' id='par_1_4' title="bbox 249 2150 1910 2296">
     <span class='ocr_line' id='line_1_14' title="bbox 249 2150 1910 2296; baseline 0.001 -44"><span class='ocrx_word' id='word_1_108' title='bbox 249 2188 391 2279; x_wconf 84' lang='lat' dir='ltr'><strong>quisque</strong></span> <span class='ocrx_word' id='word_1_109' title='bbox 424 2183 580 2275; x_wconf 81' lang='lat' dir='ltr'><strong>designat</strong></span> <span class='ocrx_word' id='word_1_110' title='bbox 612 2186 733 2255; x_wconf 89' lang='lat' dir='ltr'><strong>animo.</strong></span> <span class='ocrx_word' id='word_1_111' title='bbox 789 2183 1104 2296; x_wconf 63' lang='lat' dir='ltr'><strong>·ffl⁶²Qm·</strong></span> <span class='ocrx_word' id='word_1_112' title='bbox 1157 2181 1302 2253; x_wconf 89' lang='lat' dir='ltr'><strong>Domine</strong></span> <span class='ocrx_word' id='word_1_113' title='bbox 1335 2180 1430 2253; x_wconf 86' lang='lat' dir='ltr'><strong>Deus</strong></span> <span class='ocrx_word' id='word_1_114' title='bbox 1461 2181 1633 2274; x_wconf 76' lang='lat' dir='ltr'><strong>spirituum</strong></span> <span class='ocrx_word' id='word_1_115' title='bbox 1886 2150 1910 2183; x_wconf 30' lang='grc' dir='ltr'><em>Α</em></span> 
     </span>
    </p>
   </div>
   <div class='ocr_carea' id='block_1_5' title="bbox 239 2293 1636 4484">
    <p class='ocr_par' dir='ltr' id='par_1_5' title="bbox 246 2293 1636 3673">
     <span class='ocr_line' id='line_1_15' title="bbox 249 2293 1636 2393; baseline -0.004 -23"><span class='ocrx_word' id='word_1_116' title='bbox 249 2308 284 2370; x_wconf 88' lang='lat' dir='ltr'><strong>et</strong></span> <span class='ocrx_word' id='word_1_117' title='bbox 310 2303 419 2372; x_wconf 88' lang='lat' dir='ltr'><strong>omnis</strong></span> <span class='ocrx_word' id='word_1_118' title='bbox 446 2301 577 2388; x_wconf 89' lang='lat' dir='ltr'><strong>carnis,</strong></span> <span class='ocrx_word' id='word_1_119' title='bbox 604 2302 750 2372; x_wconf 78' lang='lat' dir='ltr'><strong>nmmum</strong></span> <span class='ocrx_word' id='word_1_120' title='bbox 776 2309 944 2373; x_wconf 91' lang='lat' dir='ltr'><strong>memento</strong></span> <span class='ocrx_word' id='word_1_121' title='bbox 972 2321 1111 2393; x_wconf 88' lang='lat' dir='ltr'><strong>quorum</strong></span> <span class='ocrx_word' id='word_1_122' title='bbox 1146 2300 1372 2385; x_wconf 88' lang='lat' dir='ltr'><strong>meminimus,</strong></span> <span class='ocrx_word' id='word_1_123' title='bbox 1410 2299 1464 2391; x_wconf 90' lang='lat' dir='ltr'><strong>qni</strong></span> <span class='ocrx_word' id='word_1_124' title='bbox 1498 2299 1532 2365; x_wconf 93' lang='lat' dir='ltr'><strong>in</strong></span> <span class='ocrx_word' id='word_1_125' title='bbox 1567 2293 1636 2365; x_wconf 88' lang='lat' dir='ltr'><strong>fide</strong></span> 
     </span>
     <span class='ocr_line' id='line_1_16' title="bbox 249 2411 1634 2508; baseline -0.005 -21"><span class='ocrx_word' id='word_1_126' title='bbox 249 2414 448 2489; x_wconf 82' lang='lat' dir='ltr'><strong>Ortbodoxa</strong></span> <span class='ocrx_word' id='word_1_127' title='bbox 476 2438 523 2487; x_wconf 82' lang='lat' dir='ltr'><strong>cx</strong></span> <span class='ocrx_word' id='word_1_128' title='bbox 549 2414 613 2487; x_wconf 90' lang='lat' dir='ltr'><strong>bac</strong></span> <span class='ocrx_word' id='word_1_129' title='bbox 639 2417 709 2486; x_wconf 90' lang='lat' dir='ltr'><strong>vita</strong></span> <span class='ocrx_word' id='word_1_130' title='bbox 736 2418 938 2506; x_wconf 83' lang='lat' dir='ltr'><strong>migrarunt,</strong></span> <span class='ocrx_word' id='word_1_131' title='bbox 964 2415 1007 2486; x_wconf 89' lang='lat' dir='ltr'><strong>da</strong></span> <span class='ocrx_word' id='word_1_132' title='bbox 1034 2412 1226 2502; x_wconf 80' lang='lat' dir='ltr'><strong>animabus,</strong></span> <span class='ocrx_word' id='word_1_133' title='bbox 1253 2411 1453 2508; x_wconf 90' lang='lat' dir='ltr'><strong>corporibus</strong></span> <span class='ocrx_word' id='word_1_134' title='bbox 1472 2421 1506 2483; x_wconf 89' lang='lat' dir='ltr'><strong>et</strong></span> <span class='ocrx_word' id='word_1_135' title='bbox 1525 2411 1634 2506; x_wconf 90' lang='lat' dir='ltr'><strong>spiri-</strong></span> 
     </span>
     <span class='ocr_line' id='line_1_17' title="bbox 246 2529 1635 2627; baseline -0.006 -23"><span class='ocrx_word' id='word_1_136' title='bbox 246 2533 336 2605; x_wconf 84' lang='lat' dir='ltr'><strong>tibus</strong></span> <span class='ocrx_word' id='word_1_137' title='bbox 366 2531 496 2605; x_wconf 89' lang='lat' dir='ltr'><strong>iilomm</strong></span> <span class='ocrx_word' id='word_1_138' title='bbox 522 2535 691 2627; x_wconf 82' lang='lat' dir='ltr'><strong>requiem,</strong></span> <span class='ocrx_word' id='word_1_139' title='bbox 717 2531 864 2604; x_wconf 90' lang='lat' dir='ltr'><strong>liberans</strong></span> <span class='ocrx_word' id='word_1_140' title='bbox 891 2554 952 2605; x_wconf 90' lang='lat' dir='ltr'><strong>eos</strong></span> <span class='ocrx_word' id='word_1_141' title='bbox 980 2553 1000 2601; x_wconf 91' lang='lat' dir='ltr'><strong>a</strong></span> <span class='ocrx_word' id='word_1_142' title='bbox 1028 2529 1239 2602; x_wconf 88' lang='lat' dir='ltr'><strong>damnatione</strong></span> <span class='ocrx_word' id='word_1_143' title='bbox 1265 2529 1389 2601; x_wconf 85' lang='lat' dir='ltr'><strong>infinita</strong></span> <span class='ocrx_word' id='word_1_144' title='bbox 1416 2538 1569 2614; x_wconf 88' lang='lat' dir='ltr'><strong>ventura,</strong></span> <span class='ocrx_word' id='word_1_145' title='bbox 1600 2533 1635 2596; x_wconf 90' lang='lat' dir='ltr'><strong>et</strong></span> 
     </span>
     <span class='ocr_line' id='line_1_18' title="bbox 250 2639 1631 2742; baseline -0.007 -22"><span class='ocrx_word' id='word_1_146' title='bbox 250 2648 373 2741; x_wconf 83' lang='lat' dir='ltr'><strong>dignos</strong></span> <span class='ocrx_word' id='word_1_147' title='bbox 401 2649 545 2721; x_wconf 84' lang='lat' dir='ltr'><strong>efficiens</strong></span> <span class='ocrx_word' id='word_1_148' title='bbox 572 2647 697 2741; x_wconf 80' lang='lat' dir='ltr'><strong>gaudio</strong></span> <span class='ocrx_word' id='word_1_149' title='bbox 725 2647 814 2742; x_wconf 93' lang='lat' dir='ltr'><strong>quod</strong></span> <span class='ocrx_word' id='word_1_150' title='bbox 841 2657 894 2719; x_wconf 86' lang='lat' dir='ltr'><strong>ast</strong></span> <span class='ocrx_word' id='word_1_151' title='bbox 919 2652 953 2719; x_wconf 94' lang='lat' dir='ltr'><strong>in</strong></span> <span class='ocrx_word' id='word_1_152' title='bbox 980 2649 1054 2720; x_wconf 91' lang='lat' dir='ltr'><strong>sinu</strong></span> <span class='ocrx_word' id='word_1_153' title='bbox 1080 2643 1274 2734; x_wconf 86' lang='lat' dir='ltr'><strong>Abrabam,</strong></span> <span class='ocrx_word' id='word_1_154' title='bbox 1309 2646 1406 2717; x_wconf 88' lang='lat' dir='ltr'><strong>Isaac</strong></span> <span class='ocrx_word' id='word_1_155' title='bbox 1440 2654 1474 2716; x_wconf 90' lang='lat' dir='ltr'><strong>et</strong></span> <span class='ocrx_word' id='word_1_156' title='bbox 1506 2639 1631 2715; x_wconf 86' lang='lat' dir='ltr'><strong>Jacob:</strong></span> 
     </span>
     <span class='ocr_line' id='line_1_19' title="bbox 248 2759 1634 2861; baseline -0.006 -26"><span class='ocrx_word' id='word_1_157' title='bbox 248 2761 306 2835; x_wconf 92' lang='lat' dir='ltr'><strong>ubi</strong></span> <span class='ocrx_word' id='word_1_158' title='bbox 339 2764 492 2861; x_wconf 86' lang='lat' dir='ltr'><strong>splendet</strong></span> <span class='ocrx_word' id='word_1_159' title='bbox 521 2765 632 2837; x_wconf 90' lang='lat' dir='ltr'><strong>lumen</strong></span> <span class='ocrx_word' id='word_1_160' title='bbox 658 2764 771 2836; x_wconf 82' lang='lat' dir='ltr'><strong>vultus</strong></span> <span class='ocrx_word' id='word_1_161' title='bbox 798 2766 844 2834; x_wconf 83' lang='lat' dir='ltr'><strong>tui</strong></span> <span class='ocrx_word' id='word_1_162' title='bbox 851 2817 862 2852; x_wconf 91' lang='lat'><strong>,</strong></span> <span class='ocrx_word' id='word_1_163' title='bbox 888 2763 977 2835; x_wconf 90' lang='lat' dir='ltr'><strong>unde</strong></span> <span class='ocrx_word' id='word_1_164' title='bbox 1002 2759 1120 2856; x_wconf 88' lang='lat' dir='ltr'><strong>procul</strong></span> <span class='ocrx_word' id='word_1_165' title='bbox 1156 2770 1232 2833; x_wconf 90' lang='lat' dir='ltr'><strong>sunt</strong></span> <span class='ocrx_word' id='word_1_166' title='bbox 1263 2759 1419 2849; x_wconf 90' lang='lat' dir='ltr'><strong>dolores,</strong></span> <span class='ocrx_word' id='word_1_167' title='bbox 1456 2761 1634 2852; x_wconf 85' lang='lat' dir='ltr'><strong>angustiae</strong></span> 
     </span>
     <span class='ocr_line' id='line_1_20' title="bbox 249 2878 1628 2976; baseline -0.001 -25"><span class='ocrx_word' id='word_1_168' title='bbox 249 2890 285 2952; x_wconf 94' lang='lat' dir='ltr'><strong>et</strong></span> <span class='ocrx_word' id='word_1_169' title='bbox 319 2884 482 2972; x_wconf 83' lang='lat' dir='ltr'><strong>gemitus,</strong></span> <span class='ocrx_word' id='word_1_170' title='bbox 512 2903 581 2953; x_wconf 91' lang='lat' dir='ltr'><strong>non</strong></span> <span class='ocrx_word' id='word_1_171' title='bbox 618 2890 776 2976; x_wconf 88' lang='lat' dir='ltr'><strong>reputans</strong></span> <span class='ocrx_word' id='word_1_172' title='bbox 811 2878 875 2951; x_wconf 88' lang='lat' dir='ltr'><strong>iliis</strong></span> <span class='ocrx_word' id='word_1_173' title='bbox 909 2882 1020 2951; x_wconf 90' lang='lat' dir='ltr'><strong>omnia</strong></span> <span class='ocrx_word' id='word_1_174' title='bbox 1057 2878 1178 2951; x_wconf 85' lang='lat' dir='ltr'><strong>delicta</strong></span> <span class='ocrx_word' id='word_1_175' title='bbox 1213 2879 1353 2952; x_wconf 88' lang='lat' dir='ltr'><strong>iliorum.</strong></span> <span class='ocrx_word' id='word_1_176' title='bbox 1406 2878 1484 2952; x_wconf 91' lang='lat' dir='ltr'><strong>Non</strong></span> <span class='ocrx_word' id='word_1_177' title='bbox 1517 2888 1628 2950; x_wconf 88' lang='lat' dir='ltr'><strong>autem</strong></span> 
     </span>
     <span class='ocr_line' id='line_1_21' title="bbox 247 2993 1632 3090; baseline -0.002 -23"><span class='ocrx_word' id='word_1_178' title='bbox 247 2998 356 3068; x_wconf 88' lang='lat' dir='ltr'><strong>intres</strong></span> <span class='ocrx_word' id='word_1_179' title='bbox 382 2999 415 3068; x_wconf 87' lang='lat' dir='ltr'><strong>ia</strong></span> <span class='ocrx_word' id='word_1_180' title='bbox 439 2996 597 3089; x_wconf 91' lang='lat' dir='ltr'><strong>judicium</strong></span> <span class='ocrx_word' id='word_1_181' title='bbox 624 3018 699 3067; x_wconf 89' lang='lat' dir='ltr'><strong>cum</strong></span> <span class='ocrx_word' id='word_1_182' title='bbox 726 2998 838 3068; x_wconf 89' lang='lat' dir='ltr'><strong>servis</strong></span> <span class='ocrx_word' id='word_1_183' title='bbox 865 2999 946 3086; x_wconf 93' lang='lat' dir='ltr'><strong>tuis,</strong></span> <span class='ocrx_word' id='word_1_184' title='bbox 973 2999 1050 3090; x_wconf 91' lang='lat' dir='ltr'><strong>quia</strong></span> <span class='ocrx_word' id='word_1_185' title='bbox 1063 3017 1132 3068; x_wconf 89' lang='lat' dir='ltr'><strong>non</strong></span> <span class='ocrx_word' id='word_1_186' title='bbox 1148 2993 1382 3088; x_wconf 88' lang='lat' dir='ltr'><strong>justificabitur</strong></span> <span class='ocrx_word' id='word_1_187' title='bbox 1398 2997 1432 3065; x_wconf 94' lang='lat' dir='ltr'><strong>in</strong></span> <span class='ocrx_word' id='word_1_188' title='bbox 1448 3003 1632 3090; x_wconf 85' lang='lat' dir='ltr'><strong>conspectu</strong></span> 
     </span>
     <span class='ocr_line' id='line_1_22' title="bbox 249 3110 1633 3207; baseline -0.004 -23"><span class='ocrx_word' id='word_1_189' title='bbox 249 3121 308 3185; x_wconf 85' lang='lat' dir='ltr'><strong>tuo</strong></span> <span class='ocrx_word' id='word_1_190' title='bbox 336 3117 444 3186; x_wconf 90' lang='lat' dir='ltr'><strong>onmis</strong></span> <span class='ocrx_word' id='word_1_191' title='bbox 470 3115 624 3200; x_wconf 62' lang='lat' dir='ltr'><strong>vivens,</strong></span> <span class='ocrx_word' id='word_1_192' title='bbox 639 3134 703 3183; x_wconf 91' lang='lat' dir='ltr'><strong>nec</strong></span> <span class='ocrx_word' id='word_1_193' title='bbox 729 3110 814 3185; x_wconf 89' lang='lat' dir='ltr'><strong>nlius</strong></span> <span class='ocrx_word' id='word_1_194' title='bbox 842 3122 895 3184; x_wconf 91' lang='lat' dir='ltr'><strong>est</strong></span> <span class='ocrx_word' id='word_1_195' title='bbox 920 3135 940 3183; x_wconf 93' lang='lat' dir='ltr'><strong>a</strong></span> <span class='ocrx_word' id='word_1_196' title='bbox 967 3115 1097 3207; x_wconf 87' lang='lat' dir='ltr'><strong>peccati</strong></span> <span class='ocrx_word' id='word_1_197' title='bbox 1124 3112 1221 3206; x_wconf 87' lang='lat' dir='ltr'><strong>culpa</strong></span> <span class='ocrx_word' id='word_1_198' title='bbox 1236 3113 1403 3197; x_wconf 90' lang='lat' dir='ltr'><strong>immunis,</strong></span> <span class='ocrx_word' id='word_1_199' title='bbox 1429 3119 1485 3181; x_wconf 91' lang='lat' dir='ltr'><strong>aut</strong></span> <span class='ocrx_word' id='word_1_200' title='bbox 1512 3131 1633 3182; x_wconf 91' lang='lat' dir='ltr'><strong>asor-</strong></span> 
     </span>
     <span class='ocr_line' id='line_1_23' title="bbox 252 3223 1633 3325; baseline -0.004 -24"><span class='ocrx_word' id='word_1_201' title='bbox 252 3228 349 3301; x_wconf 85' lang='lat' dir='ltr'><strong>dibus</strong></span> <span class='ocrx_word' id='word_1_202' title='bbox 375 3250 496 3325; x_wconf 90' lang='lat' dir='ltr'><strong>purus,</strong></span> <span class='ocrx_word' id='word_1_203' title='bbox 523 3250 570 3301; x_wconf 84' lang='lat' dir='ltr'><strong>ex</strong></span> <span class='ocrx_word' id='word_1_204' title='bbox 595 3226 782 3301; x_wconf 91' lang='lat' dir='ltr'><strong>hominibus</strong></span> <span class='ocrx_word' id='word_1_205' title='bbox 809 3231 865 3321; x_wconf 92' lang='lat' dir='ltr'><strong>qni</strong></span> <span class='ocrx_word' id='word_1_206' title='bbox 893 3249 994 3323; x_wconf 87' lang='lat' dir='ltr'><strong>super</strong></span> <span class='ocrx_word' id='word_1_207' title='bbox 1020 3235 1145 3299; x_wconf 85' lang='lat' dir='ltr'><strong>terram</strong></span> <span class='ocrx_word' id='word_1_208' title='bbox 1158 3237 1250 3313; x_wconf 88' lang='lat' dir='ltr'><strong>sunt,</strong></span> <span class='ocrx_word' id='word_1_209' title='bbox 1277 3228 1340 3298; x_wconf 89' lang='lat' dir='ltr'><strong>nisi</strong></span> <span class='ocrx_word' id='word_1_210' title='bbox 1366 3247 1451 3295; x_wconf 91' lang='lat' dir='ltr'><strong>unns</strong></span> <span class='ocrx_word' id='word_1_211' title='bbox 1467 3223 1633 3297; x_wconf 91' lang='lat' dir='ltr'><strong>Dominus</strong></span> 
     </span>
     <span class='ocr_line' id='line_1_24' title="bbox 249 3342 1634 3438; baseline -0.004 -22"><span class='ocrx_word' id='word_1_212' title='bbox 249 3355 370 3418; x_wconf 89' lang='lat' dir='ltr'><strong>noster</strong></span> <span class='ocrx_word' id='word_1_213' title='bbox 401 3345 501 3417; x_wconf 86' lang='lat' dir='ltr'><strong>Jesus</strong></span> <span class='ocrx_word' id='word_1_214' title='bbox 538 3342 690 3417; x_wconf 78' lang='lat' dir='ltr'><strong>cbnsms</strong></span> <span class='ocrx_word' id='word_1_215' title='bbox 724 3346 914 3435; x_wconf 84' lang='lat' dir='ltr'><strong>unigenitus</strong></span> <span class='ocrx_word' id='word_1_216' title='bbox 953 3342 1038 3415; x_wconf 87' lang='lat' dir='ltr'><strong>iilius</strong></span> <span class='ocrx_word' id='word_1_217' title='bbox 1073 3354 1168 3430; x_wconf 85' lang='lat' dir='ltr'><strong>tuus,</strong></span> <span class='ocrx_word' id='word_1_218' title='bbox 1202 3364 1265 3438; x_wconf 90' lang='lat' dir='ltr'><strong>per</strong></span> <span class='ocrx_word' id='word_1_219' title='bbox 1298 3363 1398 3436; x_wconf 87' lang='lat' dir='ltr'><strong>qnam</strong></span> <span class='ocrx_word' id='word_1_220' title='bbox 1430 3362 1494 3412; x_wconf 89' lang='lat' dir='ltr'><strong>uos</strong></span> <span class='ocrx_word' id='word_1_221' title='bbox 1516 3343 1634 3411; x_wconf 83' lang='lat' dir='ltr'><strong>etiam</strong></span> 
     </span>
     <span class='ocr_line' id='line_1_25' title="bbox 252 3459 1632 3554; baseline -0.005 -21"><span class='ocrx_word' id='word_1_222' title='bbox 252 3459 518 3533; x_wconf 89' lang='lat' dir='ltr'><strong>misericordiam</strong></span> <span class='ocrx_word' id='word_1_223' title='bbox 545 3470 580 3531; x_wconf 90' lang='lat' dir='ltr'><strong>et</strong></span> <span class='ocrx_word' id='word_1_224' title='bbox 604 3463 839 3535; x_wconf 90' lang='lat' dir='ltr'><strong>remissionem</strong></span> <span class='ocrx_word' id='word_1_225' title='bbox 870 3470 1085 3554; x_wconf 89' lang='lat' dir='ltr'><strong>peccatomm</strong></span> <span class='ocrx_word' id='word_1_226' title='bbox 1118 3460 1281 3553; x_wconf 84' lang='lat' dir='ltr'><strong>consequi</strong></span> <span class='ocrx_word' id='word_1_227' title='bbox 1317 3477 1509 3552; x_wconf 88' lang='lat' dir='ltr'><strong>speramus,</strong></span> <span class='ocrx_word' id='word_1_228' title='bbox 1545 3477 1632 3550; x_wconf 89' lang='lat' dir='ltr'><strong>quae</strong></span> 
     </span>
     <span class='ocr_line' id='line_1_26' title="bbox 249 3574 941 3673; baseline -0.001 -26"><span class='ocrx_word' id='word_1_229' title='bbox 249 3587 392 3673; x_wconf 91' lang='lat' dir='ltr'><strong>propter</strong></span> <span class='ocrx_word' id='word_1_230' title='bbox 418 3599 494 3648; x_wconf 90' lang='lat' dir='ltr'><strong>eum</strong></span> <span class='ocrx_word' id='word_1_231' title='bbox 523 3585 593 3665; x_wconf 89' lang='lat' dir='ltr'><strong>est,</strong></span> <span class='ocrx_word' id='word_1_232' title='bbox 621 3586 654 3646; x_wconf 87' lang='lat' dir='ltr'><strong>et</strong></span> <span class='ocrx_word' id='word_1_233' title='bbox 679 3575 779 3648; x_wconf 91' lang='lat' dir='ltr'><strong>nobis</strong></span> <span class='ocrx_word' id='word_1_234' title='bbox 807 3585 842 3646; x_wconf 90' lang='lat' dir='ltr'><strong>et</strong></span> <span class='ocrx_word' id='word_1_235' title='bbox 867 3574 941 3646; x_wconf 89' lang='lat' dir='ltr'><strong>iilis.</strong></span> 
     </span>
    </p>

    <p class='ocr_par' dir='ltr' id='par_1_6' title="bbox 239 3682 1634 4017">
     <span class='ocr_line' id='line_1_27' title="bbox 239 3682 1634 3786; baseline -0.007 -20"><span class='ocrx_word' id='word_1_236' title='bbox 239 3682 245 3688; x_wconf 67' lang='grc'><strong>’</strong></span> <span class='ocrx_word' id='word_1_237' title='bbox 359 3693 520 3786; x_wconf 76' lang='lat' dir='ltr'><strong>Populus.</strong></span> <span class='ocrx_word' id='word_1_238' title='bbox 547 3691 700 3778; x_wconf 78' lang='lat' dir='ltr'><strong>Quietem</strong></span> <span class='ocrx_word' id='word_1_239' title='bbox 728 3700 863 3786; x_wconf 90' lang='lat' dir='ltr'><strong>praesta</strong></span> <span class='ocrx_word' id='word_1_240' title='bbox 899 3690 983 3781; x_wconf 90' lang='lat' dir='ltr'><strong>illis,</strong></span> <span class='ocrx_word' id='word_1_241' title='bbox 1017 3700 1051 3762; x_wconf 91' lang='lat' dir='ltr'><strong>et</strong></span> <span class='ocrx_word' id='word_1_242' title='bbox 1087 3692 1253 3786; x_wconf 88' lang='lat' dir='ltr'><strong>propitius</strong></span> <span class='ocrx_word' id='word_1_243' title='bbox 1287 3699 1380 3777; x_wconf 77' lang='lat' dir='ltr'><strong>esto,</strong></span> <span class='ocrx_word' id='word_1_244' title='bbox 1420 3694 1455 3758; x_wconf 90' lang='lat' dir='ltr'><strong>et</strong></span> <span class='ocrx_word' id='word_1_245' title='bbox 1487 3686 1634 3774; x_wconf 90' lang='lat' dir='ltr'><strong>dimitte,</strong></span> 
     </span>
     <span class='ocr_line' id='line_1_28' title="bbox 250 3804 1626 3905; baseline -0.007 -24"><span class='ocrx_word' id='word_1_246' title='bbox 250 3808 365 3897; x_wconf 87' lang='lat' dir='ltr'><strong>Deus,</strong></span> <span class='ocrx_word' id='word_1_247' title='bbox 393 3812 599 3905; x_wconf 86' lang='lat' dir='ltr'><strong>insipientias</strong></span> <span class='ocrx_word' id='word_1_248' title='bbox 626 3816 660 3879; x_wconf 87' lang='lat' dir='ltr'><strong>at</strong></span> <span class='ocrx_word' id='word_1_249' title='bbox 685 3807 834 3880; x_wconf 89' lang='lat' dir='ltr'><strong>defectus</strong></span> <span class='ocrx_word' id='word_1_250' title='bbox 871 3809 1014 3880; x_wconf 89' lang='lat' dir='ltr'><strong>omnium</strong></span> <span class='ocrx_word' id='word_1_251' title='bbox 1047 3816 1215 3895; x_wconf 85' lang='lat' dir='ltr'><strong>nostrum,</strong></span> <span class='ocrx_word' id='word_1_252' title='bbox 1247 3808 1322 3877; x_wconf 82' lang='lat' dir='ltr'><strong>sive</strong></span> <span class='ocrx_word' id='word_1_253' title='bbox 1356 3807 1516 3891; x_wconf 89' lang='lat' dir='ltr'><strong>scienter,</strong></span> <span class='ocrx_word' id='word_1_254' title='bbox 1551 3804 1626 3876; x_wconf 89' lang='lat' dir='ltr'><strong>sive</strong></span> 
     </span>
     <span class='ocr_line' id='line_1_29' title="bbox 251 3928 994 4017; baseline -0.004 -21"><span class='ocrx_word' id='word_1_255' title='bbox 251 3928 467 4017; x_wconf 83' lang='lat' dir='ltr'><strong>ignoranter,</strong></span> <span class='ocrx_word' id='word_1_256' title='bbox 495 3934 559 3996; x_wconf 89' lang='lat' dir='ltr'><strong>etc.</strong></span> <span class='ocrx_word' id='word_1_257' title='bbox 984 3932 994 3951; x_wconf 87' lang='lat'>&#39;</span> 
     </span>
    </p>

    <p class='ocr_par' dir='ltr' id='par_1_7' title="bbox 248 4035 1635 4484">
     <span class='ocr_line' id='line_1_30' title="bbox 359 4035 1635 4130; baseline -0.006 -19"><span class='ocrx_word' id='word_1_258' title='bbox 359 4040 536 4112; x_wconf 72' lang='lat' dir='ltr'><strong>Sacerdos</strong></span> <span class='ocrx_word' id='word_1_259' title='bbox 561 4039 753 4110; x_wconf 77' lang='lat' dir='ltr'><strong>inclinatas.</strong></span> <span class='ocrx_word' id='word_1_260' title='bbox 789 4038 949 4128; x_wconf 86' lang='lat' dir='ltr'><strong>Remitte,</strong></span> <span class='ocrx_word' id='word_1_261' title='bbox 977 4039 1111 4123; x_wconf 90' lang='lat' dir='ltr'><strong>dimitte,</strong></span> <span class='ocrx_word' id='word_1_262' title='bbox 1139 4039 1290 4130; x_wconf 82' lang='lat' dir='ltr'><strong>ignosce,</strong></span> <span class='ocrx_word' id='word_1_263' title='bbox 1318 4060 1339 4108; x_wconf 93' lang='lat' dir='ltr'><strong>o</strong></span> <span class='ocrx_word' id='word_1_264' title='bbox 1363 4035 1469 4122; x_wconf 85' lang='lat' dir='ltr'><strong>Deus,</strong></span> <span class='ocrx_word' id='word_1_265' title='bbox 1495 4040 1635 4127; x_wconf 87' lang='lat' dir='ltr'><strong>peccata</strong></span> 
     </span>
     <span class='ocr_line' id='line_1_31' title="bbox 252 4152 1634 4244; baseline -0.01 -14"><span class='ocrx_word' id='word_1_266' title='bbox 252 4160 399 4230; x_wconf 91' lang='lat' dir='ltr'><strong>omnium</strong></span> <span class='ocrx_word' id='word_1_267' title='bbox 435 4165 586 4229; x_wconf 87' lang='lat' dir='ltr'><strong>nostrum</strong></span> <span class='ocrx_word' id='word_1_268' title='bbox 623 4155 814 4227; x_wconf 87' lang='lat' dir='ltr'><strong>voluntaria</strong></span> <span class='ocrx_word' id='word_1_269' title='bbox 850 4165 884 4227; x_wconf 89' lang='lat' dir='ltr'><strong>et</strong></span> <span class='ocrx_word' id='word_1_270' title='bbox 919 4155 1161 4244; x_wconf 80' lang='lat' dir='ltr'><strong>involuntaria,</strong></span> <span class='ocrx_word' id='word_1_271' title='bbox 1197 4154 1341 4225; x_wconf 87' lang='lat' dir='ltr'><strong>scienter</strong></span> <span class='ocrx_word' id='word_1_272' title='bbox 1374 4160 1408 4221; x_wconf 93' lang='lat' dir='ltr'><strong>et</strong></span> <span class='ocrx_word' id='word_1_273' title='bbox 1439 4152 1634 4241; x_wconf 82' lang='lat' dir='ltr'><strong>ignoranter</strong></span> 
     </span>
     <span class='ocr_line' id='line_1_32' title="bbox 251 4263 1633 4366; baseline -0.011 -20"><span class='ocrx_word' id='word_1_274' title='bbox 251 4275 446 4363; x_wconf 83' lang='lat' dir='ltr'><strong>commissa,</strong></span> <span class='ocrx_word' id='word_1_275' title='bbox 471 4272 592 4361; x_wconf 85' lang='lat' dir='ltr'><strong>verbo,</strong></span> <span class='ocrx_word' id='word_1_276' title='bbox 620 4293 737 4366; x_wconf 86' lang='lat' dir='ltr'><strong>opere,</strong></span> <span class='ocrx_word' id='word_1_277' title='bbox 764 4280 820 4342; x_wconf 90' lang='lat' dir='ltr'><strong>aut</strong></span> <span class='ocrx_word' id='word_1_278' title='bbox 835 4274 1054 4363; x_wconf 82' lang='lat' dir='ltr'><strong>cogitatione,</strong></span> <span class='ocrx_word' id='word_1_279' title='bbox 1082 4268 1211 4343; x_wconf 88' lang='lat' dir='ltr'><strong>occulta</strong></span> <span class='ocrx_word' id='word_1_280' title='bbox 1227 4277 1366 4355; x_wconf 90' lang='lat' dir='ltr'><strong>etnota,</strong></span> <span class='ocrx_word' id='word_1_281' title='bbox 1392 4263 1538 4360; x_wconf 89' lang='lat' dir='ltr'><strong>publiea,</strong></span> <span class='ocrx_word' id='word_1_282' title='bbox 1565 4283 1633 4333; x_wconf 91' lang='lat' dir='ltr'><strong>an-</strong></span> 
     </span>
     <span class='ocr_line' id='line_1_33' title="bbox 248 4385 1632 4484; baseline -0.011 -23"><span class='ocrx_word' id='word_1_283' title='bbox 248 4392 363 4484; x_wconf 87' lang='lat' dir='ltr'><strong>tiqua,</strong></span> <span class='ocrx_word' id='word_1_284' title='bbox 389 4410 451 4483; x_wconf 91' lang='lat' dir='ltr'><strong>per</strong></span> <span class='ocrx_word' id='word_1_285' title='bbox 477 4410 627 4460; x_wconf 91' lang='lat' dir='ltr'><strong>errorem</strong></span> <span class='ocrx_word' id='word_1_286' title='bbox 654 4385 799 4461; x_wconf 91' lang='lat' dir='ltr'><strong>admissa</strong></span> <span class='ocrx_word' id='word_1_287' title='bbox 828 4397 862 4459; x_wconf 93' lang='lat' dir='ltr'><strong>et</strong></span> <span class='ocrx_word' id='word_1_288' title='bbox 889 4388 1000 4459; x_wconf 90' lang='lat' dir='ltr'><strong>omnia</strong></span> <span class='ocrx_word' id='word_1_289' title='bbox 1034 4407 1120 4480; x_wconf 90' lang='lat' dir='ltr'><strong>quae</strong></span> <span class='ocrx_word' id='word_1_290' title='bbox 1147 4387 1242 4455; x_wconf 88' lang='lat' dir='ltr'><strong>novit</strong></span> <span class='ocrx_word' id='word_1_291' title='bbox 1276 4402 1397 4456; x_wconf 88' lang='lat' dir='ltr'><strong>nomen</strong></span> <span class='ocrx_word' id='word_1_292' title='bbox 1425 4389 1513 4450; x_wconf 93' lang='lat' dir='ltr'><strong>tuum</strong></span> <span class='ocrx_word' id='word_1_293' title='bbox 1546 4398 1632 4448; x_wconf 92' lang='lat' dir='ltr'><strong>san-</strong></span> 
     </span>
    </p>
   </div>
   <div class='ocr_carea' id='block_1_6' title="bbox 177 4612 1633 4946">
    <p class='ocr_par' dir='ltr' id='par_1_8' title="bbox 177 4612 1633 4946">
     <span class='ocr_line' id='line_1_34' title="bbox 177 4612 1633 4716; baseline -0.013 -21"><span class='ocrx_word' id='word_1_294' title='bbox 177 4638 182 4645; x_wconf 90' lang='grc'><em>“</em></span> <span class='ocrx_word' id='word_1_295' title='bbox 250 4632 289 4694; x_wconf 88' lang='lat' dir='ltr'><strong>et</strong></span> <span class='ocrx_word' id='word_1_296' title='bbox 323 4624 397 4693; x_wconf 90' lang='lat' dir='ltr'><strong>sine</strong></span> <span class='ocrx_word' id='word_1_297' title='bbox 432 4630 593 4716; x_wconf 90' lang='lat' dir='ltr'><strong>peccato;</strong></span> <span class='ocrx_word' id='word_1_298' title='bbox 630 4639 844 4711; x_wconf 81' lang='lat' dir='ltr'><strong>congregans</strong></span> <span class='ocrx_word' id='word_1_299' title='bbox 878 4638 942 4690; x_wconf 87' lang='lat' dir='ltr'><strong>nos</strong></span> <span class='ocrx_word' id='word_1_300' title='bbox 986 4613 1102 4688; x_wconf 89' lang='lat' dir='ltr'><strong>subter</strong></span> <span class='ocrx_word' id='word_1_301' title='bbox 1135 4612 1240 4710; x_wconf 86' lang='lat' dir='ltr'><strong>pedes</strong></span> <span class='ocrx_word' id='word_1_302' title='bbox 1274 4613 1455 4685; x_wconf 89' lang='lat' dir='ltr'><strong>electorum</strong></span> <span class='ocrx_word' id='word_1_303' title='bbox 1492 4619 1633 4695; x_wconf 86' lang='lat' dir='ltr'><strong>tuorum,</strong></span> 
     </span>
     <span class='ocr_line' id='line_1_35' title="bbox 251 4722 1633 4831; baseline -0.013 -23"><span class='ocrx_word' id='word_1_304' title='bbox 251 4737 404 4831; x_wconf 64' lang='lat' dir='ltr'><strong>mando,</strong></span> <span class='ocrx_word' id='word_1_305' title='bbox 431 4734 500 4825; x_wconf 94' lang='lat' dir='ltr'><strong>ubi,</strong></span> <span class='ocrx_word' id='word_1_306' title='bbox 526 4747 561 4807; x_wconf 92' lang='lat' dir='ltr'><strong>et</strong></span> <span class='ocrx_word' id='word_1_307' title='bbox 587 4738 673 4808; x_wconf 89' lang='lat' dir='ltr'><strong>sicut</strong></span> <span class='ocrx_word' id='word_1_308' title='bbox 699 4733 866 4807; x_wconf 88' lang='lat' dir='ltr'><strong>volneris:</strong></span> <span class='ocrx_word' id='word_1_309' title='bbox 894 4731 1120 4804; x_wconf 89' lang='lat' dir='ltr'><strong>tantummodo</strong></span> <span class='ocrx_word' id='word_1_310' title='bbox 1139 4728 1310 4803; x_wconf 89' lang='lat' dir='ltr'><strong>absconde</strong></span> <span class='ocrx_word' id='word_1_311' title='bbox 1324 4748 1386 4800; x_wconf 91' lang='lat' dir='ltr'><strong>nos</strong></span> <span class='ocrx_word' id='word_1_312' title='bbox 1403 4722 1633 4799; x_wconf 87' lang='lat' dir='ltr'><strong>aeoniusicne</strong></span> 
     </span>
     <span class='ocr_line' id='line_1_36' title="bbox 250 4836 1633 4946; baseline -0.014 -21"><span class='ocrx_word' id='word_1_313' title='bbox 250 4856 458 4946; x_wconf 86' lang='lat' dir='ltr'><strong>iniquitatum</strong></span> <span class='ocrx_word' id='word_1_314' title='bbox 484 4862 691 4939; x_wconf 81' lang='lat' dir='ltr'><strong>nostrarum3</strong></span> <span class='ocrx_word' id='word_1_315' title='bbox 718 4859 755 4921; x_wconf 89' lang='lat' dir='ltr'><strong>ut</strong></span> <span class='ocrx_word' id='word_1_316' title='bbox 780 4853 880 4920; x_wconf 90' lang='lat' dir='ltr'><strong>etiam</strong></span> <span class='ocrx_word' id='word_1_317' title='bbox 906 4852 939 4919; x_wconf 90' lang='lat' dir='ltr'><strong>in</strong></span> <span class='ocrx_word' id='word_1_318' title='bbox 966 4846 1047 4937; x_wconf 88' lang='lat' dir='ltr'><strong>boc,</strong></span> <span class='ocrx_word' id='word_1_319' title='bbox 1082 4846 1176 4917; x_wconf 88' lang='lat' dir='ltr'><strong>velut</strong></span> <span class='ocrx_word' id='word_1_320' title='bbox 1206 4848 1241 4916; x_wconf 90' lang='lat' dir='ltr'><strong>in</strong></span> <span class='ocrx_word' id='word_1_321' title='bbox 1276 4840 1445 4929; x_wconf 91' lang='lat' dir='ltr'><strong>omnibns,</strong></span> <span class='ocrx_word' id='word_1_322' title='bbox 1479 4836 1633 4910; x_wconf 90' lang='lat' dir='ltr'><strong>laudetur</strong></span> 
     </span>
    </p>
   </div>
   <div class='ocr_carea' id='block_1_7' title="bbox 252 4952 1756 5059">
    <p class='ocr_par' dir='ltr' id='par_1_9' title="bbox 252 4952 1756 5059">
     <span class='ocr_line' id='line_1_37' title="bbox 252 4952 1756 5059; baseline -0.006 -19"><span class='ocrx_word' id='word_1_323' title='bbox 252 4977 291 5040; x_wconf 88' lang='lat' dir='ltr'><strong>et</strong></span> <span class='ocrx_word' id='word_1_324' title='bbox 316 4967 504 5040; x_wconf 87' lang='lat' dir='ltr'><strong>celebretur</strong></span> <span class='ocrx_word' id='word_1_325' title='bbox 529 4988 651 5040; x_wconf 84' lang='lat' dir='ltr'><strong>nomeu</strong></span> <span class='ocrx_word' id='word_1_326' title='bbox 678 4974 768 5059; x_wconf 78' lang='lat' dir='ltr'><strong>tuum</strong></span> <span class='ocrx_word' id='word_1_327' title='bbox 799 4963 1089 5037; x_wconf 91' lang='lat' dir='ltr'><strong>honoratissimum</strong></span> <span class='ocrx_word' id='word_1_328' title='bbox 1122 4972 1158 5033; x_wconf 88' lang='lat' dir='ltr'><strong>et</strong></span> <span class='ocrx_word' id='word_1_329' title='bbox 1188 4958 1398 5034; x_wconf 87' lang='lat' dir='ltr'><strong>benedictum</strong></span> <span class='ocrx_word' id='word_1_330' title='bbox 1431 4966 1465 5028; x_wconf 90' lang='lat' dir='ltr'><strong>et</strong></span> <span class='ocrx_word' id='word_1_331' title='bbox 1498 4952 1633 5026; x_wconf 88' lang='lat' dir='ltr'><strong>Domini</strong></span> <span class='ocrx_word' id='word_1_332' title='bbox 1751 5017 1756 5031; x_wconf 95' lang='lat'>.</span> 
     </span>
    </p>
   </div>
   <div class='ocr_carea' id='block_1_8' title="bbox 251 5080 1427 5262">
    <p class='ocr_par' dir='ltr' id='par_1_10' title="bbox 251 5080 1427 5262">
     <span class='ocr_line' id='line_1_38' title="bbox 251 5080 1065 5176; baseline -0.01 -22"><span class='ocrx_word' id='word_1_333' title='bbox 251 5084 363 5155; x_wconf 87' lang='lat' dir='ltr'><strong>nostri</strong></span> <span class='ocrx_word' id='word_1_334' title='bbox 389 5083 471 5156; x_wconf 86' lang='lat' dir='ltr'><strong>Jesu</strong></span> <span class='ocrx_word' id='word_1_335' title='bbox 498 5081 620 5155; x_wconf 82' lang='lat' dir='ltr'><strong>Christi</strong></span> <span class='ocrx_word' id='word_1_336' title='bbox 647 5091 681 5153; x_wconf 89' lang='lat' dir='ltr'><strong>et</strong></span> <span class='ocrx_word' id='word_1_337' title='bbox 706 5080 849 5176; x_wconf 89' lang='lat' dir='ltr'><strong>Spiritus</strong></span> <span class='ocrx_word' id='word_1_338' title='bbox 875 5083 923 5151; x_wconf 89' lang='lat' dir='ltr'><strong>tui</strong></span> <span class='ocrx_word' id='word_1_339' title='bbox 950 5080 1065 5152; x_wconf 88' lang='lat' dir='ltr'><strong>sancti.</strong></span> 
     </span>
     <span class='ocr_line' id='line_1_39' title="bbox 1376 5186 1427 5262; baseline 0 -39"><span class='ocrx_word' id='word_1_340' title='bbox 1376 5189 1401 5262; x_wconf 81' lang='grc'>8</span> <span class='ocrx_word' id='word_1_341' title='bbox 1408 5186 1427 5223; x_wconf 57' lang='grc' dir='ltr'><strong><em>ὕ</em></strong></span> 
     </span>
    </p>
   </div>
   <div class='ocr_carea' id='block_1_9' title="bbox 0 0 2268 6034">
    <p class='ocr_par' dir='ltr' id='par_1_11' title="bbox 0 0 2268 6034">
     <span class='ocr_line' id='line_1_40' title="bbox 0 0 2268 6034; baseline 0 0"><span class='ocrx_word' id='word_1_342' title='bbox 0 0 2268 6034; x_wconf 95' lang='lat' dir='ltr'><strong> </strong></span> 
     </span>
    </p>
   </div>
  </div>
 </body>
</html>
