4525 6034
526 556 743 635 Musis
800 555 1290 636 nnn-tunuli.
1515 559 1589 640 395

226 744 409 818 doctrinam
434 744 674 840 Apostolorum
700 755 830 818 monum
857 755 1063 837 sanotorum,
1090 743 1133 819 ab
1150 745 1358 842 Apostolieis
1372 747 1592 844 temporibus,

227 860 270 934 ad
295 859 380 933 hanc
405 883 512 956 usqne
538 860 634 933 diem.

327 977 477 1049 mevam
507 997 634 1048 nocem
692 978 873 1050 Doctorum
907 977 1109 1068 electorum,
1144 990 1179 1051 et
1221 981 1276 1074 qui
1308 982 1467 1076 mysteria
1499 994 1592 1056 reete

224 1095 429 1190 interpretati
456 1102 549 1182 sunt,
575 1091 751 1168 Ecclesiae
777 1104 854 1167 tuae
880 1103 1030 1167 sanotae:
1056 1094 1187 1167 illorum
1214 1097 1269 1190 qui
1299 1079 1389 1167 vere*
1408 1095 1590 1192 praediea-

223 1218 345 1280 verunt
370 1207 651 1304 dispensationem
676 1212 835 1303 unigeniti
860 1208 935 1282 Filii
959 1214 1024 1300 tui,
1051 1222 1085 1284 et
1111 1214 1167 1307 qui
1192 1211 1267 1284 luce
1293 1210 1485 1304 dogmatum
1502 1236 1590 1288 suo-

223 1347 297 1398 rum
322 1350 345 1398 a
370 1324 495 1421 Spiritu
522 1335 578 1398 turo
605 1335 721 1398 sancto
745 1329 922 1422 inspirata,
948 1326 1198 1400 illustraverunt
1213 1348 1355 1420 gregem
1375 1337 1464 1400 mum
1478 1331 1589 1403 ratio-

223 1439 350 1529 nalem,
382 1450 503 1514 emtum
538 1445 700 1535 sanguiue
732 1446 892 1535 unigeniti
925 1442 1000 1515 Filii
1030 1447 1086 1516 tui.
1139 1442 1212 1517 Nos
1243 1447 1341 1516 etiam
1369 1448 1425 1540 qni
1456 1447 1589 1518 verita-

222 1568 291 1630 tem
318 1556 487 1630 doctrinae
514 1580 630 1632 eorum
656 1568 828 1647 tenemus,
855 1570 888 1630 te
915 1558 1144 1650 obsecramus,
1170 1571 1205 1633 nt
1232 1559 1436 1634 orationibus
1461 1583 1591 1654 eorum,

223 1695 343 1769 paoem
368 1682 459 1746 tuam,
482 1672 658 1747 Ecclesiae
683 1686 761 1746 tuae
787 1674 974 1762 eoumdm,
1002 1686 1036 1748 et
1062 1674 1290 1751 schismaticos
1311 1688 1409 1772 atque
1428 1676 1590 1750 dissidio-

223 1811 296 1861 rum
323 1799 458 1862 autores
486 1790 642 1864 emedio
673 1792 777 1863 nostri
811 1790 983 1887 expellas:
1017 1795 1050 1863 in
1083 1801 1177 1865 reeta
1209 1792 1339 1867 illorum
1374 1791 1590 1867 confessione

223 1909 286 1979 'uos
313 1904 505 2003 confirmes:
533 1916 633 2002 atque
661 1930 736 1980 oum
761 1905 846 1998 illis,
881 1918 915 1980 et
946 1912 1033 1980 inter
1065 1907 1164 2001 illos,
1198 1908 1383 1982 referamus
1416 1908 1475 1981 tibi
1506 1908 1588 2002 glo-

224 2023 308 2092 riam
335 2031 398 2094 eto.

326 2136 502 2210 Sacerdos
527 2138 717 2212 inclinatus.
770 2141 930 2229 Praesta,
965 2141 1127 2230 Domine,
1160 2163 1223 2238 per
1257 2139 1465 2214 clementiam
1500 2149 1589 2212 tuam

223 2257 371 2349 requiem
399 2265 433 2326 et
459 2258 652 2328 memoriam
686 2254 827 2347 bonam,
860 2254 1011 2331 omnibns
1047 2255 1229 2349 defunetis,
1263 2259 1318 2352 qui
1352 2254 1588 2344 decubuerunt,

224 2380 258 2442 et
283 2374 426 2466 quietem
454 2381 671 2467 aooepenmt,
696 2375 732 2444 in
757 2393 818 2468 spe
844 2375 1005 2464 unigeniti
1030 2371 1106 2444 Filii
1133 2376 1187 2448 tui.

325 2487 476 2559 Eteonon
502 2510 626 2559 eonem.
679 2488 730 2559 Te
755 2489 913 2576 Domine,
941 2487 1085 2560 Domine
1115 2488 1347 2562 dominantium
1362 2486 1588 2577 obsecramus,

222 2613 257 2675 et
279 2612 314 2674 te
340 2604 453 2692 Deus,
479 2603 623 2677 Domine
649 2606 819 2700 spirituum
845 2615 880 2677 et
904 2606 1084 2677 universae
1109 2605 1220 2676 carris
1253 2604 1487 2699 deprecamur,
1523 2625 1586 2699 pro

220 2717 301 2808 illis,
330 2725 386 2815 qui
408 2721 505 2812 jussu
531 2728 588 2793 tuo
615 2742 661 2791 ex
685 2718 749 2792 bae
775 2724 846 2793 vita
872 2723 1116 2813 migraverunl3
1144 2731 1178 2792 et
1203 2742 1249 2792 ex
1274 2719 1339 2793 boe
1372 2719 1493 2793 mundo
1518 2718 1587 2791 lle-

220 2835 278 2909 bili
302 2835 464 2931 profecti,
491 2835 534 2907 ad
559 2847 593 2907 te
618 2846 854 2931 pervenerunt
907 2834 1059 2923 Quietem
1085 2846 1219 2933 praesta
1239 2836 1429 2926 animabus,
1456 2857 1586 2932 eorpo-

218 2949 329 3041 ribus,
356 2961 391 3024 et
415 2951 582 3047 spiritibus
609 2973 742 3025 eorum:
769 2962 804 3024 et
830 2977 851 3025 a
877 2950 1024 3025 tenebris
1052 2951 1276 3026 exterioribus
1308 2952 1404 3026 salva
1438 2951 1533 3025 illos:
1566 2975 1587 3025 a

218 3071 364 3142 cruciatu
391 3090 504 3140 amaro
538 3070 633 3164 eripe
664 3066 762 3156 illos,
797 3077 831 3139 et
863 3067 905 3140 ad
936 3067 1124 3142 habitacula
1150 3068 1233 3142 lueis
1269 3079 1303 3142 et
1337 3068 1448 3162 gaudii
1480 3068 1587 3141 deduc

217 3184 309 3258 illos:
335 3185 457 3257 lumine
483 3183 594 3257 vultus
621 3186 667 3255 tui
693 3183 834 3276 gloriosi
859 3183 1001 3258 laetitioa
1026 3183 1119 3274 illos,
1147 3196 1181 3257 et
1207 3209 1227 3258 a
1254 3195 1349 3257 reatu
1372 3192 1586 3280 peecatorum

218 3323 352 3375 suornm
380 3300 487 3373 libera
512 3301 606 3390 illos3
640 3304 716 3394 quia
748 3298 856 3373 nullm
888 3304 974 3373 iuter
1007 3310 1105 3374 natos
1141 3300 1313 3373 mulierum
1344 3322 1447 3398 purus
1478 3299 1586 3373 inita

218 3416 372 3491 sordibus
398 3419 543 3513 peccati,
569 3420 634 3491 nisi
659 3439 743 3489 unus
769 3417 932 3490 Dominus
956 3416 1051 3489 Dens
1078 3438 1219 3510 magnus
1246 3426 1280 3488 et
1306 3417 1456 3490 salvator
1470 3427 1586 3489 noster

217 3534 319 3607 Jesns
345 3532 496 3607 Christus
521 3535 709 3626 unigenitus
735 3532 839 3606 Filius
865 3544 958 3622 tuus,
985 3554 1047 3629 per
1074 3555 1171 3628 quem
1191 3554 1254 3606 nos
1268 3535 1368 3606 etiam
1386 3535 1585 3607 misericor-

219 3650 307 3724 diam
334 3672 517 3746 speramus.

322 3765 484 3859 Populos.
536 3765 699 3860 Requiem
724 3774 876 3860 praesta,
904 3777 969 3839 eto.

323 3881 506 3954 Sacerdos.
558 3881 655 3954 Viam
682 3884 769 3953 enim
795 3881 986 3974 generalem
1002 3882 1101 3971 illam,
1128 3884 1278 3978 primitus
1292 3889 1431 3953 nomae
1449 3889 1585 3956 nostrae

220 4001 428 4073 constitutam
456 4000 627 4087 novimus,
661 4007 694 4069 et
729 4006 763 4070 te
795 3999 888 4070 Deus
922 4000 1066 4071 Domine
1097 4001 1248 4071 universi
1281 3995 1516 4087 obsecramus,
1549 4008 1586 4070 ut

221 4115 340 4188 debota
367 4124 483 4188 nostra
509 4114 696 4189 voluntaria
723 4123 756 4187 et
780 4114 1001 4188 involuntaria
1027 4117 1187 4204 remittas,
1214 4124 1249 4187 et
1268 4114 1371 4186 ultimi
1396 4112 1482 4186 illins
1502 4112 1585 4186 boni

219 4231 308 4325 quod
333 4233 415 4304 viris
442 4233 534 4326 pacis
560 4241 793 4327 praeparatum
819 4240 871 4304 est
897 4251 960 4303 nos
986 4231 1106 4324 dignos
1134 4230 1275 4317 efficias,
1302 4239 1336 4302 et
1360 4251 1422 4324 per
1445 4233 1583 4302 miseri-

218 4346 351 4420 cordias
378 4349 506 4441 gratiae
533 4358 610 4419 tuae
636 4350 670 4420 in
696 4346 759 4420 hoe
787 4346 921 4420 saeculo
947 4345 1122 4420 nobiscum
1148 4354 1182 4418 te
1208 4333 1387 4438 benignum
1404 4344 1583 4443 praebeas,

218 4474 252 4536 et
278 4467 312 4535 in
337 4462 448 4537 futuro
474 4464 639 4560 perducas
665 4486 729 4537 nos
755 4462 797 4534 ad
823 4461 1009 4535 habitacula
1034 4462 1118 4536 lucis
1146 4472 1179 4534 et
1204 4461 1333 4555 gaudii,
1366 4471 1491 4535 ettam
1518 4459 1583 4552 bio,

219 4602 316 4674 quam
342 4580 409 4653 illio
435 4578 695 4669 celebrabimus,
721 4578 942 4670 laudabimus,
970 4587 1004 4651 et
1018 4578 1217 4654 extollemus
1234 4600 1354 4652 nomen
1382 4587 1470 4650 tunm
1496 4599 1582 4652 san-

219 4698 399 4769 ctissimum
426 4706 460 4768 et
485 4695 705 4769 benedictum.

324 4811 483 4906 Populos.
536 4812 588 4885 Ut.

322 4927 505 5001 Soeerdm
558 4928 640 5001 Pax.

321 5043 484 5139 Populus·
536 5044 580 5119 Et
606 5068 680 5119 oum
707 5046 823 5140 spiritu
848 5054 915 5118 bro.

257 5183 344 5227 rmus
358 5182 384 5228 n
