4525 6034
584 554 793 633 chuttonis
820 556 868 631 ET
894 549 1198 630 BlllllllllllllthES.

554 829 777 901 Coruccratio
804 828 941 900 tabulae
966 832 1005 896 ut
1029 825 1143 897 altare
1167 798 1239 920 fiat.

448 1000 640 1094 Episcopus
666 1002 758 1073 dicet
779 1003 876 1095 socie
902 998 949 1070 ad
974 999 1144 1070 Orientem
1169 1018 1345 1068 conuerso.

309 1204 525 1294 Dominator,
557 1204 722 1292 Domine,
756 1204 849 1276 Deus
876 1204 1105 1298 omnipotenS,
1137 1200 1192 1294 qui
1224 1198 1347 1270 creasti
1380 1196 1511 1269 coelum
1546 1209 1580 1270 et

213 1330 330 1392 terram
368 1318 477 1391 verbo
512 1330 547 1391 et
571 1322 711 1414 irnperio
748 1328 803 1391 tuo
839 1328 874 1391 et
899 1341 975 1391 eam
1007 1315 1180 1412 replevisti
1215 1315 1339 1410 Spiritu
1365 1323 1481 1387 sancto
1510 1324 1579 1401 tuo,
1683 1330 1685 1337 ’

212 1439 397 1532 creastique
423 1435 577 1528 Angelos
604 1444 639 1506 et
664 1432 917 1528 Archangelos,
946 1430 1125 1507 Cherubim
1152 1440 1187 1503 et
1204 1428 1378 1527 Seraphim
1396 1438 1430 1501 et
1446 1453 1578 1503 omnem

212 1556 393 1624 exereitum
420 1552 619 1643 coelestem,
658 1555 762 1623 maria
788 1562 823 1623 et
847 1549 979 1623 flumina
1012 1560 1046 1621 et
1076 1550 1185 1621 omnia
1221 1569 1307 1642 quae
1346 1550 1381 1618 in
1414 1549 1464 1619 eis
1492 1558 1575 1620 sunt.

212 1667 355 1742 Petimus
386 1691 612 1764 rogamusque
638 1691 658 1739 a
683 1667 829 1740 bonitate
856 1679 932 1758 tua,
959 1689 980 1739 o
1008 1663 1326 1748 amatorhominum,
1354 1663 1577 1755 exaudinos,

65 1812 77 1829 ·
212 1784 355 1857 extende
382 1808 513 1857 manum
540 1795 630 1857 tuam
660 1784 877 1874 invisibilem,
911 1795 945 1855 et
975 1783 1117 1856 benedic
1151 1780 1227 1853 huic
1262 1779 1394 1852 tabulae
1428 1778 1575 1873 hgneae,

210 1911 244 1972 ut
267 1900 323 1973 liat
351 1902 455 1973 altare
482 1911 630 1975 sanctum
658 1912 692 1974 et
717 1924 832 1976 mensa
860 1911 992 1989 sancta,
1027 1921 1089 1994 pro
1116 1897 1211 1969 altari
1238 1895 1376 1969 excelso
1413 1906 1447 1967 et
1473 1919 1493 1968 e
1518 1896 1576 1968 la-

211 2016 284 2112 pide
309 2027 514 2091 constructo.
567 2018 619 2089 Tu
642 2020 771 2108 jussisti
797 2040 899 2091 servo
925 2027 982 2088 tuo
1009 2016 1135 2111 Moysi,
1161 2024 1197 2085 ut
1218 2011 1440 2086 sanctificaret
1457 2012 1577 2084 taber-

210 2133 362 2206 naculum
389 2143 555 2224 sanctum,
582 2145 615 2205 et
642 2137 752 2206 omnia
769 2157 855 2230 quae
881 2137 915 2205 in
942 2155 984 2204 eo
1012 2141 1123 2204 erant:
1151 2139 1184 2202 et
1209 2134 1282 2226 ipse
1303 2126 1475 2200 benedixit
1499 2126 1576 2218 illis,

208 2254 298 2342 juxta
325 2250 515 2322 mandatum
542 2260 632 2322 tuum
660 2250 702 2322 ad
721 2273 769 2323 se.
822 2251 866 2323 Et
881 2271 947 2342 ego
963 2268 1082 2321 servus
1101 2257 1176 2321 tuus
1196 2268 1309 2318 coram
1327 2254 1361 2316 te
1378 2246 1576 2333 consistens,

211 2388 292 2459 rogo
319 2377 379 2458 te,
405 2377 440 2437 ut
466 2366 627 2439 exaudias
653 2390 707 2439 me
733 2367 850 2458 vilem,
877 2388 1078 2463 pauperem,
1106 2375 1141 2436 et
1167 2364 1333 2454 indignum
1361 2362 1416 2457 qui
1449 2370 1482 2431 te
1512 2384 1576 2433 ro-

212 2505 295 2576 gem,
324 2505 347 2553 o
376 2492 504 2554 amator
521 2483 688 2554 hominum
702 2480 803 2572 bone,
829 2492 968 2579 propter
982 2481 1095 2554 lesum
1119 2478 1284 2552 Christum
1306 2476 1483 2550 Dominum
1506 2501 1577 2550 no-

212 2608 328 2688 strum,
358 2606 393 2669 et
406 2596 562 2694 Spiritum
589 2609 752 2673 sanctum:
778 2598 922 2671 benedic
937 2600 992 2671 isti
1018 2619 1173 2687 mensae,
1199 2599 1294 2667 utin
1321 2617 1363 2666 ea
1385 2595 1577 2666 sanetilice-

211 2723 259 2786 tur
284 2713 443 2810 quidquid
470 2735 572 2809 super
597 2717 701 2811 ipsam
729 2718 870 2810 positum
897 2715 1011 2806 luerit,
1038 2723 1071 2785 et
1098 2716 1207 2785 omnia
1233 2710 1346 2784 altaris
1363 2714 1578 2784 instrumenta

212 2853 268 2926 per
294 2834 440 2923 gratiam
466 2842 500 2903 et
525 2833 785 2904 misericordiam
813 2840 876 2904 etc.

323 2965 419 3035 Teuc
455 2969 606 3059 accipiet
638 2966 793 3039 Chriomo
822 2972 975 3038 eoactum
1016 2971 1051 3036 et
1086 2987 1131 3035 eu
1168 2985 1208 3034 eo
1244 2959 1393 3054 ripuadit
1429 2959 1578 3030 tabulam

214 3085 247 3153 ιἰι
284 3082 419 3153 modum
452 3079 572 3153 Crucis
609 3086 645 3152 iu
680 3089 826 3178 quatuor
857 3086 964 3175 ipsius
995 3078 1161 3151 lateribus
1195 3080 1320 3149 diceus.
1376 3076 1575 3148 Benedictus

214 3197 388 3286 Dominus,
415 3199 516 3270 lesus
544 3197 713 3289 Christus,
739 3198 843 3273 rurus
870 3197 935 3270 Dei
961 3199 1079 3289 sancti,
1107 3206 1142 3267 et
1160 3194 1302 3291 Spiritus
1328 3201 1473 3283 sanctus,
1498 3196 1579 3263 uni-

215 3337 268 3386 cus
295 3324 330 3387 et
357 3315 520 3387 unicus.
572 3315 693 3388 Amen.

217 3464 333 3536 Oratio
361 3464 544 3558 singularis
566 3489 633 3559 pro
660 3464 778 3552 altari,
810 3488 883 3535 cum
908 3464 1060 3536 omuibus
1084 3465 1339 3535 haereticorum
1361 3467 1579 3534 attrectatum

260 3585 370 3676 piterii
396 3587 628 3676 cujuscumque
652 3584 803 3674 pencris,
831 3587 892 3652 aut
916 3585 1020 3651 muria
1044 3580 1100 3653 cel
1125 3581 1268 3651 alterius
1293 3579 1450 3652 animalia
1480 3586 1575 3651 ater-

262 3720 346 3769 core
370 3700 480 3790 suerit
505 3701 731 3793 inquinatum„
775 3696 925 3767 Primum
950 3720 1042 3791 aqua
1068 3696 1243 3784 abluetur,
1276 3701 1343 3766 tum
1374 3694 1578 3767 recitabun-

262 3819 316 3884 tur
340 3836 481 3908 preceo,
508 3813 725 3908 adolebitque
739 3813 931 3907 Episcopus
945 3818 1115 3886 incensum
1128 3820 1163 3885 et
1175 3814 1267 3883 dicet
1278 3812 1367 3883 hauc
1378 3816 1576 3889 orationem.

312 3963 511 4037 Dominator
537 3966 698 4053 omnium,
725 3986 810 4058 quae
837 3968 970 4037 suntin
1003 3986 1114 4036 rerum
1149 3974 1286 4054 natura,
1320 3964 1462 4035 omnium
1496 3965 1577 4033 exi-

216 4083 364 4151 stentium
396 4082 576 4170 institutor,
602 4079 821 4175 conditorque
847 4083 990 4153 omnium
1021 4089 1264 4170 creaturarum,
1289 4076 1576 4151 benedictionibus

216 4216 327 4269 omues
354 4193 504 4269 homiues
531 4195 701 4269 cumulans
728 4199 816 4269 omni
843 4208 1011 4294 tempore,
1036 4206 1175 4293 propter
1190 4196 1403 4269 Salvatorem
1416 4204 1576 4282 nostrum,

217 4320 247 4382 et
270 4311 359 4385 bona
388 4313 534 4385 tribuens
560 4311 703 4384 humano
729 4316 863 4406 generi:
892 4316 947 4410 qui
972 4313 1116 4387 lundasti
1149 4324 1272 4385 terram
1307 4334 1408 4408 super
1442 4310 1576 4383 stabili-

217 4436 309 4500 tatem
337 4450 444 4518 suam,
471 4433 525 4524 qui
550 4429 634 4501 lacis
661 4427 823 4501 mirabilia
851 4432 952 4505 solus.
1005 4430 1057 4502 Tu
1084 4432 1225 4503 Domine
1252 4433 1284 4500 in
1316 4429 1404 4502 omni
1435 4425 1512 4499 loco
1545 4435 1579 4497 et

216 4545 362 4618 inomni
389 4548 523 4618 civitate
551 4557 585 4617 et
610 4549 645 4618 in
670 4550 758 4617 omni
784 4549 923 4640 regione
950 4547 1069 4619 dedisti
1095 4550 1144 4620 eis
1169 4546 1361 4637 EcclesIas,
1387 4552 1421 4615 et
1447 4544 1578 4615 consti-

217 4663 301 4733 tuisti
327 4665 361 4733 in
387 4660 451 4734 illis
479 4663 583 4735 altare
619 4672 652 4734 et
677 4666 879 4759 praecepisti
904 4674 940 4736 ut
974 4664 1170 4737 ollerrentur
1202 4664 1327 4735 nomini
1366 4671 1428 4733 tuo
1459 4668 1577 4733 sancto

219 4775 401 4852 oblationes
430 4779 615 4873 spirituales
642 4788 676 4851 et
701 4781 864 4853 sacrificia
891 4783 1073 4872 incruenta,
1102 4780 1297 4854 adsalutem
1317 4780 1496 4849 animarum
1509 4774 1577 4846 hu-

218 4913 392 4967 manarum.

318 5030 422 5102 Dicet
448 5030 635 5103 Diaeouua.
689 5031 801 5104 Orate.

256 5167 339 5216 lomus
350 5172 366 5216 t
