4525 6034
704 565 781 641 460
1216 566 1575 644 LlTllliGlA

702 763 735 825 tu
763 753 880 827 librum
909 756 1058 851 aperies,
1085 775 1259 850 operaque
1285 752 1490 846 singulorum
1517 765 1653 847 nostra,
1685 766 1718 828 et
1752 756 1859 829 uerba
1890 759 2041 827 examina-

703 883 810 945 turus:
837 875 1000 967 propitius
1027 884 1101 945 esto
1128 870 1244 961 nobis,
1271 870 1418 943 clemens
1445 871 1608 961 Domine,
1634 895 1743 967 neque
1764 874 1798 943 in
1811 871 1961 965 judicium
1975 876 2042 944 stri-

702 991 786 1060 ctius
813 992 917 1060 intres
944 987 1136 1077 nobiscum3
1164 985 1258 1059 aufer
1283 986 1427 1060 Domine
1451 997 1592 1081 peccata
1617 998 1744 1076 nostra,
1769 1010 1832 1085 per
1856 1010 1943 1060 mare
1956 991 2043 1061 mne·

701 1104 866 1178 ricordiae
894 1115 989 1193 tuae,
1017 1114 1050 1175 et
1077 1102 1255 1199 multiplica
1282 1124 1365 1194 erga
1391 1123 1455 1174 nos
1482 1102 1689 1176 clementiam
1712 1115 1811 1176 tuam
1863 1102 1966 1176 Ablue
1980 1103 2044 1177 llo-

635 1239 643 1252 “
702 1228 790 1295 mine
818 1219 967 1294 delectus
993 1230 1128 1293 nostros
1144 1243 1206 1316 per
1223 1218 1445 1293 abundantem
1463 1224 1605 1313 gratiam
1626 1231 1726 1310 tuam,
1752 1219 1909 1294 contrahe
1927 1222 2046 1294 Domine

698 1342 856 1431 justitiam
884 1348 992 1429 tuam,
1019 1347 1052 1409 et
1079 1337 1241 1429 affulgere
1266 1335 1323 1408 fac
1349 1358 1450 1433 super
1466 1337 1750 1414 noselemeutiam
1767 1346 1873 1409 tuam:
1899 1359 2047 1408 neumare

702 1455 881 1528 delleamus
909 1477 983 1525 cum
1011 1452 1199 1526 errantibus
1227 1457 1282 1548 qui
1307 1475 1374 1526 non
1400 1462 1568 1525 noverunt
1592 1475 1714 1526 nomen
1739 1462 1845 1538 mum,
1872 1474 1973 1546 neque
1999 1452 2048 1524 lu·

701 1582 831 1644 nestum
858 1582 998 1644 mortem
1026 1571 1210 1660 obeamus,
1236 1592 1311 1643 cum
1337 1570 1401 1642 illis
1429 1573 1484 1664 qui
1505 1579 1776 1665 contempserunt
1795 1571 1967 1665 passiones
1979 1577 2048 1642 tuas.

702 1687 756 1760 Ne
789 1688 997 1761 dissecentur
1031 1686 1180 1759 membra
1215 1695 1330 1759 nostra
1362 1697 1498 1782 propter
1531 1685 1681 1758 odiosam
1714 1707 1853 1782 operum
1884 1696 2050 1758 nostrornm

702 1808 895 1899 nequitiam:
923 1827 966 1876 ne
998 1803 1180 1875 incidamus
1214 1805 1385 1894 inignem
1418 1811 1569 1875 urentem
1600 1812 1633 1874 et
1667 1800 1984 1874 tenebrosissimam:
2016 1823 2051 1870 ue

703 1920 888 1992 dominetur
915 1924 948 1991 in
974 1942 1037 1994 nos
1063 1923 1205 2007 vermis,
1233 1928 1268 1990 et
1294 1917 1453 1990 corrodat
1475 1916 1738 1991 abominationes
1754 1925 1905 1989 nostras:
1930 1938 1970 1988 ne
1985 1939 2050 2012 prae

701 2045 940 2109 tormentorum
973 2034 1198 2129 magnitudine
1238 2033 1414 2128 ejulemus‚
1451 2057 1495 2106 ne
1526 2034 1705 2107 clamemus
1739 2057 1822 2130 prae
1857 2031 1985 2105 dolore:
2018 2055 2052 2102 ne

703 2154 873 2243 ejiciamur
899 2175 974 2224 eum
1000 2156 1041 2225 iis
1069 2155 1124 2247 qui
1152 2154 1343 2244 ejiciuntur:
1375 2174 1418 2222 ne
1451 2154 1717 2243 constringamur
1749 2149 1895 2222 vinculis
1927 2148 2052 2221 buissi-

703 2272 785 2355 mis‚
813 2260 874 2341 sed
901 2280 1010 2342 statue
1036 2290 1099 2340 nos
1126 2268 1167 2340 ad
1195 2269 1306 2340 lumen
1332 2267 1443 2341 vultus
1471 2270 1534 2339 tui:
1562 2266 1720 2341 confitere
1745 2288 1809 2338 nos
1837 2269 1896 2359 qui
1927 2264 2052 2336 confossi

704 2408 817 2458 sumus
844 2396 887 2457 te.
941 2385 1099 2478 Adjunge
1125 2407 1190 2459 nos
1223 2384 1411 2477 agminibus
1444 2386 1524 2457 tuis:
1556 2407 1693 2456 numera
1725 2405 1787 2457 nos
1817 2385 1906 2454 inter
1940 2381 2053 2456 ordines

703 2510 791 2589 tuos,
816 2524 984 2597 praepara
1010 2499 1109 2574 nobis
1135 2499 1323 2573 habitacula
1350 2509 1420 2573 tua:
1452 2501 1598 2573 illumina
1630 2522 1694 2574 nos
1723 2500 1845 2572 lumine
1881 2498 1987 2570 uultus
2009 2499 2053 2568 tui

705 2615 791 2701 Quia
818 2617 967 2690 confessi
993 2639 1106 2691 sumus
1134 2627 1186 2708 te,
1213 2616 1373 2689 confitere
1399 2638 1482 2690 nos:
1509 2627 1542 2688 et
1568 2621 1644 2711 quia
1670 2638 1737 2688 nou
1759 2615 2054 2706 abnegatimuste,

701 2755 804 2827 parce
831 2732 939 2806 nobis.
992 2732 1043 2806 Ea
1070 2742 1208 2830 propter
1232 2731 1387 2805 Ecclesia
1414 2744 1470 2806 tua
1494 2731 1665 2829 redempta
1699 2736 1864 2825 sanguine
1898 2740 1973 2822 tuo,
2001 2729 2053 2800 de-

702 2861 857 2943 precatur
885 2859 937 2938 te,
965 2860 998 2920 et
1025 2872 1085 2944 per
1111 2858 1146 2921 te
1172 2861 1205 2922 et
1231 2858 1340 2921 tecum
1366 2849 1499 2922 Patrem
1527 2859 1634 2938 mum,
1662 2848 1786 2921 dicens.

804 2965 966 3058 Papulae.
1019 2966 1192 3038 Miserere.

805 3081 990 3155 Sacerdos.
1043 3081 1117 3154 Nos
1144 3103 1286 3176 quoque.

804 3198 993 3271 Diacoam.
1047 3198 1154 3285 Quam
1181 3196 1326 3270 timenda
1354 3206 1406 3270 est
1431 3195 1515 3269 baee
1541 3195 1635 3267 bora.

804 3314 965 3408 Populus.
1020 3314 1133 3386 Orate.

839 3674 1022 3749 Sacerdos
1046 3677 1133 3749 dicit
1160 3678 1358 3748 Oreticum
1383 3675 1617 3747 Innovationis
1642 3674 1794 3768 Spiritus
1818 3675 1942 3745 amicti.

804 3894 971 3966 Miserere
997 3893 1096 3968 nobis
1122 3895 1216 3967 Deus
1243 3896 1344 3967 Pater
1370 3896 1599 3991 omnipotens,
1632 3903 1665 3966 et
1696 3897 1789 3966 mitte
1822 3917 1927 3989 super
1951 3900 2057 3965 noset

600 4027 606 4032 ’
703 4033 804 4108 super
836 4010 1024 4085 oblationes
1056 4014 1138 4084 istas
1169 4015 1376 4108 propositas
1411 4011 1566 4108 Spiritum
1602 4021 1690 4082 mum
1721 4019 1891 4098 sanetum,
1926 4012 1979 4105 qui
2010 4005 2057 4078 tibi

704 4128 854 4222 aequalis
882 4139 946 4202 est,
960 4126 1068 4221 gloria
1095 4136 1131 4199 et
1155 4136 1342 4224 potestate,
1358 4193 1363 4204 ,
1378 4126 1593 4222 aequalisque
1628 4125 1807 4199 secundum
1843 4127 2055 4204 substantiam

702 4252 864 4333 naturam,
892 4256 926 4316 et
952 4243 1163 4337 dignitatem:
1190 4247 1245 4339 qui
1272 4243 1496 4340 inPropbetis
1522 4246 1645 4318 sanetis
1670 4242 1800 4316 locutus
1827 4255 1893 4332 est,
1921 4255 1954 4316 et
1969 4242 2056 4335 Apo·

657 4397 659 4400 ·
703 4357 809 4431 stolos
837 4360 969 4434 divinos
996 4359 1145 4435 doctrina
1173 4362 1343 4448 instruxit,
1377 4363 1451 4458 ipse
1483 4363 1596 4432 veniat
1629 4370 1662 4431 et
1691 4359 1845 4431 illabatur
1878 4380 1979 4455 super
2007 4354 2055 4425 bas

704 4473 906 4550 oblationes:
935 4488 968 4550 et
987 4476 1115 4552 custodi
1137 4480 1170 4548 iu
1190 4475 1289 4550 nobis
1307 4477 1540 4574 plenitudinem
1558 4476 1814 4572 praedicationis
1830 4474 2056 4567 Evangelicae.

801 4592 968 4687 Populus.
1023 4594 1144 4683 Orate,
1171 4604 1234 4666 ete.

805 4708 990 4781 Sacerdos.
1042 4699 1175 4781 Exaudi
1201 4731 1265 4780 me.

805 4824 966 4919 Populos.
1020 4826 1125 4922 Kyrie
1153 4824 1301 4916 eleison,
1326 4824 1433 4921 llyrie
1459 4825 1607 4913 eleison,
1632 4823 1738 4921 Kyrie
1764 4823 1906 4896 eleison.

806 4940 981 5014 Sacerdos
1014 4943 1151 5014 elevans
1182 4964 1308 5014 coccea.
1360 4940 1406 5015 Ut
1431 4939 1584 5013 illabatur
1611 4950 1644 5013 et
1669 4941 1788 5014 efficiat
1813 4963 1936 5037 panem
1963 4941 2054 5024 istum

700 5059 809 5151 ipsum
836 5062 967 5152 inquam
994 5056 1092 5148 bunc,
1120 5079 1242 5154 eorpus
1271 5055 1393 5130 Christi
1418 5057 1482 5129 Dei
1507 5060 1632 5156 nostri³
