4525 6034
685 573 762 646 260
1170 567 1590 646 COMMENTARIUS

685 775 753 819 cum
780 755 937 822 excusatio
967 773 1025 837 que
1054 753 1177 816 Gabriel
1205 752 1283 815 lilius
1311 749 1439 825 Taricb,
1475 769 1573 832 eaque
1601 752 1690 815 unica
1718 768 1791 813 usus
1820 758 1886 828 est,
1913 768 1976 813 non
2004 751 2060 815 alia

684 856 784 935 luerit,
807 856 865 917 nisi
888 853 968 936 quad
991 855 1028 916 nb
1051 853 1212 934 Episcopis
1233 852 1286 933 qui
1308 869 1378 913 eum
1393 849 1620 930 ordinaverent,
1636 852 1837 932 praescripta,
1853 850 2058 933 verbatimque

683 962 832 1039 suggesta
854 953 950 1017 leret:
979 972 1044 1016 eam
1067 953 1153 1035 prius
1176 953 1206 1012 in
1228 950 1368 1014 Ecclesia
1389 947 1596 1012 Alexandrina
1619 951 1754 1032 &uisse
1776 949 1886 1030 probet
1907 949 1985 1011 baec
2007 967 2059 1012 ra-

684 1055 819 1136 spousia.
863 1053 952 1127 Quod
975 1071 1040 1114 eam
1063 1051 1227 1114 blacariani
1248 1048 1388 1113 Monachi
1410 1049 1629 1132 ignoraverint,
1653 1048 1741 1111 facile
1764 1049 1951 1128 explicatur:
1974 1057 2059 1110 erant

684 1155 762 1214 enim
790 1151 967 1233 disciplinae
998 1155 1111 1215 veteris
1143 1149 1419 1213 observantissimi:
1455 1165 1582 1228 cumque
1612 1147 1793 1210 additionem
1820 1150 1960 1229 priutam3
1985 1148 2061 1226 smil

683 1253 758 1313 illuct
780 1270 871 1313 unam
893 1271 960 1312 cren
982 1252 1142 1313 diemitate
1164 1268 1238 1326 aaa,
1262 1255 1410 1329 negarent
1432 1246 1546 1309 babere
1568 1264 1604 1309 eo
1626 1248 1658 1308 in
1680 1247 1743 1310 suis
1766 1246 1933 1320 muamus,
1963 1245 2059 1310 dooe-

683 1368 752 1411 mur
774 1348 843 1412 inde
867 1348 1097 1412 obscuriuscule
1120 1347 1278 1425 fortassis,
1302 1345 1358 1409 sed
1380 1363 1441 1408 non
1463 1345 1714 1424 inverisimiliter,
1744 1363 1889 1410 servasse
1911 1345 1980 1409 illos
2002 1364 2059 1410 co-

684 1449 768 1511 dices
790 1448 963 1531 Liturgicos
985 1456 1124 1526 veteres,
1151 1445 1313 1527 inquibus
1335 1445 1411 1508 baec
1440 1444 1553 1508 additio
1581 1452 1708 1527 recepta
1736 1463 1807 1507 esse
1837 1463 1899 1507 uon
1928 1452 2057 1525 potemt,
2183 1527 2187 1534 .

684 1566 751 1610 cum
780 1548 973 1610 schismatum
1004 1548 1093 1609 initiis
1128 1545 1207 1608 leret
1242 1545 1405 1608 recentior.
1455 1543 1498 1607 m
1525 1544 1595 1607 alibi
1625 1546 1656 1606 in
1682 1543 1830 1607 Ecclesiis
1863 1562 1952 1608 usura
1977 1545 2057 1608 illiue

684 1647 796 1709 nullam
817 1645 923 1725 luisse,
947 1662 1007 1708 uon
1029 1646 1100 1708 inde
1123 1644 1277 1726 probatur.

771 1743 921 1826 Quidquid
943 1745 1065 1807 tandem
1087 1744 1144 1822 sit,
1173 1762 1242 1806 curn
1271 1760 1376 1807 omnes
1398 1741 1624 1806 Alexandrinae
1646 1743 1802 1826 Litargiae
1823 1742 1903 1806 illam
1927 1741 2058 1805 Coales-

684 1846 800 1908 sionem
823 1846 1007 1922 contineant,
1032 1862 1132 1924 neque
1164 1841 1393 1906 controversiae
1419 1843 1528 1922 quibus
1556 1843 1748 1904 occasionem
1774 1841 1873 1920 dedit,
1901 1841 1942 1905 ad
1972 1841 2058 1905 fide·

683 1944 907 2021 Eucharistiae,
936 1943 990 2006 sed
1018 1942 1056 2005 ad
1077 1942 1296 2005 lncarnationis
1323 1944 1499 2023 mysterium
1530 1943 1718 2023 pertineant:
1749 1959 1942 2022 quocumque
1969 1941 2057 2006 mdo

684 2063 719 2107 sa
744 2042 865 2119 habeat,
890 2042 1049 2123 aequalem
1071 2041 1220 2104 adversus
1250 2041 1454 2105 Protestantes
1482 2042 1595 2106 retinet
1622 2044 1823 2107 autoritatem.
1875 2043 1952 2105 llam
1983 2041 2059 2104 duae

683 2143 840 2224 Litargiae
861 2140 1125 2210 Graecae,Basilii
1148 2149 1178 2203 et
1200 2141 1342 2222 Gregorii
1364 2141 1444 2203 illem
1465 2150 1714 2223 repraesentant,
1743 2150 1777 2205 ut
1799 2142 1911 2224 lcgitur
1939 2144 1970 2204 in
1998 2141 2058 2204 Co·

683 2244 772 2323 plicis
796 2241 906 2316 tribus,
935 2251 966 2304 ct
987 2241 1184 2322 Aethiopica,
1208 2259 1286 2321 quae
1308 2241 1345 2302 ab
1375 2240 1433 2304 illis
1461 2249 1695 2322 expressa‘est:
1725 2249 1788 2303 trau
1816 2242 1910 2304 blarci
1942 2239 2058 2303 Graeca

684 2341 819 2403 eamdem
843 2341 994 2424 designat.
1040 2340 1127 2413 Quod
1158 2340 1184 2403 si
1215 2347 1297 2402 tanta
1321 2341 1471 2424 religione
1493 2349 1639 2404 caverunt
1667 2340 1830 2422 Episcopi,
1860 2350 1892 2404 et
1920 2340 2058 2404 Menandri

684 2439 858 2517 Macerioni,
881 2438 1014 2519 nequid
1037 2440 1067 2501 in
1090 2439 1197 2501 eadem
1218 2438 1453 2520 relinqueretur,
1476 2440 1557 2522 quod
1580 2439 1620 2502 ed
1641 2448 1813 2522 mspeatam
1843 2441 1925 2502 circa
1955 2440 2058 2503 lucar·

685 2538 815 2600 nationis
837 2541 1013 2620 mysterium
1035 2539 1202 2601 doctrinam
1225 2539 1334 2601 relerri
1356 2547 1476 2621 passat3
1506 2540 1572 2620 quis
1595 2539 1789 2621 negligentes
1811 2539 1880 2602 ibas
1903 2541 1945 2603 ita
1968 2540 2057 2602 samse

684 2637 899 2718 suspicabitur,
923 2639 1004 2700 cirea
1027 2637 1110 2716 illud,
1134 2638 1172 2701 de
1195 2656 1256 2720 quo
1268 2639 1456 2719 potissimum
1470 2639 1629 2720 agebatur,
1651 2637 1858 2702 Eucharistiae
1874 2641 2057 2721 mysterium,

683 2742 718 2797 ut
741 2753 777 2797 ea
800 2736 893 2798 verba
916 2754 995 2817 quae
1019 2755 1125 2799 veram
1149 2736 1437 2818 substantialemque
1460 2739 1736 2801 transmutationem
1768 2723 1931 2820 perspicue
1961 2741 2059 2823 sigui-

685 2834 827 2913 ficabant,
852 2835 1033 2916 inexplicata
1055 2837 1269 2917 praeterirent.
1297 2836 1364 2899 Non
1386 2837 1533 2901 iecissent
1555 2855 1640 2916 sane,
1663 2838 1781 2919 siquid
1805 2838 1886 2900 aliud
1908 2839 1939 2901 in
1962 2848 2058 2903 menta

683 2933 875 2996 habuissent:
906 2941 936 2995 et
959 2942 1066 2997 cantra
1087 2952 1234 3015 prorsus3
1265 2953 1333 2999 nam
1356 2937 1452 3001 verba
1474 2939 1611 3019 ritusque
1634 2938 1676 2999 ita
1698 2936 1929 3019 disposuerunt,
1960 2946 1993 3000 ut
2018 2957 2059 3001 ex

685 3031 745 3094 illis
768 3032 994 3115 intelligeretur
1014 3036 1186 3115 praesentia
1210 3035 1300 3098 realis
1324 3039 1464 3118 corporis
1485 3045 1517 3099 et
1541 3037 1696 3120 sangarirris
1719 3036 1841 3116 Christi,
1865 3037 1946 3119 quod
1969 3056 2059 3119 prae-

686 3133 820 3212 scriptae
844 3132 881 3194 ad
905 3134 1144 3196 communionem
1168 3133 1402 3199 distribuendam
1432 3139 1643 3201 caeremoniae
1673 3137 1704 3199 in
1730 3138 1836 3218 majori
1863 3137 1933 3200 luca
1956 3137 2059 3214 eollo·

685 3230 803 3293 cabant.

1029 3488 1206 3564 Sacerdos
1233 3494 1354 3587 dignor
1377 3500 1440 3588 [aa
1465 3496 1624 3586 Domina,
1650 3501 1715 3568 ete.

776 3698 850 3777 Nor
879 3729 939 3774 uua
967 3720 1014 3775 est
1048 3712 1166 3774 illarum
1195 3715 1362 3777 orationum
1390 3714 1501 3794 forma,
1532 3717 1668 3797 manavir
1698 3719 1861 3781 communis
1891 3718 2057 3798 eademque

686 3815 814 3877 omnium
836 3816 984 3879 sententia
1006 3817 1062 3879 sit:
1086 3815 1161 3879 alies
1184 3816 1279 3880 relert
1301 3817 1423 3881 Gabriel
1442 3819 1624 3897 Patriaroba‚
1648 3836 1774 3900 quarum
1796 3820 1872 3884 haec
1895 3822 1980 3903 prior
2001 3828 2057 3887 est.

571 3953 574 3960 ·
685 3915 749 3976 Fac
769 3931 827 3977 aas
854 3932 957 3977 onoma
985 3916 1093 3995 digeras
1120 3916 1265 3993 Domine,
1295 3925 1330 3978 m
1352 3919 1558 3998 percipiantur
1585 3938 1626 3980 ca
1653 3936 1783 3999 carpam
1815 3928 1866 3981 hm
1895 3930 2002 3983 sancta
2029 3930 2061 3982 et

685 4017 831 4092 sanguine
853 4021 904 4075 tao
922 4016 1058 4094 pretioso
1084 4017 1275 4077 sanctitatem
1303 4019 1492 4092 ammarum,
1521 4036 1684 4096 carpomrm
1705 4025 1735 4078 et
1753 4013 1913 4098 miciacum
1935 4028 2059 4081 norha-

684 4130 767 4188 ram,
789 4113 1055 4193 remissionemque
1074 4123 1271 4192 peccatomrm
1294 4123 1324 4176 et
1343 4116 1520 4178 debetorum
1541 4123 1725 4192 machmam,
1746 4124 1781 4178 at
1793 4116 1963 4198 efficiamur·
1984 4139 2058 4182 car-

680 4230 742 4292 pas
764 4231 872 4288 mam,
902 4219 932 4273 et
952 4212 1079 4291 spiritus
1100 4232 1178 4274 amaa
1200 4220 1316 4274 tecam.-
1346 4217 1418 4295 qm‘a
1445 4222 1477 4276 ta
1510 4234 1543 4277 er
1573 4215 1762 4292 amedaeo,
1796 4224 1825 4278 et
1851 4217 1908 4280 tibi
1933 4218 2058 4281 dabam

682 4309 801 4388 gloria,
824 4328 891 4372 mm
913 4307 1007 4371 Patre
1029 4319 1079 4372 aaa
1102 4311 1180 4373 hmo
1203 4320 1233 4374 et
1252 4311 1369 4392 Spiritu
1390 4322 1497 4376 nancta
1519 4316 1728 4378 maeternam.
1766 4316 1871 4384 Amen.
1903 4318 2070 4380 Posterior·

684 4425 773 4488 quarn
796 4409 869 4470 dicit
891 4409 929 4470 eb
957 4407 1106 4489 aliquibus
1137 4409 1195 4473 bac
1218 4410 1287 4473 loco
1320 4411 1442 4473 recitari
1473 4412 1607 4491 solitam,
1635 4413 1702 4476 talia
1731 4422 1786 4477 est.
1831 4415 1958 4479 Domata
1983 4415 2058 4480 sera

684 4504 804 4568 Christe
824 4507 880 4586 fac
901 4525 958 4568 aaa
980 4509 1105 4588 dignas,
1126 4518 1162 4570 at
1179 4511 1384 4590 percipiamus
1412 4530 1525 4591 eorpus
1551 4520 1633 4575 heae
1660 4520 1796 4576 machaa
1824 4523 1854 4576 at
1881 4518 2057 4597 sangmiaena

683 4611 766 4666 taam
785 4607 970 4684 pretiosam.-
991 4625 1086 4687 nepam
1105 4609 1162 4687 fiat
1182 4608 1271 4670 aubia
1291 4610 1335 4670 ad
1347 4610 1513 4688 judiciam,
1535 4613 1592 4673 aed
1613 4613 1692 4673 aiem
1704 4613 1813 4676 dirimi
1823 4614 1981 4693 diampaalir
1998 4615 2058 4676 tais

682 4704 814 4765 sanctim
843 4702 981 4783 Accipite
1008 4725 1048 4765 ea
1077 4725 1208 4786 empore
1235 4714 1265 4768 ct
1292 4709 1439 4787 canpame
1464 4728 1531 4771 meo
1561 4712 1604 4772 ad
1631 4712 1839 4775 rabanonem
1862 4721 2057 4792 peccatoram

681 4809 869 4877 nechoram,
892 4804 932 4864 ait
953 4802 1042 4865 nobis
1063 4806 1197 4867 societas
1218 4823 1286 4867 cam
1308 4806 1467 4886 discipulis
1489 4811 1549 4871 tatia
1570 4812 1702 4884 autema,
1724 4819 1758 4873 at
1772 4830 1813 4872 ea
1822 4813 2057 4892 petrapertusa

681 4906 789 4960 nostra
801 4904 1014 4981 mysteriorum
1032 4910 1152 4964 tuarum
1174 4904 1399 4981 vivificantem
1418 4908 1626 4990 percipiamm
1646 4911 1853 4972 reensionem
1862 4917 2057 4988 peccatorum

681 5005 871 5074 nochor-m,
893 4999 1087 5063 abolitionem
1109 5001 1288 5063 aeternnm
1308 5011 1497 5085 acchonem,
1517 5009 1737 5089 puritatemque
1764 5009 1953 5083 cummium,
1983 5027 2057 5070 cor-
