4525 6034
365 610 406 688 m
425 609 609 690 amoma
629 609 853 687 emmaum
869 586 1176 701 cunimundum
1189 610 1459 692 saumonem
1524 614 1598 691 ιιι
1661 576 1666 589 ’

221 801 341 864 honum
370 796 541 871 Orientales
567 795 714 858 formulae
742 794 819 858 tales
846 802 933 875 sunt,
962 801 995 857 ut
1026 795 1205 876 plurimum:
1230 795 1471 877 jurisdictionem
1502 806 1603 863 tamen

219 897 448 963 sacerdotalem
469 897 612 978 supponit
633 895 820 960 necessario.
842 892 925 957 lnter
937 895 1133 959 Sacerdotem
1149 897 1462 977 porroetlliaeonum
1486 898 1602 962 medius

217 997 461 1063 Ecclesiasticus
491 993 575 1058 Ordo
603 993 703 1057 nullus
731 1001 793 1056 est:
822 1010 890 1057 cum
919 994 1033 1057 Kornos
1061 994 1142 1077 apud
1167 994 1340 1079 Aegyptios
1367 1005 1400 1059 ιιι
1421 996 1603 1078 Aethiopes,

219 1095 425 1161 Sacerdotem
448 1095 593 1178 dignitate
616 1102 647 1157 et
668 1095 828 1157 autoritate
849 1094 1018 1157 antecedat.
1082 1176 1085 1183 ν

442 1356 477 1426 7.
513 1355 665 1428 Absolve
691 1354 838 1427 Domine
863 1354 1111 1426 Putriurcbam
1137 1363 1298 1444 noeti-nm,
1326 1362 1391 1427 etc.

342 1566 580 1644 lnrauamauuus
617 1582 665 1638 est
700 1574 874 1639 Patriareha
908 1575 1095 1656 Coptitarum
1124 1576 1366 1655 Alexandrinus,
1401 1578 1453 1658 qui
1482 1576 1603 1658 plenam

216 1682 317 1746 etiam
340 1681 433 1762 longe
455 1679 534 1742 ultra
552 1677 706 1742 Canonum
728 1680 928 1760 praescripta,
952 1682 1143 1744 autoritatem
1166 1679 1256 1743 habet
1279 1678 1625 1763 in'EcclesiaAethios

217 1783 306 1862 pica,
331 1782 427 1842 itaut
451 1780 488 1843 ab
512 1795 550 1841 eo
573 1778 641 1842 solo
663 1778 855 1860 Metropolita
878 1779 1021 1862 eligatur,
1044 1787 1075 1841 et
1097 1778 1255 1842 ordinetur
1277 1779 1368 1860 pleno
1387 1780 1469 1861 jure,
1491 1779 1603 1843 incon-

216 1880 314 1945 sultis
337 1879 510 1961 Episcopis,
533 1897 601 1941 cum
623 1877 694 1940 olim
716 1886 834 1959 septem
868 1885 981 1942 essent.
1034 1877 1094 1941 Sed
1123 1877 1196 1941 nulli
1223 1878 1334 1940 dudum
1363 1885 1434 1940 sunt
1456 1879 1494 1941 ab
1517 1879 1603 1941 annis

216 1980 352 2042 circiter
374 1978 618 2059 quadringentis,
646 1983 680 2038 ιιι
708 1976 747 2039 de
777 1994 833 2040 suo
856 1984 992 2058 tempore
1021 1985 1150 2040 testatur
1177 1977 1346 2059 Gregorius
1375 1975 1601 2060 Abullaragius.

215 2078 365 2141 videnda
388 2084 459 2140 sunt
481 2094 562 2159 quae
583 2076 739 2139 retulimus
761 2076 792 2138 in
814 2076 946 2140 Historia
973 2075 1190 2140 Alexandrina.
1233 2075 1442 2157 Metropolita,
1465 2093 1521 2138 seu
1543 2075 1604 2138 Pa·
1668 2069 1731 2121 ΗΜ·
1755 2068 1828 2124 Patr.
1853 2069 1927 2125 on.

215 2197 293 2260 pas,
316 2184 351 2239 ut
374 2184 484 2239 vocant
506 2175 588 2238 illum
610 2176 789 2257 Aethiopes,
812 2183 860 2238 est
881 2175 1000 2238 illorum
1023 2193 1183 2255 supremus
1206 2176 1352 2240 Antlstes.
1397 2173 1485 2237 Hunc
1508 2173 1603 2256 vulgo
1634 2173 1662 2224 Ρ·
1691 2154 1752 2208 ¹⁷⁰·
1776 2157 1839 2208 273.
1866 2156 1928 2212 ²⁸³·

215 2275 428 2338 Patriarcham
450 2281 561 2338 vocant
583 2273 718 2336 homines
741 2274 849 2353 nostri,
872 2293 960 2356 quem
978 2275 1093 2337 titulum
1117 2278 1148 2337 iu
1163 2275 1287 2338 Oriente
1309 2290 1459 2356 nunquam
1481 2273 1603 2347 habuit3
1639 2240 1850 2295 ³³⁶·5w‘525'
1865 2242 1928 2298 ⁵⁶⁰·

215 2375 279 2438 sed
305 2374 467 2456 aliquando
490 2371 647 2452 Catholici,
670 2374 701 2435 in
725 2372 901 2455 quibusdam
918 2374 1154 2438 Collectionihus
1171 2373 1325 2438 canonum
1347 2373 1468 2437 illorum
1489 2372 1603 2434 Nicae-

214 2493 336 2538 norum
358 2475 409 2556 qui
431 2472 572 2534 dicuntur
593 2471 728 2551 Arabici,
752 2474 888 2552 quamvis
911 2474 1085 2555 improprie.
1137 2473 1213 2536 Nam
1236 2472 1410 2537 Catholieus
1434 2472 1602 2549 dicebatur,
1651 2479 1777 2551 contla.

214 2575 244 2637 is
272 2575 329 2653 qui
351 2572 520 2654 Episcopus
544 2580 575 2634 et
595 2571 805 2653 Metropolitas
837 2571 980 2635 ordinare
1001 2581 1121 2654 poterat
1129 2594 1139 2650 ;
1168 2574 1250 2655 quod
1272 2592 1333 2637 non
1362 2581 1464 2656 potest
1492 2570 1603 2635 dudum

215 2673 409 2753 Aethiopum
431 2671 571 2752 praesul3
601 2670 656 2733 sed
680 2670 731 2733 diu
752 2669 921 2753 Episcopus
944 2680 1058 2735 tantum
1080 2672 1241 2753 ordinavit,
1263 2692 1363 2755 neque
1385 2672 1490 2754 pluras
1514 2690 1603 2754 quam

216 2780 362 2855 septem3
385 2778 492 2853 postea
515 2770 629 2834 nullos:
652 2770 862 2850 Metropolitas
882 2788 1044 2853 nunquam,
1068 2791 1136 2835 eum
1158 2774 1189 2836 in
1200 2772 1363 2854 Aethiopia
1385 2772 1485 2855 nullus
1506 2789 1603 2853 prae-

215 2881 269 2936 ter
296 2890 367 2934 eum
390 2872 534 2935 extiterit.
579 2870 683 2952 ltaque
707 2888 773 2933 cum
796 2872 827 2933 in
857 2870 923 2933 aliis
946 2872 1012 2953 ejus
1035 2872 1094 2935 loci
1117 2872 1303 2937 orationibus
1335 2881 1366 2936 et
1393 2872 1423 2934 in
1446 2869 1602 2952 Diptycbis

215 2979 295 3055 post
317 2970 531 3049 Patriarcham‚
555 2978 585 3033 et
613 2970 845 3052 Metropolitum,
876 2973 1019 3034 memoria
1048 2973 1099 3035 liat
1127 2972 1350 3054 Episcoporum
1377 2971 1451 3034 loci:
1486 2968 1534 3031 hic
1565 2969 1603 3031 de

217 3073 282 3136 illis
308 3071 421 3133 mentio
433 3069 514 3133 nulla
537 3079 601 3148 est;
624 3088 733 3151 nempe
746 3070 827 3152 quod
840 3069 940 3132 nullus
954 3079 1037 3134 esset
1051 3080 1175 3153 praeter
1185 3072 1408 3154 Metropolitam
1419 3069 1601 3150 Episcopus.

366 3359 403 3432 8.
443 3360 611 3433 Memento
638 3361 784 3434 Domine
812 3368 1000 3436 animorum
1025 3386 1201 3436 seruorum
1226 3370 1377 3455 tuorum,
1404 3370 1468 3435 ete.

329 3576 403 3656 Cur
425 3580 482 3644 hoc
504 3582 574 3645 loco
596 3584 694 3646 oratio
723 3583 774 3647 fiat
802 3602 859 3666 pro
886 3585 944 3648 illis
968 3604 1045 3667 quos
1066 3584 1206 3648 Ecclesia
1228 3583 1409 3665 Aethiopica
1439 3593 1605 3648 veneratur

220 3703 370 3775 tanquam
392 3694 526 3765 sanctos,
549 3695 579 3750 et
602 3687 640 3750 ad
663 3705 739 3768 quos
763 3705 872 3768 preces
894 3689 1005 3752 multae
1027 3689 1197 3772 diriguntur
1226 3689 1257 3750 in
1280 3687 1473 3769 Synaxariis,
1504 3707 1604 3752 exeu-

220 3796 290 3857 sari
313 3810 377 3854 nou
398 3795 527 3872 possunt
548 3785 727 3866 Aethiopes,
750 3787 831 3867 quod
854 3805 915 3850 non
931 3789 1019 3850 aliter
1031 3797 1215 3863 sanctorum,
1239 3806 1327 3869 quam
1350 3805 1454 3850 eorum
1477 3803 1604 3868 quorum

221 3894 312 3958 salus
334 3893 452 3954 ineerta
475 3893 533 3965 est,
557 3886 871 3949 commemorationem
894 3887 1012 3950 lactant.
1056 3886 1149 3950 Nefas
1179 3888 1299 3969 quidem
1328 3905 1398 3951 esse
1428 3904 1518 3951 orare
1548 3904 1605 3968 pro

221 4000 364 4075 martyre
386 3996 514 4053 testatur
528 3984 723 4069 ,Augustinus
746 4003 808 4048 non
831 4004 890 4049 uno
913 3987 997 4050 loco:
1021 4005 1124 4050 verum
1147 3988 1282 4067 quamvis
1304 3989 1402 4049 sancti
1424 4002 1552 4068 quorum
1574 3983 1606 4046 in

221 4094 285 4156 hac
310 4092 449 4153 oratione
471 4087 591 4149 nomina
612 4085 767 4168 leguntur,
790 4093 938 4168 martyres
960 4103 1022 4148 non
1043 4085 1166 4164 fuerint,
1190 4085 1292 4169 agnita
1315 4093 1415 4148 tamen
1438 4093 1486 4149 est
1508 4093 1540 4147 et
1562 4091 1606 4145 tot

222 4191 385 4256 miraculis
406 4187 581 4252 confirmata
611 4183 731 4247 illorum
761 4186 919 4264 sauctitas,
950 4194 983 4248 ut
1010 4186 1039 4248 in
1061 4187 1205 4248 universa
1227 4184 1365 4248 Ecclesia
1394 4182 1606 4247 commendare

223 4311 263 4357 se
286 4292 410 4353 illorum
433 4285 512 4368 apud
534 4285 630 4346 Deum
664 4284 935 4347 interventionibus
965 4284 1070 4347 lideles
1100 4283 1181 4346 soliti
1210 4281 1338 4362 luerint,
1369 4300 1430 4345 non
1460 4298 1517 4364 pro
1548 4280 1606 4343 illis

119 4433 122 4437 >
223 4408 321 4453 orare
345 4396 375 4451 et
398 4385 618 4450 absolutionem
640 4390 759 4464 petere.
806 4382 838 4447 Si
866 4383 904 4446 dc
932 4382 1083 4446 nonnullis
1107 4384 1158 4464 qui
1180 4383 1229 4445 hic
1250 4384 1458 4457 nominantur,
1487 4378 1608 4443 dubium

225 4487 353 4570 aliquod
376 4486 465 4563 toret,
490 4491 520 4546 ιιι
541 4483 653 4546 ιιιιΙΙιιιιι
684 4482 723 4545 de
751 4482 804 4547 SS.
828 4482 960 4546 Antonio
991 4491 1022 4546 et
1049 4483 1200 4561 Macario,
1231 4491 1264 4545 ιιι
1292 4499 1393 4563 neque
1421 4481 1460 4543 de
1489 4478 1606 4542 Salama

224 4606 323 4671 quem
345 4585 483 4649 eumdem
505 4600 576 4648 esse
598 4582 760 4645 verisimile
793 4590 851 4662 est,
876 4584 926 4664 qui
948 4584 1140 4646 Frumentius
1163 4600 1179 4645 a
1204 4582 1328 4644 Graecis
1351 4579 1537 4662 appellatur,
1567 4596 1607 4640 err

226 4705 294 4769 quo
317 4686 439 4748 nomine
462 4682 631 4763 Aethiopes
654 4680 792 4744 lecerunt
813 4682 1021 4746 Fremonutos.
1073 4680 1156 4745 ldem
1182 4687 1339 4763 peccatum
1368 4680 1547 4743 observatur
1576 4679 1608 4740 iu

226 4786 339 4851 Officio
363 4782 505 4847 Generali
528 4780 654 4863 Syriaco
676 4780 758 4861 quod
780 4798 798 4841 a
820 4780 907 4844 nobis
930 4781 1042 4844 editum
1057 4788 1114 4860 est,
1137 4780 1190 4843 ubi
1211 4798 1274 4843 non
1295 4779 1392 4844 solum
1414 4797 1472 4860 pro
1497 4777 1607 4858 aliqui-

225 4883 289 4946 bus
313 4885 427 4946 sanctis
450 4890 564 4957 oratur,
587 4887 618 4942 et
639 4881 725 4961 quies
756 4880 940 4960 postulatur,
958 4899 1075 4945 uerum
1098 4888 1129 4943 et
1151 4898 1208 4960 pro
1230 4878 1264 4944 B.
1289 4880 1427 4963 Virgine,
1453 4896 1513 4959 quo
1536 4876 1608 4940 nihil

226 4981 404 5046 absurdius.
448 4981 483 5044 ln
504 4979 641 5062 Liturgria
664 4977 790 5061 Coptica
812 4977 932 5058 basilii,
954 4997 1055 5063 neque
1078 4980 1109 5042 in
1132 4979 1250 5042 Graeca
1272 4979 1409 5060 ejusdcm
1432 4977 1508 5041 tituli
1530 4975 1608 5039 Ale-

225 5080 382 5145 xandrina
404 5081 500 5145 simile
523 5078 685 5162 quidquam
707 5079 851 5159 occurrit,
874 5086 906 5143 ut
935 5094 995 5142 nec
1016 5081 1048 5142 iu
1071 5079 1137 5142 aliis
1161 5077 1299 5142 omnibus
1321 5077 1480 5162 biturgiis.
1524 5076 1609 5140 Unde

1316 5197 1398 5273 ἴθ’*
