4525 6034
568 612 808 691 ououuctu
840 613 1192 693 apostotorum.
1502 615 1570 689 l'll

309 803 497 874 moeonas.
549 801 638 874 Date
663 824 793 897 pacem.
845 801 978 920 Stemus
1006 801 1171 875 decenter.

310 919 494 992 Sacerdos.
549 916 681 991 Caritas
707 918 772 990 Dei
797 919 928 1009 Patris,
955 930 1018 991 etc.

310 1035 471 1128 Populos.
523 1035 643 1107 Amen.

211 1175 215 1180 ’
309 1151 493 1224 Sacerdos.
546 1151 685 1223 Sursum
711 1152 824 1224 corda.

310 1268 473 1362 Papulas.
525 1265 693 1339 Habemus
721 1268 762 1339 ad
789 1268 976 1341 Dominum.

311 1385 494 1456 Sacerdos.
548 1384 681 1456 Gratias
709 1406 860 1476 agamus.

310 1501 471 1595 Papulas.
523 1500 668 1593 Dignum
696 1511 731 1573 et
751 1505 876 1594 iustum
902 1511 965 1573 est.

310 1618 486 1690 Sacerdos
518 1617 709 1689 inclinatos.
770 1617 863 1690 Vere
895 1617 1028 1711 dignum
1061 1628 1096 1690 et
1123 1619 1246 1708 justum
1280 1627 1350 1704 est,
1386 1617 1510 1689 decens
1544 1624 1578 1687 et

208 1732 364 1823 debitum,
391 1731 448 1806 tibi
475 1734 617 1825 gloriam
644 1731 737 1820 dare,
765 1737 840 1828 quia
868 1745 1002 1807 sanctus
1030 1758 1079 1822 es,
1097 1743 1130 1805 et
1147 1732 1287 1825 largitor
1304 1737 1404 1806 vitae.
1431 1734 1577 1825 Dignum

208 1853 293 1921 euim
321 1858 374 1922 est
399 1859 435 1921 ut
460 1858 493 1921 te
520 1848 762 1942 glorificemus:
790 1850 915 1945 tibique
934 1849 1072 1924 debetur
1092 1850 1209 1943 gloria,
1235 1873 1364 1945 nosque
1384 1849 1480 1921 decet
1497 1846 1577 1920 lau-

208 1965 287 2038 dare
316 1975 370 2054 te,
395 1963 521 2059 tibique
546 1968 671 2057 gratias
698 1988 822 2058 agere,
851 1971 926 2061 quia
953 1965 1147 2039 benedictus
1174 1989 1225 2056 es,
1252 1966 1349 2040 simul
1375 1987 1448 2037 cum
1476 1964 1577 2036 Patre

206 2091 275 2170 tuo,
303 2091 338 2153 et
363 2082 488 2178 Spiritu
514 2092 571 2154 tuo
598 2086 680 2155 vivo
707 2093 741 2154 et
767 2095 893 2156 sancto.

312 2198 464 2269 Eleoaas
489 2221 615 2270 ooccrn.
652 2197 777 2272 Coram
802 2211 836 2271 te
863 2202 950 2271 enim
978 2210 1066 2273 stant
1092 2202 1216 2273 circum
1238 2197 1416 2273 Cherubim
1443 2196 1577 2269 haben-

207 2324 257 2388 tes
283 2314 390 2388 facies
419 2325 574 2411 quatuor:
602 2313 777 2411 Seraphim
804 2339 867 2387 sex
890 2316 952 2387 alis
969 2320 1135 2388 instructi:
1164 2339 1303 2411 quorum
1320 2313 1447 2388 duabus
1462 2321 1579 2406 tegunt

206 2430 311 2503 facies
339 2454 433 2505 suas:
461 2429 588 2503 duabus
615 2430 735 2527 pedes:
764 2431 890 2505 duabus
917 2432 1072 2506 volantes
1099 2432 1252 2505 altered
1279 2433 1437 2520 altemm,
1470 2451 1578 2502 voces

207 2571 308 2644 puras
337 2558 371 2619 et
396 2558 579 2621 concentus
606 2546 761 2634 divinos,
788 2549 951 2639 clamant,
977 2548 1224 2639 vociferantur,
1252 2557 1285 2621 et
1311 2548 1422 2619 dicunt
1447 2558 1507 2620 ter.

312 2665 474 2759 Populos.
527 2665 682 2755 Sanctus,
710 2664 863 2754 Sanctus,
890 2665 1043 2739 Sanctus.

310 2781 486 2853 Sacerdos
510 2781 704 2852 inclinatos.
757 2782 920 2871 Sanctus,
953 2771 1115 2871 Sanctus,
1151 2781 1294 2854 Sanctus
1329 2802 1386 2866 es,
1420 2778 1577 2870 Domine,

206 2895 305 2994 plene
332 2896 618 2984 miserationibus,
646 2905 680 2968 et
703 2900 956 2993 propitiatione,
991 2909 1026 2971 et
1051 2901 1252 2970 misericors.
1307 2896 1450 2968 Sanctus
1476 2899 1577 2968 etiam

206 3017 395 3112 unigenitus
421 3014 525 3086 Filius
559 3024 642 3086 tuus.
696 3014 838 3086 Sanctus
867 3036 998 3110 quoque
1025 3015 1167 3110 Spiritus
1194 3025 1268 3085 tuus
1295 3024 1430 3086 sanctus
1457 3020 1491 3082 et
1515 3014 1577 3082 vi-

206 3131 357 3203 vificans.
409 3130 551 3202 Sanctus
579 3153 617 3202 es
643 3142 677 3203 tu
708 3142 741 3202 et
771 3130 912 3222 largitor
944 3129 1125 3205 bonorum:
1160 3133 1236 3226 quia
1269 3139 1405 3224 propter
1437 3126 1578 3200 salutem

207 3260 358 3320 nosuam
383 3249 571 3338 unigenitus
596 3245 700 3319 Filius
734 3258 808 3318 tuus
841 3268 975 3318 carnem
1009 3251 1188 3342 assumpsit
1219 3269 1266 3318 ex
1292 3245 1432 3337 Virgine
1458 3242 1580 3331 Maria,

207 3372 240 3434 et
265 3384 329 3458 per
356 3363 635 3458 dispensationem
663 3385 756 3436 suam
784 3363 928 3435 divinam
955 3362 1102 3436 salvavit
1135 3373 1169 3434 et
1194 3359 1349 3434 liberavit
1374 3383 1437 3432 nos
1465 3382 1486 3431 a
1512 3382 1577 3454 esf

206 3484 370 3576 ptivitate.
424 3481 587 3567 Quicum
615 3503 678 3577 pro
704 3479 802 3554 nobis
828 3478 928 3552 bomo
955 3480 1063 3554 iactus
1091 3491 1200 3569 esset,
1234 3477 1361 3572 absque
1386 3477 1578 3562 mutatione,

194 3596 249 3668 -ad
276 3619 410 3668 crucem
437 3599 547 3668 venit:
575 3606 609 3668 et
635 3607 712 3669 aute
737 3599 928 3692 passionem
954 3618 1048 3670 suam
1075 3597 1263 3685 vivificam,
1297 3594 1426 3687 accepit
1457 3612 1578 3685 panem

206 3718 240 3785 in
266 3736 385 3787 manus
413 3736 490 3786 suas
518 3724 673 3799 sanctim,
700 3719 720 3795 †
747 3712 935 3803 benedixit,
961 3720 981 3796 †
1010 3712 1244 3799 sanctificavit,
1277 3717 1298 3793 †
1324 3709 1425 3800 fregit
1450 3716 1485 3777 et
1510 3728 1577 3778 co-

207 3830 321 3920 medit,
348 3829 503 3925 deditque
529 3829 698 3925 discipulis
726 3834 795 3902 suis
823 3829 951 3902 dicens:
982 3832 1134 3926 Accipite
1162 3839 1196 3900 et
1222 3825 1418 3899 manducate
1445 3845 1491 3894 ex
1517 3844 1576 3893 eo:

206 3947 282 4020 Hoc
309 3957 363 4020 est
388 3969 510 4043 corpus
537 3970 658 4038 meum,
684 3947 772 4042 quod
809 3969 870 4041 pro
905 3946 1003 4019 vobis
1039 3956 1074 4017 et
1108 3968 1170 4040 pro
1204 3942 1313 4015 multis
1347 3940 1510 4032 frangitur
1544 3947 1579 4009 et

208 4062 303 4135 datur
329 4068 363 4134 in
389 4066 618 4137 remissionem
644 4073 868 4158 peccatorum,
896 4072 930 4134 et
955 4064 1057 4134 vitam
1085 4070 1265 4133 aeternam.

313 4179 475 4273 Popalas.
528 4181 648 4252 Amen.

313 4295 497 4366 Sacerdos.
550 4294 708 4368 Similiter
734 4305 768 4367 et
793 4293 944 4383 calicem,
970 4303 1145 4389 postquam
1174 4303 1419 4379 coenavemnt,
1448 4290 1579 4360 miscuit

209 4434 254 4484 ex
281 4415 362 4483 vino
391 4420 424 4483 et
451 4435 557 4506 aqua,
584 4410 609 4505 †
635 4410 825 4498 benedixit,
854 4395 885 4501 †⁴
908 4408 1144 4497 sanctificavit,
1177 4410 1205 4497 ᾧ
1238 4418 1370 4480 etcum
1397 4413 1578 4499 gustasset,

208 4527 297 4600 dedit
324 4528 412 4600 illum
440 4527 608 4624 discipulis
636 4532 705 4601 suis
732 4527 857 4600 dicens.
882 4526 1055 4622 Accipite,
1086 4526 1190 4599 bibite
1217 4548 1263 4596 ex
1290 4547 1331 4596 eo
1358 4544 1423 4594 vos
1450 4542 1577 4593 omnes.

206 4644 283 4718 Hoc
310 4657 363 4718 est
389 4644 639 4717 Testamentum
666 4644 800 4717 Novmn
826 4646 859 4713 in
886 4665 961 4714 meo
995 4647 1175 4735 sanguine,
1209 4644 1264 4737 qui
1295 4662 1358 4736 pro
1391 4633 1511 4724 vobis,
1546 4644 1580 4706 et

207 4783 273 4856 pro
301 4762 410 4834 multis
438 4760 609 4834 effunditur
636 4760 679 4833 ad
705 4761 930 4857 expiationem
957 4758 1151 4835 delictomm
1179 4768 1214 4830 et
1239 4761 1341 4829 vitam
1368 4764 1546 4826 aeternam.

313 4877 475 4970 Papulas.
531 4878 648 4950 Amen.

313 4992 498 5068 Sacerdos.
552 4993 832 5088 Quotiescumque
857 4990 1096 5064 manducabitis
1123 5011 1243 5085 panem
1269 4988 1355 5060 hunc
1382 4995 1416 5058 et
1441 4984 1579 5058 calicem

208 5108 295 5183 bunc
321 5108 462 5204 bibetis,
489 5115 683 5184 memoriam
709 5112 774 5182 mei
801 5109 932 5181 iacietis
960 5108 1065 5179 donec
1092 5110 1237 5180 veniam.

264 5249 386 5295 renuam
1341 5221 1396 5296 25
