4525 6034
472 576 512 651 ut
538 574 914 651 inordinationem
941 576 1025 652 situ
1051 563 1231 670 toartis,
1259 594 1310 655 uc.
1516 579 1589 654 521

213 761 380 823 orationem
403 759 502 821 multis
526 760 556 821 in
579 758 655 823 locis
688 759 932 822 obscurissimam
962 758 1093 836 iaciunt,
1123 770 1156 823 ut
1186 761 1350 842 literalem,
1382 763 1463 843 quod
1493 772 1594 828 tamen

211 867 353 942 quantum
376 857 459 920 lieuit
482 860 581 921 conati
604 877 718 937 sumus,
742 876 848 921 corum
877 859 1157 939 interpretationem
1180 861 1265 940 dare,
1288 863 1475 942 impossibile
1498 882 1593 945 saepe

211 959 313 1022 luerit.
344 949 435 1019 Extat
458 958 533 1020 haec
556 958 692 1040 Liturgia
714 959 745 1019 in
769 957 932 1020 codicibus
957 957 1141 1022 Colbertinis
1164 970 1194 1022 et
1210 962 1414 1043 Seguierianis
1438 964 1510 1025 satis
1534 981 1593 1025 an-

211 1059 312 1138 tiquis,
336 1075 402 1119 oum
425 1057 486 1119 lovi
509 1056 667 1120 admodum
689 1058 847 1133 varietate,
870 1064 939 1119 nata
962 1066 995 1120 ut
1018 1058 1177 1140 plurimum
1201 1080 1241 1123 ex
1263 1079 1371 1124 vocum
1394 1060 1594 1139 obscuritate,

212 1175 287 1238 quas
310 1157 511 1219 verisimiliter
533 1156 674 1218 librarius
697 1174 758 1219 non
781 1156 978 1238 intelligebat.

191 1325 195 1337 Ι
300 1255 435 1318 Praeiert
464 1264 563 1318 autem
591 1256 774 1318 sinceritatis
802 1264 889 1318 notas
912 1275 1033 1332 omnes,
1069 1276 1147 1337 quae
1177 1260 1206 1320 in
1235 1259 1380 1323 similibus
1410 1259 1520 1324 Officiis
1551 1261 1590 1323 ad

213 1354 430 1417 conciliandam
457 1341 521 1417 ittis‘
546 1356 736 1417 autoritatem
769 1363 898 1435 possunt
927 1356 1105 1419 desiderari.
1162 1357 1270 1421 Forma
1299 1361 1377 1421 enim
1405 1360 1589 1440 reliquarum

212 1453 414 1538 Liturgiarum
437 1455 627 1535 dispositioni
649 1453 794 1516 simillima
818 1463 876 1533 est,
900 1463 930 1516 et
953 1455 990 1517 ad
1013 1473 1201 1518 communem
1224 1457 1282 1519 illis
1306 1459 1441 1521 ordinem
1464 1476 1589 1521 accom-

212 1555 342 1619 modata.
391 1554 564 1617 Sententiae
588 1555 708 1617 omnino
733 1555 858 1629 similes.
880 1554 1009 1635 insignia
1034 1554 1071 1617 de
1096 1556 1224 1617 veritate
1247 1558 1384 1636 corporis
1408 1565 1438 1619 et
1460 1561 1589 1641 sangui-

212 1654 259 1716 nis
284 1652 393 1716 Christi
417 1654 447 1714 in
464 1654 669 1730 Sacramenta,
693 1654 864 1715 testimonia
888 1653 960 1719 nihil
975 1654 1115 1716 habentia
1129 1656 1270 1718 novitatis
1286 1665 1337 1717 aut
1351 1658 1587 1738 peregrinitatis,

212 1754 269 1815 sed
282 1752 479 1816 Orientalium
502 1753 602 1832 tidem,
626 1760 670 1814 tot
682 1752 747 1814 aliis
762 1754 960 1814 monumentis
973 1753 1177 1816 confirmatam
1193 1757 1464 1835 repraesentantia.
1487 1758 1589 1822 Verba

214 1850 326 1912 Christi
355 1852 472 1914 Domini
503 1853 764 1914 consecrationem
795 1851 952 1913 efficientia
981 1850 1172 1931 referuntur,
1204 1861 1237 1915 ut
1265 1853 1357 1935 vulgo
1385 1856 1415 1916 in
1445 1855 1590 1941 Liturgiis

212 1949 416 2014 Orientalibus
439 1951 477 2014 ad
502 1951 687 2014 Graecarum
709 1949 847 2026 sormam,
869 1951 927 2012 nisi
950 1951 1033 2031 quod
1059 1953 1089 2014 in
1112 1953 1170 2014 ista
1193 1952 1340 2032 adjicitur,
1363 1953 1430 2015 lloc
1446 1964 1498 2040 ⁴est
1518 1975 1590 2018 cor-

206 2070 268 2130 pus
290 2071 387 2112 meum
409 2071 524 2127 oerum,
548 2051 658 2113 etHic
680 2052 873 2130 estantiquis
899 2069 984 2110 meus
1005 2053 1108 2113 aiens:
1137 2069 1195 2132 qua
1223 2052 1254 2113 in
1284 2051 1434 2114 additione
1463 2054 1489 2116 si
1511 2072 1590 2134 pea-

212 2151 292 2212 oarit
314 2149 423 2226 hutor,
447 2149 485 2211 de
509 2168 569 2231 quo
592 2149 674 2211 nulla
697 2150 834 2229 quaestio
857 2156 914 2236 est,
939 2166 1005 2210 cum
1028 2149 1104 2212 hacc
1128 2149 1198 2212 alibi
1221 2150 1289 2214 inse
1312 2157 1438 2213 tractata
1461 2152 1589 2218 fuerint:

212 2256 242 2310 at
265 2267 339 2311 sane
363 2257 468 2311 contra
492 2267 595 2311 veram
618 2248 656 2310 dc
679 2248 867 2310 Eucharistia
889 2247 977 2309 sidem
1000 2266 1061 2310 non
1085 2251 1241 2330 peceavit3
1265 2268 1332 2311 oum
1355 2249 1432 2312 haec
1456 2253 1589 2333 epitheta

212 2349 271 2411 duo
294 2367 356 2411 non
380 2356 497 2411 temere
521 2350 619 2429 posita
643 2348 712 2426 sint,
737 2354 769 2409 ut
782 2348 933 2426 suspicari
952 2345 1099 2430 quispiam
1113 2355 1229 2430 posset,
1252 2350 1431 2429 praesertim
1455 2353 1485 2413 in
1508 2360 1590 2417 tanta

122 2457 126 2464 “
211 2454 332 2527 tamque
355 2447 451 2509 effusa
474 2447 636 2510 vorborum
661 2447 758 2527 copia.
805 2446 865 2511 Sed
888 2445 1005 2508 duobus
1034 2447 1093 2510 illis
1123 2447 1228 2510 verbis
1254 2448 1389 2511 loannes
1417 2450 1590 2516 Patn'archa

212 2545 346 2624 totidem
365 2563 488 2609 errores
519 2567 560 2609 ex
587 2564 710 2610 snorum
740 2545 945 2608 Jacobitarum
976 2546 1080 2608 animis
1109 2545 1267 2628 depellere
1297 2547 1472 2629 satagebat,
1501 2554 1528 2614 si
1559 2555 1589 2615 in

211 2654 294 2708 tanta
318 2645 556 2709 Christianorum
587 2644 783 2709 Orientalium
814 2645 983 2708 calamitate
1014 2652 1044 2707 et
1074 2647 1264 2727 ignorantia,
1294 2647 1363 2709 illos
1393 2667 1434 2710 ex
1463 2649 1590 2714 aliorum

212 2747 395 2810 commercio
419 2745 617 2814 imbibissent.
662 2745 777 2807 Primus
800 2751 866 2805 orat
888 2743 1032 2825 Eutychis
1056 2752 1086 2806 et
1107 2743 1306 2825 Apollinarii,
1330 2763 1407 2825 quos
1427 2735 1461 2810 in
1484 2752 1590 2815 eadem

212 2847 362 2908 sententia
385 2843 479 2907 fuisse
499 2841 639 2923 credunt,
663 2843 743 2923 quod
768 2842 904 2906 Christus
932 2841 970 2904 de
1001 2842 1088 2905 coelo
1112 2862 1223 2925 corpus
1245 2844 1394 2924 habuerit,
1417 2851 1590 2932 nostrisque

213 2941 371 3005 dissimile:
396 2946 446 3024 qui
470 2961 558 3007 error
581 2943 756 3019 destruitur,
781 2942 849 3005 dum
871 2943 902 3004 in
925 2950 1234 3006 sacramentorerum
1248 2941 1360 3007 Christi
1383 2963 1495 3027 corpus
1520 2967 1591 3012 esso

213 3041 409 3107 confitentur:
465 3043 612 3124 simulque
653 3041 763 3106 Juliani
798 3040 1018 3103 Halicarnassei
1057 3059 1145 3121 quem
1183 3042 1341 3107 Jacobitae
1378 3046 1590 3128 condemnant,
1657 3083 1662 3087 ·

212 3140 410 3218 Phantasma,
434 3151 466 3205 ut
488 3143 545 3222 ipsi
568 3142 669 3204 dicunt
691 3142 878 3222 rejiciuntur.
919 3137 1007 3201 Alter
1035 3158 1123 3203 orror
1145 3141 1171 3203 is
1202 3149 1250 3204 est
1271 3161 1361 3223 quem
1382 3151 1415 3205 ut
1437 3146 1497 3208 alio
1520 3147 1589 3210 loco

213 3239 441 3303 observavimus
463 3241 651 3304 Nestorianis
675 3241 818 3320 tribuunt,
842 3247 920 3302 teste
942 3239 1090 3319 Dionysio
1113 3238 1277 3319 Barsalibi,
1310 3241 1391 3321 quod
1413 3244 1444 3306 in
1466 3244 1590 3308 Eucha-

212 3338 297 3400 ristia
320 3358 432 3420 corpus
456 3349 488 3402 et
510 3342 635 3422 sanguis
663 3339 789 3402 hominis
817 3338 929 3403 Christi
958 3344 1044 3420 sunt,
1079 3356 1142 3402 non
1169 3339 1225 3402 Dei
1253 3340 1380 3404 hominis
1409 3341 1498 3408 iacti:
1531 3365 1590 3427 qua

211 3439 339 3517 ratione,
361 3439 517 3502 Jacobitae
542 3448 573 3502 ut
612 3458 750 3516 carnem,
779 3440 821 3499 ita
850 3437 1028 3519 sanguinem
1060 3436 1172 3502 Christi
1201 3440 1301 3501 rivum
1330 3446 1361 3501 et
1389 3443 1590 3509 vivificantem

209 3536 296 3616 juxta
326 3538 470 3619 Cyrillum
502 3539 664 3620 appellant.
721 3538 901 3617 Paraphrasi
936 3543 1034 3597 autem
1068 3537 1241 3618 exprimere
1278 3539 1373 3602 verbu
1404 3541 1589 3625 Evangelioa
1637 3544 1640 3550 ’

163 3629 167 3634 ’
213 3636 382 3716 adjiciendo
413 3655 450 3700 ea
481 3657 558 3718 quae
589 3639 626 3700 ab
660 3636 865 3718 Evangelistis
894 3642 925 3697 et
954 3634 1046 3698 Paulo
1075 3654 1137 3700 non
1167 3637 1356 3718 referuntur,
1385 3642 1589 3707 vetustissima

213 3733 410 3799 Orientalium
434 3738 622 3801 consuetudo
645 3744 702 3798 est.
1266 3767 1268 3771 >
1532 3731 1537 3740 ⁴

785 3996 820 4067 2.
858 3994 1019 4068 Comedit.

307 4189 439 4266 Dionea
463 4202 552 4264 etiarn
576 4199 714 4264 Christos
738 4201 923 4277 comedisse,
953 4202 1034 4283 quod
1058 4202 1087 4263 in
1112 4200 1263 4282 Copticis,
1283 4184 1419 4266 ‘Graecis
1449 4202 1591 4267 Alexan-

214 4302 318 4382 drinis,
341 4304 529 4367 Nestorianis
552 4311 584 4365 et
608 4305 743 4385 Syriacis
766 4304 832 4367 aliis
847 4303 991 4386 Liturgiis
1013 4303 1120 4368 eodem
1143 4305 1233 4367 modo
1255 4306 1377 4387 legitur,
1401 4314 1432 4368 et
1453 4315 1591 4370 veterum

169 4429 172 4434 ·
213 4403 374 4467 traditione
397 4402 599 4465 confirmatur.

301 4693 332 4760 3.
377 4682 449 4762 Con
473 4695 581 4758 dicitur
602 4714 640 4755 ae
659 4691 782 4772 flumme
804 4702 911 4776 tanget
930 4714 1064 4776 corporo
1085 4698 1208 4776 ιίφιαία
1231 4694 1401 4757 Chrisntote
1423 4702 1474 4757 tuo
1495 4715 1592 4757 oene-

214 4798 315 4859 rondo
337 4807 367 4861 et
388 4807 506 4875 sancto,
528 4797 719 4879 perspicuam
742 4797 950 4878 probationem
975 4804 1062 4858 autor
1083 4797 1290 4860 subministrat
1311 4793 1465 4856 doctrinae
1474 4792 1591 4857 Ortho-

216 4896 315 4958 doxae
338 4896 376 4960 de
400 4898 594 4960 Sacramento
616 4895 876 4961 Confirmationis:
898 4906 933 4960 ut
954 4895 1122 4960 notavimus
1146 4896 1183 4959 ad
1207 4892 1293 4956 aliam
1307 4891 1483 4975 Litargiam.
1507 4892 1591 4955 llaec

215 4995 295 5057 enim
317 4996 411 5059 verba
433 4997 604 5080 significant
626 4996 831 5059 characterem
855 4995 984 5075 Christi,
1019 5013 1086 5057 cum
1115 4996 1205 5078 signo
1236 4992 1336 5055 crucis
1359 5010 1400 5055 ex
1423 4991 1592 5056 Chrismate

214 5093 405 5174 impressum,
427 5098 616 5179 gratiamque
639 5093 897 5160 sacramentalem.
