4525 6034
342 567 383 643 IN
397 564 582 645 emunah
601 568 826 645 GENERALEll
842 566 927 643 Slllll
946 566 1153 645 thUltClAbl
1172 565 1441 644 AETHIOPICAll
1501 567 1577 641 509

206 753 426 836 Aegyptiacam
449 754 651 832 tractavimus,
675 752 774 833 deque
796 750 848 813 illa
870 751 901 814 in
923 754 1003 815 notis
1017 752 1213 834 sequentibus
1229 751 1374 833 quaedam
1387 751 1575 834 adjicientur,

208 853 244 915 ad
266 852 435 932 Aethiopes
458 853 582 933 proprie
604 853 780 932 spectantia.
835 849 961 933 Siquid
983 860 1083 916 tamen
1107 852 1301 915 obscuritatis
1322 851 1413 928 soret,
1437 859 1580 931 quantum

206 959 323 1034 spectat
347 951 385 1014 ad
407 951 615 1014 Eucharistiae
637 951 742 1028 iidem,
772 967 810 1013 ea
832 956 891 1011 tan
914 951 1077 1031 perspicue
1101 950 1277 1029 discutitur,
1308 969 1349 1013 ex
1376 949 1469 1013 altera
1501 969 1578 1033 quae

204 1052 424 1134 pronunciatur
446 1051 535 1131 paulo
558 1059 629 1114 ante
653 1051 907 1128 Communionem,
929 1058 962 1113 ut
985 1050 1066 1113 dubii
1090 1069 1129 1112 ne
1151 1050 1229 1113 levis
1253 1049 1372 1131 quidem
1395 1050 1498 1113 umbra
1521 1069 1578 1114 su-

205 1158 356 1234 peresset
400 1149 442 1212 At
464 1151 543 1213 illam
565 1149 758 1226 Albertinus‚
784 1149 957 1227 Salmasius,
980 1149 1135 1226 ludolfus,
1158 1158 1189 1213 et
1212 1169 1316 1214 omnes
1339 1151 1458 1213 tandem
1480 1169 1578 1233 aeque

205 1250 483 1326 dissimulaverunt,
506 1260 536 1313 et
559 1270 599 1313 ex
621 1249 672 1312 illa
693 1250 759 1313 sola
782 1256 901 1312 constat
922 1248 1107 1332 Aethiopum
1128 1267 1204 1313 vera
1226 1249 1265 1311 de
1276 1248 1464 1312 Eucharistia
1487 1250 1577 1313 tides:

203 1358 261 1414 tarn
283 1366 324 1411 ex
346 1351 423 1432 ipsis
446 1350 558 1428 verbis,
584 1368 661 1431 quae
683 1348 792 1412 nullam
822 1349 1100 1430 interpretationem
1123 1348 1290 1425 admittunt,
1312 1356 1438 1430 praeter
1459 1349 1577 1430 simpli-

204 1470 284 1528 cem,
316 1458 347 1511 et
383 1468 473 1530 quam
499 1449 594 1512 verba
624 1450 723 1513 statim
756 1448 903 1512 offerunt:
940 1466 1028 1530 quam
1065 1468 1106 1511 ex
1133 1448 1239 1511 eadem
1269 1448 1469 1511 confessione
1498 1449 1577 1530 apud

203 1548 429 1611 Alexandrinos
451 1534 605 1630 usurpata,
627 1558 659 1611 et
681 1548 739 1611 illis
761 1549 959 1612 caeremoniis
989 1548 1204 1627 determinata,
1235 1565 1315 1630 quae
1344 1566 1404 1612 non
1427 1551 1484 1613 nisi
1508 1568 1575 1613 cum

203 1648 340 1711 doctrina
363 1647 455 1710 realis
478 1648 671 1728 praesentiae
693 1656 835 1711 constare
857 1656 994 1729 possunt.

269 1738 379 1811 'lstam
404 1765 477 1810 vero
495 1726 678 1827 orationem,
701 1755 734 1809 ut
756 1748 786 1811 in
809 1748 888 1810 notis
911 1748 949 1810 ad
970 1746 1126 1829 Copticam
1148 1746 1313 1829 Liturgiam
1335 1747 1576 1828 observavimus,

202 1866 240 1909 ex
270 1847 381 1910 eadem
412 1846 584 1910 translatam
615 1865 685 1910 esse
713 1846 901 1909 manifestum
936 1855 996 1910 est:
1032 1849 1168 1929 quamvis
1197 1850 1226 1909 iu
1256 1854 1341 1911 textu
1371 1847 1516 1929 Coptieo,
1545 1855 1576 1911 et

202 1947 317 2010 Graeco
341 1945 563 2026 Alexandrino,
586 1946 726 2010 videatur
749 1945 798 2010 illa
822 1945 982 2011 Confessio
1012 1949 1049 2011 ad
1072 1949 1231 2010 veritatem
1259 1947 1441 2010 narrationis
1472 1948 1576 2010 Evan-

201 2046 329 2129 gelicae,
356 2064 445 2129 quam
469 2046 620 2110 Sacerdos
643 2046 855 2128 pronunciavit
877 2065 947 2110 esse
971 2050 1072 2130 potius
1095 2047 1273 2125 reserenda,
1296 2047 1444 2128 quemad
1467 2048 1577 2129 singu-

201 2146 292 2211 larem
315 2147 358 2209 de
381 2145 570 2209 Eucharistia
584 2145 821 2211 Confessionem.
846 2147 960 2209 Verum
975 2166 1043 2210 cum
1055 2146 1240 2230 Euangeliou
1261 2147 1394 2209 namatio
1416 2154 1576 2228 utrumque

201 2248 378 2329 mysterium
403 2246 627 2326 complectatur,
651 2247 845 2309 institutionis
875 2246 1100 2326 Eucharistiae,
1130 2265 1284 2329 veraeque
1312 2247 1342 2309 in
1364 2246 1415 2309 illa
1438 2244 1575 2327 corporis

202 2353 232 2410 et
257 2346 418 2428 sanguinis
449 2344 562 2407 Christi
591 2347 800 2426 praesentiae3
835 2346 923 2409 iidem
953 2365 1037 2409 suam
1064 2348 1103 2410 de
1130 2354 1260 2428 utroque
1288 2347 1433 2427 mysterio
1459 2365 1518 2408 uua
1545 2354 1577 2409 et

202 2446 304 2509 eadem
328 2446 472 2509 oratioue
494 2444 669 2525 complexos
692 2463 763 2508 esse
779 2445 958 2527 Aethiopes,
981 2445 1053 2509 nihil
1074 2453 1166 2511 vetat.
1188 2446 1249 2509 lllis
1272 2447 1351 2508 enim
1375 2444 1476 2508 verbis
1498 2464 1577 2508 cona

201 2554 287 2627 cepta
311 2553 373 2623 est,
396 2563 473 2625 quae
496 2544 534 2607 ad
557 2544 740 2626 agnitionem
762 2547 902 2626 corporis
931 2556 962 2609 et
991 2547 1147 2628 sanguinis
1171 2546 1282 2609 Christi
1310 2547 1340 2607 in
1369 2546 1575 2628 sacramento,

200 2645 365 2710 reserenda
387 2653 458 2707 sunt
479 2645 667 2723 necessario,
689 2662 747 2707 nec
770 2645 858 2708 aliter
880 2644 1085 2728 intelligenda.
1129 2645 1225 2708 Erum
1247 2644 1355 2725 quibus
1378 2644 1454 2708 baec
1476 2645 1575 2710 inter-

200 2746 329 2829 pretatio
355 2743 446 2807 dubia
467 2743 628 2824 videbitur,
651 2746 721 2827 quia
744 2744 835 2826 paulo
863 2754 935 2827 post
963 2746 1101 2827 sequitur
1127 2745 1283 2808 lnvocatio
1312 2743 1440 2825 Spiritus
1467 2745 1575 2823 sancti,

201 2864 257 2929 qua
278 2844 455 2927 postulatur
476 2850 509 2905 ut
531 2844 617 2926 panis
639 2851 669 2907 et
692 2843 771 2907 calix
801 2862 838 2907 eo
866 2846 1117 2925 superveniente,
1147 2844 1220 2908 fiant
1249 2862 1360 2926 corpus
1388 2853 1418 2907 et
1447 2844 1574 2927 sanguis

201 2944 320 3008 Christi.
369 2943 455 3007 llulti
477 2952 576 3008 autem
599 2944 750 3025 superiori
772 2951 871 3007 aetate
899 2944 1047 3028 Theologi
1075 2963 1133 3027 per
1154 2944 1281 3007 similem
1304 2944 1486 3022 orationem,
1513 2945 1574 3007 vim

201 3043 311 3107 Christi
334 3043 500 3108 verborum
522 3045 654 3106 imminui
677 3042 764 3107 facile
787 3045 907 3107 nimium
937 3045 1201 3123 existimaverunt,
1230 3061 1298 3106 cum
1327 3044 1365 3105 de
1395 3043 1444 3106 illa
1471 3043 1574 3125 expli-

200 3145 293 3207 canda
315 3145 501 3209 laborarent.
546 3143 687 3206 Accessit
710 3144 813 3207 Critici
836 3145 977 3207 nostratis
1000 3145 1156 3222 autoritas,
1178 3144 1230 3224 qui
1251 3142 1415 3205 secundum
1438 3142 1572 3206 Graecos

200 3253 229 3307 et
251 3244 427 3308 Orientales
449 3243 515 3308 sola
537 3243 730 3307 invocatione
755 3243 884 3325 Spiritus
910 3245 1006 3307 sancti
1034 3244 1294 3307 consecrationem
1317 3242 1421 3324 perfici
1443 3243 1573 3306 mma·

198 3347 249 3423 vit,
279 3362 413 3426 eamque
441 3361 626 3407 communem
656 3362 727 3406 esse
756 3344 873 3407 illorum
901 3344 1087 3426 opinionem:
1118 3343 1149 3406 id
1178 3360 1252 3406 vero
1280 3361 1368 3424 quam
1396 3359 1414 3403 a
1442 3343 1572 3405 veritate

197 3443 332 3507 ahenum
354 3445 394 3507 sit
417 3443 487 3506 alibi
510 3442 744 3506 demonstratum
767 3451 823 3508 est.
859 3444 950 3509 Suam
970 3442 1157 3507 invocationi
1180 3442 1349 3523 efficaciam,
1372 3451 1406 3506 ut
1426 3440 1571 3523 precibus

198 3545 341 3607 omnibus
370 3542 636 3606 sacramentalibus
666 3549 806 3606 constare
842 3543 969 3606 credunt
995 3542 1181 3606 Orientales:
1219 3561 1318 3624 neque
1346 3550 1452 3606 contra
1482 3541 1572 3605 fidem

197 3652 247 3706 aut
268 3643 462 3724 disciplinam
483 3660 614 3723 peccare
635 3661 671 3704 se
694 3643 872 3718 existimant
895 3661 962 3705 cum
984 3650 1072 3706 orant
1096 3660 1190 3724 super
1208 3642 1287 3705 dona
1305 3643 1368 3723 jam
1381 3648 1572 3722 consecrata,

196 3751 229 3806 ut
250 3744 382 3825 llispani
402 3752 526 3806 veteres
549 3741 741 3805 Gothicarum
764 3742 977 3822 Ecclesiarum,
1001 3742 1189 3818 llosarabes,
1211 3750 1242 3805 et
1264 3742 1314 3804 alii
1336 3741 1484 3805 lecerunt.
1506 3741 1573 3804 Eo-

198 3843 265 3906 dem
288 3844 386 3927 igitur
408 3850 438 3905 et
460 3843 590 3905 omnium
614 3841 810 3905 Orientalium
832 3843 971 3924 exemplo
995 3842 1144 3923 Coptitae,
1168 3849 1199 3904 et
1215 3841 1382 3923 Aethiopes
1406 3858 1574 3905 consecra-

198 3944 310 4007 tionem
338 3943 440 4006 verbis
463 3942 574 4006 Christi
597 3942 661 4006 lieri
683 3942 811 4006 credere
832 3951 1008 4024 potueruut,
1032 3951 1064 4006 et·
1085 3942 1308 4006 invocationem
1328 3941 1455 4025 Spiritus
1477 3940 1574 4005 sancti

198 4062 415 4125 pronunciare.

585 4306 645 4375 ll.
687 4304 866 4376 Incocoho
892 4303 1044 4398 Spiritus
1068 4307 1190 4376 suncti.

300 4514 425 4593 Ounno
437 4526 493 4588 ista
506 4526 536 4588 in
551 4526 694 4590 versione
705 4525 811 4588 Latina
826 4543 887 4590 non
899 4525 1028 4589 fideliter
1041 4533 1254 4607 expressaest.
1266 4525 1309 4588 lta
1320 4542 1415 4608 porro
1424 4543 1458 4587 se
1468 4523 1568 4589 habet.

197 4629 286 4693 Nunc
296 4637 397 4692 autem
410 4630 731 4717 recorduvaur‘mertis
743 4639 814 4693 tuce
824 4639 853 4693 et
869 4632 1103 4693 resurrectionis
1116 4638 1197 4707 tuoe,
1208 4629 1419 4712 offerimusque
1429 4629 1485 4691 tihi
1494 4627 1574 4692 hanc

194 4730 438 4809 ponemethcvc
452 4729 587 4805 culicem,
610 4730 720 4811 tibique
739 4732 861 4811 gratias
874 4732 1002 4810 opimas,
1024 4730 1105 4811 pared
1123 4750 1181 4809 per
1201 4731 1260 4793 hoc
1274 4728 1573 4808 wmfidmdipnos

196 4848 254 4891 nos
272 4829 379 4908 sensti
398 4828 503 4891 eundi
522 4830 555 4890 in
576 4838 738 4909 cmupecta
758 4837 820 4907 tuo,
843 4838 872 4892 et
893 4826 1343 4910 sucmdotcleoffrciumcorom
1355 4827 1571 4907 teccepaendi.

197 4924 333 4990 &omae
360 4928 542 4990 teDomiare
570 4936 691 4991 etate
717 4930 1032 5009 compotimur,
1060 4936 1094 4991 ut
1121 4929 1225 4990 miuus
1252 4926 1397 5006 Spiaihan
1423 4933 1571 5004 sancum,

197 5044 291 5107 super
312 5028 392 5089 hare
408 5045 523 5108 panon
544 5036 576 5091 et
594 5028 673 5091 haere
695 5028 836 5107 mtrem,
857 5029 997 5090 videlicet
1017 5046 1127 5108 corpus
1149 5035 1179 5089 et
1203 5028 1379 5107 ammaim
1398 5026 1522 5090 Domni
1542 5033 1572 5089 et

1274 5143 1362 5218 80*
