<?xml version="1.0" encoding="UTF-8"?>
<!DOCTYPE html PUBLIC "-//W3C//DTD XHTML 1.0 Transitional//EN"
    "http://www.w3.org/TR/xhtml1/DTD/xhtml1-transitional.dtd">
<html xmlns="http://www.w3.org/1999/xhtml" xml:lang="en" lang="en">
 <head>
  <title>
</title>
<meta http-equiv="Content-Type" content="text/html;charset=utf-8" />
  <meta name='ocr-system' content='tesseract 3.04.00' />
  <meta name='ocr-capabilities' content='ocr_page ocr_carea ocr_par ocr_line ocrx_word'/>
</head>
<body>
  <div class='ocr_page' id='page_1' title='image "./liturgiarumorie00unkngoog/liturgiarumorie00unkngoog_0834.png"; bbox 0 0 4525 6034; ppageno 0'>
   <div class='ocr_carea' id='block_1_1' title="bbox 644 575 1640 656">
    <p class='ocr_par' dir='ltr' id='par_1_1' title="bbox 644 575 1640 656">
     <span class='ocr_line' id='line_1_1' title="bbox 644 575 1640 656; baseline 0.004 -5"><span class='ocrx_word' id='word_1_1' title='bbox 644 578 719 656; x_wconf 80' lang='lat'>120</span> <span class='ocrx_word' id='word_1_2' title='bbox 1020 575 1640 654; x_wconf 73' lang='lat' dir='ltr'>assentationes</span> 
     </span>
    </p>
   </div>
   <div class='ocr_carea' id='block_1_2' title="bbox 315 759 2053 5094">
    <p class='ocr_par' dir='ltr' id='par_1_2' title="bbox 619 759 2053 4574">
     <span class='ocr_line' id='line_1_2' title="bbox 619 759 2017 843; baseline -0.001 -17"><span class='ocrx_word' id='word_1_3' title='bbox 619 765 708 843; x_wconf 66' lang='lat' dir='ltr'>-spse</span> <span class='ocrx_word' id='word_1_4' title='bbox 729 762 958 840; x_wconf 67' lang='grc'>1111111111,</span> <span class='ocrx_word' id='word_1_5' title='bbox 980 760 1234 822; x_wconf 75' lang='lat' dir='ltr'>Diaconasoero</span> <span class='ocrx_word' id='word_1_6' title='bbox 1257 760 1383 822; x_wconf 76' lang='lat' dir='ltr'>calicem</span> <span class='ocrx_word' id='word_1_7' title='bbox 1404 760 1564 824; x_wconf 71' lang='lat' dir='ltr'>bibendam</span> <span class='ocrx_word' id='word_1_8' title='bbox 1583 759 1758 840; x_wconf 80' lang='lat' dir='ltr'>praebebit,</span> <span class='ocrx_word' id='word_1_9' title='bbox 1788 759 1871 841; x_wconf 86' lang='lat' dir='ltr'>quod</span> <span class='ocrx_word' id='word_1_10' title='bbox 1891 760 2017 841; x_wconf 71' lang='grc'>11111111</span> 
     </span>
     <span class='ocr_line' id='line_1_3' title="bbox 641 857 2016 938; baseline -0.001 -15"><span class='ocrx_word' id='word_1_11' title='bbox 641 869 674 923; x_wconf 85' lang='lat' dir='ltr'>ct</span> <span class='ocrx_word' id='word_1_12' title='bbox 693 861 857 924; x_wconf 78' lang='lat' dir='ltr'>secundam</span> <span class='ocrx_word' id='word_1_13' title='bbox 879 857 1020 921; x_wconf 79' lang='lat' dir='ltr'>Oenones</span> <span class='ocrx_word' id='word_1_14' title='bbox 1038 859 1100 938; x_wconf 67' lang='lat' dir='ltr'>liet,</span> <span class='ocrx_word' id='word_1_15' title='bbox 1123 877 1191 920; x_wconf 80' lang='lat' dir='ltr'>caan</span> <span class='ocrx_word' id='word_1_16' title='bbox 1217 860 1411 937; x_wconf 67' lang='lat' dir='ltr'>praeceperit</span> <span class='ocrx_word' id='word_1_17' title='bbox 1429 859 1579 921; x_wconf 70' lang='lat' dir='ltr'>Domeros</span> <span class='ocrx_word' id='word_1_18' title='bbox 1599 862 1632 922; x_wconf 79' lang='lat' dir='ltr'>iar</span> <span class='ocrx_word' id='word_1_19' title='bbox 1660 860 1739 921; x_wconf 79' lang='lat' dir='ltr'>haere</span> <span class='ocrx_word' id='word_1_20' title='bbox 1760 860 1900 921; x_wconf 71' lang='lat' dir='ltr'>nodam:</span> <span class='ocrx_word' id='word_1_21' title='bbox 1929 858 2016 922; x_wconf 85' lang='lat' dir='ltr'>Edite</span> 
     </span>
     <span class='ocr_line' id='line_1_4' title="bbox 642 956 2014 1039; baseline -0.002 -17"><span class='ocrx_word' id='word_1_22' title='bbox 642 979 683 1023; x_wconf 84' lang='lat' dir='ltr'>ex</span> <span class='ocrx_word' id='word_1_23' title='bbox 706 976 837 1038; x_wconf 90' lang='lat' dir='ltr'>corpore</span> <span class='ocrx_word' id='word_1_24' title='bbox 858 976 938 1036; x_wconf 90' lang='lat' dir='ltr'>meo,</span> <span class='ocrx_word' id='word_1_25' title='bbox 962 964 992 1020; x_wconf 90' lang='lat' dir='ltr'>et</span> <span class='ocrx_word' id='word_1_26' title='bbox 1015 956 1107 1019; x_wconf 89' lang='lat' dir='ltr'>hihite</span> <span class='ocrx_word' id='word_1_27' title='bbox 1129 975 1170 1019; x_wconf 86' lang='lat' dir='ltr'>ex</span> <span class='ocrx_word' id='word_1_28' title='bbox 1192 958 1342 1037; x_wconf 79' lang='lat' dir='ltr'>sanguine</span> <span class='ocrx_word' id='word_1_29' title='bbox 1357 976 1436 1021; x_wconf 91' lang='lat' dir='ltr'>meo.</span> <span class='ocrx_word' id='word_1_30' title='bbox 1469 958 1667 1021; x_wconf 86' lang='lat' dir='ltr'>Nihilominus</span> <span class='ocrx_word' id='word_1_31' title='bbox 1688 958 1872 1039; x_wconf 71' lang='lat' dir='ltr'>permittitur</span> <span class='ocrx_word' id='word_1_32' title='bbox 1892 958 2014 1020; x_wconf 86' lang='lat' dir='ltr'>intincta</span> 
     </span>
     <span class='ocr_line' id='line_1_5' title="bbox 643 1054 2018 1137; baseline -0.001 -18"><span class='ocrx_word' id='word_1_33' title='bbox 643 1058 812 1121; x_wconf 86' lang='lat' dir='ltr'>communio</span> <span class='ocrx_word' id='word_1_34' title='bbox 835 1055 881 1117; x_wconf 91' lang='lat' dir='ltr'>his</span> <span class='ocrx_word' id='word_1_35' title='bbox 904 1056 1017 1119; x_wconf 89' lang='lat' dir='ltr'>verbis.</span> <span class='ocrx_word' id='word_1_36' title='bbox 1062 1054 1152 1131; x_wconf 80' lang='lat' dir='ltr'>Quod</span> <span class='ocrx_word' id='word_1_37' title='bbox 1174 1057 1203 1116; x_wconf 80' lang='lat' dir='ltr'>si</span> <span class='ocrx_word' id='word_1_38' title='bbox 1215 1055 1250 1116; x_wconf 82' lang='lat' dir='ltr'>id</span> <span class='ocrx_word' id='word_1_39' title='bbox 1268 1056 1340 1134; x_wconf 76' lang='lat' dir='ltr'>fieri</span> <span class='ocrx_word' id='word_1_40' title='bbox 1358 1076 1418 1117; x_wconf 85' lang='lat' dir='ltr'>non</span> <span class='ocrx_word' id='word_1_41' title='bbox 1436 1064 1547 1136; x_wconf 79' lang='lat' dir='ltr'>potest,</span> <span class='ocrx_word' id='word_1_42' title='bbox 1571 1076 1683 1136; x_wconf 74' lang='lat' dir='ltr'>corpus</span> <span class='ocrx_word' id='word_1_43' title='bbox 1704 1058 1834 1137; x_wconf 69' lang='lat' dir='ltr'>idinqot</span> <span class='ocrx_word' id='word_1_44' title='bbox 1853 1055 2018 1131; x_wconf 79' lang='lat' dir='ltr'><strong><em>Sacerdos,</em></strong></span> 
     </span>
     <span class='ocr_line' id='line_1_6' title="bbox 641 1152 2019 1237; baseline -0.003 -18"><span class='ocrx_word' id='word_1_45' title='bbox 641 1159 674 1219; x_wconf 84' lang='lat' dir='ltr'>in</span> <span class='ocrx_word' id='word_1_46' title='bbox 696 1157 792 1218; x_wconf 87' lang='lat' dir='ltr'>colice</span> <span class='ocrx_word' id='word_1_47' title='bbox 813 1173 899 1235; x_wconf 85' lang='lat' dir='ltr'>quem</span> <span class='ocrx_word' id='word_1_48' title='bbox 920 1153 1077 1216; x_wconf 82' lang='lat' dir='ltr'>Diaconos</span> <span class='ocrx_word' id='word_1_49' title='bbox 1098 1155 1212 1215; x_wconf 77' lang='lat' dir='ltr'>dextro</span> <span class='ocrx_word' id='word_1_50' title='bbox 1235 1160 1322 1228; x_wconf 84' lang='lat' dir='ltr'>tenet,</span> <span class='ocrx_word' id='word_1_51' title='bbox 1346 1157 1638 1237; x_wconf 74' lang='lat' dir='ltr'><strong><em>communionemque</em></strong></span> <span class='ocrx_word' id='word_1_52' title='bbox 1667 1157 1728 1233; x_wconf 89' lang='lat' dir='ltr'>det,</span> <span class='ocrx_word' id='word_1_53' title='bbox 1748 1162 1784 1216; x_wconf 85' lang='grc'>11</span> <span class='ocrx_word' id='word_1_54' title='bbox 1803 1155 1836 1215; x_wconf 79' lang='lat' dir='ltr'>ia</span> <span class='ocrx_word' id='word_1_55' title='bbox 1858 1152 2019 1215; x_wconf 79' lang='lat' dir='ltr'>Occidente</span> 
     </span>
     <span class='ocr_line' id='line_1_7' title="bbox 639 1250 2015 1336; baseline -0.004 -18"><span class='ocrx_word' id='word_1_56' title='bbox 639 1255 747 1335; x_wconf 74' lang='lat' dir='ltr'>facere</span> <span class='ocrx_word' id='word_1_57' title='bbox 769 1255 874 1316; x_wconf 74' lang='lat' dir='ltr'>rotent.</span> <span class='ocrx_word' id='word_1_58' title='bbox 897 1250 1033 1336; x_wconf 73' lang='lat' dir='ltr'>Diximus</span> <span class='ocrx_word' id='word_1_59' title='bbox 1056 1252 1131 1314; x_wconf 93' lang='lat' dir='ltr'>haec</span> <span class='ocrx_word' id='word_1_60' title='bbox 1155 1252 1248 1314; x_wconf 89' lang='lat' dir='ltr'>verba</span> <span class='ocrx_word' id='word_1_61' title='bbox 1272 1250 1382 1314; x_wconf 87' lang='lat' dir='ltr'>reierri</span> <span class='ocrx_word' id='word_1_62' title='bbox 1404 1269 1498 1334; x_wconf 88' lang='lat' dir='ltr'>posse</span> <span class='ocrx_word' id='word_1_63' title='bbox 1520 1253 1558 1316; x_wconf 88' lang='lat' dir='ltr'>ad</span> <span class='ocrx_word' id='word_1_64' title='bbox 1580 1253 1714 1331; x_wconf 85' lang='lat' dir='ltr'>Latinos,</span> <span class='ocrx_word' id='word_1_65' title='bbox 1737 1252 1786 1315; x_wconf 85' lang='lat' dir='ltr'>vel</span> <span class='ocrx_word' id='word_1_66' title='bbox 1809 1251 1846 1313; x_wconf 90' lang='lat' dir='ltr'>ad</span> <span class='ocrx_word' id='word_1_67' title='bbox 1870 1251 2015 1328; x_wconf 88' lang='lat' dir='ltr'>Graecos,</span> 
     </span>
     <span class='ocr_line' id='line_1_8' title="bbox 643 1350 2018 1435; baseline -0.004 -18"><span class='ocrx_word' id='word_1_68' title='bbox 643 1363 694 1417; x_wconf 91' lang='lat' dir='ltr'>aut</span> <span class='ocrx_word' id='word_1_69' title='bbox 716 1352 904 1434; x_wconf 76' lang='lat' dir='ltr'>Aegyptios:</span> <span class='ocrx_word' id='word_1_70' title='bbox 927 1370 995 1414; x_wconf 88' lang='lat' dir='ltr'>num</span> <span class='ocrx_word' id='word_1_71' title='bbox 1018 1352 1054 1414; x_wconf 91' lang='lat' dir='ltr'>ad</span> <span class='ocrx_word' id='word_1_72' title='bbox 1078 1368 1156 1433; x_wconf 89' lang='lat' dir='ltr'>quos</span> <span class='ocrx_word' id='word_1_73' title='bbox 1180 1351 1303 1432; x_wconf 83' lang='lat' dir='ltr'>proprie</span> <span class='ocrx_word' id='word_1_74' title='bbox 1326 1352 1498 1431; x_wconf 89' lang='lat' dir='ltr'>pertineant</span> <span class='ocrx_word' id='word_1_75' title='bbox 1519 1352 1599 1414; x_wconf 90' lang='lat' dir='ltr'>haud</span> <span class='ocrx_word' id='word_1_76' title='bbox 1621 1352 1695 1415; x_wconf 87' lang='lat' dir='ltr'>satis</span> <span class='ocrx_word' id='word_1_77' title='bbox 1718 1352 1906 1435; x_wconf 81' lang='lat' dir='ltr'>intelligitur.</span> <span class='ocrx_word' id='word_1_78' title='bbox 1944 1350 2018 1413; x_wconf 89' lang='lat' dir='ltr'>lllud</span> 
     </span>
     <span class='ocr_line' id='line_1_9' title="bbox 643 1447 2020 1533; baseline -0.005 -18"><span class='ocrx_word' id='word_1_79' title='bbox 643 1471 765 1533; x_wconf 86' lang='lat' dir='ltr'>quoquc</span> <span class='ocrx_word' id='word_1_80' title='bbox 788 1450 950 1513; x_wconf 83' lang='lat' dir='ltr'>verisimile</span> <span class='ocrx_word' id='word_1_81' title='bbox 973 1459 1031 1528; x_wconf 93' lang='lat' dir='ltr'>est,</span> <span class='ocrx_word' id='word_1_82' title='bbox 1054 1450 1181 1532; x_wconf 79' lang='lat' dir='ltr'>intelligi</span> <span class='ocrx_word' id='word_1_83' title='bbox 1204 1451 1409 1513; x_wconf 89' lang='lat' dir='ltr'>intinctionem</span> <span class='ocrx_word' id='word_1_84' title='bbox 1439 1451 1670 1531; x_wconf 88' lang='lat' dir='ltr'>particularum,</span> <span class='ocrx_word' id='word_1_85' title='bbox 1699 1469 1778 1532; x_wconf 91' lang='lat' dir='ltr'>quae</span> <span class='ocrx_word' id='word_1_86' title='bbox 1800 1450 1888 1512; x_wconf 88' lang='lat' dir='ltr'>calici</span> <span class='ocrx_word' id='word_1_87' title='bbox 1910 1447 2020 1510; x_wconf 89' lang='lat' dir='ltr'>immit-</span> 
     </span>
     <span class='ocr_line' id='line_1_10' title="bbox 642 1548 2020 1632; baseline -0.004 -19"><span class='ocrx_word' id='word_1_88' title='bbox 642 1557 757 1629; x_wconf 90' lang='lat' dir='ltr'>tuntur,</span> <span class='ocrx_word' id='word_1_89' title='bbox 779 1567 855 1631; x_wconf 88' lang='lat' dir='ltr'>quas</span> <span class='ocrx_word' id='word_1_90' title='bbox 879 1550 1031 1613; x_wconf 77' lang='lat' dir='ltr'>Sacerdos</span> <span class='ocrx_word' id='word_1_91' title='bbox 1054 1550 1215 1613; x_wconf 88' lang='lat' dir='ltr'>celebrans</span> <span class='ocrx_word' id='word_1_92' title='bbox 1238 1548 1339 1612; x_wconf 85' lang='lat' dir='ltr'>educit</span> <span class='ocrx_word' id='word_1_93' title='bbox 1362 1568 1401 1611; x_wconf 85' lang='lat' dir='ltr'>ex</span> <span class='ocrx_word' id='word_1_94' title='bbox 1423 1549 1518 1612; x_wconf 91' lang='lat' dir='ltr'>calice</span> <span class='ocrx_word' id='word_1_95' title='bbox 1540 1569 1629 1631; x_wconf 90' lang='lat' dir='ltr'>quem</span> <span class='ocrx_word' id='word_1_96' title='bbox 1641 1550 1793 1612; x_wconf 84' lang='lat' dir='ltr'>Diaconos</span> <span class='ocrx_word' id='word_1_97' title='bbox 1816 1556 1930 1632; x_wconf 82' lang='lat' dir='ltr'>gestat,</span> <span class='ocrx_word' id='word_1_98' title='bbox 1953 1564 2020 1609; x_wconf 87' lang='lat' dir='ltr'>cum</span> 
     </span>
     <span class='ocr_line' id='line_1_11' title="bbox 643 1645 2018 1730; baseline -0.004 -18"><span class='ocrx_word' id='word_1_99' title='bbox 643 1649 806 1726; x_wconf 88' lang='lat' dir='ltr'>cochleari,</span> <span class='ocrx_word' id='word_1_100' title='bbox 830 1648 915 1729; x_wconf 87' lang='lat' dir='ltr'>cujus</span> <span class='ocrx_word' id='word_1_101' title='bbox 937 1665 1011 1710; x_wconf 93' lang='lat' dir='ltr'>usus</span> <span class='ocrx_word' id='word_1_102' title='bbox 1034 1650 1258 1729; x_wconf 89' lang='lat' dir='ltr'>antiquissimus</span> <span class='ocrx_word' id='word_1_103' title='bbox 1281 1656 1338 1712; x_wconf 91' lang='lat' dir='ltr'>est.</span> <span class='ocrx_word' id='word_1_104' title='bbox 1368 1648 1443 1710; x_wconf 84' lang='lat' dir='ltr'>Nem</span> <span class='ocrx_word' id='word_1_105' title='bbox 1456 1656 1580 1729; x_wconf 91' lang='lat' dir='ltr'>praeter</span> <span class='ocrx_word' id='word_1_106' title='bbox 1602 1648 1681 1712; x_wconf 90' lang='lat' dir='ltr'>illam</span> <span class='ocrx_word' id='word_1_107' title='bbox 1704 1647 1872 1730; x_wconf 78' lang='lat' dir='ltr'>particulae</span> <span class='ocrx_word' id='word_1_108' title='bbox 1895 1645 2018 1726; x_wconf 86' lang='lat' dir='ltr'>majoris</span> 
     </span>
     <span class='ocr_line' id='line_1_12' title="bbox 642 1743 2020 1829; baseline -0.003 -20"><span class='ocrx_word' id='word_1_109' title='bbox 642 1749 860 1825; x_wconf 89' lang='lat' dir='ltr'>intinctionem,</span> <span class='ocrx_word' id='word_1_110' title='bbox 884 1765 962 1827; x_wconf 90' lang='lat' dir='ltr'>quae</span> <span class='ocrx_word' id='word_1_111' title='bbox 984 1747 1016 1808; x_wconf 98' lang='grc'>11</span> <span class='ocrx_word' id='word_1_112' title='bbox 1038 1747 1068 1809; x_wconf 89' lang='grc'>11</span> <span class='ocrx_word' id='word_1_113' title='bbox 1089 1748 1202 1809; x_wconf 86' lang='grc'>111111</span> <span class='ocrx_word' id='word_1_114' title='bbox 1226 1753 1256 1807; x_wconf 85' lang='grc'>11</span> <span class='ocrx_word' id='word_1_115' title='bbox 1279 1746 1510 1829; x_wconf 79' lang='lat' dir='ltr'>consignatione</span> <span class='ocrx_word' id='word_1_116' title='bbox 1532 1747 1657 1809; x_wconf 89' lang='lat' dir='ltr'>duarum</span> <span class='ocrx_word' id='word_1_117' title='bbox 1680 1748 1862 1829; x_wconf 85' lang='lat' dir='ltr'>specierum,</span> <span class='ocrx_word' id='word_1_118' title='bbox 1884 1747 1915 1808; x_wconf 94' lang='grc'>11</span> <span class='ocrx_word' id='word_1_119' title='bbox 1937 1743 2020 1805; x_wconf 90' lang='lat' dir='ltr'>nullo</span> 
     </span>
     <span class='ocr_line' id='line_1_13' title="bbox 642 1844 2021 1927; baseline -0.003 -19"><span class='ocrx_word' id='word_1_120' title='bbox 642 1848 703 1909; x_wconf 92' lang='lat' dir='ltr'>ritu</span> <span class='ocrx_word' id='word_1_121' title='bbox 725 1847 878 1927; x_wconf 89' lang='lat' dir='ltr'>reperitur</span> <span class='ocrx_word' id='word_1_122' title='bbox 901 1846 1097 1910; x_wconf 80' lang='lat' dir='ltr'>Sacerdotem</span> <span class='ocrx_word' id='word_1_123' title='bbox 1119 1844 1283 1927; x_wconf 87' lang='lat' dir='ltr'>particulas</span> <span class='ocrx_word' id='word_1_124' title='bbox 1306 1845 1446 1927; x_wconf 77' lang='lat' dir='ltr'>exiguas,</span> <span class='ocrx_word' id='word_1_125' title='bbox 1468 1845 1575 1927; x_wconf 90' lang='lat' dir='ltr'>quales</span> <span class='ocrx_word' id='word_1_126' title='bbox 1597 1856 1668 1909; x_wconf 90' lang='lat' dir='ltr'>sunt</span> <span class='ocrx_word' id='word_1_127' title='bbox 1691 1865 1769 1927; x_wconf 89' lang='lat' dir='ltr'>quae</span> <span class='ocrx_word' id='word_1_128' title='bbox 1792 1846 2021 1908; x_wconf 89' lang='lat' dir='ltr'>communicau-</span> 
     </span>
     <span class='ocr_line' id='line_1_14' title="bbox 643 1940 2021 2027; baseline -0.004 -20"><span class='ocrx_word' id='word_1_129' title='bbox 643 1944 722 2007; x_wconf 89' lang='lat' dir='ltr'>tihus</span> <span class='ocrx_word' id='word_1_130' title='bbox 745 1944 972 2023; x_wconf 86' lang='lat' dir='ltr'>distribuuntur,</span> <span class='ocrx_word' id='word_1_131' title='bbox 995 1945 1062 2007; x_wconf 90' lang='lat' dir='ltr'>sola</span> <span class='ocrx_word' id='word_1_132' title='bbox 1083 1963 1173 2007; x_wconf 87' lang='lat' dir='ltr'>manu</span> <span class='ocrx_word' id='word_1_133' title='bbox 1195 1944 1311 2025; x_wconf 88' lang='lat' dir='ltr'>absque</span> <span class='ocrx_word' id='word_1_134' title='bbox 1334 1943 1487 2007; x_wconf 89' lang='lat' dir='ltr'>cochleari</span> <span class='ocrx_word' id='word_1_135' title='bbox 1510 1944 1540 2005; x_wconf 93' lang='lat' dir='ltr'>in</span> <span class='ocrx_word' id='word_1_136' title='bbox 1563 1945 1658 2007; x_wconf 87' lang='lat' dir='ltr'>calice</span> <span class='ocrx_word' id='word_1_137' title='bbox 1681 1946 1841 2027; x_wconf 81' lang='lat' dir='ltr'>intingere.</span> <span class='ocrx_word' id='word_1_138' title='bbox 1885 1942 1920 2004; x_wconf 92' lang='lat' dir='ltr'>ld</span> <span class='ocrx_word' id='word_1_139' title='bbox 1942 1940 2021 2003; x_wconf 89' lang='lat' dir='ltr'>enim</span> 
     </span>
     <span class='ocr_line' id='line_1_15' title="bbox 642 2040 2020 2126; baseline -0.004 -20"><span class='ocrx_word' id='word_1_140' title='bbox 642 2041 746 2106; x_wconf 85' lang='lat' dir='ltr'>lacere</span> <span class='ocrx_word' id='word_1_141' title='bbox 768 2045 821 2105; x_wconf 85' lang='lat' dir='ltr'>vix</span> <span class='ocrx_word' id='word_1_142' title='bbox 842 2052 960 2124; x_wconf 91' lang='lat' dir='ltr'>posset,</span> <span class='ocrx_word' id='word_1_143' title='bbox 983 2047 1055 2124; x_wconf 90' lang='lat' dir='ltr'>quin</span> <span class='ocrx_word' id='word_1_144' title='bbox 1078 2044 1229 2108; x_wconf 78' lang='lat' dir='ltr'>Sacerdos</span> <span class='ocrx_word' id='word_1_145' title='bbox 1259 2051 1412 2105; x_wconf 82' lang='lat' dir='ltr'>extremos</span> <span class='ocrx_word' id='word_1_146' title='bbox 1440 2042 1552 2123; x_wconf 81' lang='lat' dir='ltr'>digitos</span> <span class='ocrx_word' id='word_1_147' title='bbox 1580 2044 1668 2106; x_wconf 89' lang='lat' dir='ltr'>simul</span> <span class='ocrx_word' id='word_1_148' title='bbox 1692 2046 1839 2126; x_wconf 82' lang='lat' dir='ltr'>tingeret,</span> <span class='ocrx_word' id='word_1_149' title='bbox 1870 2040 1953 2122; x_wconf 92' lang='lat' dir='ltr'>quod</span> <span class='ocrx_word' id='word_1_150' title='bbox 1981 2058 2020 2101; x_wconf 88' lang='lat' dir='ltr'>oe</span> 
     </span>
     <span class='ocr_line' id='line_1_16' title="bbox 643 2140 2022 2224; baseline -0.003 -20"><span class='ocrx_word' id='word_1_151' title='bbox 643 2143 695 2204; x_wconf 89' lang='lat' dir='ltr'>liat</span> <span class='ocrx_word' id='word_1_152' title='bbox 715 2142 816 2205; x_wconf 91' lang='lat' dir='ltr'>multis</span> <span class='ocrx_word' id='word_1_153' title='bbox 847 2140 1021 2204; x_wconf 85' lang='lat' dir='ltr'>Canonihus</span> <span class='ocrx_word' id='word_1_154' title='bbox 1052 2151 1193 2219; x_wconf 85' lang='lat' dir='ltr'>cavetur,</span> <span class='ocrx_word' id='word_1_155' title='bbox 1223 2148 1255 2204; x_wconf 90' lang='lat' dir='ltr'>et</span> <span class='ocrx_word' id='word_1_156' title='bbox 1283 2142 1310 2203; x_wconf 91' lang='lat' dir='ltr'>si</span> <span class='ocrx_word' id='word_1_157' title='bbox 1341 2141 1502 2220; x_wconf 74' lang='lat' dir='ltr'>acciderit,</span> <span class='ocrx_word' id='word_1_158' title='bbox 1533 2159 1633 2222; x_wconf 93' lang='lat' dir='ltr'>poena</span> <span class='ocrx_word' id='word_1_159' title='bbox 1663 2143 1809 2205; x_wconf 87' lang='lat' dir='ltr'>canonica</span> <span class='ocrx_word' id='word_1_160' title='bbox 1838 2140 2022 2224; x_wconf 75' lang='lat' dir='ltr'>gravissimu</span> 
     </span>
     <span class='ocr_line' id='line_1_17' title="bbox 642 2239 2021 2322; baseline -0.001 -20"><span class='ocrx_word' id='word_1_161' title='bbox 642 2241 834 2322; x_wconf 89' lang='lat' dir='ltr'>proponitur.</span> <span class='ocrx_word' id='word_1_162' title='bbox 871 2239 942 2314; x_wconf 85' lang='lat' dir='ltr'>Sed,</span> <span class='ocrx_word' id='word_1_163' title='bbox 964 2247 998 2302; x_wconf 86' lang='lat' dir='ltr'>ut</span> <span class='ocrx_word' id='word_1_164' title='bbox 1019 2258 1113 2321; x_wconf 90' lang='lat' dir='ltr'>saepe</span> <span class='ocrx_word' id='word_1_165' title='bbox 1136 2240 1315 2317; x_wconf 90' lang='lat' dir='ltr'>monuimus,</span> <span class='ocrx_word' id='word_1_166' title='bbox 1339 2257 1445 2303; x_wconf 91' lang='lat' dir='ltr'>omnes</span> <span class='ocrx_word' id='word_1_167' title='bbox 1467 2259 1564 2322; x_wconf 91' lang='lat' dir='ltr'>usque</span> <span class='ocrx_word' id='word_1_168' title='bbox 1587 2243 1625 2304; x_wconf 90' lang='lat' dir='ltr'>ad</span> <span class='ocrx_word' id='word_1_169' title='bbox 1648 2242 1786 2303; x_wconf 86' lang='lat' dir='ltr'>minutias</span> <span class='ocrx_word' id='word_1_170' title='bbox 1808 2239 2021 2301; x_wconf 88' lang='lat' dir='ltr'>caeremoniae</span> 
     </span>
     <span class='ocr_line' id='line_1_18' title="bbox 641 2338 2021 2420; baseline -0.001 -20"><span class='ocrx_word' id='word_1_171' title='bbox 641 2341 673 2400; x_wconf 93' lang='lat' dir='ltr'>in</span> <span class='ocrx_word' id='word_1_172' title='bbox 696 2341 781 2402; x_wconf 87' lang='lat' dir='ltr'>libris</span> <span class='ocrx_word' id='word_1_173' title='bbox 803 2355 864 2400; x_wconf 89' lang='lat' dir='ltr'>non</span> <span class='ocrx_word' id='word_1_174' title='bbox 887 2339 1081 2420; x_wconf 85' lang='lat' dir='ltr'>quaerendae</span> <span class='ocrx_word' id='word_1_175' title='bbox 1104 2346 1185 2403; x_wconf 85' lang='lat' dir='ltr'>suut.</span> <span class='ocrx_word' id='word_1_176' title='bbox 1238 2338 1314 2400; x_wconf 93' lang='lat' dir='ltr'>lllud</span> <span class='ocrx_word' id='word_1_177' title='bbox 1337 2338 1427 2401; x_wconf 91' lang='lat' dir='ltr'>modo</span> <span class='ocrx_word' id='word_1_178' title='bbox 1450 2341 1647 2402; x_wconf 89' lang='lat' dir='ltr'>certissimum</span> <span class='ocrx_word' id='word_1_179' title='bbox 1671 2338 1776 2403; x_wconf 88' lang='lat' dir='ltr'>haheri</span> <span class='ocrx_word' id='word_1_180' title='bbox 1798 2338 1891 2400; x_wconf 88' lang='lat' dir='ltr'>dehet</span> <span class='ocrx_word' id='word_1_181' title='bbox 1914 2338 2021 2400; x_wconf 86' lang='lat' dir='ltr'>diver·</span> 
     </span>
     <span class='ocr_line' id='line_1_19' title="bbox 642 2435 2020 2519; baseline -0.001 -19"><span class='ocrx_word' id='word_1_182' title='bbox 642 2440 748 2500; x_wconf 88' lang='lat' dir='ltr'>sitates</span> <span class='ocrx_word' id='word_1_183' title='bbox 772 2437 896 2518; x_wconf 78' lang='lat' dir='ltr'>aliquot,</span> <span class='ocrx_word' id='word_1_184' title='bbox 920 2438 1047 2518; x_wconf 88' lang='lat' dir='ltr'>siquae</span> <span class='ocrx_word' id='word_1_185' title='bbox 1070 2439 1100 2500; x_wconf 94' lang='lat' dir='ltr'>in</span> <span class='ocrx_word' id='word_1_186' title='bbox 1123 2437 1357 2500; x_wconf 90' lang='lat' dir='ltr'>administranda</span> <span class='ocrx_word' id='word_1_187' title='bbox 1380 2437 1568 2501; x_wconf 87' lang='lat' dir='ltr'>Eucharistia</span> <span class='ocrx_word' id='word_1_188' title='bbox 1584 2438 1743 2502; x_wconf 88' lang='lat' dir='ltr'>observari</span> <span class='ocrx_word' id='word_1_189' title='bbox 1764 2443 1895 2519; x_wconf 89' lang='lat' dir='ltr'>possunt</span> <span class='ocrx_word' id='word_1_190' title='bbox 1916 2438 1949 2499; x_wconf 91' lang='grc'>11</span> <span class='ocrx_word' id='word_1_191' title='bbox 1972 2435 2020 2498; x_wconf 88' lang='lat' dir='ltr'>di·</span> 
     </span>
     <span class='ocr_line' id='line_1_20' title="bbox 641 2535 2018 2617; baseline -0.001 -19"><span class='ocrx_word' id='word_1_192' title='bbox 641 2537 742 2599; x_wconf 77' lang='grc'>111111</span> <span class='ocrx_word' id='word_1_193' title='bbox 764 2535 922 2609; x_wconf 86' lang='lat' dir='ltr'>Ecclesiis,</span> <span class='ocrx_word' id='word_1_194' title='bbox 944 2536 1023 2599; x_wconf 82' lang='lat' dir='ltr'>tales</span> <span class='ocrx_word' id='word_1_195' title='bbox 1043 2554 1126 2614; x_wconf 87' lang='lat' dir='ltr'>esse,</span> <span class='ocrx_word' id='word_1_196' title='bbox 1149 2544 1182 2598; x_wconf 94' lang='lat' dir='ltr'>ut</span> <span class='ocrx_word' id='word_1_197' title='bbox 1204 2536 1284 2598; x_wconf 90' lang='lat' dir='ltr'>nulla</span> <span class='ocrx_word' id='word_1_198' title='bbox 1303 2536 1430 2617; x_wconf 88' lang='lat' dir='ltr'>alicujus</span> <span class='ocrx_word' id='word_1_199' title='bbox 1452 2539 1593 2600; x_wconf 90' lang='lat' dir='ltr'>momenti</span> <span class='ocrx_word' id='word_1_200' title='bbox 1616 2538 1665 2614; x_wconf 90' lang='lat' dir='ltr'>sit,</span> <span class='ocrx_word' id='word_1_201' title='bbox 1689 2554 1855 2616; x_wconf 89' lang='lat' dir='ltr'>omnesque</span> <span class='ocrx_word' id='word_1_202' title='bbox 1878 2536 1927 2598; x_wconf 85' lang='lat' dir='ltr'>uel</span> <span class='ocrx_word' id='word_1_203' title='bbox 1952 2555 2018 2597; x_wconf 91' lang='lat' dir='ltr'>cum</span> 
     </span>
     <span class='ocr_line' id='line_1_21' title="bbox 645 2634 2020 2717; baseline -0.001 -19"><span class='ocrx_word' id='word_1_204' title='bbox 645 2634 782 2698; x_wconf 86' lang='lat' dir='ltr'>Graecae</span> <span class='ocrx_word' id='word_1_205' title='bbox 808 2634 858 2697; x_wconf 85' lang='lat' dir='ltr'>vel</span> <span class='ocrx_word' id='word_1_206' title='bbox 887 2653 956 2696; x_wconf 90' lang='lat' dir='ltr'>cum</span> <span class='ocrx_word' id='word_1_207' title='bbox 983 2634 1110 2699; x_wconf 87' lang='lat' dir='ltr'>Latinae</span> <span class='ocrx_word' id='word_1_208' title='bbox 1140 2637 1229 2699; x_wconf 91' lang='lat' dir='ltr'>etiam</span> <span class='ocrx_word' id='word_1_209' title='bbox 1260 2635 1418 2717; x_wconf 89' lang='lat' dir='ltr'>disciplina</span> <span class='ocrx_word' id='word_1_210' title='bbox 1449 2636 1650 2710; x_wconf 84' lang='lat' dir='ltr'>conveniunt,</span> <span class='ocrx_word' id='word_1_211' title='bbox 1679 2637 1745 2698; x_wconf 89' lang='lat' dir='ltr'>sive</span> <span class='ocrx_word' id='word_1_212' title='bbox 1772 2653 1809 2697; x_wconf 88' lang='lat' dir='ltr'>ea</span> <span class='ocrx_word' id='word_1_213' title='bbox 1838 2653 1918 2715; x_wconf 89' lang='lat' dir='ltr'>quae</span> <span class='ocrx_word' id='word_1_214' title='bbox 1948 2634 2020 2697; x_wconf 89' lang='grc'>1111</span> 
     </span>
     <span class='ocr_line' id='line_1_22' title="bbox 644 2717 2019 2815; baseline -0.002 -18"><span class='ocrx_word' id='word_1_215' title='bbox 644 2734 805 2798; x_wconf 88' lang='lat' dir='ltr'>observata</span> <span class='ocrx_word' id='word_1_216' title='bbox 828 2733 934 2812; x_wconf 85' lang='lat' dir='ltr'>luerit,</span> <span class='ocrx_word' id='word_1_217' title='bbox 962 2735 1029 2797; x_wconf 85' lang='lat' dir='ltr'>siue</span> <span class='ocrx_word' id='word_1_218' title='bbox 1051 2753 1131 2815; x_wconf 89' lang='lat' dir='ltr'>quoe</span> <span class='ocrx_word' id='word_1_219' title='bbox 1158 2737 1318 2798; x_wconf 78' lang='lat' dir='ltr'>etiamnum</span> <span class='ocrx_word' id='word_1_220' title='bbox 1340 2736 1439 2815; x_wconf 75' lang='lat' dir='ltr'>viget:</span> <span class='ocrx_word' id='word_1_221' title='bbox 1469 2734 1552 2798; x_wconf 90' lang='lat' dir='ltr'>nulla</span> <span class='ocrx_word' id='word_1_222' title='bbox 1581 2753 1660 2815; x_wconf 88' lang='lat' dir='ltr'>quae</span> <span class='ocrx_word' id='word_1_223' title='bbox 1688 2753 1756 2797; x_wconf 91' lang='lat' dir='ltr'>cum</span> <span class='ocrx_word' id='word_1_224' title='bbox 1780 2717 2019 2797; x_wconf 78' lang='lat' dir='ltr'>l’rotestuntium</span> 
     </span>
     <span class='ocr_line' id='line_1_23' title="bbox 645 2830 2019 2915; baseline -0.002 -18"><span class='ocrx_word' id='word_1_225' title='bbox 645 2832 768 2897; x_wconf 79' lang='grc'>011111</span> <span class='ocrx_word' id='word_1_226' title='bbox 790 2834 882 2895; x_wconf 85' lang='lat' dir='ltr'>variis</span> <span class='ocrx_word' id='word_1_227' title='bbox 904 2830 1008 2895; x_wconf 79' lang='lat' dir='ltr'>formis</span> <span class='ocrx_word' id='word_1_228' title='bbox 1031 2835 1128 2915; x_wconf 91' lang='lat' dir='ltr'>possit</span> <span class='ocrx_word' id='word_1_229' title='bbox 1158 2834 1322 2896; x_wconf 90' lang='lat' dir='ltr'>conciliari.</span> <span class='ocrx_word' id='word_1_230' title='bbox 1371 2834 1528 2915; x_wconf 87' lang='lat' dir='ltr'>Nunquam</span> <span class='ocrx_word' id='word_1_231' title='bbox 1550 2834 1629 2896; x_wconf 89' lang='lat' dir='ltr'>euim</span> <span class='ocrx_word' id='word_1_232' title='bbox 1657 2834 1813 2914; x_wconf 88' lang='lat' dir='ltr'>quisquam</span> <span class='ocrx_word' id='word_1_233' title='bbox 1841 2834 1922 2894; x_wconf 90' lang='lat' dir='ltr'>inter</span> <span class='ocrx_word' id='word_1_234' title='bbox 1951 2831 2019 2897; x_wconf 86' lang='lat' dir='ltr'>ilios</span> 
     </span>
     <span class='ocr_line' id='line_1_24' title="bbox 644 2931 2018 3014; baseline -0.001 -20"><span class='ocrx_word' id='word_1_235' title='bbox 644 2932 683 2994; x_wconf 91' lang='lat' dir='ltr'>de</span> <span class='ocrx_word' id='word_1_236' title='bbox 706 2933 818 2995; x_wconf 90' lang='lat' dir='ltr'>unione</span> <span class='ocrx_word' id='word_1_237' title='bbox 841 2931 1022 3013; x_wconf 85' lang='lat' dir='ltr'>specierum,</span> <span class='ocrx_word' id='word_1_238' title='bbox 1044 2939 1096 2994; x_wconf 89' lang='lat' dir='ltr'>aut</span> <span class='ocrx_word' id='word_1_239' title='bbox 1118 2931 1327 3012; x_wconf 84' lang='lat' dir='ltr'>defractione,</span> <span class='ocrx_word' id='word_1_240' title='bbox 1351 2932 1447 3014; x_wconf 91' lang='lat' dir='ltr'>qualis</span> <span class='ocrx_word' id='word_1_241' title='bbox 1463 2933 1493 2994; x_wconf 92' lang='lat' dir='ltr'>iu</span> <span class='ocrx_word' id='word_1_242' title='bbox 1509 2932 1635 2995; x_wconf 87' lang='lat' dir='ltr'>Oriente</span> <span class='ocrx_word' id='word_1_243' title='bbox 1657 2933 1723 2995; x_wconf 87' lang='lat' dir='ltr'>lieri</span> <span class='ocrx_word' id='word_1_244' title='bbox 1746 2932 1834 3008; x_wconf 86' lang='lat' dir='ltr'>solet,</span> <span class='ocrx_word' id='word_1_245' title='bbox 1858 2931 2018 3012; x_wconf 81' lang='lat' dir='ltr'>cogitavit:</span> 
     </span>
     <span class='ocr_line' id='line_1_25' title="bbox 643 3029 2019 3111; baseline 0 -20"><span class='ocrx_word' id='word_1_246' title='bbox 643 3029 736 3093; x_wconf 91' lang='lat' dir='ltr'>multo</span> <span class='ocrx_word' id='word_1_247' title='bbox 758 3031 855 3093; x_wconf 91' lang='lat' dir='ltr'>minus</span> <span class='ocrx_word' id='word_1_248' title='bbox 870 3030 908 3093; x_wconf 90' lang='lat' dir='ltr'>de</span> <span class='ocrx_word' id='word_1_249' title='bbox 922 3030 1139 3111; x_wconf 88' lang='lat' dir='ltr'>particularum</span> <span class='ocrx_word' id='word_1_250' title='bbox 1150 3033 1325 3094; x_wconf 90' lang='lat' dir='ltr'>intinctione</span> <span class='ocrx_word' id='word_1_251' title='bbox 1341 3038 1392 3094; x_wconf 90' lang='lat' dir='ltr'>aut</span> <span class='ocrx_word' id='word_1_252' title='bbox 1414 3031 1452 3095; x_wconf 94' lang='lat' dir='ltr'>de</span> <span class='ocrx_word' id='word_1_253' title='bbox 1464 3033 1627 3111; x_wconf 89' lang='lat' dir='ltr'>cochleari,</span> <span class='ocrx_word' id='word_1_254' title='bbox 1650 3031 1700 3094; x_wconf 84' lang='lat' dir='ltr'>vel</span> <span class='ocrx_word' id='word_1_255' title='bbox 1722 3031 1850 3108; x_wconf 89' lang='lat' dir='ltr'>calamo,</span> <span class='ocrx_word' id='word_1_256' title='bbox 1873 3031 1924 3110; x_wconf 92' lang='lat' dir='ltr'>qui</span> <span class='ocrx_word' id='word_1_257' title='bbox 1948 3038 2019 3091; x_wconf 89' lang='lat' dir='ltr'>tan-</span> 
     </span>
     <span class='ocr_line' id='line_1_26' title="bbox 644 3129 2019 3211; baseline -0.001 -20"><span class='ocrx_word' id='word_1_258' title='bbox 644 3138 706 3191; x_wconf 90' lang='lat' dir='ltr'>tum</span> <span class='ocrx_word' id='word_1_259' title='bbox 728 3131 758 3193; x_wconf 94' lang='lat' dir='ltr'>in</span> <span class='ocrx_word' id='word_1_260' title='bbox 781 3129 947 3193; x_wconf 89' lang='lat' dir='ltr'>Occidente</span> <span class='ocrx_word' id='word_1_261' title='bbox 968 3129 1068 3193; x_wconf 92' lang='lat' dir='ltr'>locum</span> <span class='ocrx_word' id='word_1_262' title='bbox 1090 3131 1201 3193; x_wconf 87' lang='lat' dir='ltr'>hahuit.</span> <span class='ocrx_word' id='word_1_263' title='bbox 1248 3130 1330 3193; x_wconf 86' lang='lat' dir='ltr'>llaec</span> <span class='ocrx_word' id='word_1_264' title='bbox 1360 3130 1439 3192; x_wconf 90' lang='lat' dir='ltr'>enim</span> <span class='ocrx_word' id='word_1_265' title='bbox 1462 3132 1579 3209; x_wconf 87' lang='lat' dir='ltr'>omnia,</span> <span class='ocrx_word' id='word_1_266' title='bbox 1606 3139 1639 3193; x_wconf 93' lang='lat' dir='ltr'>ut</span> <span class='ocrx_word' id='word_1_267' title='bbox 1668 3131 1727 3211; x_wconf 93' lang='lat' dir='ltr'>ipsi</span> <span class='ocrx_word' id='word_1_268' title='bbox 1757 3137 1946 3211; x_wconf 80' lang='lat' dir='ltr'>agnoscunt,</span> <span class='ocrx_word' id='word_1_269' title='bbox 1978 3146 2019 3190; x_wconf 84' lang='lat' dir='ltr'>ex</span> 
     </span>
     <span class='ocr_line' id='line_1_27' title="bbox 642 3226 2018 3311; baseline -0.001 -22"><span class='ocrx_word' id='word_1_270' title='bbox 642 3229 735 3292; x_wconf 81' lang='lat' dir='ltr'>realis</span> <span class='ocrx_word' id='word_1_271' title='bbox 758 3229 952 3308; x_wconf 86' lang='lat' dir='ltr'>praesentiae</span> <span class='ocrx_word' id='word_1_272' title='bbox 974 3230 1173 3308; x_wconf 75' lang='lat' dir='ltr'>persuasione</span> <span class='ocrx_word' id='word_1_273' title='bbox 1196 3230 1343 3311; x_wconf 81' lang='lat' dir='ltr'>originem</span> <span class='ocrx_word' id='word_1_274' title='bbox 1373 3228 1551 3309; x_wconf 87' lang='lat' dir='ltr'>hahuerunt,</span> <span class='ocrx_word' id='word_1_275' title='bbox 1575 3248 1665 3310; x_wconf 90' lang='lat' dir='ltr'>quam</span> <span class='ocrx_word' id='word_1_276' title='bbox 1686 3229 1827 3291; x_wconf 87' lang='lat' dir='ltr'>hahuisse</span> <span class='ocrx_word' id='word_1_277' title='bbox 1857 3230 1889 3289; x_wconf 88' lang='lat' dir='ltr'>iu</span> <span class='ocrx_word' id='word_1_278' title='bbox 1917 3226 2018 3288; x_wconf 88' lang='lat' dir='ltr'>animo</span> 
     </span>
     <span class='ocr_line' id='line_1_28' title="bbox 643 3326 2018 3410; baseline -0.002 -20"><span class='ocrx_word' id='word_1_279' title='bbox 643 3328 723 3390; x_wconf 91' lang='lat' dir='ltr'>illius</span> <span class='ocrx_word' id='word_1_280' title='bbox 746 3326 923 3409; x_wconf 88' lang='lat' dir='ltr'>disciplinae</span> <span class='ocrx_word' id='word_1_281' title='bbox 945 3327 1060 3408; x_wconf 91' lang='lat' dir='ltr'>primos</span> <span class='ocrx_word' id='word_1_282' title='bbox 1082 3337 1216 3406; x_wconf 86' lang='lat' dir='ltr'>autores,</span> <span class='ocrx_word' id='word_1_283' title='bbox 1239 3330 1361 3391; x_wconf 89' lang='lat' dir='ltr'>omnino</span> <span class='ocrx_word' id='word_1_284' title='bbox 1383 3331 1527 3409; x_wconf 89' lang='lat' dir='ltr'>oportuit.</span> <span class='ocrx_word' id='word_1_285' title='bbox 1555 3327 1599 3391; x_wconf 89' lang='lat' dir='ltr'>lta</span> <span class='ocrx_word' id='word_1_286' title='bbox 1621 3330 1713 3410; x_wconf 81' lang='lat' dir='ltr'>igitur</span> <span class='ocrx_word' id='word_1_287' title='bbox 1735 3327 1902 3390; x_wconf 85' lang='lat' dir='ltr'>credebant</span> <span class='ocrx_word' id='word_1_288' title='bbox 1925 3326 2018 3388; x_wconf 90' lang='lat' dir='ltr'>Chri·</span> 
     </span>
     <span class='ocr_line' id='line_1_29' title="bbox 643 3425 2018 3509; baseline -0.003 -19"><span class='ocrx_word' id='word_1_289' title='bbox 643 3428 733 3490; x_wconf 89' lang='lat' dir='ltr'>stiani</span> <span class='ocrx_word' id='word_1_290' title='bbox 761 3425 805 3488; x_wconf 91' lang='lat' dir='ltr'>illi</span> <span class='ocrx_word' id='word_1_291' title='bbox 833 3433 975 3504; x_wconf 86' lang='lat' dir='ltr'>veteres,</span> <span class='ocrx_word' id='word_1_292' title='bbox 1005 3425 1114 3488; x_wconf 90' lang='lat' dir='ltr'>dudum</span> <span class='ocrx_word' id='word_1_293' title='bbox 1143 3436 1303 3508; x_wconf 89' lang='lat' dir='ltr'>autequam</span> <span class='ocrx_word' id='word_1_294' title='bbox 1333 3429 1399 3508; x_wconf 87' lang='lat' dir='ltr'>ipsa</span> <span class='ocrx_word' id='word_1_295' title='bbox 1429 3427 1584 3509; x_wconf 85' lang='lat' dir='ltr'>disciplina</span> <span class='ocrx_word' id='word_1_296' title='bbox 1613 3427 1832 3490; x_wconf 84' lang='lat' dir='ltr'>invalesceret:</span> <span class='ocrx_word' id='word_1_297' title='bbox 1862 3434 2018 3506; x_wconf 86' lang='lat' dir='ltr'>receptum</span> 
     </span>
     <span class='ocr_line' id='line_1_30' title="bbox 643 3524 2018 3602; baseline -0.002 -14"><span class='ocrx_word' id='word_1_298' title='bbox 643 3545 719 3588; x_wconf 88' lang='lat' dir='ltr'>vero</span> <span class='ocrx_word' id='word_1_299' title='bbox 741 3525 873 3587; x_wconf 83' lang='lat' dir='ltr'>illumin</span> <span class='ocrx_word' id='word_1_300' title='bbox 896 3525 1021 3588; x_wconf 87' lang='lat' dir='ltr'>Oriente</span> <span class='ocrx_word' id='word_1_301' title='bbox 1042 3524 1148 3602; x_wconf 86' lang='lat' dir='ltr'>luisse,</span> <span class='ocrx_word' id='word_1_302' title='bbox 1170 3527 1249 3589; x_wconf 88' lang='lat' dir='ltr'>ultra</span> <span class='ocrx_word' id='word_1_303' title='bbox 1272 3528 1402 3589; x_wconf 89' lang='lat' dir='ltr'>omnium</span> <span class='ocrx_word' id='word_1_304' title='bbox 1436 3528 1627 3589; x_wconf 78' lang='lat' dir='ltr'>schismatum</span> <span class='ocrx_word' id='word_1_305' title='bbox 1649 3527 1821 3590; x_wconf 86' lang='lat' dir='ltr'>memoriam</span> <span class='ocrx_word' id='word_1_306' title='bbox 1843 3524 1893 3588; x_wconf 83' lang='lat' dir='ltr'>rel</span> <span class='ocrx_word' id='word_1_307' title='bbox 1916 3544 1958 3586; x_wconf 81' lang='lat' dir='ltr'>ex</span> <span class='ocrx_word' id='word_1_308' title='bbox 1981 3540 2018 3586; x_wconf 91' lang='lat' dir='ltr'>eo</span> 
     </span>
     <span class='ocr_line' id='line_1_31' title="bbox 642 3623 2016 3705; baseline 0 -19"><span class='ocrx_word' id='word_1_309' title='bbox 642 3625 717 3687; x_wconf 88' lang='lat' dir='ltr'>satis</span> <span class='ocrx_word' id='word_1_310' title='bbox 740 3631 874 3702; x_wconf 91' lang='lat' dir='ltr'>constat,</span> <span class='ocrx_word' id='word_1_311' title='bbox 905 3624 986 3705; x_wconf 91' lang='lat' dir='ltr'>quod</span> <span class='ocrx_word' id='word_1_312' title='bbox 1016 3624 1095 3686; x_wconf 87' lang='lat' dir='ltr'>illam</span> <span class='ocrx_word' id='word_1_313' title='bbox 1127 3624 1315 3701; x_wconf 77' lang='lat' dir='ltr'>Orthodoxi,</span> <span class='ocrx_word' id='word_1_314' title='bbox 1344 3625 1532 3701; x_wconf 88' lang='lat' dir='ltr'>Nestoriani,</span> <span class='ocrx_word' id='word_1_315' title='bbox 1562 3633 1594 3687; x_wconf 90' lang='lat' dir='ltr'>et</span> <span class='ocrx_word' id='word_1_316' title='bbox 1622 3624 1780 3688; x_wconf 82' lang='lat' dir='ltr'>Jacohitae</span> <span class='ocrx_word' id='word_1_317' title='bbox 1809 3632 1875 3686; x_wconf 91' lang='grc'>1111</span> <span class='ocrx_word' id='word_1_318' title='bbox 1904 3623 2016 3704; x_wconf 84' lang='lat' dir='ltr'>passim</span> 
     </span>
     <span class='ocr_line' id='line_1_32' title="bbox 643 3722 2016 3804; baseline -0.002 -18"><span class='ocrx_word' id='word_1_319' title='bbox 643 3723 767 3786; x_wconf 89' lang='lat' dir='ltr'>Oriente</span> <span class='ocrx_word' id='word_1_320' title='bbox 790 3741 887 3803; x_wconf 91' lang='lat' dir='ltr'>aeque</span> <span class='ocrx_word' id='word_1_321' title='bbox 908 3722 1107 3802; x_wconf 87' lang='lat' dir='ltr'>retinuerunt,</span> <span class='ocrx_word' id='word_1_322' title='bbox 1129 3723 1211 3786; x_wconf 89' lang='lat' dir='ltr'>uude</span> <span class='ocrx_word' id='word_1_323' title='bbox 1226 3732 1296 3786; x_wconf 89' lang='lat' dir='ltr'>aute</span> <span class='ocrx_word' id='word_1_324' title='bbox 1312 3723 1478 3787; x_wconf 86' lang='lat' dir='ltr'>Concilium</span> <span class='ocrx_word' id='word_1_325' title='bbox 1492 3724 1687 3804; x_wconf 81' lang='lat' dir='ltr'>Eplnesinum,</span> <span class='ocrx_word' id='word_1_326' title='bbox 1710 3731 1741 3785; x_wconf 92' lang='lat' dir='ltr'>et</span> <span class='ocrx_word' id='word_1_327' title='bbox 1756 3723 2016 3797; x_wconf 88' lang='lat' dir='ltr'>Calchedoneose,</span> 
     </span>
     <span class='ocr_line' id='line_1_33' title="bbox 642 3820 2053 3903; baseline -0.001 -20"><span class='ocrx_word' id='word_1_328' title='bbox 642 3820 800 3902; x_wconf 83' lang='lat' dir='ltr'>disciplina</span> <span class='ocrx_word' id='word_1_329' title='bbox 821 3830 853 3883; x_wconf 92' lang='lat' dir='ltr'>et</span> <span class='ocrx_word' id='word_1_330' title='bbox 876 3821 951 3884; x_wconf 86' lang='lat' dir='ltr'>hdes</span> <span class='ocrx_word' id='word_1_331' title='bbox 974 3841 1014 3884; x_wconf 82' lang='lat' dir='ltr'>ex</span> <span class='ocrx_word' id='word_1_332' title='bbox 1036 3840 1096 3903; x_wconf 88' lang='lat' dir='ltr'>qua</span> <span class='ocrx_word' id='word_1_333' title='bbox 1116 3820 1257 3903; x_wconf 86' lang='lat' dir='ltr'>prosecta</span> <span class='ocrx_word' id='word_1_334' title='bbox 1279 3831 1355 3899; x_wconf 88' lang='lat' dir='ltr'>erat,</span> <span class='ocrx_word' id='word_1_335' title='bbox 1379 3823 1584 3903; x_wconf 87' lang='lat' dir='ltr'>probabantur</span> <span class='ocrx_word' id='word_1_336' title='bbox 1605 3825 1643 3885; x_wconf 88' lang='lat' dir='ltr'>ah</span> <span class='ocrx_word' id='word_1_337' title='bbox 1666 3822 1811 3886; x_wconf 90' lang='lat' dir='ltr'>omnihus.</span> <span class='ocrx_word' id='word_1_338' title='bbox 1849 3820 2019 3883; x_wconf 83' lang='grc'>11111111-</span> <span class='ocrx_word' id='word_1_339' title='bbox 2050 3863 2053 3867; x_wconf 82' lang='lat'>-</span> 
     </span>
     <span class='ocr_line' id='line_1_34' title="bbox 642 3918 2017 4001; baseline 0 -19"><span class='ocrx_word' id='word_1_340' title='bbox 642 3921 722 3984; x_wconf 92' lang='lat' dir='ltr'>ditus</span> <span class='ocrx_word' id='word_1_341' title='bbox 745 3927 923 3982; x_wconf 88' lang='lat' dir='ltr'>evertuntur</span> <span class='ocrx_word' id='word_1_342' title='bbox 944 3921 1050 3983; x_wconf 87' lang='lat' dir='ltr'>inanes</span> <span class='ocrx_word' id='word_1_343' title='bbox 1071 3920 1142 3983; x_wconf 88' lang='lat' dir='ltr'>illae</span> <span class='ocrx_word' id='word_1_344' title='bbox 1165 3939 1270 3984; x_wconf 88' lang='lat' dir='ltr'>omnes</span> <span class='ocrx_word' id='word_1_345' title='bbox 1280 3921 1434 4001; x_wconf 80' lang='grc'>11111111,</span> <span class='ocrx_word' id='word_1_346' title='bbox 1457 3929 1587 3985; x_wconf 90' lang='lat' dir='ltr'>mutatae</span> <span class='ocrx_word' id='word_1_347' title='bbox 1609 3924 1690 3984; x_wconf 86' lang='lat' dir='ltr'>circa</span> <span class='ocrx_word' id='word_1_348' title='bbox 1704 3921 1924 3984; x_wconf 87' lang='lat' dir='ltr'>Eucharistiam</span> <span class='ocrx_word' id='word_1_349' title='bbox 1935 3918 2017 3998; x_wconf 85' lang='lat' dir='ltr'>idei,</span> 
     </span>
     <span class='ocr_line' id='line_1_35' title="bbox 641 4019 2018 4100; baseline 0.002 -21"><span class='ocrx_word' id='word_1_350' title='bbox 641 4020 823 4100; x_wconf 82' lang='lat' dir='ltr'>inquorum</span> <span class='ocrx_word' id='word_1_351' title='bbox 853 4019 1078 4083; x_wconf 88' lang='lat' dir='ltr'>substructione</span> <span class='ocrx_word' id='word_1_352' title='bbox 1107 4027 1220 4081; x_wconf 90' lang='lat' dir='ltr'>tuntum</span> <span class='ocrx_word' id='word_1_353' title='bbox 1248 4020 1330 4082; x_wconf 89' lang='lat' dir='ltr'>stulti</span> <span class='ocrx_word' id='word_1_354' title='bbox 1359 4020 1470 4083; x_wconf 91' lang='lat' dir='ltr'>lahoris</span> <span class='ocrx_word' id='word_1_355' title='bbox 1500 4024 1589 4083; x_wconf 87' lang='lat' dir='ltr'>etiarn</span> <span class='ocrx_word' id='word_1_356' title='bbox 1617 4021 1779 4083; x_wconf 89' lang='lat' dir='ltr'>doctissimi</span> <span class='ocrx_word' id='word_1_357' title='bbox 1808 4022 2018 4083; x_wconf 84' lang='lat' dir='ltr'>Protcstautes</span> 
     </span>
     <span class='ocr_line' id='line_1_36' title="bbox 641 4116 2017 4206; baseline 0.003 -29"><span class='ocrx_word' id='word_1_358' title='bbox 641 4116 861 4206; x_wconf 87' lang='lat' dir='ltr'>impenderunt.</span> <span class='ocrx_word' id='word_1_359' title='bbox 905 4117 982 4190; x_wconf 85' lang='lat' dir='ltr'>Ouid</span> <span class='ocrx_word' id='word_1_360' title='bbox 1005 4120 1085 4181; x_wconf 89' lang='lat' dir='ltr'>enim</span> <span class='ocrx_word' id='word_1_361' title='bbox 1106 4127 1229 4198; x_wconf 88' lang='lat' dir='ltr'>poterat</span> <span class='ocrx_word' id='word_1_362' title='bbox 1250 4118 1309 4181; x_wconf 92' lang='lat' dir='ltr'>hoc</span> <span class='ocrx_word' id='word_1_363' title='bbox 1331 4120 1361 4182; x_wconf 90' lang='lat' dir='ltr'>in</span> <span class='ocrx_word' id='word_1_364' title='bbox 1383 4138 1499 4201; x_wconf 80' lang='lat' dir='ltr'>genere</span> <span class='ocrx_word' id='word_1_365' title='bbox 1521 4121 1711 4198; x_wconf 84' lang='lat' dir='ltr'>Paschasius,</span> <span class='ocrx_word' id='word_1_366' title='bbox 1734 4121 1820 4202; x_wconf 89' lang='lat' dir='ltr'>cujus</span> <span class='ocrx_word' id='word_1_367' title='bbox 1844 4139 1884 4182; x_wconf 91' lang='lat' dir='ltr'>ne</span> <span class='ocrx_word' id='word_1_368' title='bbox 1907 4136 2017 4181; x_wconf 86' lang='lat' dir='ltr'>nomeu</span> 
     </span>
     <span class='ocr_line' id='line_1_37' title="bbox 641 4216 2018 4299; baseline -0.001 -20"><span class='ocrx_word' id='word_1_369' title='bbox 641 4216 760 4296; x_wconf 91' lang='lat' dir='ltr'>quidem</span> <span class='ocrx_word' id='word_1_370' title='bbox 783 4217 822 4278; x_wconf 89' lang='lat' dir='ltr'>ad</span> <span class='ocrx_word' id='word_1_371' title='bbox 843 4216 1013 4280; x_wconf 88' lang='lat' dir='ltr'>Orientales</span> <span class='ocrx_word' id='word_1_372' title='bbox 1034 4235 1165 4299; x_wconf 88' lang='lat' dir='ltr'>unquam</span> <span class='ocrx_word' id='word_1_373' title='bbox 1188 4220 1338 4298; x_wconf 90' lang='lat' dir='ltr'>pervenit,</span> <span class='ocrx_word' id='word_1_374' title='bbox 1360 4228 1412 4282; x_wconf 88' lang='grc'>111</span> <span class='ocrx_word' id='word_1_375' title='bbox 1432 4218 1565 4283; x_wconf 82' lang='lat' dir='ltr'>Jouuues</span> <span class='ocrx_word' id='word_1_376' title='bbox 1587 4220 1792 4282; x_wconf 87' lang='lat' dir='ltr'>Damascenus</span> <span class='ocrx_word' id='word_1_377' title='bbox 1808 4219 1934 4282; x_wconf 88' lang='lat' dir='ltr'>Graecis</span> <span class='ocrx_word' id='word_1_378' title='bbox 1955 4235 2018 4279; x_wconf 90' lang='lat' dir='ltr'>uo-</span> 
     </span>
     <span class='ocr_line' id='line_1_38' title="bbox 639 4314 2017 4400; baseline 0.001 -25"><span class='ocrx_word' id='word_1_379' title='bbox 639 4314 783 4391; x_wconf 87' lang='lat' dir='ltr'>tissimus,</span> <span class='ocrx_word' id='word_1_380' title='bbox 805 4315 861 4377; x_wconf 91' lang='lat' dir='ltr'>sed</span> <span class='ocrx_word' id='word_1_381' title='bbox 878 4314 1050 4397; x_wconf 78' lang='lat' dir='ltr'>Aegyptiis,</span> <span class='ocrx_word' id='word_1_382' title='bbox 1074 4316 1172 4396; x_wconf 81' lang='lat' dir='ltr'>Syris,</span> <span class='ocrx_word' id='word_1_383' title='bbox 1195 4317 1393 4399; x_wconf 88' lang='lat' dir='ltr'>omnibusque</span> <span class='ocrx_word' id='word_1_384' title='bbox 1415 4318 1492 4396; x_wconf 88' lang='lat' dir='ltr'>aliis,</span> <span class='ocrx_word' id='word_1_385' title='bbox 1515 4336 1574 4381; x_wconf 91' lang='lat' dir='ltr'>non</span> <span class='ocrx_word' id='word_1_386' title='bbox 1597 4319 1719 4400; x_wconf 78' lang='lat' dir='ltr'>ignotus</span> <span class='ocrx_word' id='word_1_387' title='bbox 1742 4318 1844 4396; x_wconf 86' lang='lat' dir='ltr'>modo,</span> <span class='ocrx_word' id='word_1_388' title='bbox 1868 4318 1923 4380; x_wconf 89' lang='lat' dir='ltr'>sed</span> <span class='ocrx_word' id='word_1_389' title='bbox 1945 4325 2017 4378; x_wconf 86' lang='lat' dir='ltr'>tan-</span> 
     </span>
     <span class='ocr_line' id='line_1_39' title="bbox 641 4412 2016 4499; baseline 0.002 -24"><span class='ocrx_word' id='word_1_390' title='bbox 641 4431 730 4492; x_wconf 87' lang='lat' dir='ltr'>quam</span> <span class='ocrx_word' id='word_1_391' title='bbox 752 4412 822 4476; x_wconf 83' lang='lat' dir='ltr'>fidei</span> <span class='ocrx_word' id='word_1_392' title='bbox 843 4415 1268 4494; x_wconf 84' lang='lat' dir='ltr'>perversaeNestorianoruru</span> <span class='ocrx_word' id='word_1_393' title='bbox 1279 4424 1310 4478; x_wconf 88' lang='lat' dir='ltr'>et</span> <span class='ocrx_word' id='word_1_394' title='bbox 1322 4417 1526 4480; x_wconf 87' lang='lat' dir='ltr'>lacohitarum</span> <span class='ocrx_word' id='word_1_395' title='bbox 1540 4420 1742 4499; x_wconf 81' lang='lat' dir='ltr'>impugnator,</span> <span class='ocrx_word' id='word_1_396' title='bbox 1756 4418 2016 4499; x_wconf 89' lang='lat' dir='ltr'>suspectissimus,</span> 
     </span>
     <span class='ocr_line' id='line_1_40' title="bbox 640 4510 875 4574; baseline -0.013 -3"><span class='ocrx_word' id='word_1_397' title='bbox 640 4519 673 4572; x_wconf 90' lang='lat' dir='ltr'>et</span> <span class='ocrx_word' id='word_1_398' title='bbox 693 4510 875 4574; x_wconf 86' lang='lat' dir='ltr'>haereticus.</span> 
     </span>
    </p>

    <p class='ocr_par' dir='ltr' id='par_1_3' title="bbox 315 4609 2016 4992">
     <span class='ocr_line' id='line_1_41' title="bbox 349 4609 2016 4696; baseline 0.007 -30"><span class='ocrx_word' id='word_1_399' title='bbox 349 4613 426 4667; x_wconf 79' lang='lat' dir='ltr'>Varia</span> <span class='ocrx_word' id='word_1_400' title='bbox 436 4616 628 4671; x_wconf 72' lang='lat' dir='ltr'>distribuendae</span> <span class='ocrx_word' id='word_1_401' title='bbox 726 4609 767 4671; x_wconf 83' lang='lat' dir='ltr'>At</span> <span class='ocrx_word' id='word_1_402' title='bbox 790 4610 891 4672; x_wconf 91' lang='lat' dir='ltr'>multis</span> <span class='ocrx_word' id='word_1_403' title='bbox 912 4619 983 4673; x_wconf 90' lang='lat' dir='ltr'>ante</span> <span class='ocrx_word' id='word_1_404' title='bbox 1004 4619 1165 4693; x_wconf 88' lang='lat' dir='ltr'>utrumque</span> <span class='ocrx_word' id='word_1_405' title='bbox 1189 4613 1338 4693; x_wconf 90' lang='lat' dir='ltr'>saeculis,</span> <span class='ocrx_word' id='word_1_406' title='bbox 1361 4623 1391 4677; x_wconf 92' lang='lat' dir='ltr'>et</span> <span class='ocrx_word' id='word_1_407' title='bbox 1413 4614 1620 4678; x_wconf 84' lang='lat' dir='ltr'>Eucharistiae</span> <span class='ocrx_word' id='word_1_408' title='bbox 1641 4616 1814 4696; x_wconf 89' lang='lat' dir='ltr'>specierum</span> <span class='ocrx_word' id='word_1_409' title='bbox 1836 4614 2016 4692; x_wconf 85' lang='lat' dir='ltr'>commistio,</span> 
     </span>
     <span class='ocr_line' id='line_1_42' title="bbox 315 4698 2016 4795; baseline 0.004 -26"><span class='ocrx_word' id='word_1_410' title='bbox 315 4698 490 4755; x_wconf 74' lang='lat' dir='ltr'>Eucharistiae</span> <span class='ocrx_word' id='word_1_411' title='bbox 508 4704 598 4756; x_wconf 75' lang='lat' dir='ltr'>torma.</span> <span class='ocrx_word' id='word_1_412' title='bbox 640 4714 671 4769; x_wconf 89' lang='lat' dir='ltr'>et</span> <span class='ocrx_word' id='word_1_413' title='bbox 685 4708 854 4773; x_wconf 86' lang='lat' dir='ltr'>cochlearis</span> <span class='ocrx_word' id='word_1_414' title='bbox 866 4727 940 4772; x_wconf 85' lang='lat' dir='ltr'>usus</span> <span class='ocrx_word' id='word_1_415' title='bbox 962 4710 1043 4792; x_wconf 90' lang='lat' dir='ltr'>apud</span> <span class='ocrx_word' id='word_1_416' title='bbox 1066 4729 1171 4774; x_wconf 88' lang='lat' dir='ltr'>omnes</span> <span class='ocrx_word' id='word_1_417' title='bbox 1186 4720 1329 4793; x_wconf 91' lang='lat' dir='ltr'>receptus</span> <span class='ocrx_word' id='word_1_418' title='bbox 1347 4723 1428 4776; x_wconf 89' lang='lat' dir='ltr'>erat:</span> <span class='ocrx_word' id='word_1_419' title='bbox 1452 4721 1483 4776; x_wconf 93' lang='lat' dir='ltr'>et</span> <span class='ocrx_word' id='word_1_420' title='bbox 1506 4714 1648 4777; x_wconf 88' lang='lat' dir='ltr'>cochlear</span> <span class='ocrx_word' id='word_1_421' title='bbox 1660 4714 1755 4777; x_wconf 90' lang='lat' dir='ltr'>Latini</span> <span class='ocrx_word' id='word_1_422' title='bbox 1777 4732 1903 4793; x_wconf 88' lang='lat' dir='ltr'>semper</span> <span class='ocrx_word' id='word_1_423' title='bbox 1924 4715 2016 4795; x_wconf 77' lang='lat' dir='ltr'>igno·</span> 
     </span>
     <span class='ocr_line' id='line_1_43' title="bbox 396 4809 2015 4893; baseline 0.006 -28"><span class='ocrx_word' id='word_1_424' title='bbox 396 4815 399 4819; x_wconf 81' lang='grc'><em>·</em></span> <span class='ocrx_word' id='word_1_425' title='bbox 639 4814 794 4888; x_wconf 79' lang='lat' dir='ltr'>caverunt,</span> <span class='ocrx_word' id='word_1_426' title='bbox 816 4817 850 4871; x_wconf 90' lang='lat' dir='ltr'>ut</span> <span class='ocrx_word' id='word_1_427' title='bbox 872 4809 982 4871; x_wconf 85' lang='lat' dir='ltr'>Graeci</span> <span class='ocrx_word' id='word_1_428' title='bbox 1005 4809 1159 4885; x_wconf 88' lang='lat' dir='ltr'>calamum,</span> <span class='ocrx_word' id='word_1_429' title='bbox 1180 4812 1268 4892; x_wconf 81' lang='lat' dir='ltr'>cujus</span> <span class='ocrx_word' id='word_1_430' title='bbox 1290 4829 1364 4874; x_wconf 90' lang='lat' dir='ltr'>usus</span> <span class='ocrx_word' id='word_1_431' title='bbox 1387 4822 1529 4893; x_wconf 88' lang='lat' dir='ltr'>superest</span> <span class='ocrx_word' id='word_1_432' title='bbox 1551 4815 1581 4875; x_wconf 90' lang='lat' dir='ltr'>io</span> <span class='ocrx_word' id='word_1_433' title='bbox 1604 4814 1731 4877; x_wconf 88' lang='lat' dir='ltr'>solemni</span> <span class='ocrx_word' id='word_1_434' title='bbox 1753 4814 1846 4876; x_wconf 84' lang='lat' dir='ltr'>Missa</span> <span class='ocrx_word' id='word_1_435' title='bbox 1858 4811 2015 4875; x_wconf 82' lang='lat' dir='ltr'>Romano-</span> 
     </span>
     <span class='ocr_line' id='line_1_44' title="bbox 639 4907 2015 4992; baseline 0.005 -26"><span class='ocrx_word' id='word_1_436' title='bbox 639 4922 704 4966; x_wconf 90' lang='lat' dir='ltr'>rum</span> <span class='ocrx_word' id='word_1_437' title='bbox 726 4907 913 4988; x_wconf 86' lang='lat' dir='ltr'>Poutilicum,</span> <span class='ocrx_word' id='word_1_438' title='bbox 937 4917 968 4972; x_wconf 89' lang='lat' dir='ltr'>et</span> <span class='ocrx_word' id='word_1_439' title='bbox 990 4910 1020 4972; x_wconf 94' lang='lat' dir='ltr'>in</span> <span class='ocrx_word' id='word_1_440' title='bbox 1042 4909 1156 4990; x_wconf 88' lang='lat' dir='ltr'>aliquot</span> <span class='ocrx_word' id='word_1_441' title='bbox 1178 4911 1392 4990; x_wconf 86' lang='lat' dir='ltr'>antiquissimis</span> <span class='ocrx_word' id='word_1_442' title='bbox 1414 4912 1573 4991; x_wconf 84' lang='lat' dir='ltr'>Ecclesiis,</span> <span class='ocrx_word' id='word_1_443' title='bbox 1594 4920 1628 4975; x_wconf 91' lang='lat' dir='ltr'>ut</span> <span class='ocrx_word' id='word_1_444' title='bbox 1651 4913 1936 4992; x_wconf 77' lang='lat' dir='ltr'>Sao-Dionysiana,</span> <span class='ocrx_word' id='word_1_445' title='bbox 1959 4929 2015 4973; x_wconf 88' lang='lat' dir='ltr'>se-</span> 
     </span>
    </p>

    <p class='ocr_par' dir='ltr' id='par_1_4' title="bbox 639 5003 2014 5094">
     <span class='ocr_line' id='line_1_45' title="bbox 639 5003 2014 5094; baseline 0.006 -30"><span class='ocrx_word' id='word_1_446' title='bbox 639 5003 739 5066; x_wconf 90' lang='lat' dir='ltr'>cundo</span> <span class='ocrx_word' id='word_1_447' title='bbox 762 5022 781 5066; x_wconf 93' lang='grc'>1</span> <span class='ocrx_word' id='word_1_448' title='bbox 802 5005 921 5071; x_wconf 84' lang='lat' dir='ltr'>Lutetia</span> <span class='ocrx_word' id='word_1_449' title='bbox 943 5007 1055 5090; x_wconf 86' lang='lat' dir='ltr'>lupide.</span> <span class='ocrx_word' id='word_1_450' title='bbox 1098 5008 1190 5089; x_wconf 83' lang='lat' dir='ltr'>Apud</span> <span class='ocrx_word' id='word_1_451' title='bbox 1213 5027 1318 5073; x_wconf 87' lang='lat' dir='ltr'>omnes</span> <span class='ocrx_word' id='word_1_452' title='bbox 1340 5011 1434 5094; x_wconf 79' lang='lat' dir='ltr'>igitur</span> <span class='ocrx_word' id='word_1_453' title='bbox 1449 5010 1638 5075; x_wconf 87' lang='lat' dir='ltr'>Christianos</span> <span class='ocrx_word' id='word_1_454' title='bbox 1661 5012 1793 5076; x_wconf 85' lang='lat' dir='ltr'>constitit</span> <span class='ocrx_word' id='word_1_455' title='bbox 1805 5012 1906 5090; x_wconf 87' lang='lat' dir='ltr'>simul,</span> <span class='ocrx_word' id='word_1_456' title='bbox 1929 5010 2014 5072; x_wconf 82' lang='lat' dir='ltr'>uaria</span> 
     </span>
    </p>
   </div>
   <div class='ocr_carea' id='block_1_3' title="bbox 0 0 2268 6034">
    <p class='ocr_par' dir='ltr' id='par_1_5' title="bbox 0 0 2268 6034">
     <span class='ocr_line' id='line_1_46' title="bbox 0 0 2268 6034; baseline 0 2"><span class='ocrx_word' id='word_1_457' title='bbox 0 0 2268 6034; x_wconf 95' lang='lat' dir='ltr'> </span> 
     </span>
    </p>
   </div>
  </div>
 </body>
</html>
