4525 6034
533 591 669 668 BllSlhll
694 591 742 667 llll
769 587 952 670 tttstdtm
977 592 1154 669 hllDllDlll
1180 593 1295 671 tttsss.
1518 594 1593 670 549

328 777 513 852 Socerdm
565 776 609 850 lit
633 799 696 851 nos
729 780 843 851 miseri
875 787 1073 876 peccatores
1109 783 1291 854 consecuti·
1313 782 1455 874 gratiam
1490 791 1593 873 tuam,

225 896 351 987 gratias
379 899 508 987 agimus
535 893 593 969 tihi
620 894 662 966 de
688 892 840 968 omnibus
866 906 901 968 et
926 918 988 993 pro
1016 894 1179 969 omnibus.

329 1011 491 1104 Popadus.
543 1011 595 1083 'le
620 1009 810 1100 laudamus,
836 1008 895 1085 tibi
921 1011 1164 1099 benedicimus,
1199 1022 1234 1085 te
1259 1011 1457 1104 adoramus,
1484 1015 1594 1089 obse-

226 1149 425 1224 cramusque
450 1127 594 1201 Domina
619 1125 726 1217 DenS,
753 1136 788 1199 ut
812 1149 933 1224 parcas
959 1126 1056 1200 nobis
1083 1130 1340 1224 miserearisque
1365 1131 1481 1201 nostri.

328 1243 516 1315 Diaconos.
570 1242 676 1329 Quam
703 1242 897 1317 veneranda
923 1254 976 1318 est
1000 1242 1083 1316 hora
1110 1246 1193 1334 ista,
1225 1254 1260 1316 et
1289 1243 1354 1318 hoc
1379 1253 1507 1342 tempus
1535 1245 1592 1317 di-

223 1358 407 1450 lectissimi,
434 1382 508 1431 cum
541 1359 683 1455 Spiritus
709 1361 810 1432 vivus
838 1369 883 1433 et,
897 1369 1031 1434 sanctus
1059 1382 1079 1431 e
1105 1363 1269 1456 supremis
1297 1360 1468 1435 coelorum
1495 1361 1592 1435 sedi-

224 1473 286 1547 bus
313 1474 494 1564 descendit,
522 1485 621 1571 atque
646 1473 792 1568 incubat,
818 1488 995 1572 manetque
1017 1498 1119 1573 super
1140 1475 1225 1548 hanc
1244 1475 1485 1551 Eucharistiam
1503 1501 1592 1575 pro·
1655 1457 1661 1464 ’

224 1594 378 1688 positam,
407 1614 547 1688 eamque
572 1602 758 1664 consecrat.
810 1591 928 1665 Tacite
952 1594 1052 1684 igitur
1078 1601 1112 1665 et
1137 1602 1334 1682 reverenter
1361 1603 1465 1665 orate.

429 1970 605 2044 Sacerdos
630 1970 822 2043 inclinatus.
875 1971 1054 2044 invocatio
1081 1971 1233 2066 Spiritum
1257 1973 1379 2044 suncti.

326 2174 511 2269 Propterea
537 2175 680 2248 Domine
707 2185 741 2247 et
766 2196 829 2247 nos
850 2176 964 2246 miseri
985 2184 1020 2246 et
1037 2176 1208 2272 peregrini
1226 2185 1324 2269 atque
1348 2172 1479 2247 inutiles
1498 2176 1592 2247 servi

223 2294 286 2382 tui,
321 2312 405 2386 quos
432 2289 585 2382 dignatus
612 2313 650 2365 es
678 2291 889 2364 administros
916 2313 993 2364 esse
1020 2300 1311 2365 sacrosanctorum
1343 2292 1590 2388 mysteriorum,

222 2409 483 2502 passionumque
508 2404 630 2479 Christi
657 2412 714 2498 tui,
740 2430 807 2480 non
835 2407 964 2504 quidem
991 2418 1130 2504 propter
1151 2410 1310 2499 justitiam
1338 2415 1485 2481 nostram
1497 2433 1512 2482 ε,
1531 2407 1591 2478 ni·
1616 2419 1620 2432 ’

221 2522 265 2596 hil
299 2526 386 2595 enim
417 2522 497 2596 boui
531 2527 659 2616 egimus
694 2546 794 2621 super
827 2535 967 2615 terram,
993 2522 1053 2597 sed
1079 2546 1142 2621 per
1167 2522 1426 2598 misericordiam
1455 2533 1489 2596 et
1513 2521 1591 2595 cle-

225 2641 380 2711 mentiam
407 2647 508 2728 tuam,
535 2662 619 2734 quas
646 2641 768 2714 chaum
795 2638 934 2713 edirdisti
961 2662 1061 2736 super
1087 2662 1162 2730 nos,
1190 2662 1263 2713 cum
1289 2640 1408 2713 lidncia
1430 2644 1498 2736 jam
1525 2663 1593 2713 ac-

222 2755 388 2841 cedimus,
420 2765 455 2826 ut
482 2759 711 2849 contingamus
739 2755 844 2854 altare
869 2766 957 2830 tuum
985 2766 1144 2829 sanctum.
1196 2755 1240 2828 Et
1273 2758 1329 2851 qui
1355 2758 1590 2852 proposuimus

222 2884 338 2968 typum
365 2872 517 2968 corporis
544 2881 579 2944 et
604 2875 774 2966 sanguinis
802 2871 923 2945 Christi
951 2875 1014 2962 tui;
1050 2870 1228 2944 adoramus
1264 2895 1305 2944 ac
1331 2869 1498 2969 supphccs
1524 2892 1590 2943 ro-

221 3011 339 3081 gamus
366 2996 416 3076 te,
443 3010 505 3084 per
530 2986 686 3061 honitatis
713 2997 790 3060 urae
817 2986 1073 3081 benignitatem:
1100 2989 1216 3059 veniat
1241 2997 1375 3061 sanctus
1402 2997 1477 3062 tuus
1504 2986 1590 3084 Spi-

221 3107 303 3176 ritus
330 3125 538 3200 supernos,
566 3113 599 3175 et
625 3102 836 3200 superhaec
863 3127 949 3200 quae
976 3106 1210 3200 proposuimus
1237 3103 1340 3193 dona,
1367 3127 1409 3176 ac
1435 3102 1590 3177 sanchi-

225 3230 280 3293 cet
304 3223 397 3315 ipsa,
424 3220 626 3314 sublatoque
651 3241 736 3291 cecc
762 3219 904 3293 Domine
931 3221 1053 3294 exaudi
1079 3242 1144 3291 me.

328 3336 489 3430 Populos.
542 3335 648 3433 Kysis
677 3335 815 3408 eleison.

327 3452 511 3525 Sacerdos.
564 3450 609 3524 Et
634 3452 754 3526 efficiat
779 3473 899 3551 panem
930 3453 1046 3541 istum,
1079 3472 1203 3546 corpus
1238 3450 1421 3544 gloriosum
1456 3450 1590 3526 Domini

222 3571 329 3641 nostri
355 3569 437 3642 lesu
464 3567 609 3658 Christi,
640 3591 762 3666 corpus
789 3568 956 3657 coeleste,
987 3589 1109 3663 corpus
1144 3570 1236 3640 vitae
1268 3568 1431 3656 efficiens,
1466 3590 1592 3666 corpus

221 3687 416 3781 pretiosum,
442 3688 475 3757 in
503 3686 726 3781 expiationem
754 3682 923 3781 culparum
949 3693 983 3755 et
1008 3686 1240 3757 remissionem
1265 3693 1500 3780 peccatorum,
1528 3689 1588 3758 vi-

220 3809 357 3897 tamque
380 3810 550 3874 aeternam
576 3804 617 3873 iis
644 3803 699 3896 qui
727 3802 899 3895 accipiunt.

325 3917 487 4011 Populus.
539 3919 660 3991 Amen.

326 4032 509 4108 Sacerdos.
561 4033 605 4105 Et
631 4033 767 4105 calicem
793 4031 896 4122 hunc,
929 4035 1124 4125 sauguinem
1156 4035 1339 4129 pretiosum
1365 4030 1499 4134 Domini
1524 4032 1587 4103 Dei

222 4153 393 4242 regnantis
420 4172 523 4247 snper
549 4153 659 4224 onmia
685 4149 767 4222 lesu
795 4146 936 4239 Christi,
962 4152 1158 4241 sanguinem
1184 4147 1415 4237 redimentem,
1444 4148 1589 4240 saugui-

222 4288 298 4340 nem
325 4268 413 4338 vitae
440 4266 645 4356 elicientem,
672 4266 865 4358 sanguinem
893 4266 1094 4360 expiantem,
1120 4267 1176 4359 qui
1193 4264 1317 4337 effusus
1336 4272 1389 4336 est
1413 4285 1475 4359 pro
1502 4260 1587 4334 red·

223 4384 390 4479 emptione
425 4392 459 4454 et
490 4386 559 4454 vita
593 4381 721 4470 mundi,
761 4384 793 4452 in
830 4384 1053 4477 expiationem
1088 4380 1257 4477 culparum
1292 4390 1326 4453 et
1359 4380 1588 4452 remissionem

221 4509 448 4595 peccaturum,
476 4501 643 4593 vitamque
671 4508 839 4569 aeternam
865 4500 906 4570 iis
932 4499 988 4591 qui
1014 4499 1187 4594 accipiunt

324 4614 486 4709 Populos.
538 4616 658 4687 Amen.

324 4730 509 4803 Sacerdos.
542 4730 616 4804 Nos
642 4738 751 4802 autem
779 4731 834 4825 qui
860 4729 902 4801 de
928 4751 994 4802 uno
1020 4752 1109 4825 pane
1135 4732 1240 4820 vitae,
1265 4740 1299 4802 et
1325 4728 1430 4801 calice
1447 4727 1587 4800 redem-

223 4850 345 4946 ptionis
373 4852 579 4944 accepimns,
607 4868 673 4943 quo
699 4850 784 4919 inter
810 4868 873 4919 nos
900 4844 1099 4938 adunemur,
1125 4845 1264 4938 dignare
1291 4847 1587 4918 communicatione

224 4962 366 5060 Spiritus
393 4967 515 5038 sancti:
542 4985 651 5060 neque
677 4973 826 5036 nostrum
854 4965 1026 5058 quisquam
1053 4965 1085 5033 in
1111 4960 1417 5034 condemnationem
1440 4964 1491 5036 sni
1510 4960 1587 5035 adat

223 5091 279 5154 ant
304 5078 412 5171 bibat,
445 5090 583 5178 propter
613 5078 847 5152 multitudinem
873 5087 1086 5176 peccatorum
1111 5087 1318 5167 nostrorum;
1354 5077 1414 5151 sed
1448 5078 1586 5151 miseri-

1290 5195 1338 5268 72
1360 5194 1379 5230 ⁴*
