4525 6034
666 587 1204 666 ALEXANDRINO.
1539 590 1613 663 340

235 790 321 875 quot
348 800 454 851 annos
482 780 640 873 scriptas:
673 776 734 849 sed
765 776 807 847 de
841 800 883 849 eo
917 778 1009 849 titulo
1042 775 1120 848 nihil
1156 775 1198 846 ad
1233 774 1406 848 Jacobitas
1445 780 1613 874 pervenit,

232 918 361 991 nempe
388 896 481 990 quia,
508 904 544 965 nt
575 891 848 965 verisimillimum
881 905 950 984 est,
983 916 1093 967 navas
1126 902 1179 964 est
1209 894 1343 965 omniuo
1384 903 1418 965 et
1454 895 1613 967 insolens.

232 1014 283 1083 At
310 1011 437 1105 Papae
464 1009 671 1113 appellantur
697 1013 842 1104 utrique,
869 1020 938 1081 tam
964 1008 1116 1082 Graecus
1144 1031 1242 1104 qnam
1269 1008 1443 1098 tuentia,
1478 1032 1499 1080 a
1532 1008 1613 1106 Gy-

232 1127 310 1219 rilli
331 1127 462 1223 quidem
489 1137 653 1222 tempore,
680 1130 709 1198 si
735 1125 927 1199 Balsamoni
953 1127 1130 1214 credimus,
1157 1128 1191 1197 in
1218 1125 1377 1198 Tractatu
1404 1124 1447 1197 da
1463 1125 1613 1197 Privile-

232 1246 303 1336 giis
331 1239 614 1314 Patriarcharam:
641 1241 731 1337 quod
757 1245 790 1313 in
815 1240 985 1337 Ephesina
1012 1241 1144 1339 syuodo
1170 1244 1266 1314 vices
1292 1241 1435 1314 Romani
1469 1240 1613 1313 Pontib-

232 1364 285 1431 cis
322 1361 510 1448 sustinens,
544 1356 586 1429 ah
614 1380 657 1430 eo
683 1359 862 1454 prinu‘legia
889 1363 1077 1454 acceperit,
1111 1368 1210 1453 atque
1242 1361 1348 1453 ipsum
1381 1357 1506 1452 Papae
1544 1379 1613 1429 no-

233 1498 333 1564 men3
373 1477 457 1545 sient
497 1485 531 1546 et
556 1480 684 1572 Δῶρον
725 1473 813 1570 quod
844 1486 988 1563 vocant,
1022 1478 1097 1547 sive
1129 1474 1278 1545 Polliam
1309 1474 1351 1547 ah
1386 1495 1428 1545 eo
1460 1484 1613 1568 tempore
1679 1483 1790 1536 Balsam-
1816 1488 1843 1537 in
1869 1485 1938 1539 Pta-

234 1591 360 1663 eadem
394 1594 524 1663 ratione
549 1601 687 1683 gestare
714 1593 878 1686 eoeperit,
907 1591 1089 1665 secundnm
1115 1589 1266 1683 ejusdem
1293 1590 1504 1663 Balsamouis
1531 1595 1613 1687 opi·
1626 1571 1762 1622 ΝΜ·
1778 1571 1820 1625 ²³³·
1833 1572 1860 1623 ⁸·
1873 1570 1899 1622 ⁶·
1914 1572 1938 1621 ¹·

233 1714 387 1781 nionem.
1459 1707 1467 1723 ’
1844 1780 1849 1789 ,

343 1825 401 1897 ΙΧ.
428 1824 539 1897 Aliam
565 1826 708 1897 nominis
735 1825 850 1918 Papae
876 1826 1038 1897 rationem
1064 1824 1214 1897 referunt
1238 1824 1385 1895 Antores
1413 1821 1637 1915 Orientalea,
1663 1845 1744 1917 ongo
1766 1847 1832 1898 urm
1850 1846 1937 1913 rapae

234 1964 381 2036 quorum
407 1963 482 2013 cum
514 1941 761 2035 antiquissimus
793 1939 976 2037 Eutyebins
1003 1946 1063 2029 sit,
1098 1940 1140 2012 ab
1177 1963 1220 2013 eo
1255 1949 1459 2037 aeceperunt
1483 1939 1613 2035 reliqui,
1628 1932 1801 1985 h¹0¹⁸¹¹1¹f¹¹¹0
1823 1931 1918 1983 tributi.

233 2080 307 2130 non
335 2056 512 2130 Christiani
539 2056 652 2146 modo,
679 2057 789 2128 Antor
816 2053 972 2130 chronici
999 2056 1199 2146 Orientale,
1238 2056 1443 2143 Elmacinus‚
1480 2066 1515 2127 ct
1548 2056 1615 2145 alii,

234 2172 299 2245 sed
329 2181 363 2243 et
388 2170 570 2244 Maluizins
595 2170 877 2261 lllnhamedunns3
904 2183 938 2245 et
965 2176 1126 2266 originem
1155 2172 1376 2245 adHeraelae
1401 2172 1615 2245 Patriarcbae

234 2298 392 2384 tempora
417 2289 574 2361 referunt.
603 2288 683 2360 Cam
710 2292 813 2384 iuqrnt
837 2287 1033 2385 Entyebius,
1057 2289 1187 2382 plebeii
1209 2290 1362 2361 beminen
1375 2296 1410 2360 et
1434 2290 1518 2361 laici
1544 2314 1613 2360 aa·
1628 2297 1734 2365 Ethel-
1754 2298 1778 2351 T·
1799 2297 1823 2349 ¹·
1837 2298 1940 2367 pesa.

236 2405 357 2475 ‹lirent
381 2404 574 2497 Episcopoa
600 2405 812 2499 appellantes
851 2406 1113 2495 Patriarcbam,
1142 2404 1259 2493 Abba,
1292 2405 1358 2477 hoa
1393 2413 1446 2478 eat
1470 2408 1615 2495 Patrem,

236 2524 333 2590 inter
359 2544 397 2592 se
424 2522 605 2592 diamant:
632 2520 775 2606 Quando
803 2522 937 2615 quidem
961 2545 1025 2594 noa
1042 2522 1250 2616 Episcopum
1271 2522 1479 2617 appellarant
1505 2522 1616 2614 Abba,
1826 2604 1829 2611 ,
1923 2514 1938 2561 '
1973 2556 1979 2569 ‘

238 2637 428 2731 eodenoqae
453 2638 552 2708 moda
579 2637 773 2730 Episcopm
798 2637 1044 2709 Patriareltom
1071 2639 1225 2732 appellat
1249 2638 1361 2727 Abba,
1388 2659 1448 2710 sen
1475 2649 1616 2735 patrem„

239 2758 383 2845 oportet
408 2760 445 2823 at
471 2774 545 2824 eom
570 2775 633 2825 nor
659 2754 785 2850 Papam
803 2753 1017 2847 appellabas,
1044 2753 1109 2827 hoc
1136 2766 1188 2828 est
1205 2777 1317 2846 avum,
1345 2778 1419 2825 cam
1435 2760 1481 2828 rit
1506 2758 1617 2829 Pater

237 2868 400 2958 Petram,
426 2873 478 2940 ita
503 2868 548 2939 ab
575 2868 750 2941 Heracleo
776 2875 938 2964 tempore,
965 2870 1180 2942 Patriareba
1192 2871 1452 2944 Alexandriana
1477 2877 1618 2942 coeatur

239 2993 293 3059 est
320 2986 423 3081 Papa.
449 2985 641 3059 Elmacinns
669 2985 788 3059 eadem
815 2987 922 3060 ferme
948 2986 1054 3061 verba
1080 2987 1194 3060 relert.
1247 2987 1410 3060 Sevems‘
1425 2998 1522 3060 antor
1549 3011 1616 3059 an·
1648 2991 1709 3042 nar.
1725 3008 1751 3060 r·
1771 2990 1796 3044 1·
1814 2990 1860 3042 Μ’·
1876 2990 1922 3042 Ar·

237 3104 366 3197 nquior
392 3114 427 3174 et
451 3103 582 3194 melior,
608 3102 687 3176 nibil
713 3107 846 3176 omniuo
882 3104 925 3176 da
955 3104 1019 3177 hac
1052 3104 1274 3201 appellatione
1307 3102 1430 3177 scn'hit.
1482 3100 1618 3174 Makri-

239 3222 328 3308 zins‚
356 3218 433 3290 licet
460 3219 548 3315 quod
576 3220 663 3316 apud
689 3219 887 3317 Eutycbinm
914 3221 1057 3314 legerat
1084 3243 1151 3293 non
1166 3222 1391 3308 contemserit,
1418 3226 1452 3290 et
1479 3224 1618 3312 exejus

240 3340 409 3407 sententia
437 3338 608 3432 scripserit
632 3345 788 3408 vocatrm
814 3359 893 3409 esse
908 3336 1052 3431 Papam,
1080 3341 1179 3432 quaet
1197 3338 1339 3408 Patrem
1365 3337 1517 3422 Patrem,
1538 3334 1618 3405 Pa-

240 3452 435 3523 triarebam
459 3451 753 3542 Alemandrinmn,
788 3451 855 3526 duo
883 3462 990 3525 tamen
1023 3452 1186 3548 adjungit:
1212 3474 1333 3548 nempe
1360 3450 1450 3548 quoll
1475 3453 1519 3522 ita
1546 3470 1618 3521 vo·
1657 3476 1663 3491 ’

241 3567 407 3640 cabantnr
430 3571 499 3660 jam
527 3592 547 3639 a
573 3580 724 3665 tempore
756 3569 895 3658 Auiani,
929 3573 984 3665 qui
1017 3569 1135 3642 Marco
1162 3569 1403 3662 Evangelistaa
1434 3570 1619 3654 suecessit3

240 3693 279 3756 et
306 3685 338 3755 id
366 3706 448 3755 sane
474 3707 604 3772 verum,
631 3707 706 3755 cnm
734 3706 909 3757 commune
934 3708 1055 3757 nomen
1082 3685 1148 3758 hoc
1175 3695 1277 3773 esset
1304 3708 1371 3757 nou
1395 3685 1503 3757 solum
1529 3684 1619 3779 Epi-

241 3804 360 3896 scopis
386 3802 565 3895 primarum
593 3798 733 3890 sedium,
759 3799 821 3872 sed
847 3801 1016 3873 omnibns:
1043 3811 1111 3873 tum
1138 3800 1311 3895 quoditie
1337 3800 1479 3871 honoris
1505 3799 1621 3869 titolaa

242 3916 434 3987 trarnlatar
462 3921 585 4011 fnisset
611 3917 655 3987 ab
688 3916 932 3988 Alexandrino
964 3916 1180 3990 Patrinreha
1212 3919 1259 3988 ml
1295 3918 1516 4003 Romanam.
1538 3918 1620 4009 qaia

243 4034 359 4103 Rorna
395 4043 473 4104 erat
503 4035 602 4106 aedes
643 4033 745 4104 Petri
778 4034 954 4127 Principis
989 4035 1242 4127 Apostolorum.
1296 4032 1473 4105 Scribebat
1510 4040 1620 4105 antem

241 4147 330 4220 haee
357 4148 538 4222 Makrizius
566 4148 744 4222 seeundum
772 4172 867 4221 usum
883 4153 1040 4246 temporis
1067 4154 1133 4222 sui:
1162 4172 1259 4245 quem
1274 4148 1403 4221 sciebat
1417 4149 1516 4220 talem
1543 4169 1621 4220 esse

242 4275 281 4337 nt
307 4266 399 4337 solus
426 4266 597 4338 Romanus
625 4265 777 4361 pontifex
804 4269 849 4337 ita
886 4265 1116 4362 appellaretur.
1159 4265 1286 4337 Tamen
1315 4262 1521 4360 Coptitarum
1545 4263 1619 4334 Pa·

243 4380 411 4455 triarebae
444 4382 683 4472 Alexandrini,
716 4404 800 4477 qnos
834 4381 1016 4455 Maknzins
1049 4385 1258 4478 potissimum
1272 4366 1276 4375 ’
1291 4389 1454 4469 noverat,
1495 4375 1620 4448 titulum

243 4497 335 4570 illum
369 4521 534 4596 nsnrpare
568 4521 636 4571 non
663 4500 847 4588 desierant,
882 4502 936 4595 qui
971 4522 990 4570 a
1025 4501 1166 4572 Graecis
1202 4519 1334 4593 quoque
1376 4505 1523 4567 retentus
1559 4503 1621 4564 est.

244 4615 299 4686 De
326 4619 366 4687 iis
393 4616 487 4711 plura
522 4641 542 4689 a
573 4615 671 4689 nobis
706 4617 792 4688 dicta
825 4626 900 4689 sunt
932 4619 965 4686 in
1000 4620 1070 4688 vita
1096 4615 1279 4704 Heraclea,
1315 4612 1370 4685 nbi
1404 4612 1515 4684 loenun
1540 4608 1620 4680 Ma·
1687 4617 1749 4670 Hist-
1773 4617 1844 4671 Patr.
1871 4619 1946 4672 Ater·

245 4729 341 4802 krizii
368 4735 531 4826 integrum
559 4733 737 4806 retulimus.
1633 4723 1658 4774 ²²·
1678 4705 1721 4755 ²⁸·

351 4850 394 4920 Χ.
423 4850 660 4944 Quaecumque
686 4870 771 4921 vero
798 4852 1021 4946 posteriorum
1050 4849 1258 4922 Graecorum
1284 4846 1417 4918 ambitio
1444 4844 1562 4934 luerit,
1589 4847 1623 4915 in
1671 4875 1948 4930 inmortalitate.

248 4984 313 5056 qun
346 4965 480 5038 modum
511 4968 659 5038 tenuisse
693 4969 754 5036 vix
787 4988 933 5060 unquam
967 4964 1143 5054 videntur,
1177 4973 1332 5051 veteres,
1365 4973 1400 5034 ut
1436 4985 1482 5034 ex
1515 4960 1622 5033 multis
1636 4963 1770 5063 arenarum
1791 4962 1948 5064 Alexandn-

246 5077 407 5175 Epistolis
435 5091 565 5153 constat
592 5105 678 5177 quiae
711 5081 799 5177 apud
824 5081 1042 5155 Athanasium
1070 5090 1204 5171 extant,
1238 5088 1293 5150 aut
1325 5082 1359 5149 in
1397 5078 1623 5151 Conciliorum
1637 5067 1728 5104 ¹¹⁰¹''¹¹¹²
1745 5051 1818 5102 ’Μ’

1337 5197 1418 5271 60*
