4525 6034
668 561 740 652 182
1175 568 1534 684 ιιιιιιιιιιι

667 771 931 837 commorantes:
972 772 1006 833 ut
1040 763 1073 832 in
1110 758 1175 832 boc
1210 760 1295 830 siant
1325 759 1360 827 in
1391 754 1543 829 omnibns
1580 753 1751 842 landetur,
1789 762 1823 823 et
1854 749 2037 824 celebretur

667 902 790 952 nomon
816 890 907 952 tuum
932 880 1079 950 maxime
1105 872 1352 959 honorandum,
1385 882 1419 944 ct
1445 870 1677 959 benedictum,
1712 866 1875 963 simulque
1909 867 2037 939 Domini

666 999 773 1069 nostri
799 996 883 1069 lesu
910 993 1052 1081 Christi,
1078 1000 1113 1062 et
1138 991 1281 1086 Spiritus
1308 991 1355 1061 tui
1382 991 1498 1061 sancti.

688 1167 694 1182 ,
769 1111 932 1204 Populos.
955 1100 1009 1180 Ut.

770 1226 955 1298 Sacerdos.
983 1225 1067 1296 Pax.

772 1341 934 1433 Populos.
961 1336 1105 1410 Etcum
1134 1338 1249 1432 spiritu
1277 1345 1343 1407 tuo.

772 1456 959 1527 Sacerdos.
987 1452 1070 1526 Sint.

770 1570 933 1664 Populus.
959 1568 1106 1641 Etcum
1132 1568 1247 1663 spiritu
1274 1576 1341 1638 tuo.

771 1687 820 1758 Et
847 1686 942 1757 dicit.
971 1682 1156 1756 Credimus.
1355 1683 1358 1688 ⁴

773 1803 958 1875 Diaconos.
985 1800 1108 1873 Iterum
1136 1811 1236 1893 atque
1261 1800 1388 1869 iterum.

902 2122 1081 2194 Sacerdos
1107 2123 1193 2194 dicit
1221 2122 1421 2193 Orationem
1446 2129 1527 2192 ante
1553 2120 1654 2193 Pater
1680 2132 1805 2194 noster.

771 2331 865 2403 Deus
892 2330 994 2403 Pater
1020 2331 1230 2416 misericors,
1258 2338 1293 2399 et
1317 2326 1483 2421 henigne,
1510 2325 1613 2415 bone,
1638 2325 1840 2417 longanimis
1857 2330 2039 2414 miserator,

668 2458 702 2520 et
728 2449 831 2518 mitis:
859 2467 957 2539 quern
984 2444 1139 2532 adorant,
1168 2453 1202 2515 et
1228 2441 1365 2516 laudant
1389 2442 1514 2546 Angeli
1550 2452 1584 2513 et
1608 2441 1832 2533 Archangeli,
1869 2454 1904 2515 et
1930 2465 2038 2515 omnes

670 2562 813 2636 Ordines
840 2564 1000 2633 materiae
1027 2568 1204 2656 expertes:
1232 2563 1287 2654 qui
1317 2560 1534 2632 ministerium
1567 2557 1631 2630 hoc
1663 2557 1810 2629 divinum
1846 2559 2038 2645 sanctificas,

670 2688 705 2751 et
730 2676 863 2775 perficis
897 2674 1067 2764 absoluta,
1101 2674 1282 2749 seeundum
1317 2674 1560 2770 beneplacitum
1596 2684 1705 2760 tuum,
1743 2683 1778 2744 et
1812 2697 1874 2770 per
1907 2679 2040 2768 gratiam

668 2796 830 2886 unigeniti
856 2793 932 2865 Filii
959 2794 1025 2881 tui,
1053 2803 1087 2863 et
1111 2813 1173 2885 per
1200 2790 1353 2886 illapsum
1379 2790 1521 2886 Spiritus
1549 2793 1594 2861 tui
1621 2792 1736 2861 sancti.
1790 2789 1888 2861 Nunc
1915 2811 2040 2884 quoque

669 2931 733 2983 nos
770 2930 886 2981 omnes
922 2907 1110 2995 sanctifica,
1146 2916 1182 2978 nt
1216 2910 1318 2980 simus
1354 2904 1411 2977 tibi
1437 2904 1512 2977 Filii
1538 2907 1637 2992 novi,
1664 2904 1866 3000 spirituales,
1893 2911 1984 3001 puri,
2009 2913 2038 2976 et

671 3026 799 3110 sancti3
824 3034 861 3096 ut
887 3022 991 3095 corde
1017 3045 1122 3120 poro,
1159 3030 1193 3093 et
1225 3024 1333 3092 anima
1366 3023 1499 3110 nitenti,
1527 3021 1706 3094 audeamus
1727 3026 1890 3093 invocare
1917 3035 1951 3094 te
1977 3046 2038 3118 pa-

671 3152 757 3213 trem
772 3138 982 3227 laudandum,
1010 3150 1045 3210 et
1070 3148 1254 3210 amatorem
1267 3136 1445 3229 hominnm,
1473 3159 1673 3232 oremusque
1700 3139 1906 3211 etdicamus.
1948 3137 2040 3211 Pater

672 3266 790 3329 noster
817 3259 872 3349 qui
899 3276 937 3326 es
963 3258 997 3325 in
1024 3254 1139 3329 coelis.

727 3414 733 3422 -
777 3371 939 3464 Populos.
967 3370 1208 3443 Sanctificetur.

777 3486 962 3558 Sacerdos.
990 3485 1167 3559 Conserva
1194 3507 1257 3558 nos
1283 3485 1426 3556 Domine
1451 3487 1561 3575 Deus,
1596 3487 1638 3559 ab
1667 3485 1819 3559 omnibns
1851 3489 2039 3558 tentationi-

674 3602 738 3675 bus
767 3605 917 3690 animae,
945 3612 979 3673 et
1006 3605 1176 3698 corporis:
1211 3601 1378 3698 deprime,
1405 3613 1439 3674 et
1472 3602 1579 3692 dejice
1613 3599 1791 3674 Diabolum
1822 3600 1954 3676 hostem
1977 3627 2038 3675 no-

674 3726 777 3790 strum
806 3715 866 3788 sub
894 3715 1035 3811 pedibus
1062 3720 1206 3789 nostris:
1234 3728 1278 3789 et
1294 3717 1443 3791 concede
1469 3719 1568 3791 nobis
1600 3717 1739 3790 uberem
1771 3717 2036 3804 misericordiam,

676 3857 762 3929 quae
789 3856 835 3904 ex
862 3843 895 3904 te
923 3844 994 3924 est,
1021 3837 1054 3905 in
1082 3832 1216 3907 Christo
1244 3834 1326 3905 lesu
1352 3834 1496 3906 Domino
1514 3842 1648 3921 nostro,
1675 3856 1748 3905 cum
1770 3856 1836 3928 quo
1854 3832 2038 3907 benedictus

675 3971 713 4020 es
741 3959 775 4021 et
801 3948 999 4038 laudandus,
1027 3972 1101 4020 eum
1128 3951 1253 4045 Spiritu
1280 3958 1336 4021 tuo
1362 3952 1463 4038 vivo,
1491 3959 1524 4021 et
1550 3960 1688 4038 sancto,
1714 3972 1811 4021 nnnc.

778 4063 941 4157 Populos.
968 4066 1089 4139 Amen.

779 4178 968 4252 Diaconos.
995 4180 1165 4253 Inclinato.

780 4294 943 4387 Populos.
973 4293 1096 4367 Coram
1122 4303 1165 4366 te.

777 4408 955 4482 Sacerdos
981 4411 1119 4483 elaeone
1143 4433 1270 4483 ooceaa.
1297 4410 1444 4509 Respice
1462 4414 1606 4485 Domine
1625 4415 1657 4485 in
1683 4413 1923 4486 haereditatem
1949 4423 2037 4494 mam,

676 4547 763 4619 qnae
790 4548 905 4598 coram
933 4536 967 4598 te
993 4549 1080 4599 nunc
1105 4529 1344 4622 prosternitur,
1372 4538 1406 4600 et
1431 4528 1614 4601 inclinatur.
1667 4529 1786 4622 Dirige
1813 4551 1955 4622 gressus
1977 4549 2036 4599 no-

676 4649 766 4712 stros
793 4645 826 4712 in
853 4645 979 4716 semitis
1005 4647 1106 4746 rectis
1134 4646 1213 4715 tuis:
1240 4652 1275 4716 et
1299 4655 1435 4740 praesta
1462 4655 1499 4717 ut
1523 4649 1803 4719 communicemus
1836 4645 1912 4718 huic
1938 4643 2036 4716 sacri-

596 4831 599 4836 ,
676 4753 773 4845 licio,
801 4757 891 4852 quod
917 4779 1029 4830 coram
1057 4767 1092 4829 te
1119 4770 1188 4849 est,
1216 4770 1250 4832 et
1265 4763 1310 4833 sit
1335 4759 1453 4850 nobis,
1480 4770 1514 4833 et
1539 4760 1691 4834 omnibus
1718 4784 1764 4833 ex
1790 4760 1848 4834 illo
1876 4762 2035 4856 accipien-

678 4867 786 4960 tibus,
820 4876 852 4944 in
889 4873 1184 4947 sanctificationem
1213 4879 1343 4948 animae
1370 4888 1405 4949 et
1435 4882 1607 4974 corporis,
1640 4900 1711 4974 per
1737 4877 1904 4951 Christum
1934 4876 2033 4948 lesura
