4525 6034
344 523 638 603 commoratus
655 523 708 599 nn
731 521 940 599 numana
962 458 1204 596 canisius.
1222 516 1366 595 amun.
1519 516 1591 590 153

222 709 300 772 levis
325 717 371 772 ost
393 709 473 770 inter
494 706 631 771 Graecos
660 714 691 769 ει
714 707 884 770 Orientales
914 705 966 787 qui
995 722 1060 767 eam
1091 705 1128 766 ab
1158 703 1232 785 ipsis
1260 708 1445 783 acceperunt
1474 701 1593 766 discre-

188 786 193 797 ⁴
220 810 332 891 pantia.
377 807 453 869 Nam
476 807 556 889 apud
577 806 645 869 illos
668 809 793 888 proprie
816 813 879 880 est,
903 804 1030 875 oblatio,
1057 804 1239 883 sacrificium
1253 803 1377 880 Missae,
1400 809 1433 863 ut
1446 787 1594 886 Ἀναφο-
1606 845 1671 898 m
1686 845 1730 897 m
1743 841 1829 911 chys.
1837 846 1914 916 PB&

219 905 276 994 pet
299 902 499 990 μυστηρίων,
521 906 670 970 Palladio:
693 895 870 990 ’Διαφοραὶ
893 900 928 968 ἐν
950 890 1085 976 ἀδύτοις
1105 893 1303 982 ποιούμενος
1324 904 1355 965 in
1376 902 1444 965 Vita
1467 905 1591 987 ignatii:
1911 954 1916 959 .

218 996 316 1085 εὐχαὶ
342 1005 402 1092 τῆς
437 998 534 1090 ἁγίας
561 995 730 1091 εἷναῳορᾶς
757 1008 788 1068 in
810 1005 935 1068 historia
962 1004 1097 1084 llartyrii
1127 1002 1159 1069 S.
1189 1003 1284 1065 llaroi
1312 1011 1344 1066 et
1370 1005 1484 1084 passim
1513 1007 1592 1072 alibi.
1704 1044 1706 1047 -

216 1106 279 1169 Illis
304 1109 384 1170 enim
411 1107 487 1171 locis
510 1113 609 1169 actum
631 1108 729 1187 ipsum
750 1123 870 1168 saonam
892 1104 1052 1168 oblationis
1074 1102 1281 1165 Eucharistiae
1303 1103 1465 1186 significari
1495 1109 1593 1169 mani-

217 1205 331 1269 festum
360 1213 428 1282 est,
453 1214 484 1269 ει
505 1205 665 1286 aliquando
689 1222 777 1268 sacro
800 1207 866 1286 ipsa
888 1206 1050 1287 mysteria,
1072 1211 1106 1265 ut
1127 1220 1196 1265 oum
1222 1202 1300 1284 apud
1323 1204 1537 1288 Pachymerem
1559 1202 1594 1271 si

216 1298 481 1392 npopytaope'vat
498 1293 662 1391 ἀναφοραὶ
677 1312 833 1385 vocantur,
851 1306 1130 1386 praesanctificata.
1154 1303 1252 1366 Aliam
1268 1321 1390 1386 quoque
1409 1324 1471 1369 vox
1488 1306 1593 1369 eadem
1607 1311 1635 1362 l.
1647 1314 1672 1364 t.
1685 1331 1708 1365 c.
1719 1313 1764 1367 28.

217 1409 248 1469 in
271 1405 393 1468 Ritibns
416 1403 666 1487 significationem
687 1402 798 1481 habet,
826 1422 935 1485 nempe
956 1405 1018 1467 aeti
1038 1422 1098 1485 quo
1126 1412 1272 1486 teguntur
1301 1404 1421 1468 oblatae
1440 1407 1481 1469 ‚in
1509 1405 1593 1470 disco

217 1508 358 1589 positae,
389 1505 476 1568 aliter
508 1504 579 1567 dicti
608 1494 872 1583 Δισκοκάλυμμα
899 1511 930 1565 ει
958 1489 1046 1587 Αῆρ,
1076 1503 1245 1583 dequibus
1268 1502 1389 1569 videndi
1412 1504 1539 1569 Goarius
1563 1517 1594 1570 ot

219 1606 366 1689 Congius.
411 1603 454 1666 At
476 1622 533 1686 pro
554 1604 662 1667 Rituali
685 1604 846 1667 Orationes
867 1603 1018 1684 Liturgias
1048 1603 1222 1665 continente
1257 1601 1434 1685 frequenter
1461 1624 1593 1687 usurpa·

219 1713 268 1768 tur
291 1704 375 1786 apud
398 1704 550 1785 Coptitas:
574 1724 611 1767 es
634 1705 751 1766 ratione
774 1703 873 1785 quod,
897 1703 965 1786 quia
988 1705 1121 1765 continet
1144 1705 1243 1765 omnia
1267 1702 1305 1765 ad
1328 1704 1516 1768 Oblationem
1538 1723 1593 1767 sa·
1715 1714 1718 1719 '

219 1808 330 1870 crificii
352 1805 552 1868 Eucharistici
575 1805 767 1882 necessaria,
798 1802 918 1866 oblatio
947 1818 1009 1864 uon
1039 1803 1192 1865 immerito
1217 1802 1275 1866 diei
1303 1806 1412 1884 possit:
1445 1815 1478 1868 ut
1507 1805 1594 1869 aliter
1681 1864 1684 1873 ,

220 1908 301 1989 apud
326 1907 421 1988 Syros
444 1912 572 1968 vocatus
595 1913 642 1967 est
665 1902 812 1987 ejusmodi
834 1903 912 1964 liber
937 1902 1100 1981 lloadcito,
1126 1903 1186 1965 hoc
1216 1911 1263 1965 est
1292 1907 1508 1985 sanctificatio,
1537 1923 1593 1968 seu

219 2015 361 2068 sanctam
383 2007 453 2087 quia
476 2012 579 2067 sancta
600 1991 643 2066 roi
656 1993 758 2087 ’Ἅγια
779 2021 837 2086 per
858 2002 925 2065 illas
946 2002 1056 2083 preces
1085 2002 1350 2066 consecrabantur.
1396 2005 1439 2067 lta
1472 2022 1594 2086 quoque

218 2103 343 2169 Arabes
366 2113 397 2168 et
419 2104 585 2186 Aethiopes
608 2104 645 2166 ah
668 2103 773 2166 eadem
794 2119 872 2165 voce
895 2102 1125 2185 appellaverunt
1144 2121 1196 2165 eas
1209 2103 1332 2181 llcdas,
1355 2107 1440 2187 qussi
1458 2104 1594 2168 dicerent

220 2207 493 2285 mestificatioaem
515 2223 570 2266 seu
593 2206 848 2266 concoctionem
870 2202 1040 2266 oblationis.
1087 2203 1189 2284 Atque
1216 2201 1292 2265 haec
1319 2204 1357 2267 de
1384 2205 1504 2268 nomine
1526 2204 1594 2268 sul-

220 2306 335 2367 liciunt.

307 2404 357 2466 De
386 2403 544 2465 autoritate
573 2408 607 2466 ut
634 2401 739 2482 paucis
767 2401 915 2481 dicamus,
946 2400 1006 2464 duo
1034 2401 1201 2482 spectanda
1222 2410 1309 2483 sunt,
1333 2405 1448 2467 autoris
1470 2421 1592 2480 nomen,
1633 2406 1765 2462 humatis
1783 2408 1914 2477 litingi·-

222 2512 250 2567 et
277 2504 379 2586 ipsius
402 2501 502 2564 Ollicii
532 2503 621 2583 quale
650 2521 668 2565 a
698 2501 785 2565 nohis
814 2508 1062 2584 repraesentatur
1092 2503 1254 2579 autoritas,
1282 2504 1313 2564 in
1339 2503 1487 2568 Ecclesiis
1515 2521 1594 2585 quae
1607 2512 1671 2549 Μ·

220 2604 291 2667 illud
324 2610 481 2683 usurpant.
527 2602 558 2665 Si
581 2601 751 2664 Orientales
774 2602 944 2683 seqmmur,
967 2619 1096 2682 quorum
1116 2619 1168 2664 res
1190 2602 1378 2682 potissimum
1408 2605 1524 2689 agitur,
1553 2622 1593 2667 ex

220 2709 352 2783 utraque
378 2702 533 2782 aequalem
555 2703 620 2765 istis
643 2700 758 2763 Oiliciis
781 2700 958 2785 dignitatem
981 2701 1122 2763 tribuunt.
1157 2700 1232 2764 Nsrn
1256 2703 1425 2766 existimant
1445 2721 1505 2766 non
1528 2723 1594 2767 eam

221 2800 332 2880 modo,
360 2801 416 2864 sed
437 2801 570 2882 reliquas
593 2819 730 2864 omnesa
750 2801 945 2864 sanctissimis
966 2802 1040 2863 viris
1053 2819 1180 2884 quorum
1198 2801 1366 2865 nominihus
1386 2802 1594 2887 designantur,

222 2920 292 2964 esse
318 2903 516 2981 compositas3
538 2899 681 2986 quodque
704 2900 813 2963 Graeci
842 2900 881 2964 de
910 2919 966 2963 sua
992 2900 1096 2983 lingna
1123 2900 1296 2963 extantibus
1324 2901 1493 2965 firmissime
1521 2921 1595 2966 ore-

222 2998 314 3079 dant,
338 3000 463 3063 Procius
485 3001 517 3062 in
539 2999 686 3082 opusculo
709 3000 747 3062 de
767 2998 875 3063 Divina
889 3000 1043 3084 Litargia,
1060 2999 1207 3082 Episcopi
1228 3001 1260 3063 in
1277 3000 1380 3064 'lrullo
1403 3004 1594 3087 congregati,

224 3097 399 3179 Cahasilas,
431 3100 554 3162 hlarcus
583 3099 771 3179 Ephesinus,
806 3102 995 3163 recentiores
1028 3100 1148 3163 tandem
1186 3117 1290 3163 omnes
1327 3118 1388 3164 uno
1424 3118 1594 3179 consensu,

222 3201 355 3281 scriptas
384 3218 437 3262 eas
466 3218 536 3262 esse
568 3217 585 3261 a
613 3197 748 3279 laccho,
781 3200 907 3280 Basilio,
943 3209 974 3263 et
1007 3199 1244 3282 chrysostomo,
1278 3199 1358 3263 idem
1391 3199 1529 3283 Coplitae
1557 3200 1596 3263 de

222 3298 424 3382 Aegyptiacis
459 3302 543 3363 suis:
576 3299 646 3380 Syri
676 3298 714 3362 de
742 3300 875 3380 Syriacis
903 3302 1083 3382 opinantur,
1115 3317 1217 3382 neque
1246 3301 1284 3362 ab
1321 3318 1360 3363 ea
1379 3320 1424 3378 ,se
1452 3301 1595 3383 opinione

223 3399 314 3462 avelli
338 3401 499 3479 patiuntur.
545 3398 622 3462 Usus
644 3398 850 3462 Ecclesiamrn
873 3407 974 3463 certus
997 3406 1056 3462 est:
1086 3418 1155 3463 nam
1184 3408 1217 3464 ut
1245 3399 1324 3482 apud
1354 3397 1487 3465 Graecos
1518 3402 1595 3464 istae

225 3497 397 3578 dequibus
425 3498 569 3577 diximus,
600 3498 640 3561 ita
675 3497 754 3579 apud
777 3498 935 3582 Coptitas,
964 3508 1027 3562 tres
1057 3518 1132 3581 quas
1161 3502 1375 3563 commentario
1403 3501 1595 3579 illustramus,

225 3616 349 3678 semper
371 3598 409 3661 ad
431 3598 535 3661 altaria
563 3605 726 3679 usurpatae
741 3594 909 3682 leguntur,
933 3600 1062 3662 citantur
1085 3619 1126 3663 ex
1147 3599 1208 3663 illis
1230 3602 1397 3664 sententiae
1420 3608 1451 3663 et
1479 3603 1595 3663 oratio-

225 3714 280 3759 nes
317 3698 398 3778 apud
436 3699 568 3761 melioris
596 3704 686 3760 εειεε
716 3697 890 3781 Theologos
920 3706 950 3762 et
976 3699 1155 3763 historicos:
1193 3718 1401 3781 quaecumque
1429 3698 1466 3763 de
1490 3700 1595 3787 ritihus

225 3795 444 3860 Eucharisticis
467 3798 579 3878 scripta
603 3805 727 3875 extant,
750 3798 787 3860 ad
811 3817 863 3862 eas
885 3798 1068 3864 reseruntur.
1112 3800 1157 3862 lta
1174 3800 1332 3863 'l’ractatus
1353 3800 1430 3862 uarii
1453 3799 1492 3862 de
1513 3798 1596 3862 Cae-

226 3898 372 3960 remoniis
395 3900 427 3960 in
448 3898 584 3982 liturgia
606 3898 779 3961 servandis:
804 3899 968 3981 Praecepta
991 3899 1029 3962 de
1052 3899 1158 3963 iisdem
1181 3899 1213 3961 in
1233 3898 1342 3961 Rituali
1366 3899 1514 3962 Gabrielis
1535 3901 1596 3963 Pa-

227 3997 397 4061 triarchae:
426 3997 584 4080 Expositio
615 3998 749 4081 ejusdem
778 3999 857 4081 apud
887 3999 1079 4081 Ahulhircat,
1103 4008 1135 4063 et
1156 4008 1290 4063 autorem
1314 3997 1463 4064 Scientiae
1485 3998 1597 4062 Eccle-

227 4096 387 4175 siasticae‚
410 4106 500 4181 atque
523 4097 573 4160 alii
595 4099 716 4179 passim.

314 4214 354 4276 Ut
376 4233 451 4279 vero
481 4216 670 4279 traditionem
700 4215 779 4277 illam
808 4216 1003 4279 Orientalium
1032 4217 1164 4298 propriis
1192 4234 1297 4279 eorum
1327 4216 1428 4279 verbis
1456 4233 1597 4298 expona-
1627 4226 1916 4282 malmundarium

227 4330 311 4393 mus,
343 4314 477 4379 Severus
504 4316 675 4399 Episcopus
704 4314 905 4395 Aschmonin,
933 4319 964 4378 in
991 4316 1123 4380 Historia
1151 4315 1390 4380 Patriarcharum
1410 4314 1597 4379 Alexandri·
1610 4312 1776 4368 orientalium
1789 4315 1899 4368 induo.

227 4430 354 4493 norum,
378 4423 409 4476 et
431 4416 460 4478 in
483 4415 639 4480 Athanasii
661 4418 737 4495 vita,
760 4415 888 4496 loquens
911 4414 949 4478 de
973 4416 1095 4498 Synodo
1117 4415 1262 4498 Ancyrae
1280 4415 1432 4479 celebrata
1451 4415 1597 4479 adversus

228 4513 352 4576 Paulum
375 4513 615 4579 samosatenum:
638 4516 733 4594 Erat,
755 4517 868 4597 inquit,
892 4516 954 4577 illic
974 4534 1042 4577 mam
1060 4516 1131 4578 aliis
1147 4515 1283 4578 Basileios
1301 4535 1428 4596 capsas
1442 4514 1598 4596 Litarpiae

229 4622 329 4676 mator.
371 4614 555 4678 Ebnassalus
578 4617 608 4678 in
631 4614 820 4678 Collectione
837 4615 991 4679 Canonurn
1016 4632 1084 4696 cap.
1109 4613 1162 4678 ta.
1186 4614 1264 4696 quod
1288 4622 1335 4677 εει
1358 4614 1396 4677 de
1411 4614 1521 4677 llissae
1544 4634 1598 4677 sa·
1698 4666 1702 4673 .

230 4711 360 4790 orificio,
383 4715 424 4776 ita
446 4715 559 4779 scribit.
582 4715 618 4777 la
638 4715 779 4778 accusa
801 4714 928 4795 Coptica
949 4724 1012 4777 tres
1032 4713 1190 4795 Litarpiae
1214 4715 1391 4791 ordistatae,
1413 4722 1483 4776 matt
1502 4713 1598 4777 Basi-

230 4813 279 4888 lii,
302 4813 445 4893 Greporii
472 4822 502 4876 et
523 4813 643 4897 Cerilli,
670 4834 747 4897 qaas
774 4816 861 4895 sapui
884 4815 988 4878 soleat.
1039 4812 1138 4876 Autor
1165 4814 1315 4877 Scientiao
1344 4813 1597 4893 Ecclesiasticus,

232 4928 298 4993 cap.
330 4911 384 4978 85.
430 4914 503 4976 lies
532 4924 601 4977 suat
627 4914 785 4995 Litarpiae
811 4933 888 4994 qaae
917 4917 1107 4995 csaipaoram
1127 4913 1252 4976 Petram
1278 4915 1428 4976 communi
1452 4917 1599 4976 sententia

226 5011 378 5093 probatae
399 5023 474 5076 aaut
521 5014 628 5077 Prima
650 5022 680 5077 et
699 5016 813 5093 mmor,
836 5032 890 5075 sea
908 5014 1061 5094 prolixior
1082 5021 1217 5077 aawresn
1238 5012 1329 5075 hahet
1348 5012 1496 5076 Basiliam
1518 5013 1597 5076 Cae·

1313 5115 1391 5192 35*
