4525 6034
351 619 399 695 uh
416 614 584 695 SYthClS
612 614 881 694 nitedffttttn
900 619 947 693 b'l
968 616 1234 695 Jntossttltttttt
1260 619 1455 696 LITURGHS.
1533 620 1583 692 XI

216 808 356 879 sinceris
384 809 590 900 vetustisque
618 803 807 895 codicibus,
835 814 868 875 et
895 826 1009 876 earum
1036 828 1130 877 amm
1163 810 1314 899 viguisse
1347 807 1488 881 dubitari
1521 813 1582 882 vix

216 934 326 1017 quern
379 921 634 995 Observandum
669 945 773 1018 porro
809 930 878 1010 est,
917 920 1143 995 Jacohitarum
1178 928 1347 1019 propriam
1388 934 1423 996 et
1457 935 1583 998 certam

214 1050 329 1113 uotam
362 1038 543 1112 ambitiosis
577 1038 642 1113 illis
680 1041 781 1113 titulis
820 1041 1001 1127 contineri,
1035 1042 1186 1134 quamvis
1221 1045 1255 1111 iu
1288 1045 1362 1138 ipsa
1396 1047 1582 1115 orationum

215 1160 326 1245 serie,
352 1161 414 1228 vix
445 1155 621 1251 quidquam
656 1157 828 1267 singulaqe
859 1157 904 1229 ad
937 1156 1067 1230 illorum
1099 1162 1291 1254 opinionem
1323 1159 1582 1232 confirmandam

215 1296 254 1345 se
282 1274 408 1345 offerat
462 1272 591 1368 Nempe
617 1282 652 1344 ut
679 1273 777 1363 alibi,
804 1278 834 1347 si
863 1278 933 1347 vita
960 1284 1132 1371 suppetet,
1161 1279 1349 1349 accuratius
1374 1275 1582 1371 probabitur,

209 1389 385 1481 jactabant
410 1400 545 1462 veteres
572 1389 830 1488 blonopbpsitae
856 1394 1019 1483 majorem
1043 1394 1078 1463 in
1102 1391 1236 1464 modum
1261 1396 1450 1465 testimonia
1477 1401 1581 1465 vete-

211 1528 287 1575 rum
314 1505 447 1577 Petrum
474 1528 560 1600 quae
585 1518 698 1579 novae
725 1529 807 1579 suae
832 1506 1041 1600 Theologiae
1066 1507 1185 1580 favere
1219 1508 1438 1599 videbantur,
1472 1532 1582 1605 neque

211 1623 393 1695 utebantur
418 1623 518 1695 modo
545 1627 716 1695 sententiis
743 1646 789 1695 ex
813 1621 1021 1715 Athanasio,
1050 1624 1194 1716 Basilio,
1229 1622 1397 1718 Gregorio
1428 1626 1581 1698 Nazian-

211 1760 321 1829 zeno,
361 1749 395 1810 et
428 1738 605 1835 Nysseno,
641 1738 780 1835 aliisque
814 1739 989 1829 Patribus,
1023 1763 1146 1833 magna
1182 1765 1264 1815 cura
1296 1746 1485 1839 excerptis,
1521 1744 1581 1816 sed

212 1854 371 1948 Gregorii
398 1854 637 1948 Thaumaturgi
663 1866 696 1929 et
721 1856 952 1929 nonnullorum
982 1862 1202 1931 vetustiorum
1235 1863 1411 1932 autoritate
1445 1882 1581 1953 pugna—

209 1970 304 2044 bant
356 1971 430 2043 Nec
457 1970 521 2044 illis
548 1975 710 2060 conteuti,
735 1970 904 2068 Epistulas
931 1973 1010 2046 ludii
1033 1975 1170 2071 Papae,
1202 1984 1238 2048 et
1268 1986 1387 2048 retem
1419 1976 1580 2069 quaedam

210 2091 339 2183 scripta
366 2086 448 2175 alia,
475 2110 613 2183 quorum
640 2087 770 2161 falsitas
798 2089 919 2161 dudum
942 2100 1119 2187 peraperta
1138 2102 1204 2179 est,
1227 2089 1470 2187 producebant:
1496 2094 1583 2163 inter

211 2226 301 2298 quae
326 2203 405 2274 illud
431 2210 611 2301 praecipue
637 2205 816 2278 notandum
843 2216 915 2293 est,
943 2211 1066 2304 scripta
1091 2209 1247 2304 Dionysii
1272 2208 1521 2304 Areopagitae,
1547 2218 1583 2280 ut

210 2318 295 2391 olim
321 2319 534 2409 credebatur,
561 2325 654 2418 prius
687 2326 822 2414 ignota,
860 2326 1000 2419 primum
1035 2324 1181 2417 allegata
1208 2348 1227 2396 a
1254 2324 1451 2398 Severianis
1476 2324 1582 2399 fuisse

209 2439 247 2507 in
264 2435 452 2508 Collatione
471 2433 761 2533 Constantinopoli
787 2437 898 2512 habita
925 2439 987 2512 sub
1001 2441 1189 2513 lustimauo
1206 2441 1490 2514 annoDXXXIlI.
1530 2441 1581 2514 Ea

208 2556 315 2645 igitur
340 2557 426 2626 ratio
452 2554 584 2627 ridetur
608 2554 728 2640 fuisse,
756 2577 816 2627 eur
840 2555 918 2628 lolii
942 2556 1056 2653 Papae
1083 2562 1216 2630 nomine
1232 2556 1415 2649 biturgiam
1436 2580 1581 2655 compo-

210 2672 359 2759 suerint,
386 2680 422 2741 ut
448 2673 540 2763 cujus
567 2674 763 2744 testimoniis
789 2675 916 2768 passim
942 2672 1138 2763 utebantur,
1173 2673 1259 2745 illius
1285 2677 1409 2746 uomini
1442 2682 1581 2767 gravior

209 2809 261 2857 ex
286 2785 458 2877 Liturgiae
484 2786 578 2859 hudo
605 2791 764 2860 autoritas
792 2789 978 2861 accederet
1030 2790 1200 2882 Liturgias
1221 2793 1307 2863 enim
1326 2791 1485 2882 scribere,
1513 2816 1581 2866 uon

208 2904 450 2998 cujuscumque
475 2902 615 2975 hominis
640 2903 719 2994 fuit,
747 2905 807 2977 sed
832 2905 959 2977 illorum
986 2909 1042 3001 qui
1066 2905 1125 2979 vel
1157 2907 1323 2999 thatis
1357 2906 1580 3003 amplitudine,

209 3016 273 3088 vel
300 3017 470 3090 doctrinae
495 3017 585 3092 fama
612 3024 758 3094 caeteris
783 3025 1037 3116 praestitissent.
1089 3023 1187 3095 Unde
1213 3027 1371 3098 excusari
1384 3046 1452 3096 uon
1469 3034 1581 3120 potest

208 3135 344 3206 illorum
370 3136 583 3226 incogitantia
609 3135 666 3208 vel
693 3140 899 3229 ignorantia,
926 3141 981 3233 qui
1008 3139 1083 3210 dum
1101 3140 1263 3237 Syriacas
1286 3141 1467 3233 Liturgiasl,
1494 3163 1580 3234 quae

208 3249 387 3322 Maronitis
413 3263 447 3322 et
472 3253 569 3349 Syris
607 3250 680 3324 aliis
712 3254 855 3326 utendae
887 3254 1214 3350 praescriberentur,
1250 3258 1305 3329 edi
1338 3266 1513 3346 curarem,
1545 3268 1580 3329 ut

210 3389 316 3439 sanas
343 3378 377 3438 et
403 3371 491 3439 omni
518 3373 643 3441 erroris
671 3373 860 3465 suspicione
885 3393 1028 3461 vacuas,
1056 3395 1116 3444 ess
1141 3374 1468 3466 commendaverunt,
1496 3395 1580 3469 quae

210 3494 340 3555 certam
369 3493 481 3555 sectae
507 3483 714 3557 Jacobiticae
740 3495 904 3558 tesseram
929 3486 1173 3582 praeferebant

317 3600 408 3672 xix.
459 3601 589 3693 Ignatio
615 3602 757 3698 Martyri
782 3626 880 3675 unam
914 3603 1100 3676 attributam
1132 3605 1257 3695 fuisse,
1290 3605 1355 3679 aha
1387 3611 1473 3680 ratio
1507 3606 1579 3698 init,
1613 3635 1653 3691 n,
1671 3637 1786 3708 utrumn
1802 3637 1902 3708 ignum

210 3740 333 3813 nempe
360 3716 449 3811 qaod
474 3717 717 3790 Antiochenam
744 3718 860 3791 sedern
894 3723 1074 3810 tenuisset,
1107 3720 1168 3794 sub
1204 3724 1299 3814 cnjus
1332 3722 1408 3796 olim
1436 3725 1579 3816 jurtsdi-
1592 3722 1719 3776 sarbuti.

211 3839 325 3906 ctione
351 3832 411 3905 iuit
436 3837 626 3907 vastissima
658 3837 837 3908 Dioecesis
871 3837 1032 3924 Orieutis,
1074 3860 1121 3909 ex
1153 3862 1218 3932 qua
1255 3839 1299 3912 ob
1334 3841 1578 3936 amplitudinem

209 3950 378 4023 formatae
406 3960 482 4021 sunt
507 3954 653 4023 minores
670 3952 874 4041 Dioeceses,
902 3951 961 4024 sed
976 3963 1086 4025 tannen
1104 3956 1185 4026 sutis
1198 3964 1319 4027 vastae
1333 3955 1579 4031 catholicorum

210 4065 362 4137 Persidis
389 4076 423 4138 et
453 4068 655 4158 Armeniae,
689 4067 732 4140 ad
767 4090 906 4164 quorum
939 4068 1128 4164 exemplum
1159 4069 1366 4161 Nestoriani,
1402 4073 1579 4147 Seleuciae

211 4193 247 4254 et
274 4182 497 4278 Ctesiphontis
512 4183 713 4279 Episcopus,
740 4185 859 4279 quibus
886 4196 1122 4258 successerunt
1138 4184 1302 4261 Catholici
1316 4187 1475 4277 Persidis,
1504 4187 1578 4262 Ca-

211 4298 355 4370 tholicos
387 4299 657 4395 appellaverunt,
691 4300 821 4395 illisque
850 4302 1107 4375 Patriarchalem
1135 4308 1345 4376 autoritatem
1379 4307 1467 4402 apud
1498 4329 1578 4381 suos

211 4413 406 4486 hihuerunt.

318 4531 393 4604 XX.
445 4534 620 4621 Dioscuri,
647 4533 785 4624 Severi,
812 4533 1006 4625 Philoxeni,
1032 4535 1155 4609 Jacobi
1187 4538 1359 4627 Baradati,
1393 4550 1427 4612 et
1461 4541 1490 4611 si
1524 4542 1578 4633 qui
1617 4550 1656 4606 bo
1674 4552 1766 4606 Severi
1785 4559 1831 4604 ue.
1853 4552 1902 4607 tr-

213 4658 291 4720 sunt
317 4646 372 4718 alii
397 4647 625 4721 Jacobitarum
651 4651 752 4741 Divi,
778 4651 946 4743 Litargias
978 4650 1020 4724 ab
1053 4656 1134 4748 ipsis
1171 4658 1312 4750 scriptas
1343 4654 1448 4728 fuisse
1484 4666 1576 4729 certo
1589 4640 1688 4711 1111111·

213 4764 327 4857 aliquo
353 4776 549 4856 argumento
576 4760 733 4838 constare
759 4790 826 4840 non
852 4778 971 4864 potest
1023 4768 1174 4843 Severus
1202 4771 1333 4867 quidem
1358 4771 1460 4844 multa
1486 4776 1577 4845 scri-

212 4882 295 4975 psit,
322 4883 507 4976 ingensque
533 4882 708 4975 catalogus
735 4886 808 4976 ejus
835 4907 972 4981 opernm
999 4908 1084 4980 qaae
1110 4888 1354 4977 interciderunt,
1381 4911 1427 4960 ex
1441 4887 1577 4963 Catenis

169 4994 182 5021 '
214 4995 356 5068 Graecis
381 4998 499 5069 confici
524 5009 650 5094 potest:
677 5010 785 5071 tamen
811 5001 854 5072 de
879 5000 1028 5095 biturgia
1061 5002 1103 5076 ab
1137 5025 1178 5075 eo
1215 5007 1337 5100 scripta
1372 5004 1451 5078 nihil
1480 5008 1577 5080 nobis

212 5115 369 5186 occurrit.
420 5114 567 5188 Officitun
592 5117 752 5213 Baptismi
779 5140 845 5213 qtro
871 5119 952 5216 Syri
978 5129 1125 5211 uhmtur,
1153 5143 1200 5193 ex
1221 5126 1383 5195 constanti
1403 5125 1576 5201 traditioue

155 5246 158 5257 .
1320 5241 1371 5315 2,
