4525 6034
674 523 753 598 aro
962 499 969 512 ’
1247 523 1480 600 noris

676 715 736 770 tam
759 707 815 770 sub
839 699 1037 771 Constantino
1065 725 1176 790 magno
1207 705 1324 769 vixisse
1346 708 1467 771 scribit:
1497 716 1526 770 at
1556 710 1586 770 io
1617 707 1729 772 Codice
1756 728 1844 788 meo,
1875 710 2048 775 emendatos

676 816 724 870 est
746 806 869 869 alterius
893 805 1037 868 doctioris
1060 823 1149 868 manu
1172 806 1221 867 bie
1242 806 1341 885 locus,
1364 813 1395 868 et
1425 807 1608 870 lbeodosiar
1629 810 1737 888 jureior
1766 826 1822 890 pro
1852 808 2048 873 Constantino

675 908 838 985 repositus.

761 1005 896 1065 Vocatur
925 1009 1064 1064 autema
1087 1002 1213 1066 Socrate
1245 1011 1276 1065 et
1298 1003 1469 1067 sozomeno
1490 996 1663 1085 Episcopus
1683 1004 1938 1087 Mesopotamiae,
1966 1004 2046 1067 nullo

675 1103 817 1183 adjuncto
839 1101 923 1163 urbis
946 1102 1081 1164 nomine:
1104 1122 1121 1164 a
1145 1101 1251 1164 Pbotio
1264 1103 1435 1182 Episcopus
1453 1101 1707 1182 Sopbarenorum‚
1731 1104 1932 1167 abArabibus
1954 1104 2045 1185 vulgo

673 1202 844 1283 Episcopus
866 1199 1064 1279 Miesorelrin:
1092 1202 1122 1262 in
1146 1199 1308 1264 Codicibus
1330 1200 1403 1264 Mss.
1427 1199 1614 1281 quibusdam,
1637 1201 1830 1282 Metropolim
1853 1203 2048 1279 Talea-itm,

674 1302 705 1362 io
728 1300 794 1361 aliis
819 1299 993 1362 Cetbelicor
1014 1298 1158 1363 Ornanda.
1213 1298 1282 1381 Syri
1304 1301 1333 1362 in
1358 1299 1512 1362 Canopum
1534 1301 1736 1362 vetustissima
1767 1301 1956 1365 collectione
1978 1303 2046 1365 Me-

673 1399 847 1480 tropolitam
876 1396 1041 1476 Misrcetoc
1068 1406 1190 1478 vocant,
1221 1417 1298 1479 quae
1327 1415 1389 1460 vox
1418 1400 1524 1460 eadem
1552 1405 1600 1461 est
1628 1416 1664 1460 ac
1691 1399 1823 1462 Arabica
1852 1400 2043 1479 Missurelrin.

673 1499 828 1578 Torqueat
857 1515 891 1559 se
921 1496 979 1559 viri
1006 1495 1170 1559 doctissimi
1201 1496 1240 1558 de
1261 1497 1313 1558 illo
1341 1495 1542 1577 Episcopatu,
1571 1515 1638 1560 cum
1665 1498 1804 1579 plerique
1834 1498 1988 1561 Takritam
2016 1507 2044 1561 et

672 1594 899 1660 Mialarelrinarn
922 1613 1020 1676 aeque
1041 1597 1185 1678 ignorare
1208 1613 1243 1657 se
1266 1595 1426 1659 fateantur.
1475 1596 1540 1657 Nec
1568 1596 1666 1657 minor
1693 1598 1831 1678 quaestio
1854 1605 1902 1660 est
1925 1598 1964 1659 de
1987 1595 2043 1659 So-

672 1694 772 1776 phena
796 1702 827 1756 et
850 1694 1027 1775 Sopbarena
1049 1694 1178 1775 regione
1201 1694 1285 1775 cujus
1307 1693 1413 1755 limites
1428 1701 1588 1774 postquam
1602 1695 1830 1776 magnolabore
1852 1714 1893 1758 ex
1915 1696 2042 1776 antiquis

673 1791 864 1876 Geographis
888 1794 1041 1855 constituti
1064 1800 1145 1870 sunt,
1168 1792 1219 1854 ubi
1251 1801 1463 1872 comparantur
1485 1811 1552 1855 cum
1575 1794 1726 1874 sequioris
1748 1794 1817 1856 aevi
1844 1793 2041 1874 scriptoribus

547 1923 551 1932 ²
672 1893 808 1968 Graecis,
832 1890 928 1972 Syris,
959 1899 991 1953 et
1012 1892 1181 1968 trabibus,
1215 1891 1410 1973 conjecturae
1438 1909 1536 1972 prope
1564 1910 1669 1955 omnes
1697 1894 1786 1955 etiam
1815 1893 2042 1956 verisimiliores

374 3576 458 3644 Abrdfi
477 3596 502 3630 n.
521 3580 583 3631 241.

671 1998 867 2055 evanescunt.
913 1989 996 2052 Talis
1019 1992 1097 2053 enim
1121 2007 1178 2071 per
1201 1991 1341 2052 continua
1364 1991 1523 2052 Persarum
1546 1998 1576 2052 et
1599 1991 1799 2054 Romanorum
1820 1990 1912 2067 bebo,
1935 1991 2041 2054 deinde

670 2108 728 2171 per
750 2090 886 2154 Arabum
909 2089 1141 2152 dominationem
1164 2088 1286 2151 mutatio
1316 2106 1416 2151 rerum
1446 2089 1525 2152 iacta
1548 2098 1604 2168 est,
1628 2098 1672 2152 tot
1694 2088 1786 2152 urbes
1805 2089 1953 2153 celebres
1976 2089 2041 2152 lun-

670 2189 749 2252 ditus
772 2191 907 2265 excisae,
930 2195 963 2250 ut
986 2188 1057 2250 nibil
1081 2188 1156 2249 certi
1179 2187 1218 2249 de
1240 2205 1343 2249 earum
1366 2190 1425 2249 situ
1448 2196 1478 2249 et
1501 2190 1621 2272 origine
1643 2189 1780 2250 alllrmari
1803 2196 1903 2269 queat.
1939 2188 2041 2267 Neque

669 2289 765 2351 minus
788 2288 919 2351 obnoxia
951 2287 1005 2350 luit
1039 2286 1196 2348 mutationi
1225 2286 1507 2348 Ecclesiastiearum
1536 2289 1757 2368 provinciarum
1787 2287 1909 2367 antiqua
1939 2285 2040 2365 forma,

668 2389 847 2467 praesertim
882 2406 922 2450 ex
960 2402 1021 2467 quo
1048 2386 1221 2448 Nestoriani
1255 2392 1286 2447 et
1320 2385 1476 2449 Jacobitae
1511 2403 1607 2448 novos
1636 2387 1855 2467 Episcopatus,
1886 2402 2039 2465 novasque

668 2486 855 2567 Metropoles
884 2487 1085 2548 instituerunt.
1139 2482 1200 2546 Sed
1228 2483 1266 2545 ad
1294 2483 1441 2546 Marutam
1471 2485 1673 2563 redeundum,
1704 2487 1790 2567 cujus
1819 2485 1935 2548 diversi
1966 2484 2036 2546 tituli

667 2585 756 2647 lacile
779 2586 857 2648 inter
879 2603 914 2647 se
937 2583 1092 2647 conciliari
1115 2590 1253 2664 possunt.

752 2696 936 2778 Episcopum
974 2693 1190 2758 Mialarelrinae
1224 2692 1307 2755 illurn
1347 2692 1440 2755 luisse
1471 2712 1575 2756 omnes
1611 2694 1819 2756 consentiunt:
1856 2701 1889 2755 at
1922 2695 1974 2757 illa
2000 2714 2036 2757 err

667 2798 797 2858 omniurn
815 2797 997 2871 testimonio,
1020 2811 1056 2857 ea
1071 2800 1117 2856 est
1132 2810 1220 2874 quam
1233 2792 1451 2873 Martyropolis
1465 2793 1573 2855 Graeci
1592 2801 1712 2870 vocant,
1736 2794 1816 2873 quod
1838 2811 1952 2856 nomen
1973 2801 2036 2856 anm

665 2896 803 2958 Marutae
825 2901 961 2974 tempora
984 2909 1045 2954 non
1067 2891 1189 2967 babuit,
1219 2909 1285 2953 curn
1309 2910 1349 2953 ex
1371 2891 1523 2954 translatis
1551 2890 1588 2953 ad
1619 2909 1683 2952 eam
1713 2900 1878 2973 martyrum
1906 2893 2035 2973 reliquiis

664 2996 707 3057 ita
729 2993 819 3056 luerit
842 2992 1003 3074 appellate.
1047 2989 1134 3054 Unde
1158 2990 1238 3071 apud
1259 2990 1455 3054 Nestorianos
1486 2990 1517 3050 io
1540 3009 1668 3071 quorum
1690 2991 1800 3053 Notitia
1823 2991 2035 3055 Eectestesuca

666 3101 786 3157 sextum
808 3094 888 3155 inter
909 3079 1096 3173 Me'tropoles
1119 3090 1218 3152 locum
1242 3089 1366 3167 obtinet,
1390 3096 1517 3152 vocatur
1535 3088 1743 3168 Bell-Germe,
1766 3089 1825 3151 boe
1848 3099 1898 3154 est
1921 3090 2034 3154 Orsua-

665 3195 746 3255 rium
768 3193 834 3254 sive
858 3189 1085 3253 Coemetera’um.
1130 3188 1204 3251 Inde
1232 3188 1365 3251 Arabico
1394 3187 1564 3250 scribentes
1586 3187 1758 3250 Nestoriani
1786 3187 1927 3252 iecerunt
1954 3208 2035 3251 suum

664 3290 809 3371 Bujennq
832 3298 865 3352 ut
888 3308 928 3352 ex
949 3287 1130 3367 Beitaebde,
1157 3286 1330 3360 Eusebem
1360 3306 1401 3349 ex
1429 3285 1659 3363 Bait-Toumar,
1687 3285 1848 3349 Botoamc.
1898 3288 2034 3363 Quamvis

666 3392 743 3452 enim
766 3391 797 3451 in
820 3386 997 3469 quibusdam
1027 3386 1201 3450 recentibus
1230 3384 1433 3448 vocabulariis
1455 3384 1628 3466 Beitpemne
1658 3392 1689 3448 et
1717 3384 1904 3463 Miofarclrr'n
1933 3386 2035 3448 distin-

665 3498 807 3570 guantur,
829 3486 939 3548 laetum
962 3485 991 3547 id
1023 3485 1225 3548 verisimiliter
1256 3490 1302 3547 est
1338 3504 1379 3546 ex
1401 3492 1538 3547 autorum
1568 3492 1598 3547 et
1626 3485 1828 3563 interpretum
1857 3485 2032 3565 ignorantia

664 3584 842 3647 Miaiarelrin
872 3593 972 3647 autem
1002 3585 1167 3647 secundum
1195 3583 1380 3662 Abuliedae,
1411 3582 1614 3660 Ebu-Sebid,
1643 3591 1674 3645 et
1703 3583 1828 3645 aliorum
1856 3584 2033 3658 testimonia,

665 3690 808 3763 caputet
831 3683 1008 3764 metropolis
1031 3691 1098 3746 erat
1126 3681 1304 3764 provinciae
1334 3700 1422 3762 quam
1443 3680 1650 3744 Diarbekiram
1679 3681 1799 3745 Arabes
1827 3690 1954 3757 vocant;
1983 3701 2033 3743 re-

339 3781 392 3835 det
408 3783 648 3856 orntsraqpass.
663 3781 763 3864 gionis
786 3782 904 3843 scilicet
926 3799 1004 3862 quae
1028 3799 1045 3843 a
1069 3781 1170 3863 Tigris
1194 3780 1381 3842 Occidentali
1410 3781 1507 3843 latere
1530 3787 1673 3861 protensa
1696 3797 1753 3861 per
1774 3787 1893 3843 montes
1916 3780 2031 3855 Nisibis,

372 4007 458 4075 ΑΜ.
474 4026 499 4061 n.
517 4010 580 4061 266.

662 3879 807 3943 terminos
828 3880 962 3960 planitiei
984 3898 1046 3943 non
1068 3878 1245 3943 excedebat.

749 3990 862 4064 Takrit,
884 3990 950 4052 sive
973 3998 1005 4052 ut
1026 3990 1095 4071 Syri
1117 3990 1253 4053 scribunt
1276 3989 1386 4068 Peperit,
1410 3987 1483 4050 urbs
1505 4006 1566 4050 non
1589 3987 1768 4067 incelebris,
1802 3989 1908 4052 ultima
1929 3991 2030 4053 Meso·

660 4090 811 4171 potamiae
833 4089 958 4169 proprie
980 4088 1090 4164 dietae,
1117 4091 1183 4151 sive
1210 4088 1471 4168 Dior-elperini,
1501 4105 1610 4150 versus
1639 4086 1770 4176 bracem,
1801 4106 1861 4169 qua
1883 4109 1924 4151 ex
1945 4090 2028 4168 urbe,

660 4206 770 4271 magno
794 4187 1058 4269 Hierosolymitani
1081 4189 1264 4250 Francorum
1292 4186 1390 4269 Regni
1416 4186 1505 4264 malo,
1528 4187 1639 4268 prodiit
1661 4186 1843 4250 Yubidarum
1865 4207 1922 4251 seu
1944 4189 2028 4253 Sala·

659 4286 782 4349 bcddini
805 4285 923 4348 familia.
967 4285 1011 4348 Ea
1033 4303 1129 4367 porro
1152 4287 1224 4348 urbs
1247 4294 1297 4348 aut
1319 4292 1388 4346 ante
1411 4284 1644 4348 bluhamedanos
1663 4303 1728 4348 non
1750 4284 1815 4364 fuit,
1839 4297 1891 4350 aut
1913 4287 2028 4350 aliuda

661 4385 759 4447 veteri
781 4400 892 4447 nomen
914 4385 1041 4465 accepit.
1085 4385 1197 4447 Verum
1221 4385 1251 4445 in
1275 4402 1310 4447 oa
1332 4383 1435 4445 sedem
1458 4402 1543 4446 suam
1567 4386 1720 4446 constituit
1744 4384 1917 4448 Catholicus
1937 4387 2029 4448 larm-

658 4482 788 4544 bitarum
811 4482 967 4563 Syrorum,
990 4501 1046 4545 seu
1068 4482 1213 4561 Messian,
1237 4484 1288 4564 qui
1309 4482 1503 4545 l‘ntriarcbali
1525 4482 1710 4561 inferiorem,
1733 4485 1788 4547 sed
1810 4485 2029 4566 Metropolitiea

660 4583 804 4663 majorem
837 4581 968 4644 babebat
1001 4581 1176 4662 dignitatern
1212 4589 1244 4644 et
1275 4583 1475 4643 autoritatem.
1532 4580 1673 4644 ilistorici
1702 4582 1873 4646 Nestoriani
1906 4602 2027 4665 quorum

660 4680 858 4758 meminimus,
881 4680 1027 4741 Matutam
1050 4679 1224 4742 interfuisse
1247 4679 1382 4742 scribunt
1405 4679 1542 4742 Concilio
1566 4680 1898 4763 Constantinopolitano
1919 4686 2027 4764 primo:

660 4786 691 4840 et
714 4777 844 4840 fortasse
868 4796 924 4859 pro
947 4777 1073 4839 Mereor
1084 4778 1258 4855 Amidenses,
1282 4778 1362 4858 quod
1384 4796 1494 4841 nomen
1516 4779 1628 4862 legitur
1650 4781 1680 4841 in
1694 4781 1808 4843 Latinis
1831 4781 2027 4861 subscriptio-

658 4874 746 4938 nibus
768 4876 906 4940 Menates
936 4875 1152 4957 reponendum.
1197 4876 1309 4939 Amida
1331 4885 1431 4940 autern
1459 4885 1523 4941 erat
1547 4878 1635 4940 etiam
1657 4880 1687 4940 in
1709 4879 1923 4961 Mesopotamia
1952 4895 2026 4959 pro-

658 4973 725 5051 prie
756 4973 845 5040 dicta.
903 4973 978 5038 Cum
1014 4992 1108 5055 porro
1146 4984 1273 5039 vocetur
1305 4975 1440 5041 Marutas
1472 4966 1643 5061 Episcopus
1671 4979 1922 5061 Mesopotamiae,
1952 4976 2023 5038 sede
