4525 6034
541 541 587 668 ul
617 587 861 667 irruamus
893 584 1297 690 unsnommoauu
1524 575 1602 661 aaa

230 775 368 859 quaeda
390 775 448 838 isto
471 775 615 859 leguntur
637 774 716 856 apud
731 773 867 837 Graecos
890 780 922 836 et
935 772 1060 835 Latinos
1082 771 1113 835 id
1134 772 1326 835 continuant:
1349 788 1418 834 nam
1432 769 1604 834 Thadaeum

231 875 269 938 ad
292 875 448 957 Abgarum
470 874 607 939 Edessae
631 873 817 954 Toparcham
843 881 914 952 post
942 873 1152 935 ascensionem
1175 870 1286 934 Christi
1307 871 1476 952 proiectum
1499 871 1604 949 luisse,

230 975 383 1039 Eusebius
406 975 509 1038 etalii
536 992 634 1056 prope
659 990 763 1036 omnes
793 972 943 1035 scribunt:
972 971 1112 1052 idemque
1134 970 1308 1034 Orientales
1332 970 1371 1034 de
1394 970 1501 1056 Adaeo
1531 986 1604 1034 suo:

229 1077 426 1138 annuntiasse
456 1092 578 1155 quoque
599 1073 800 1155 Evangelium
822 1073 852 1133 in
873 1072 1105 1151 Mesopotamia,
1137 1088 1198 1133 non
1229 1070 1318 1133 modo
1341 1070 1603 1146 Nestorianorum,

230 1174 285 1240 sed
308 1174 517 1237 Melchitarum
546 1181 576 1236 et
607 1173 812 1236 lacebitarum
838 1172 1000 1234 traditione
1024 1178 1160 1248 constat,
1191 1169 1437 1252 Graecorumque
1467 1177 1604 1231 autorum

226 1274 417 1338 testimoniis
464 1273 524 1336 Sed
543 1272 729 1352 ‚Thadaeus,
760 1273 810 1353 qui
834 1279 865 1333 et
886 1271 1064 1349 Lebbaeus,
1094 1290 1112 1333 a
1141 1270 1280 1334 Mathaeo
1306 1269 1504 1352 Evangelista
1526 1270 1606 1332 inter

229 1373 397 1455 Apostolos
409 1372 567 1435 duodecim
582 1379 764 1434 numeratur.
787 1370 1173 1434 Nestorianisuumdieunt
1186 1390 1277 1434 unum
1300 1369 1394 1432 luisse
1417 1390 1457 1432 ex
1479 1377 1606 1449 septua-

230 1475 314 1558 ginta
336 1473 503 1554 discipulis,
527 1480 559 1534 et
580 1491 597 1534 a
621 1471 733 1534 Thema
756 1471 907 1551 Apostolo
930 1472 1053 1532 missum
1076 1472 1106 1532 in
1129 1470 1257 1552 Syriam.
1300 1470 1397 1533 Marin
1420 1470 1486 1551 ejus
1508 1468 1604 1532 luisse

231 1573 418 1654 discipulum,
441 1581 504 1634 tum
527 1572 653 1633 alterum
675 1590 764 1651 quem
786 1571 847 1653 Agi
871 1571 1034 1651 appellant.
1080 1570 1158 1643 Quia
1180 1570 1273 1651 igitur
1296 1570 1364 1633 illos
1387 1578 1527 1650 unquam
1542 1569 1606 1632 Ee-

230 1673 390 1736 elesiarum
412 1671 648 1752 Mesopotamiae
670 1670 847 1733 fundatores
870 1678 1057 1753 agnoscunt,
1081 1669 1224 1733 Ordinem
1245 1670 1357 1733 Missae
1380 1670 1439 1732 illis
1461 1670 1605 1748 tribuunt,

230 1777 264 1832 ut
284 1769 400 1833 Jacobo
423 1769 697 1852 Hierosolymitana
709 1770 847 1833 Ecclesia
860 1770 1024 1851 liturgiam
1046 1789 1141 1849 suam,
1165 1769 1269 1833 Marco
1291 1768 1499 1832 Alexandrina
1521 1788 1605 1832 suam

233 1869 378 1933 attribuit.
403 1870 488 1945 Quae
510 1888 585 1932 vero
610 1869 648 1932 de
671 1869 802 1934 Thadaei
826 1889 843 1932 a
864 1869 979 1932 Jacobo
999 1871 1143 1933 missione
1158 1869 1516 1948 habetNestorianorum
1538 1877 1606 1932 tra-

231 1968 315 2048 ditio,
339 1987 400 2032 non
423 1978 482 2032 tam
505 1969 542 2031 ad
566 1988 620 2032 eos
635 1977 667 2032 ut
681 1987 778 2033 nuvae
801 1976 904 2034 seclae
926 1969 1062 2032 homines
1084 1967 1245 2031 referenda
1268 1976 1325 2046 est,
1347 1986 1434 2050 quam
1458 1968 1495 2030 ad
1518 1986 1605 2031 com-

230 2086 351 2131 munem
380 2068 585 2131 Ecclesiarum
616 2068 852 2150 Mesopotamiae
883 2069 1082 2132 traditionem.
1126 2067 1240 2132 Eadem
1262 2069 1374 2149 quippe
1397 2069 1428 2131 in
1450 2068 1604 2132 historiam

231 2187 316 2231 suam
337 2169 439 2231 retulit
461 2168 627 2245 Eusebius,
651 2175 681 2230 et
703 2170 733 2231 in
755 2168 980 2248 Melchitarum,
1002 2166 1266 2249 lacebitarumque
1290 2167 1373 2230 libris
1396 2167 1551 2252 leguntur,
1574 2168 1604 2229 in
1670 2167 1699 2219 L.
1724 2167 1929 2222 1.e.1a.nn

230 2267 290 2329 illis
313 2268 492 2349 praesertim
514 2266 731 2347 Apostolorum
753 2267 1037 2349 Discipulorumque
1060 2265 1170 2330 Christi
1191 2267 1346 2346 indiculis,
1377 2269 1428 2351 qui
1450 2274 1553 2330 extant
1574 2268 1605 2330 in
1639 2252 1721 2306 Μ’·
1737 2271 1764 2324 t’·
1783 2254 1826 2309 ¹&

230 2367 323 2428 variis
347 2367 513 2444 codicibus,
537 2374 567 2428 et
588 2367 681 2450 vulgo
706 2367 878 2431 Canonibus
901 2366 1118 2448 Apostolorum
1141 2375 1172 2429 et
1195 2366 1390 2431 Clementinis
1404 2365 1606 2432 Constitutio-

231 2466 320 2529 uibus
344 2468 585 2547 praemittuntur,
608 2465 658 2527 vel
680 2467 887 2549 subjiciuntur.
910 2466 1073 2549 Reperitur
1086 2485 1160 2529 sane
1183 2469 1213 2529 iu
1236 2468 1347 2548 optimo
1361 2475 1391 2530 et
1402 2467 1606 2530 vetustissimo

230 2564 345 2628 Codice
367 2565 507 2628 Mediceo
532 2564 894 2632 CollectionisCanonvun
912 2566 1066 2648 Syriacae,
1090 2566 1237 2650 Synopsis
1260 2566 1425 2652 aliquarum
1449 2564 1607 2632 Constitu-

230 2665 357 2738 tionum,
381 2683 460 2745 quae
483 2664 608 2740 Adaco,
632 2664 707 2729 Mari
731 2673 762 2728 et
784 2665 845 2749 Agi
868 2666 1090 2745 adscribuntur,
1114 2674 1146 2729 et
1169 2685 1293 2747 quarum
1316 2667 1440 2750 vigebat
1461 2668 1605 2730 autoritas

228 2763 261 2824 in
284 2763 424 2827 Ecclesia
446 2764 627 2827 Jacobitica:
657 2765 737 2828 uude
760 2773 845 2829 certo
869 2765 1007 2845 allicitur,
1037 2766 1234 2830 Nestorianos
1258 2784 1319 2829 non
1342 2784 1450 2828 novam
1474 2775 1504 2830 et
1525 2767 1606 2851 apud

231 2881 266 2926 se
289 2871 388 2926 natam
412 2864 585 2944 opinionem
598 2863 636 2925 de
649 2865 834 2926 institutione
844 2864 1050 2928 Ecclesiarum
1073 2868 1103 2928 in
1125 2866 1354 2946 Mesopotamia,
1378 2885 1511 2948 queres
1534 2885 1606 2929 suas

232 2963 496 3041 commendarent,
525 2963 756 3046 promulgasse,
780 2963 835 3026 sed
858 2966 888 3026 in
912 2963 1107 3028 Orthodoxae
1129 2983 1207 3047 quae
1229 2965 1289 3028 illic
1311 2964 1426 3044 luerat,
1449 2966 1607 3030 Ecclesiae

228 3064 297 3146 jura
320 3063 485 3140 involasse,
509 3072 541 3124 ut
564 3061 644 3143 quod
668 3063 710 3125 illi
732 3065 889 3145 proprium
912 3074 988 3142 erat,
1011 3066 1068 3128 sibi
1091 3066 1299 3128 attribuerent.
1344 3066 1419 3129 Hinc
1440 3067 1606 3130 verisimile

232 3164 351 3224 omnino
376 3170 422 3224 est
444 3162 544 3224 Ritum
566 3162 663 3236 illum,
695 3165 745 3244 qui
774 3163 854 3244 apud
875 3164 1074 3228 Nestorianos
1097 3174 1314 3240 conservatur,
1343 3155 1495 3248 antiquum
1523 3166 1606 3230 illurn

232 3280 302 3324 esse
326 3263 375 3342 qui
398 3262 476 3324 inter
497 3261 764 3342 Mesopotamenos
788 3262 973 3328 Christianos
997 3265 1215 3346 usurpabatur,
1249 3271 1407 3348 antequam
1428 3265 1471 3328 illi
1493 3265 1606 3328 haere-

231 3361 292 3436 tiei,
315 3362 406 3442 paulo
430 3370 499 3424 ante
521 3360 739 3424 Muhamedana
762 3370 909 3444 tempora,
933 3383 1037 3428 omnes
1060 3364 1214 3427 Ecclesias
1239 3374 1449 3447 occupassent.
1479 3365 1606 3449 Reliqua

232 3462 271 3522 de
293 3460 400 3523 Adaeo
424 3469 455 3524 et
477 3462 543 3544 ejus
566 3462 657 3524 rebus
681 3463 777 3545 gestis
800 3462 976 3547 collegimus
1000 3465 1030 3526 in
1050 3464 1188 3545 Epiteme
1204 3464 1355 3528 Historiae
1373 3464 1605 3530 Catholicorum.

233 3559 362 3623 Codices
386 3562 590 3637 recentiores,
613 3563 792 3642 praesertim
814 3562 866 3644 qui
888 3564 918 3625 in
940 3562 1063 3645 Europa
1087 3564 1191 3645 scripti
1214 3572 1293 3644 sunt,
1316 3567 1435 3628 numina
1456 3565 1553 3629 Adaei
1575 3575 1606 3632 et

231 3655 323 3721 Maris
347 3677 408 3721 non
431 3659 617 3740 praeierunt,
645 3669 677 3722 ut
700 3680 800 3743 neque
823 3665 926 3725 versio
951 3680 967 3722 a
990 3662 1141 3726 Lusitanis
1165 3663 1252 3727 laeta.
1281 3664 1423 3746 Ejusdem
1445 3667 1605 3745 versionis,

233 3758 459 3841 qualiscumque
489 3761 544 3838 sit,
576 3760 711 3824 subsidio
739 3761 831 3823 multa
861 3780 939 3843 quae
970 3765 1001 3824 in
1031 3761 1193 3826 Codicibus
1215 3765 1426 3846 manuscriptis
1449 3765 1605 3831 brevitatis
1669 3775 1675 3784 “

233 3875 324 3920 eausa
353 3858 528 3921 omittuntur
555 3862 749 3942 agnovimus:
779 3868 810 3922 et
839 3862 870 3923 in
901 3878 938 3924 ea
967 3862 1120 3926 orationes
1149 3862 1261 3926 multae
1281 3863 1419 3947 integrae
1442 3868 1606 3947 reperiun-

231 3965 297 4033 tur,
315 3951 454 4038 'quarum
484 3959 514 4020 in
544 3959 678 4041 Syriacis
708 3961 820 4022 nostris
851 3960 1075 4041 exemplaribus
1106 3963 1219 4043 primae
1255 3970 1367 4027 tantum
1402 3982 1495 4027 voces
1525 3965 1606 4030 assi-

231 4064 372 4139 guantur.

639 4320 675 4391 2.
719 4321 842 4418 Gloria
868 4327 904 4393 io
931 4323 1078 4395 eccelsia
1103 4322 1192 4395 Deo.

323 4510 387 4588 Huc
409 4523 546 4604 hymnus,
571 4523 692 4605 aliique,
715 4535 746 4588 et
768 4529 962 4608 responsoria
986 4546 1064 4607 quae
1087 4537 1255 4610 sequuntur
1271 4529 1465 4611 reperiuntur
1485 4534 1605 4617 integra

233 4627 420 4689 inversione
438 4626 658 4706 Lusitanorum,
682 4628 761 4692 unde
785 4633 848 4713 peti
871 4641 1008 4711 possunt.
1040 4632 1212 4697 APsahnis
1235 4633 1347 4715 aliquot
1368 4635 1605 4702 Eucharisticum

234 4724 368 4788 Officium
391 4724 536 4802 inchoari,
559 4727 762 4808 antiquissima
778 4730 908 4793 omnium
920 4730 1124 4795 Ecclesiarum
1147 4734 1334 4796 consuetudo
1359 4742 1422 4797 est:
1445 4753 1534 4815 quam
1556 4737 1606 4800 hie

234 4843 410 4906 expressam
433 4824 579 4918 videmus.
624 4825 843 4892 Observabitur
870 4848 963 4910 saepe
993 4830 1155 4894 discrimen
1177 4833 1256 4894 inter
1278 4832 1358 4896 illam
1379 4835 1552 4897 versionem
1575 4844 1606 4899 et

233 4932 382 4986 nostram:
406 4942 462 4987 nos
486 4927 668 5006 exemplaria
693 4947 770 5007 quae
792 4928 958 5006 habuimus,
981 4929 1109 4993 fideliter
1131 4933 1347 5014 expressimus,
1370 4951 1437 4995 eum
1454 4936 1606 5016 paucissi-

234 5025 290 5085 mis
313 5026 343 5086 in
366 5024 441 5086 locis
465 5033 548 5088 esset
571 5025 724 5089 dubitandi
746 5027 785 5090 de
807 5038 891 5092 recta
913 5031 1162 5112 interpretatione
1183 5030 1278 5097 loeus.
1324 5033 1438 5096 Primus
1453 5035 1605 5115 interpres
1680 5045 1685 5052 ’

231 5122 322 5186 'aliter
344 5125 375 5185 iu
398 5125 461 5186 suis
484 5125 639 5188 codicibus
666 5126 781 5209 legisse
810 5128 970 5211 aliqnando
993 5129 1127 5193 videtur:
1158 5148 1251 5213 saepe
1279 5138 1379 5196 tamen
1407 5133 1607 5199 hallucinatus
