4525 6034
657 575 1195 654 Aiuxauoaiuo.
1528 574 1605 650 415

233 727 308 838 bili
334 767 436 853 tertii,
472 773 539 837 tam
566 766 711 855 exiguus
739 771 812 834 erat
838 785 954 836 eorum
981 787 1159 853 numerus,
1193 773 1230 835 ut
1262 762 1327 836 duo
1360 774 1485 836 tantum
1517 761 1608 859 Epi-

234 884 327 977 scopi
354 881 479 976 reperti
506 890 582 951 tnnc
608 877 742 968 inerint,
769 876 922 974 adeoque
947 901 1046 952 unum
1073 882 1147 975 ipso
1171 876 1301 951 Rornae
1328 879 1547 968 ordinaverit,
1573 887 1609 950 ut

232 994 400 1088 legitimus
425 1017 581 1067 numerus
607 1017 676 1067 non
703 991 838 1066 deesset
864 994 908 1067 ad
928 995 1161 1068 Ordinationes
1179 992 1402 1091 Episcopales
1424 994 1607 1068 celebran-

234 1111 306 1183 das.
356 1110 413 1182 Ex
439 1110 503 1184 illis
532 1108 728 1183 Christianis
756 1112 820 1182 orti
846 1120 942 1182 erant
968 1115 1023 1207 qui
1050 1113 1214 1207 superiori
1251 1110 1388 1185 saeculo
1420 1115 1454 1183 in
1488 1111 1608 1185 Africa

230 1231 357 1322 reperti
384 1237 469 1300 sunt.
522 1226 647 1298 Omnes
674 1247 777 1311 vero,
804 1234 870 1296 tarn
898 1226 943 1299 illi
971 1227 1013 1299 de
1040 1225 1159 1322 quibus
1187 1226 1373 1319 Gregorius
1398 1228 1607 1324 loquebatur,
1653 1233 1657 1239 ’

230 1369 331 1442 qurum
356 1349 565 1443 posteriores
592 1343 779 1439 dequibus
807 1343 952 1417 obscura
979 1342 1156 1414 admodum
1183 1346 1345 1440 memoria
1361 1354 1425 1434 est,
1451 1342 1607 1415 Latinum

228 1466 346 1551 ritum,
372 1461 613 1557 Romanaeque
638 1460 815 1532 Ecclesiae
842 1461 1107 1531 communionem
1134 1456 1339 1546 retinebant,
1371 1480 1481 1554 neque
1506 1458 1607 1532 ullam

229 1581 264 1648 in
292 1599 355 1649 eos
382 1577 576 1650 Patriarcba
601 1575 851 1649 Alexandrinus
874 1575 1135 1668 jurisdictionem
1163 1573 1354 1645 exercebat
1389 1573 1487 1647 Nulla
1515 1596 1607 1669 quo-

230 1715 297 1787 quc
329 1714 469 1788 prorsus
503 1696 538 1765 iu
564 1692 787 1764 Monumentis
812 1690 1063 1763 Ecclesiasticis
1098 1691 1259 1761 memoria
1291 1699 1344 1762 est
1378 1687 1608 1762 Ecclesiamm

229 1810 359 1880 diversi
384 1811 467 1880 ritus
500 1811 534 1879 iu
559 1806 676 1881 Africa
708 1809 845 1903 proprio
879 1805 980 1878 dicta:
1012 1827 1077 1876 nec
1109 1804 1329 1877 Jacobiticam
1361 1803 1516 1878 haeresin
1548 1826 1609 1878 eas

227 1927 263 1995 in
290 1927 451 2015 regiones
477 1933 674 2019 penetrasse
700 1922 769 1995 ullo
796 1921 948 1993 vellavi
974 1920 1096 1993 indicio
1124 1929 1265 1993 constat.
1303 1920 1388 1991 Nam
1414 1924 1506 1993 initio
1534 1943 1610 1994 cum

229 2043 263 2110 in
308 2038 484 2112 Romanae
518 2040 653 2132 linguae
684 2037 859 2110 Ecclesias
897 2060 938 2108 ea
973 2036 1125 2108 haeresis
1160 2038 1222 2107 vix
1256 2038 1485 2130 penetraverit
1496 2089 1508 2125 ,
1548 2034 1610 2110 sad

230 2155 404 2227 Orientem
432 2166 466 2227 et
491 2155 687 2250 Aegyptum
714 2152 884 2224 infecerit:
912 2150 1044 2223 audam
1070 2162 1149 2247 post
1175 2150 1300 2246 aliquot
1326 2151 1472 2240 saecula,
1495 2151 1610 2224 Grae-

230 2273 281 2341 cis
308 2269 472 2343 Ecclesiis
501 2274 635 2342 omnino
662 2268 818 2364 depulsa,
845 2271 879 2338 in
906 2265 1005 2363 Syris
1032 2277 1067 2338 et
1090 2267 1314 2363 Aegyptiacis
1340 2272 1506 2360 regnavit
1559 2267 1609 2340 lta

230 2408 308 2456 cum
334 2408 501 2481 nunquam
527 2388 562 2456 in
587 2383 705 2457 Africa
734 2383 940 2456 Christianos
967 2380 1071 2455 fuisse
1097 2381 1269 2473 legamus,
1304 2387 1359 2477 qui
1388 2383 1483 2455 aliter
1510 2406 1610 2478 qurum

229 2500 355 2573 Latine
375 2485 480 2573 ⁴sacra
506 2500 676 2590 lacerent,
702 2521 749 2570 ex
776 2520 819 2571 eo
846 2497 920 2600 solo
947 2508 1145 2589 argumento
1172 2496 1371 2571 sufficienter
1384 2498 1610 2591 intelligimus,

231 2615 475 2689 nihilomnino
499 2618 583 2708 juris
610 2618 644 2686 in
678 2635 740 2686 eos
766 2611 981 2686 Patriarcbae
1006 2612 1256 2702 Alexandrino,
1290 2616 1365 2686 sive
1398 2613 1609 2704 Ortbodoxo,

229 2735 308 2806 sive
334 2731 531 2818 lacobitae,
558 2729 671 2802 fuisse.
724 2729 768 2801 Et
801 2750 884 2800 sane
911 2731 1064 2823 quamvis
1095 2728 1205 2802 titulus
1230 2729 1369 2803 Africae
1404 2732 1490 2804 iuter
1514 2731 1608 2804 Pro·

230 2849 365 2918 vincius
392 2844 466 2916 buio
492 2856 665 2940 postremo
692 2843 861 2936 subjectas
886 2846 1095 2940 reperiatur,
1129 2844 1286 2917 monendi
1319 2857 1429 2919 tamen
1461 2846 1608 2922 lectores

230 2971 329 3051 sunt,
357 2984 399 3035 eo
426 2965 560 3034 nomine
585 2983 654 3034 non
680 2971 747 3032 tarn
772 2958 924 3031 Africam
950 2961 1086 3055 proprie
1112 2957 1232 3032 dictam
1263 2960 1421 3052 intelligi,
1453 2984 1540 3056 quae
1566 2962 1609 3035 ad

229 3074 421 3149 Romanam
443 3076 708 3170 jurisdictionem
734 3087 800 3147 tarn
828 3074 961 3148 civilem
998 3097 1094 3168 quam
1120 3073 1393 3148 Ecclesiasticam
1424 3075 1610 3171 spectabat,

231 3190 296 3263 sed
324 3214 397 3263 earn
424 3200 554 3287 partem
581 3215 680 3287 quam
697 3189 833 3263 Arabes
860 3193 996 3286 proprie
1014 3190 1178 3283 Afrilriet
1206 3195 1281 3263 sive
1298 3191 1449 3263 Africam
1475 3202 1608 3264 vocant.

230 3307 286 3380 Eo
314 3310 402 3379 enim
433 3310 567 3379 nomine
600 3307 786 3399 iutelligumt
818 3328 911 3394 eam,
947 3327 1032 3399 quae
1068 3316 1121 3377 est
1151 3308 1237 3377 inter
1272 3306 1440 3379 desertum
1467 3306 1609 3397 Barcae,

231 3422 325 3516 quod
352 3431 483 3494 constat
509 3419 742 3519 Cyrenaicae,
768 3420 1011 3509 Marmaricae,
1044 3418 1243 3517 Libyaeque
1270 3424 1449 3495 exterioris
1474 3420 1611 3495 Boreali

230 3545 358 3625 meru,
384 3538 442 3610 ubi
469 3548 502 3609 et
528 3539 671 3610 Barcaei
698 3560 759 3611 seu
785 3535 940 3607 Barcitoe
966 3544 1137 3623 veterum,
1174 3546 1207 3607 et
1232 3534 1349 3608 urbem
1375 3537 1488 3628 Bona,
1524 3560 1611 3632 quae

230 3652 345 3748 Hippo
373 3665 424 3725 est
450 3654 489 3725 B.
515 3653 705 3746 Augustino
732 3645 866 3747 inclyt‘a.
919 3651 968 3748 lta
993 3654 1048 3721 vir
1076 3650 1288 3724 doctissimus
1314 3649 1464 3724 Jacobus
1492 3650 1610 3726 Golius

232 3772 475 3842 commentario
502 3769 546 3840 ad
571 3767 794 3860 Allrugannm
821 3776 854 3839 et
887 3766 1019 3860 quddam
1048 3775 1162 3857 recte,
1195 3788 1241 3837 ex
1269 3766 1483 3838 Orientalium
1511 3767 1610 3839 Geo-

232 3880 439 3977 grapborum
465 3887 631 3956 communi
658 3885 832 3955 sententia.
884 3879 1059 3975 Reliquam
1084 3883 1299 3954 vastissimae
1331 3880 1427 3973 bajus
1459 3885 1610 3974 regionis

232 4001 481 4089 continentem,
514 4022 534 4070 a
560 3998 669 4070 Barca
700 4019 808 4093 usquo
841 3996 884 4068 ad
914 3995 1012 4067 blare
1041 3996 1261 4085 Atlanticum,
1294 4008 1420 4069 vocant
1455 3997 1611 4090 Mopreb,

231 4114 312 4185 sive
339 4111 588 4186 Occidentalem
614 4115 810 4205 regionem:
845 4135 942 4207 quam
976 4115 1009 4182 iu
1041 4119 1110 4184 tres
1144 4122 1258 4207 partes
1285 4111 1402 4184 dividit
1426 4110 1611 4188 Abulieda:

233 4236 423 4299 exuemam
450 4250 537 4323 quae
562 4227 660 4300 blare
685 4227 856 4299 Atlantico
883 4226 1031 4299 alluitur:
1067 4227 1209 4299 mediam
1246 4225 1288 4298 ab
1316 4227 1430 4310 Orapo
1464 4238 1499 4310 et
1525 4226 1612 4298 Tel-

233 4363 395 4430 mesana,
423 4364 521 4437 quam
547 4342 736 4414 Tremecen
762 4343 868 4413 nostri
895 4340 1088 4437 appellaui,
1122 4341 1165 4412 ad
1190 4340 1321 4434 Bugiae
1348 4340 1447 4413 fines:
1481 4343 1612 4411 tertiam

232 4453 314 4527 inde
340 4478 446 4550 usque
473 4456 515 4528 ad
541 4458 672 4529 Barcae
697 4478 859 4549 regnum,
887 4479 975 4552 quae
1001 4459 1099 4529 etiam
1117 4456 1296 4531 Orientalis
1324 4454 1365 4528 ab
1393 4459 1476 4552 ipsis
1496 4452 1614 4526 Africa

235 4569 374 4641 dicitnr:
410 4580 509 4665 atque
543 4571 628 4643 banc
653 4569 799 4642 ultimam
826 4569 980 4666 Coptitae
1013 4569 1268 4662 intellexerunt,
1300 4594 1376 4644 cum
1408 4592 1483 4643 eam
1518 4574 1615 4667 quasi

235 4682 455 4757 Patriarcbae
474 4699 556 4758 ‘sno
596 4684 781 4778 subjectam
814 4687 847 4755 in
882 4689 955 4779 eius
992 4685 1092 4758 titulis
1127 4696 1401 4759 numeraverant:
1439 4708 1516 4758 nam
1551 4691 1615 4760 etsi

240 4798 365 4894 Φρίκη
391 4798 524 4891 legatur
549 4803 583 4872 in
601 4800 750 4895 Copticis
771 4799 929 4895 Epistolis
957 4823 1043 4895 quae
1068 4823 1143 4874 vox
1153 4800 1305 4874 Africam
1330 4804 1468 4897 proprie
1494 4801 1616 4874 dictam

236 4911 372 4984 videtur
401 4913 596 5008 designare,
629 4923 756 4986 certum
782 4924 856 5004 est,
888 4938 963 4987 eam
994 4937 1063 4987 non
1099 4915 1165 4988 alio
1200 4936 1303 4988 sensu
1338 4918 1446 5012 accipi
1479 4914 1616 5006 debere,

177 5091 180 5095 s
237 5048 338 5120 quam
366 5049 408 5098 ea
435 5051 533 5125 quem
559 5033 592 5100 in
615 5028 766 5105 Arabica
792 5029 905 5123 lingua
930 5027 1041 5122 babet,
1068 5041 1102 5103 et
1129 5051 1229 5126 quem
1254 5051 1336 5102 mox
1363 5030 1616 5126 explicavimus.
