4525 6034
705 597 785 672 378
1211 595 1573 672 iluuuola

704 796 791 857 tuae.
844 783 923 857 Non
950 791 1085 856 avertas
1111 782 1239 855 vultum
1265 791 1355 854 tuum
1383 804 1403 853 a
1429 780 1538 868 nobis,
1564 803 1675 876 neque
1692 782 1807 875 ejicias
1834 802 1897 852 nos
1923 779 1962 853 ab
1986 781 2053 854 ouili

704 908 778 971 tuo:
806 903 883 993 quia
911 909 966 970 tua
994 908 1046 971 est
1072 896 1296 987 excellentia,
1328 896 1438 988 gloria
1471 907 1505 969 et
1536 919 1693 990 regnum,
1730 897 1892 991 simulque
1916 901 2054 989 migeniti

705 1015 779 1086 Filii
812 1018 857 1086 tui
899 1025 934 1087 et
966 1013 1110 1109 Spiritus
1146 1015 1211 1100 tui,
1251 1034 1314 1107 per
1348 1035 1446 1105 quem
1485 1021 1520 1084 et
1553 1036 1628 1085 cum
1661 1035 1727 1107 quo
1761 1024 1795 1084 te
1829 1012 1925 1084 decet
1954 1010 2055 1104 gloria,

704 1128 812 1202 bonor
838 1139 872 1201 et
897 1132 1046 1224 potentia
1073 1151 1150 1201 cum
1176 1127 1300 1223 Spiritu
1328 1137 1384 1200 tuo
1412 1131 1632 1202 sanctissimo.

810 1244 997 1316 Sacerdos.
1050 1243 1134 1316 Pax.

808 1360 971 1453 Popotua.
1022 1358 1067 1430 Et
1093 1381 1169 1431 cum
1195 1360 1312 1454 spiritu
1337 1367 1405 1429 tuo.

808 1474 998 1546 Diaconos.
1051 1475 1153 1561 Ante,
1180 1484 1244 1544 etc.

809 1591 971 1684 Populus.
1025 1590 1148 1663 Coram
1177 1601 1210 1661 te
1235 1591 1390 1663 Domine.

810 1705 996 1777 Sacerdos.
1055 1705 1099 1776 m
1134 1705 1292 1801 populum
1325 1703 1456 1776 fidelem
1490 1704 1576 1776 hunc
1613 1714 1703 1777 tuum
1737 1703 1883 1775 Domine
1914 1704 1965 1795 qui
1996 1723 2055 1771 cum

705 1821 885 1894 bumilitate
919 1824 1058 1913 mentis,
1094 1824 1263 1893 cervicem
1297 1841 1390 1900 suam
1429 1819 1565 1891 inclinat
1601 1842 1716 1892 coram
1749 1817 1974 1892 misericordia
2002 1825 2056 1904 toa,

706 1945 931 2031 expectatque
957 1935 1047 2009 dona
1073 1946 1130 2009 tua
1157 1935 1369 2025 abundantia,
1395 1935 1537 2008 benedic
1563 1935 1704 2007 dextera
1730 1945 1786 2007 tua
1812 1933 2055 2007 benedictionum

704 2051 821 2142 feraci,
848 2061 883 2122 ut
898 2049 940 2122 ab
962 2054 1051 2124 omui
1068 2050 1147 2123 labe
1173 2063 1208 2124 et
1233 2049 1364 2123 macula
1391 2054 1521 2145 peccati
1547 2051 1705 2139 mundati,
1732 2050 1934 2144 corporique
1958 2058 2055 2118 sancto

705 2177 740 2240 et
766 2169 919 2259 sanguini
941 2167 1054 2239 divino
1076 2165 1199 2239 Christi
1216 2169 1261 2238 tui
1288 2169 1579 2255 communicantes,
1606 2167 1734 2256 laudes,
1759 2163 1918 2261 hymnos,
1943 2172 1975 2234 et
1990 2163 2056 2256 gio-

704 2281 921 2354 riticationem
957 2304 1043 2376 quae
1069 2281 1164 2353 diviti
1189 2281 1440 2353 misericordiae
1474 2290 1550 2353 tuae
1581 2281 1759 2375 debentur,
1790 2280 1973 2353 referamus
2001 2275 2055 2362 tibi,

705 2398 914 2491 gloriamque
941 2407 974 2468 et
1000 2399 1183 2489 gratiarum
1217 2400 1404 2486 actionem,
1441 2398 1603 2493 simulque
1636 2400 1807 2490 unigenito
1840 2396 1927 2467 Filio
1956 2402 2006 2464 tuo
2032 2398 2058 2460 ct

705 2512 843 2608 Spiritui
870 2521 987 2584 sancto
1015 2522 1083 2583 tue.

809 2625 994 2699 Sacerdos.
1046 2628 1132 2699 Pax.

809 2740 971 2834 Populus.
1024 2740 1069 2812 m
1094 2762 1169 2812 cum
1195 2743 1312 2835 spiritu
1338 2749 1406 2810 tue.

809 2856 998 2926 Diaconos.
1049 2854 1282 2930 Misericordia
1309 2854 1373 2925 Dei
1399 2857 1457 2943 sit,
1484 2863 1547 2926 etc.

808 2969 995 3041 Sacerdos.
1049 2970 1175 3045 Sancta
1201 2971 1345 3042 Sanctis.

809 3085 971 3179 Populus.
1028 3084 1122 3159 Unus
1149 3085 1250 3158 Pater
1277 3097 1423 3158 sanctus.

808 3202 997 3273 Diaconos.
1051 3199 1186 3274 Stemus
1213 3200 1380 3273 decenter.

809 3317 971 3409 Populus.
1025 3315 1240 3388 Confitemur.

933 3601 1111 3673 Sacerdos
1137 3601 1223 3671 dicit
1242 3601 1447 3672 ¹Orationem
1472 3604 1664 3696 pretiorum
1690 3603 1851 3672 actionis.

811 3787 997 3861 Gratiarum
1035 3792 1201 3861 actionem
1236 3790 1380 3863 debitam
1414 3729 1475 3862 tibi
1504 3788 1598 3863 Deus
1632 3790 1817 3879 oberimus,
1855 3798 1891 3861 et
1922 3789 2055 3860 condono

706 3912 862 3997 quantum
887 3901 985 3976 nobis
1012 3903 1106 3991 licet,
1140 3904 1319 3977 secundum
1348 3905 1487 3978 officium
1513 3915 1680 3993 nostrum,
1713 3904 1837 3997 linguis
1869 3927 1937 3978 non
1963 3903 2057 3974 conti-

705 4016 918 4090 cescentibus
945 4018 1004 4092 tibi
1031 4020 1244 4111 eonfitemur,
1271 4029 1424 4115 petentes
1451 4045 1471 4093 a
1498 4031 1549 4109 te,
1575 4022 1670 4094 Deus
1695 4032 1831 4113 noster,
1858 4031 1895 4092 ut
1919 4017 2056 4116 mysteria
2190 4043 2194 4064 ·

704 4131 789 4205 baec
816 4144 932 4207 sancta
960 4156 1045 4229 quae
1071 4138 1292 4231 suscepimus,
1322 4137 1387 4209 sint
1411 4136 1510 4208 nobis
1536 4135 1579 4210 ad
1604 4139 1839 4210 remissionem
1864 4146 2056 4232 peccatorm

704 4258 739 4320 et
765 4251 989 4345 expiationem
1017 4249 1224 4340 delictorum,
1254 4250 1356 4323 etad
1384 4255 1636 4326 excusationem
1662 4275 1776 4325 coram
1805 4251 1892 4325 solio
1919 4262 1973 4323 tuo
1996 4259 2055 4320 ter-

703 4363 809 4454 ribili,
841 4386 903 4459 per
929 4367 1071 4456 gratiam
1098 4374 1131 4437 et
1158 4365 1435 4454 misericordiam,
1471 4390 1686 4463 amoremque
1713 4390 1795 4460 erga
1822 4367 1969 4440 homiues
1991 4365 2055 4436 uui·

703 4481 806 4570 geniti
833 4481 890 4568 tui,
917 4482 973 4573 qui
998 4500 1062 4553 uos
1089 4479 1250 4568 vivificat,
1278 4502 1354 4553 cum
1380 4481 1504 4578 Spiritu
1531 4494 1588 4555 tuo
1617 4487 1839 4557 sanctissime.

805 4591 989 4664 Sacerdos.
1044 4594 1127 4665 Pax.

809 4708 971 4801 Populus.
1023 4708 1068 4781 Et
1094 4732 1170 4781 cum
1196 4714 1312 4806 spiritu
1339 4722 1434 4783 tuo..

807 4823 995 4896 Diaconos.
1048 4826 1131 4898 Post
1157 4830 1415 4922 susceptionem.

805 4935 990 5013 Sacerdos.
1025 4938 1149 5013 Coram
1177 4951 1211 5013 te
1229 4941 1372 5013 Domine
1389 4943 1593 5031 misericors,
1620 4942 1814 5015 inclinamus
1843 4940 1930 5013 colla
1948 4947 2052 5020 uostm

702 5063 737 5124 et
762 5053 877 5148 populi
904 5059 949 5126 tui
975 5054 1099 5130 tidelis:
1128 5056 1279 5129 concede
1306 5055 1459 5132 omnibus
1485 5058 1593 5147 nobb,
1621 5080 1642 5132 o
1669 5058 1829 5148 clemens,
1864 5053 2052 5130 concordium
