4525 6034
687 576 765 651 280
1189 576 1545 656 LITURGIA

686 761 802 836 imore
828 773 862 835 et
887 766 949 853 ira,
975 773 1112 860 propter
1138 762 1371 836 multitudinem
1398 775 1611 862 peecatorum
1637 777 1837 858 nostrorum,
1865 766 1927 840 scd
1952 767 2045 865 reple

687 901 752 952 nos
777 879 1017 969 misericordia,
1044 888 1079 952 et
1103 878 1370 971 mansuetudine,
1397 890 1431 953 et
1456 891 1609 978 tanqrmm
1635 884 1737 956 Pater
1762 885 1906 958 liliorum
1932 907 2046 958 amaus

687 995 823 1093 posside
848 1019 929 1069 nos:
963 1000 1038 1091 quia
1073 1019 1141 1068 non
1175 1006 1227 1070 est
1258 994 1355 1070 nohis
1389 998 1471 1070 alius
1497 998 1589 1071 Deus
1623 1009 1758 1095 praeter
1784 1012 1835 1090 te,
1864 1022 1927 1098 per
1953 1022 2047 1095 quem

688 1111 828 1184 salutem
855 1135 1063 1207 quaeramus,
1090 1115 1154 1184 nisi
1181 1123 1227 1199 tu,
1254 1112 1297 1185 ad
1320 1135 1417 1208 quem
1435 1115 1538 1187 levati
1555 1116 1733 1188 suntoculi
1749 1120 1865 1205 nostri,
1892 1127 1929 1189 et
1948 1116 2048 1187 corda

688 1238 827 1317 nostra,
855 1228 977 1323 tibique
1003 1227 1145 1321 gloriam
1170 1228 1353 1302 reseremus
1380 1254 1453 1302 cum
1480 1234 1649 1324 unigenito
1676 1230 1760 1303 Filio
1787 1244 1854 1307 tuo.

791 1345 951 1438 Populus.
1003 1348 1122 1418 Amen.

792 1461 970 1532 Diaconos
995 1461 1080 1532 dicit
1108 1460 1278 1533 Cononan
1304 1470 1465 1557 qnmtrnn.

791 1578 966 1650 Sacerdos
990 1578 1181 1650 inclinatos.
1234 1579 1433 1653 Benedictus
1459 1603 1498 1654 es
1524 1579 1667 1653 Domine
1693 1592 1820 1671 sancte,
1848 1592 1882 1653 et
1907 1592 2047 1654 sancto-

687 1717 760 1767 rum
786 1704 925 1783 amator,
952 1697 1007 1788 qui
1032 1696 1086 1766 vis
1111 1705 1148 1767 ut
1174 1705 1362 1768 sanctorum
1387 1706 1516 1768 tuorum
1542 1700 1723 1769 memoriae
1740 1696 1933 1792 frequenter
1950 1721 2049 1772 aom-

688 1813 908 1897 municemus,
942 1813 1089 1882 maxime
1123 1822 1251 1901 annm,
1286 1822 1320 1883 et
1354 1815 1541 1907 speciatim,
1575 1812 1747 1908 gloriosae
1778 1836 1863 1908 prae
1898 1814 2049 1887 omnihus

686 1930 827 2014 sanctis,
861 1924 1010 2017 Virginis
1036 1926 1283 2017 immaculatae,
1316 1939 1517 2023 sanctaeque
1544 1928 1721 2001 Genitricis
1746 1930 1812 2002 Dei
1837 1929 1987 2016 Mariae,
2017 1932 2052 2002 et

682 2043 821 2116 domnis
848 2042 1105 2138 praedicatoris,
1138 2047 1388 2138 praecursoris,
1421 2048 1763 2140 consummatorisque
1797 2050 2049 2141 mysteriorum:

684 2158 843 2256 Stephani
857 2179 990 2255 quoque
1004 2163 1224 2255 primogeniti,
1238 2164 1408 2256 principis,
1421 2164 1582 2257 primique
1595 2160 1792 2258 Martyrum,
1807 2185 1883 2233 cum
1899 2160 2048 2234 omnibus

685 2276 743 2349 tihi
769 2277 926 2372 acceptis.

771 2391 938 2462 ·Eleoans
962 2413 1087 2462 rocem.
1140 2391 1308 2465 Memento
1334 2391 1494 2482 Domine,
1528 2402 1562 2462 et
1588 2413 1703 2463 eorum
1729 2395 1783 2486 qui
1810 2415 1829 2463 a
1855 2392 1957 2465 nohis
1982 2415 2049 2464 no-

687 2511 799 2580 minati
824 2518 910 2596 sunt,
935 2505 1080 2594 Patnrm,
1107 2507 1449 2602 Patriurchamuuque,
1475 2511 1617 2580 omnium
1643 2508 1850 2597 Sanctorum,
1877 2520 1913 2581 et
1928 2510 2048 2582 Justo-

687 2647 771 2712 rum,
796 2621 1055 2719 Prophetarum,
1090 2633 1124 2695 et
1149 2624 1405 2720 Apostolorum,
1431 2623 1719 2712 Praedicatorum,
1744 2623 2048 2718 Evangelistarum,

686 2739 883 2837 Martyrum,
910 2748 944 2811 et
969 2737 1220 2827 confessorum,
1246 2741 1440 2828 Doctorum,
1467 2750 1501 2812 et
1519 2738 1847 2833 Thaumaturgornm,
1874 2743 2048 2834 virginum
2182 2811 2187 2824 ,

687 2866 887 2943 amotarum,
901 2857 1146 2945 continentium,
1160 2857 1386 2947 jejunantium,
1402 2855 1652 2944 Monaohorum,
1670 2857 1918 2947 Solitariomm,
1938 2880 2047 2930 vero-

687 2994 759 3043 rum
784 2969 945 3060 fidelium,
971 2975 1179 3067 omniumque
1204 2971 1292 3043 hene
1318 2975 1502 3065 agentium,
1528 2982 1562 3043 et
1587 2995 1649 3068 per
1674 2996 1789 3045 eorum
1815 2995 1939 3070 preces
1965 2997 2047 3069 per-

616 3077 620 3085 ’
686 3086 808 3175 lectas,
835 3095 869 3159 et
893 3087 1150 3182 supplicationes
1177 3091 1444 3183 acceptissimus,
1472 3092 1585 3183 aspice
1610 3111 1673 3162 nos
1699 3089 1798 3163 oculo
1825 3090 2046 3178 misericordi,

635 3193 645 3203 ’
686 3204 845 3299 vultuque
872 3203 1058 3298 tranquillo,
1085 3215 1119 3274 et
1145 3225 1285 3292 sereno,
1310 3228 1438 3300 nosque
1465 3205 1609 3296 adJ'unge
1635 3206 1838 3298 agminibus,
1865 3206 2046 3294 ordinibus,

687 3333 721 3394 et
746 3321 939 3395 stationibus
966 3320 1160 3394 ddectorum
1186 3331 1331 3394 morum:
1358 3331 1393 3393 ut
1418 3344 1493 3393 cum
1519 3324 1586 3407 eis,
1619 3333 1653 3394 et
1679 3326 1764 3394 inter
1790 3346 1851 3396 eos
1878 3317 2046 3419 pure,'et

687 3448 801 3510 sancte
834 3436 981 3511 dicamus
1013 3436 1168 3533 hymnum
1200 3440 1271 3511 sine
1303 3438 1368 3510 iine
1401 3436 1477 3529 tihi,
1512 3447 1546 3509 et
1576 3438 1661 3510 Filio
1694 3449 1751 3511 tuo
1787 3442 1978 3531 unigenito,
2013 3448 2045 3510 et

686 3553 823 3649 Spiritui
849 3563 915 3626 tuo:

789 3669 948 3762 Populus.
1000 3672 1120 3741 Amen.

788 3785 967 3857 Diaconos
993 3787 1077 3856 dicit
1103 3785 1273 3857 Cononem
1299 3789 1454 3880 quintum.

788 3900 963 3972 Sacerdos
988 3902 1179 3974 inclinatas.
1226 3900 1328 3974 Effice
1354 3903 1496 3974 Domine
1522 3901 1641 3994 dignos
1667 3900 1839 3997 voluptate
1866 3906 1964 3995 regni
1991 3905 2040 3989 toi,

685 4020 804 4091 Patres
831 4016 971 4108 electos,
998 4018 1220 4114 doctoresque
1245 4016 1417 4113 probatos,
1444 4029 1479 4089 et
1496 4028 1630 4091 sanctos
1643 4017 1845 4114 Episcopus,
1871 4019 2041 4111 Ignatium,

686 4137 897 4231 Dionysium,
922 4133 1055 4224 dulium,
1080 4132 1308 4223 Athanasium,
1333 4132 1502 4224 Basilium,
1530 4134 1740 4227 Gregorium‚
1761 4134 1935 4229 Cyrillum,
1961 4135 2040 4205 reli-

687 4272 838 4348 quosque
864 4271 979 4323 omnes
1006 4250 1164 4337 sanctos,
1197 4253 1251 4345 qui
1284 4249 1413 4322 fortiter
1444 4261 1692 4344 pugnaverunt,
1723 4259 1756 4321 et
1780 4255 2040 4343 persecutionem

687 4370 777 4465 passi
803 4376 887 4454 sunt,
913 4388 975 4462 pro
1002 4366 1067 4439 tide
1093 4367 1245 4456 indivisa,
1273 4377 1306 4439 et
1331 4367 1543 4441 confessione
1569 4367 1757 4441 indubitata.

790 4482 939 4555 Elevans
964 4506 1090 4557 nocem.
1140 4485 1308 4556 Memento
1336 4485 1477 4556 Domine
1504 4505 1620 4557 eorum
1645 4487 1701 4578 qui
1727 4492 1841 4557 sancte
1868 4498 1904 4558 et
1930 4483 2039 4581 splen-

688 4600 763 4672 dide
788 4600 975 4674 Ecclesiam
1001 4611 1087 4673 tuam
1121 4611 1288 4688 sanctam,
1322 4603 1480 4693 unigeniti
1511 4600 1584 4672 Filii
1615 4603 1661 4672 tui
1696 4604 1858 4692 sunguine
1894 4611 2039 4696 emptam,

688 4715 909 4804 stabilierunt,
936 4726 970 4789 et
996 4715 1243 4789 confirmarunt:
1271 4720 1325 4811 qui
1351 4717 1473 4814 lumine
1498 4716 1691 4811 praeclaro,
1723 4726 1759 4787 et
1786 4714 1900 4790 divino
1928 4715 2039 4787 Theo-

687 4833 813 4925 logiae,
840 4832 1065 4921 adduxeruut,
1105 4843 1139 4904 et
1171 4842 1408 4907 converterunt
1441 4831 1582 4929 populos
1608 4832 1813 4905 intenebris
1840 4837 2039 4916 constitutos,

689 4948 731 5019 ad
756 4948 863 5021 lucem
890 4949 1070 5042 Evangelii
1097 4948 1217 5022 Christi
1244 4952 1304 5022 tui:
1331 4954 1385 5044 qui
1413 4971 1531 5022 secura
1558 4960 1681 5036 mente,
1707 4959 1741 5020 et
1766 4951 1897 5022 siucero
1925 4949 2037 5031 ammo,

688 5066 839 5139 veritatis
864 5076 941 5138 tuae
967 5088 1087 5159 causa,
1114 5065 1260 5162 pericula
1287 5068 1522 5158 sustinuerunt,
1547 5070 1746 5160 vineamque
1772 5063 1980 5162 spiritualem,
2005 5067 2037 5131 et
