4525 6034
705 500 816 575 xciv
1205 482 1593 583 orssaururro

378 703 692 777 narnnemoepnco.
705 690 888 763 infidelibus
914 690 1056 764 libenter
1083 715 1122 766 se
1149 690 1359 785 subjecerint
1412 691 1523 765 Rediit
1547 693 1719 784 Benjamiu
1747 704 1851 765 etex
1877 693 2070 769 Ducishlu-

380 804 467 861 ‘Wl‘
706 808 881 881 hamedani
907 820 1089 904 praecepto
1121 832 1188 881 non
1215 809 1315 880 modo
1341 807 1473 905 plenam
1507 813 1735 900 securitatem,
1768 810 1828 882 sed
1854 814 1886 882 in
1910 812 2070 888 Christia-

705 947 768 997 nos
795 948 912 998 omnes
941 949 1099 998 summam
1127 930 1336 999 autoritatem
1363 924 1511 998 obtinuit.
1540 925 1690 998 Graecus
1717 926 1929 1018 Patriarcha,
1964 935 2071 1026 etqui
2205 986 2207 1008 ι

705 1065 781 1113 eum
808 1041 1038 1135 agnoscebant
1065 1042 1188 1116 Graeci
1215 1064 1352 1131 omnes,
1386 1043 1488 1137 pulsi,
1521 1045 1565 1114 ita
1592 1053 1628 1115 ut
1662 1065 1724 1138 per
1757 1064 1862 1116 annos
1895 1051 2070 1138 nonaginta

705 1170 834 1254 septem
861 1159 1015 1232 Ecclesia
1043 1158 1239 1233 Orthodoxa
1266 1160 1445 1254 Episcopis
1473 1163 1630 1231 caruerit:
1667 1158 1870 1233 Sacerdotes
1904 1160 2070 1236 Constan-

703 1274 843 1370 tinopoli
869 1274 1120 1365 ordinabantur,
1149 1286 1204 1347 aut
1231 1275 1438 1349 Caesareae:
1474 1275 1627 1372 publicae
1654 1299 1805 1372 synaxes
1832 1276 1944 1350 nullae
1971 1291 2068 1352 eraut.

703 1392 741 1463 ln
768 1390 937 1464 Thebaide
973 1401 1006 1463 et
1031 1392 1246 1465 lllonasteriis
1279 1414 1360 1465 usus
1393 1391 1547 1464 Graecae
1579 1393 1713 1487 linguae
1746 1397 1809 1466 vix
1839 1405 1941 1467 erat:
1960 1406 2008 1467 'et
2032 1396 2069 1468 ab

705 1530 747 1579 eo
784 1519 931 1604 tempore
963 1512 998 1579 in
1031 1514 1135 1581 sacris
1177 1506 1329 1580 omnibus
1363 1506 1478 1600 libris,
1512 1509 1664 1602 Liturgia
1698 1510 1841 1597 scilicet,
1876 1510 2070 1602 Psalmodia,

706 1624 991 1709 OrdinationibuS,
1020 1623 1136 1697 Officio
1163 1624 1369 1719 baptismali,
1395 1627 1461 1695 imo
1488 1628 1521 1697 in
1539 1618 1782 1722 Diplomatibus
1799 1626 2069 1701 Patriarcbalibus

705 1744 813 1813 omnia
839 1741 1052 1836 Aegyptiace
1080 1746 1204 1837 scripta
1230 1743 1457 1836 reperiuntur,
1485 1741 1619 1815 Graece
1644 1745 1855 1837 paucissima.
1896 1742 2069 1839 Utramque
2159 1826 2164 1835 ⁸

702 1857 848 1950 linguam
874 1868 951 1930 ante
978 1856 1242 1930 Muhamedanos
1268 1869 1459 1953 usurpatam
1485 1858 1590 1931 luisse
1616 1862 1734 1951 negari
1760 1882 1827 1931 non
1853 1868 1984 1955 potest:
2015 1860 2069 1933 sed

704 1974 745 2046 ab
773 1975 905 2068 Imperii
931 1973 1248 2045 Muhamedanorum
1273 1976 1437 2070 Aegyptii
1463 1979 1570 2069 primo
1598 1976 1753 2065 saeculo,
1786 1998 1899 2071 neque
1932 1975 2069 2048 Jacobi-

702 2098 753 2159 tas
781 2088 913 2161 Graeca
939 2091 1074 2182 lingua,
1101 2113 1211 2186 neque
1238 2089 1449 2163 Orthodoxos
1473 2091 1613 2187 Coptica
1645 2113 1726 2165 usos
1753 2094 1786 2162 in
1806 2091 1990 2183 Ecclesiis,
2014 2097 2067 2163 iu-

702 2209 821 2277 venire
847 2205 946 2279 lacile
977 2217 1038 2279 est.

388 2324 689 2425 usurrrrrguaearaecae
807 2323 946 2396 XXXII.
975 2322 1109 2396 Certum
1137 2333 1248 2398 tamen
1275 2332 1327 2397 est
1360 2324 1522 2420 duplicem
1553 2324 1642 2397 illam
1676 2347 1774 2419 quam
1800 2323 1923 2397 Codex
1947 2323 2068 2414 Regius

379 2413 689 2552 glsslt¹ff¹¹¹¹⁰⁰t¹⁵³l¹¹td
703 2441 849 2511 continet
873 2440 1073 2533 Liturgiam,
1099 2439 1324 2512 Jacobitarum
1349 2441 1476 2533 luisse,
1502 2464 1570 2515 non
1597 2439 1890 2532 Orthodoxorum,
1926 2443 1955 2512 si
1995 2441 2067 2533 qui-

418 2516 454 2567 p¹
509 2516 668 2554 seranuses
681 2539 688 2553 ⁸
703 2555 777 2626 dem
804 2559 837 2626 in
864 2560 986 2652 prima,
1011 2556 1126 2630 Basilii
1153 2557 1295 2645 sedicet,
1322 2557 1477 2651 leguntur
1503 2561 1537 2628 in
1569 2554 1791 2630 Confessione
1823 2556 1881 2628 illa
1915 2553 2065 2627 celeber-

702 2676 804 2765 rima,
831 2698 917 2769 quae
942 2678 1178 2770 pronunciatur
1204 2685 1281 2745 ante
1307 2678 1556 2771 perceptionem
1589 2673 1836 2763 Eucharistiae,
1870 2676 1936 2745 ista
1967 2670 2066 2744 verba

703 2788 745 2861 de
762 2814 863 2863 carne
877 2791 1008 2863 Christi.
1022 2790 1176 2887 Ἠαβιν
1196 2788 1310 2887 αὐτὴν
1332 2795 1371 2865 ἐκ
1385 2798 1446 2888 τῆς
1459 2790 1562 2890 ἁγίας
1578 2788 1765 2887 δεσποίνης
1776 2788 1881 2886 ἡμῶν
1894 2785 2064 2863 θεστόκου

701 2910 762 2981 καὶ
773 2905 1015 3007 ἀιιπαρθώιου
1027 2909 1189 3009 Μαρίας,
1199 2906 1259 2980 καὶ
1269 2906 1551 3005 ἐποίησεναύιὴν
1560 2905 1778 3003 μίανσύντῇ
1786 2903 1938 3003 decerpet
1950 2901 2065 2991 αὐτοῦ,

700 3021 753 3122 μή
764 3030 803 3100 ἐν
809 3025 918 3120 μίξει,
929 3024 1023 3122 μηδὲ
1037 3030 1076 3102 ἐν
1092 3032 1229 3125 <puppup
1235 3083 1247 3116 ,
1258 3023 1352 3121 μηδὲ
1367 3029 1406 3100 ἐν
1419 3022 1616 3102 ἀλλοιώσει.
1644 3029 1795 3120 Accepit
1804 3049 1878 3097 eom
1895 3048 1941 3096 ea:
1954 3029 2065 3096 sonmo

702 3143 851 3214 Domino
868 3149 988 3214 noane
1007 3145 1168 3236 Detporo
1191 3149 1225 3213 et
1249 3165 1381 3236 semper
1409 3144 1547 3238 Virpr'ne
1567 3145 1701 3231 Mario,
1721 3149 1761 3220 ,et
1773 3146 1861 3235 fecit
1880 3164 1957 3212 earn
1976 3162 2065 3211 aaran

704 3281 775 3329 curu
792 3261 970 3331 diuinitate
987 3285 1051 3332 auo
1066 3283 1135 3330 non
1153 3283 1219 3353 per
1237 3263 1443 3351 mistionem,
1471 3264 1718 3354 confasionem,
1747 3265 1808 3329 out
1827 3259 2064 3329 alterationem.

409 3401 493 3454 verua
513 3400 689 3453 somessione
806 3377 960 3448 XXXIII.
987 3376 1131 3449 Possem
1158 3374 1289 3471 quidem
1315 3375 1422 3448 verba
1449 3381 1512 3449 ista
1545 3376 1588 3448 ad
1615 3375 1845 3448 orthodoxam
1877 3376 2064 3449 sententiam

377 3487 539 3587 Jpoopnream
566 3496 660 3539 ⁸⁰⁰¹¹¹¹¹¹
704 3492 882 3587 explicari:
915 3493 1002 3565 unde
1029 3496 1057 3568 si
1085 3497 1157 3588 quis
1184 3496 1217 3564 in
1250 3491 1475 3565 Jacobitarum
1510 3493 1602 3565 labris
1633 3496 1740 3564 minus
1753 3489 1760 3501 ’
1775 3493 1977 3561 exercitatus
2007 3498 2063 3575 est,

378 3575 530 3643 ⁸¹g⁰¹⁶l³¹¹¹³'
704 3608 745 3680 de
771 3612 963 3702 conjectura
989 3620 1104 3684 nostra
1131 3607 1312 3700 dubitabit,
1340 3609 1425 3681 adeo
1451 3612 1601 3705 pervasit
1628 3612 1771 3680 omnium
1790 3627 1898 3702 prope
1921 3605 2062 3677 Theolo-

704 3748 823 3818 gorum
850 3729 977 3799 animos
1004 3730 1137 3799 sinistra
1164 3727 1205 3798 de
1232 3724 1394 3798 Jacobitis
1419 3724 1526 3815 fama,
1558 3727 1654 3821 quasi
1678 3722 1921 3818 Eutychianam
1946 3720 2062 3792 baere-

703 3845 754 3916 sin
780 3834 996 3933 conservent,
1024 3853 1080 3915 aut
1105 3842 1279 3939 Eutychen
1306 3852 1516 3913 venerentur.
1569 3842 1617 3915 At
1641 3845 1739 3913 istum
1766 3832 2002 3927 condemnarit,
2033 3846 2062 3907 et

328 4042 334 4063 ἡ
704 3958 876 4031 anathema
904 3964 936 4031 in
963 3984 1038 4032 eum
1064 3963 1303 4056 pronunciant,
1331 3961 1468 4054 ejusque
1494 3957 1670 4048 haeresin,
1696 3966 1732 4028 ut
1754 3955 2062 4054 Apollinaristarum

377 4074 690 4147 flet-Panderdffi·
703 4080 809 4148 errori
835 4081 1041 4174 proximam,
1078 4077 1290 4149 detestantur.
1317 4075 1507 4171 Eapropter
1538 4077 1746 4164 mistionem,
1778 4072 2002 4144 contusionem
2032 4078 2062 4140 et

379 4162 657 4216 ³⁶¹'³⁶⁵'⁴⁷¹‘⁵⁸¹‘
703 4195 929 4268 alterationem
955 4197 1127 4287 rejiciunt,
1154 4195 1253 4289 idque
1279 4215 1346 4264 non
1373 4192 1471 4264 modo
1497 4196 1531 4263 in
1556 4190 1685 4282 multis,
1719 4212 1804 4284 quae
1839 4193 1872 4259 in
1898 4187 1989 4260 libris
2018 4185 2061 4256 il·

701 4310 808 4383 lorum
835 4323 987 4402 exstant,
1014 4311 1090 4403 lidei
1118 4308 1415 4403 Confessionibus,
1450 4311 1510 4383 sed
1540 4311 1574 4379 in
1600 4331 1641 4379 ea
1669 4330 1766 4402 quam
1795 4305 1967 4397 Litargiae
1993 4312 2061 4374 ante

702 4432 964 4501 communionem
993 4427 1145 4518 Graece,
1173 4427 1331 4523 Coptice,
1358 4437 1392 4499 et
1417 4425 1563 4499 Arabiae
1586 4422 1702 4516 jubent
1728 4424 1950 4518 pronunciari.
1996 4419 2058 4490 lmo

702 4546 789 4640 quod
815 4548 923 4639 magis
949 4545 1132 4617 mirandum
1159 4545 1307 4636 videtur,
1336 4542 1653 4616 consatbstaatiotem
1675 4544 1786 4633 patri,
1822 4538 1964 4610 fatentur
1989 4555 2059 4605 esse

643 4680 646 4687 '
702 4663 885 4751 Christum,
922 4663 1102 4734 scaranem
1136 4663 1344 4732 divinitatem
1352 4690 1365 4746 ,·
1406 4657 1723 4730 conadamntiolem
1756 4655 1855 4726 achia
1891 4652 2059 4726 secandae

377 4798 688 4871 samaritanam.
701 4779 957 4855 humanitatem:
995 4778 1113 4874 quibus
1147 4779 1282 4869 verbis,
1315 4799 1390 4849 cum
1423 4775 1496 4848 Leo
1522 4774 1694 4847 Romanus
1719 4770 1877 4844 Pontifex
1910 4787 2055 4842 summam

703 4894 919 4967 Orthodoxae
946 4895 988 4966 de
1014 4896 1244 4967 lncamatione
1270 4894 1346 4966 fidei
1373 4892 1592 4981 concluserit,
1624 4910 1692 4962 non
1718 4888 1842 4959 idcirco
1870 4896 1978 4959 tamen
1992 4883 2056 4953 Or-

702 5011 840 5085 thodoxi
874 5020 965 5101 sunt,
1001 5034 1076 5084 cum
1108 5014 1142 5084 in
1177 5012 1312 5083 duarum
1351 5021 1541 5082 naturarum
1576 5006 1788 5104 professione
1829 5004 2055 5097 ⁴Nestorianam
