4525 6034
563 547 1259 626 JhGOBlBARhDATl.
1522 538 1607 624 335'

294 734 517 812 ‚Sacerdos
572 736 853 830 Quotiescumque
879 738 980 828 igitur
1006 733 1246 809 manducabitis
1272 758 1393 832 panem
1425 735 1531 825 hunc,
1568 748 1602 808 et

227 847 366 921 calicem
392 849 479 923 hunc
506 852 645 942 bibetis,
672 859 813 923 mortem
840 861 875 922 et
900 854 1180 924 resurrectionem
1207 872 1317 922 meam
1349 872 1599 924 commemora-

225 965 321 1047 bitis,
349 965 456 1037 donec
483 970 624 1038 veniam.

201 1150 203 1153 ,
329 1081 491 1173 Populus.
544 1082 664 1154 Mortis
690 1092 778 1154 tuae.
1159 1180 1162 1183 ι

329 1195 513 1267 Sacerdos.
567 1197 755 1269 Secundum
783 1192 992 1292 praeclaram
1028 1208 1115 1269 tuam
1150 1196 1358 1270 traditionem
1391 1197 1598 1284 dominicam,

226 1334 327 1407 super
352 1311 417 1384 hoc
443 1314 640 1385 sacrificium
667 1316 843 1408 mysticum
870 1321 904 1383 et
931 1312 1096 1400 divinum,
1123 1317 1317 1385 memoriam
1346 1317 1475 1407 agimus
1498 1318 1598 1386 totius

223 1426 352 1522 periodi
378 1427 634 1523 dispensationis
661 1438 760 1514 tuae,
787 1449 849 1524 pro
876 1426 993 1501 nobis:
1021 1432 1250 1524 conceptionis
1278 1439 1374 1519 tuae,
1410 1438 1444 1500 et
1470 1432 1597 1501 nativi-

223 1548 299 1614 tatis
335 1552 412 1615 tuae
447 1566 493 1615 ex
526 1542 666 1636 Virgine
701 1545 847 1639 Deipara
878 1543 1001 1615 Maria:
1037 1543 1192 1639 baptismi
1230 1548 1275 1617 tui
1307 1548 1341 1616 in
1376 1544 1544 1639 iordane,
1578 1568 1598 1614 a

222 1658 355 1729 loanne
381 1681 602 1754 praecursore
629 1670 704 1748 tu03
731 1662 897 1753 passionis
923 1669 957 1731 et
982 1662 1099 1733 mortis
1125 1669 1204 1731 tuae
1220 1659 1447 1733 voluntariae:
1476 1662 1596 1756 sepul-

223 1784 318 1847 turae
346 1784 422 1846 tuae
458 1783 491 1844 et
523 1778 779 1848 resurrectionis
812 1785 889 1846 tuae
925 1774 967 1845 de
1001 1774 1178 1870 sepulcro,
1218 1786 1296 1870 post
1326 1779 1455 1849 tertium
1483 1776 1596 1869 diem3

190 1892 442 1962 ‘Ascensionis
470 1900 547 1961 tuae
573 1890 761 1983 gloriosae,
788 1900 822 1962 et
848 1893 1010 1963 sessionis
1037 1890 1236 1983 magnificae
1263 1902 1339 1962 tuae
1366 1891 1408 1962 ad
1422 1890 1597 1962 dexteram

221 2004 329 2076 Patris
356 2010 410 2077 tui.
464 2005 593 2078 Rursus
621 2011 813 2080 memoriam
842 2010 971 2098 agimus
999 2003 1163 2078 adventus
1200 2010 1245 2077 tui
1272 2007 1434 2078 tremendi
1460 2017 1494 2077 ct
1518 2006 1597 2078 for-

221 2120 366 2193 midandi
393 2144 414 2192 e
439 2122 557 2210 coelis,
586 2121 717 2217 quando
744 2120 950 2193 revelabitur
975 2121 1084 2213 gloria
1110 2124 1295 2213 majestatis
1322 2132 1411 2209 tuae,
1443 2126 1595 2216 supernis

221 2235 316 2306 simul
354 2246 387 2308 et
417 2236 553 2325 infimis3
586 2238 717 2333 quando
745 2238 904 2310 excitabit
929 2237 1040 2309 valida
1067 2260 1140 2310 vox
1172 2246 1227 2308 tun
1254 2259 1369 2310 omnes
1398 2249 1547 2311 mortuos
1576 2262 1595 2308 e

220 2349 393 2445 sepulcris,
422 2352 549 2448 absque
570 2357 802 2449 corruptione:
830 2353 963 2455 quando
977 2356 1009 2423 in
1037 2357 1116 2444 igne
1142 2375 1301 2425 secernes
1316 2356 1426 2445 justos
1453 2352 1495 2425 ab
1523 2358 1594 2424 ini-

222 2469 307 2560 quis,
331 2476 365 2538 et
379 2465 496 2541 lideles
517 2466 559 2539 ab
583 2468 781 2559 infidelibus,
805 2491 1016 2563 veracesque
1032 2467 1296 2542 amendacibus:
1320 2469 1450 2563 quando
1466 2469 1595 2565 pudore
1677 2524 1679 2531 ,

219 2580 462 2654 confundentur
487 2583 625 2673 ludaei,
659 2587 713 2679 qui
741 2595 774 2656 te
801 2584 1054 2672 crucifixerunt,
1095 2594 1129 2655 et
1155 2583 1398 2657 contundentur
1431 2584 1595 2674 infideles,

220 2700 276 2790 qui
303 2707 337 2768 te
364 2708 611 2772 contemserunt
644 2710 679 2772 et
713 2699 887 2790 tabescent
919 2700 1096 2788 haeretici,
1125 2703 1180 2793 qul
1206 2709 1240 2771 tc
1267 2699 1473 2771 contumeliis
1505 2699 1594 2773 affe-

219 2825 350 2884 cemnt:
391 2814 522 2909 quando
558 2814 767 2888 laetabuntur
802 2819 883 2909 justi
922 2818 977 2909 qui
1014 2825 1048 2886 te
1084 2814 1286 2902 dilexerunt,
1329 2825 1363 2886 et
1398 2815 1594 2902 exultabunt

218 2927 333 3000 Sancti
361 2933 415 3024 qui
444 2940 477 3002 te
504 2942 717 3004 amaverunt:
744 2931 935 3025 laetitiaque
962 2940 995 3001 et
1011 2929 1135 3021 gaudio
1158 2929 1408 3002 cumulabuntur
1426 2930 1592 3025 praeclari

219 3042 265 3115 illi
293 3047 374 3133 virt,
411 3049 467 3140 qui
501 3046 558 3118 tibi
595 3046 830 3119 adhaeserunt:
859 3046 990 3141 quando
1018 3043 1127 3137 gloria
1161 3045 1295 3120 ornabis
1327 3044 1533 3141 Prophetas,
1561 3056 1595 3118 et

217 3158 404 3255 Apostolos
430 3183 533 3257 super
559 3162 696 3234 thronos
722 3162 853 3254 gloriae
879 3159 1081 3248 collocabis,
1108 3161 1344 3256 Martyrcsque
1378 3170 1413 3232 et
1439 3160 1592 3235 Confes-

113 3330 121 3337 .
219 3295 317 3347 sores
344 3278 537 3350 coronabis:
565 3278 697 3373 quando
725 3278 884 3349 Pastores
911 3287 945 3349 et
970 3275 1139 3349 Doctores
1162 3275 1379 3351 Orthodoxos
1394 3276 1481 3349 stola
1507 3276 1590 3369 glo-

216 3392 287 3461 riae
314 3391 452 3483 iudues,
480 3394 716 3488 solitariosquc
742 3404 777 3465 et
801 3393 981 3484 religiosos
1009 3391 1051 3462 ad
1078 3414 1228 3465 mensam
1253 3397 1350 3485 regni
1377 3396 1422 3464 tui
1449 3416 1589 3465 accum-

217 3502 299 3577 bere
323 3507 476 3599 jubebis‚
504 3510 729 3604 Virginesque
756 3520 790 3580 et
815 3508 955 3604 pudicos
981 3512 1015 3579 in
1042 3506 1219 3580 thalamum
1252 3505 1395 3578 lucidum
1422 3513 1517 3599 regni
1545 3512 1591 3579 tui

216 3620 426 3695 introduces:
455 3623 585 3717 quando
612 3624 698 3698 lilios
727 3623 889 3697 dexterae
916 3623 959 3696 ad
985 3645 1124 3716 regnum
1151 3621 1305 3711 vocabis,
1332 3633 1366 3693 et
1390 3622 1477 3695 filios
1504 3626 1591 3695 sini-

217 3745 308 3809 strae
334 3741 367 3808 in
393 3737 580 3829 gehennam
607 3763 694 3835 quae
719 3763 786 3814 non
813 3744 1034 3833 extinguitur,
1061 3762 1136 3810 cum
1163 3736 1297 3811 diabolo
1324 3747 1358 3808 et
1384 3740 1490 3834 copiis
1518 3742 1591 3830 ejus

217 3852 421 3925 amandabis.
474 3855 511 3925 In
538 3854 594 3928 illo
620 3867 773 3952 tempore
799 3857 941 3928 Domine
967 3855 1066 3950 plene
1084 3854 1398 3941 misericordiarum,
1426 3875 1492 3948 quo
1507 3853 1591 3925 haec

217 3972 327 4042 omnia
360 3969 589 4065 perficientur,
623 3972 798 4067 honosque
838 3996 858 4043 a
894 3971 989 4043 malis
1030 3967 1223 4065 separabis,
1266 3994 1340 4041 cum
1383 3970 1498 4042 electis
1526 3973 1590 4045 tuis

215 4094 324 4158 statue
350 4107 431 4173 n0s3
458 4109 531 4158 cum
558 4085 622 4158 illis
648 4087 775 4159 scilicet
801 4090 855 4181 qui
882 4086 1093 4183 perfecerunt
1112 4085 1318 4156 voluntatem
1337 4096 1425 4158 trram
1452 4096 1592 4157 numera

214 4224 298 4290 nos3
324 4224 399 4272 cum
425 4200 489 4273 illis
516 4206 570 4296 qui
597 4212 690 4274 recte
716 4202 936 4275 laudaverunt
961 4214 1015 4290 te,
1042 4204 1208 4292 conjunge
1234 4221 1314 4271 nos:
1342 4200 1502 4273 cumillis
1537 4203 1592 4295 qui

214 4316 495 4412 praedicaverunt
521 4328 553 4389 te
580 4318 688 4390 Deum
715 4321 918 4389 incarnatum
947 4315 1074 4410 absque
1107 4317 1350 4404 homuncione,
1386 4314 1483 4388 simul
1515 4337 1590 4385 cum

214 4431 312 4506 bonis
340 4431 507 4521 moribus,
534 4437 696 4507 constitue
723 4456 803 4522 nos,
831 4443 966 4504 etcum
993 4433 1033 4502 iis
1061 4434 1115 4524 qui
1134 4429 1328 4525 placuerunt
1345 4429 1403 4501 tihi
1419 4428 1589 4524 perfidem
1644 4510 1650 4520 Ι

216 4557 250 4618 et
277 4569 382 4643 opera
408 4544 515 4635 hona,
543 4548 586 4620 ad
613 4571 762 4621 mensam
788 4547 951 4621 bonorum
979 4550 1077 4637 regni
1104 4549 1151 4617 tui
1177 4568 1250 4616 cum
1269 4545 1442 4640 voluptate
1460 4544 1591 4618 colloca

215 4684 288 4734 nos.
340 4661 497 4734 Ecclesia
523 4674 579 4736 tun
606 4663 749 4736 Domine
775 4665 869 4737 Deus
903 4674 1021 4736 noster
1046 4662 1148 4734 lesus
1183 4656 1330 4748 Christe,
1366 4683 1451 4755 quae
1486 4661 1592 4732 credit

214 4787 356 4850 mortem
383 4789 417 4849 et
443 4783 723 4852 resurrectionem
749 4787 857 4866 mam,
887 4789 920 4849 et
946 4779 1064 4851 adorat
1090 4772 1224 4848 crucem
1248 4786 1354 4865 tuam,
1381 4775 1591 4869 gemebunda

217 4893 415 4987 deprecatur
441 4902 475 4965 te
501 4916 563 4987 pro
591 4895 641 4964 his
669 4892 841 4981 omnihus,
868 4904 903 4965 et
929 4894 1063 4965 Patrem
1090 4902 1179 4963 tuum
1206 4890 1330 4962 dicens.

321 5006 483 5101 Populus.
530 5009 706 5083 Miserere.
