4525 6034
564 541 617 617 Ab
641 540 845 618 IlTUllGldil
864 540 1057 618 cornelli
1075 541 1106 619 S.
1123 542 1268 619 ristun.
1520 545 1597 619 249

235 745 302 793 oum
324 726 406 808 apud
427 723 615 789 Praefectum
637 724 771 808 Aegypti
793 726 891 809 gratia
912 724 1038 805 valeret,
1061 744 1099 790 eo
1121 728 1188 809 ipso
1210 727 1242 789 in
1264 733 1375 806 castro,
1397 728 1450 790 ubi
1461 726 1598 811 liturgia

233 827 270 889 ab
296 826 460 909 Episcopis
487 825 711 904 celebrabatur,
744 825 858 907 pulsari
892 845 932 888 ex
960 826 1112 907 superiori
1140 825 1271 890 tabulato
1305 827 1466 910 campanas
1495 830 1597 911 jussit,

231 945 318 990 more
347 926 455 1007 patrio.
499 923 625 1006 Reliqua
653 925 691 986 ad
719 925 817 1004 ipsum
844 922 1022 987 elevationis
1051 926 1140 987 ritum
1174 926 1341 1007 spectantia
1373 927 1435 1009 legi
1470 937 1598 1008 possunt

92 1089 97 1106 ,
232 1033 376 1108 qnantum
398 1024 435 1088 ad
457 1023 579 1087 Latinos
602 1031 633 1087 et
655 1025 789 1086 Graecos
810 1023 954 1105 pertinet,
981 1025 1012 1087 in
1035 1023 1264 1087 Commentariis
1294 1022 1401 1088 iacobi
1430 1025 1532 1090 Goarii
1558 1028 1597 1091 ad
1631 1075 1633 1080 -

232 1125 445 1207 chrysostomi
466 1123 646 1206 Liturgiam:
670 1124 747 1186 notis
770 1123 905 1205 Hugonis
927 1123 1078 1203 herardi,
1113 1123 1151 1187 ad
1181 1123 1322 1206 Gregorii
1348 1124 1457 1188 librum
1484 1124 1596 1188 Sacra-

231 1225 411 1288 mentalenr:
441 1222 607 1286 Cardinalis
633 1222 736 1285 Bonae
764 1223 906 1286 Tractatn
935 1222 973 1285 do
1000 1224 1092 1287 rebus
1120 1222 1297 1305 liturgicis,
1325 1224 1438 1305 optimo
1461 1243 1535 1288 sane
1563 1232 1596 1288 et

232 1323 422 1406 percrudis,
446 1331 507 1386 tum
529 1324 609 1404 apud
631 1330 753 1384 autores
776 1322 851 1386 alios
874 1323 926 1403 qui
947 1323 1059 1405 passim
1088 1323 1215 1386 anobis
1238 1322 1388 1406 designati
1409 1333 1486 1388 sunt.
1529 1325 1596 1388 lam

233 1422 271 1485 de
293 1422 481 1486 Adoratione
492 1421 708 1499 Eucharisliae,
730 1429 871 1503 quantum
893 1422 931 1484 ad
946 1421 1116 1486 Orientales
1138 1423 1277 1503 pertinet,
1300 1424 1405 1504 paucis
1428 1425 1596 1493 dicendum.

321 1522 448 1585 Consta
469 1539 543 1584 sane
559 1540 599 1584 ex
614 1522 743 1584 omnium
758 1522 991 1604 Theologorum,
1014 1524 1073 1585 imo
1086 1522 1325 1600 Protestantium‚
1347 1525 1505 1603 sententia,
1528 1523 1597 1587 cul-
1643 1543 1683 1598 bs
1696 1545 1921 1601 summm.

232 1629 294 1684 nrm
316 1621 400 1684 illurn
421 1622 614 1704 religiosum,
635 1622 677 1684 ita
707 1639 774 1684 cum
803 1621 862 1685 lide
890 1621 981 1685 realis
1003 1623 1194 1703 praesentiae
1216 1623 1353 1703 corporis
1383 1633 1414 1686 et
1441 1624 1596 1706 sanguinis
1609 1631 1745 1686 chariritas
1778 1636 1919 1706 uuqattm

233 1722 346 1786 Christi
368 1724 399 1784 in
421 1721 631 1800 sacramento,
661 1739 784 1802 semper
811 1722 1001 1804 conjunctum
1029 1720 1138 1800 luisse,
1167 1728 1200 1782 ut
1228 1723 1280 1802 qui
1308 1740 1374 1785 eam
1401 1722 1596 1799 crediderint,
1608 1728 1738 1789 usurpata.

231 1823 381 1885 adorasse
402 1821 618 1886 Eucharistiam
641 1821 819 1899 verisimile,
849 1823 908 1884 imo
938 1830 1053 1885 certum
1087 1819 1302 1901 quodammodo
1333 1839 1403 1885 esse
1431 1822 1596 1888 videretur.

232 1920 309 1985 Cum
337 1923 439 2003 itaque
474 1929 595 1984 sancms
624 1920 729 1984 Patres
756 1922 796 1983 ita
823 1923 957 1985 sensisse
984 1922 1057 1984 satis
1084 1920 1317 1983 demonstratum
1344 1919 1452 1998 luerit,
1482 1921 1598 1985 etiamsi

230 2022 395 2102 perspicua
417 2021 585 2083 testimonia
607 2019 694 2083 nobis
716 2019 864 2098 deforent,
887 2020 1015 2082 dubitari
1037 2029 1136 2082 tamen
1158 2037 1218 2081 non
1241 2025 1347 2100 posset
1373 2021 1444 2100 quin
1473 2021 1598 2088 Eucbui.

231 2122 317 2183 ristia
346 2121 470 2184 adorata
501 2121 663 2201 antiquitus
692 2119 792 2184 luerit.
838 2122 878 2183 At
907 2120 1083 2184 testimoniis
1113 2117 1264 2181 Ambrosii
1293 2118 1313 2182 l.
1349 2115 1381 2185 3.
1416 2118 1454 2181 de
1483 2118 1597 2201 Spiritu

232 2228 351 2296 sancto,
374 2238 440 2302 cap.
467 2221 517 2284 12.
540 2221 702 2303 Augustini
724 2221 753 2281 in
776 2219 923 2283 Psalmum
945 2219 997 2282 98.
1027 2216 1211 2281 'lbeodoreti
1233 2219 1263 2280 in
1285 2216 1417 2299 Dialogo
1432 2203 1597 2301 Ἅσύγχυ-

230 2339 297 2394 τος,
322 2318 429 2400 Cyrilli
459 2318 617 2382 catechesi
646 2319 856 2402 Mystagogica
886 2320 922 2382 V.
955 2325 986 2380 et
1014 2316 1191 2399 quibusdam
1217 2316 1283 2378 aliis
1315 2317 1438 2398 probari
1467 2324 1597 2380 conten-

232 2420 347 2496 dimus,
376 2437 431 2482 eos
458 2418 679 2497 Eucharistiae,
707 2435 768 2481 non
795 2420 891 2481 ninus
920 2436 1008 2499 quam
1035 2433 1129 2479 verae
1157 2415 1268 2479 Christi
1298 2418 1380 2480 carni
1408 2406 1597 2501 τεθεωμένῃ

105 2517 112 2540 “
233 2517 440 2581 adorationem
463 2516 655 2582 deferendam
677 2519 843 2582 censuisse.
887 2518 994 2599 Neque
1016 2517 1140 2579 multum
1167 2517 1318 2579 immorari
1346 2516 1459 2580 debore
1488 2516 1596 2579 existi-

233 2621 379 2681 mavimus
401 2619 432 2679 in
454 2617 667 2699 conquirendis
690 2618 897 2682 autoritatibus
927 2617 965 2680 dc
992 2616 1049 2680 lroe
1071 2623 1269 2699 arguunento,
1297 2623 1348 2678 aut
1377 2635 1416 2679 ex
1443 2615 1508 2679 aliis
1534 2631 1597 2677 non

233 2718 309 2781 adeo
333 2719 503 2799 perspicuis
526 2718 677 2782 deducere
698 2717 892 2798 probationes
913 2736 1007 2780 novas
1030 2718 1110 2781 circa
1125 2716 1300 2801 religiosum
1322 2715 1506 2779 sacramenti
1528 2715 1597 2778 oul-

152 2823 155 2828 ’
233 2826 305 2891 tum,
328 2824 362 2878 ut
385 2817 422 2879 ad
444 2817 525 2880 illurn
546 2816 606 2880 loci
628 2818 746 2899 quidam
777 2817 829 2881 SS.
860 2817 913 2882 Pl'.
937 2815 1143 2897 referrentur,
1174 2816 1225 2897 qni
1254 2814 1341 2878 aliter
1370 2814 1496 2898 intelligi
1518 2833 1596 2897 pos-

234 2924 315 2993 sunt,
338 2923 369 2978 et
391 2916 510 2980 deberit.
532 2915 618 2979 Unde
640 2916 740 2980 locum
762 2915 862 2979 Basilii
884 2915 962 2979 libro
985 2916 1022 2978 de
1046 2917 1159 2998 Spiritu
1181 2921 1302 2989 sancto,
1334 2933 1421 2997 quem
1452 2916 1595 2996 superius

232 3016 400 3095 retulimus,
423 3015 476 3077 ubi
497 3013 535 3078 de
556 3014 750 3079 invocatione
773 3017 899 3096 Spiritus
923 3016 1017 3078 sancti
1040 3015 1198 3098 agebatur,
1222 3015 1333 3095 quique
1355 3015 1487 3076 meminit
1514 3002 1595 3077 dra-

234 3109 368 3193 δείξεως
382 3115 467 3195 panis
484 3123 516 3178 et
537 3115 649 3192 caliois,
672 3115 710 3177 ad
731 3117 889 3196 utriusque
911 3114 1113 3177 ostensionem
1136 3131 1198 3176 non
1220 3115 1374 3194 pertinere
1397 3113 1595 3176 certissimum

232 3222 292 3291 est,
319 3215 454 3296 quanwb
483 3213 661 3278 bellarmino
690 3215 851 3296 multisque
873 3213 939 3277 aliis
973 3215 1069 3278 risum
1097 3214 1186 3276 aliter
1214 3213 1312 3276 luerit.
1355 3212 1431 3275 Nam
1459 3232 1496 3277 eo
1525 3214 1594 3277 loco

232 3301 402 3390 ἀνάδειξις
412 3312 533 3392 Basilio,
556 3321 604 3376 est
617 3314 805 3376 consecratio
827 3314 1041 3377 elementorum
1057 3315 1088 3375 in
1103 3331 1215 3396 corpus
1231 3320 1262 3376 et
1274 3314 1451 3395 sanguinem
1467 3312 1593 3391 Christi3

230 3430 342 3494 nempe
363 3430 440 3495 opus
463 3412 593 3475 dirim
615 3414 697 3494 qnod
719 3431 736 3475 a
758 3413 824 3476 Deo
846 3413 1017 3495 postulatur
1038 3431 1095 3493 per
1117 3415 1317 3475 interventum
1343 3416 1439 3477 sancti
1466 3415 1594 3496 Spiritus

231 3512 381 3575 illabentis
403 3513 434 3573 in
456 3511 534 3574 dona
555 3515 723 3594 proposita,
745 3532 806 3578 non
829 3514 906 3576 actio
930 3512 1028 3594 aliqua
1050 3511 1088 3574 ad
1111 3511 1295 3595 disciplinam
1315 3514 1498 3576 exteriorem
1519 3530 1596 3593 per-

232 3613 343 3674 tinens.
387 3609 447 3674 Sed
470 3613 600 3673 enimin
622 3612 680 3675 illis
704 3630 781 3693 quae
804 3613 1007 3693 antiquitatem
1019 3611 1261 3675 Ecclesiasticarn
1284 3618 1432 3694 spectant,
1455 3612 1594 3693 dogmate

232 3710 353 3793 quidem
382 3711 412 3772 in
440 3718 610 3773 sanctorum
637 3712 756 3775 Petrum
785 3713 904 3793 scriptis
932 3711 1106 3793 quaerenda
1128 3718 1215 3790 sunt,
1242 3711 1282 3773 ita
1308 3718 1341 3772 ut
1364 3709 1444 3791 quod
1466 3710 1595 3791 ignora-

232 3812 342 3889 verint,
372 3818 504 3872 autnon
527 3812 658 3892 propriis
688 3812 789 3874 verbis
819 3811 1027 3892 communique
1056 3828 1206 3874 consensu
1235 3810 1405 3889 docuerint,
1439 3809 1476 3871 ad
1506 3808 1595 3872 inem

231 3928 294 3973 non
314 3911 470 3991 pertinere
491 3911 587 3991 possit
605 3910 749 3992 judicari:
773 3919 803 3974 at
824 3912 854 3973 in
877 3910 1031 3992 disciplina
1054 3929 1104 3973 res
1126 3909 1214 3972 aliter
1235 3929 1270 3973 se
1292 3910 1393 3990 habet,
1417 3928 1483 3974 cum
1512 3911 1594 3973 circa

232 4010 312 4072 illam
332 4026 453 4090 semper
475 4027 545 4073 csse
567 4011 710 4091 potuerit,
734 4018 765 4073 et
786 4010 878 4073 luerit
890 4011 1011 4073 innoxia
1025 4009 1196 4089 diversitas,
1219 4010 1301 4073 nullo
1324 4027 1417 4073 sanae
1439 4011 1595 4073 doctrinae

232 4107 412 4172 detrimento
435 4128 471 4172 ac
492 4110 643 4190 periculo:
671 4118 701 4173 et
722 4111 813 4173 multa
835 4127 892 4191 per
919 4109 1109 4174 uadtionem
1138 4110 1175 4173 ad
1205 4108 1358 4173 Ecclesias
1387 4111 1594 4191 pervenerint,

233 4226 361 4290 quorum
383 4210 567 4290 perscriptas
597 4211 772 4274 autoritates
801 4207 942 4291 prolerre
967 4212 1020 4272 uix
1048 4209 1137 4282 lieet,
1168 4211 1318 4289 quamvis,
1347 4216 1381 4271 ut
1407 4210 1595 4293 Augustinus

232 4315 304 4389 post
325 4305 476 4388 Basiliam,
500 4308 756 4391 chrysostomum,
780 4317 812 4372 et
832 4327 936 4372 omnes
959 4309 1034 4372 alios
1056 4309 1175 4387 docuit,
1203 4329 1244 4372 ex
1265 4309 1331 4371 sola
1359 4327 1463 4372 eorum
1485 4311 1595 4371 rituum

233 4406 450 4470 observatione
473 4416 592 4471 constet
613 4408 808 4487 sufficienter,
846 4409 927 4490 qnod
959 4409 996 4472 ab
1019 4409 1197 4491 Apostolica
1224 4408 1384 4472 traditione
1405 4410 1594 4491 proveniant.

235 4505 311 4572 Cum
333 4507 426 4588 igitur
447 4508 654 4573 Eucharistiae
685 4509 887 4573 adorationem
915 4516 1062 4591 perpetua
1092 4509 1211 4572 traditio
1240 4510 1368 4573 omnium
1391 4508 1596 4571 Ecclesiarum

235 4607 435 4684 commendet,
458 4608 584 4690 ejusque
606 4608 689 4671 initia
711 4611 861 4693 assignari
881 4608 962 4671 nulla
985 4610 1111 4690 possint,
1134 4617 1273 4690 tanquam
1294 4627 1391 4690 nuper
1408 4608 1595 4672 introductae

237 4713 343 4768 contra
365 4708 511 4785 majorum
532 4708 680 4789 exempla,
704 4726 764 4771 non
787 4717 833 4772 est
861 4708 941 4790 quod
969 4708 1105 4774 laborent
1134 4708 1298 4791 Theologi,
1325 4710 1356 4772 in
1383 4708 1596 4789 conquirendis

232 4812 372 4868 veterum
409 4808 586 4870 testimoniis
621 4809 653 4870 in
688 4825 723 4870 re
751 4807 900 4887 evidenti,
936 4826 1014 4888 quae
1045 4816 1077 4871 ut
1112 4827 1172 4872 non
1210 4809 1363 4888 ascripta
1395 4808 1493 4891 aliqua
1522 4809 1593 4891 lege

233 4902 319 4966 ducit
341 4905 499 4987 originem,
521 4907 563 4969 ita
584 4908 780 4989 conscriptis
803 4908 1020 4989 autoritatibus,
1043 4908 1099 4972 sed
1125 4927 1193 4988 usu,
1215 4906 1442 4987 consuetudine,
1464 4909 1594 4971 omniurn

233 5003 424 5067 saeculorum
456 5006 611 5087 exemplo,
640 5015 782 5089 qnantum
805 5026 881 5090 opus
905 5017 969 5087 est,
1004 5027 1021 5071 a
1048 5009 1188 5072 novitatis
1215 5007 1387 5090 suspicione
1416 5008 1594 5074 vindicatur.
