4525 6034
694 579 769 656 144
1261 583 1492 662 NOTAE

691 775 871 851 gnaverunt,
893 768 953 832 hnc
974 787 1071 852 usque
1100 769 1275 851 praestitum
1303 777 1359 835 est.
1404 770 1543 851 Pugnant
1571 777 1713 850 quantum
1734 770 1809 834 libet
1830 769 1956 849 Graeci,
1985 790 2050 835 cum

692 866 856 952 'theologis
877 868 1110 933 Ecclesiasticae
1132 870 1305 951 disciplinae
1333 889 1438 952 parum
1460 871 1575 953 peritis,
1598 870 1687 934 modo
1709 889 1778 934 cum
1798 872 1896 935 veteri
1918 870 2051 936 Ecclesia

691 968 891 1048 consentiant,
915 970 998 1033 salva
1027 969 1145 1033 illorum
1174 970 1311 1034 doctrina
1338 978 1395 1036 est.
1439 971 1480 1033 dt
1509 970 1588 1033 illam
1615 978 1766 1052 veterem,
1796 988 1874 1052 quae
1902 988 1969 1033 cum
1994 970 2052 1034 ho-

691 1066 794 1129 dierna
817 1085 876 1130 nna
899 1077 946 1131 est
968 1077 999 1131 et
1021 1070 1138 1150 eadem,
1161 1089 1267 1133 orasse
1297 1089 1390 1150 super
1418 1069 1497 1133 dona
1523 1071 1585 1152 jam
1614 1078 1806 1147 consecrata,
1836 1071 1886 1151 qui
1916 1072 1947 1132 in
1975 1077 2052 1133 tanta

691 1164 846 1228 literarum
868 1185 1021 1230 sacrarum
1043 1170 1110 1232 luce
1140 1187 1201 1232 non
1230 1177 1387 1253 agnoscat,
1410 1171 1436 1232 is
1458 1169 1653 1232 Orientalium
1674 1168 1791 1232 llituum
1811 1169 1907 1251 judex
1929 1168 2051 1231 idoneus

692 1283 762 1327 esse
789 1284 850 1328 non
881 1275 992 1348 potest.
1039 1268 1099 1333 Sed
1128 1269 1166 1332 de
1196 1269 1241 1331 liis
1275 1277 1415 1350 qnantum
1451 1286 1526 1350 opus
1560 1276 1627 1331 erat
1659 1269 1690 1331 in
1717 1268 1987 1332 Observationibus
2017 1269 2053 1331 ad

692 1362 794 1427 Basilii
817 1364 969 1449 Copticam
991 1366 1155 1453 Liturgiam
1178 1367 1285 1430 dictum
1309 1376 1365 1431 est.

1089 1663 1124 1734 3.
1164 1663 1343 1736 invocatio
1369 1663 1521 1758 Spiritus
1545 1667 1667 1736 sancti.

791 1854 943 1934 Faunum
966 1867 1044 1931 illius
1066 1869 1259 1953 integerrima
1281 1877 1338 1949 est,
1361 1876 1391 1932 et
1414 1868 1480 1932 aliis
1502 1867 1591 1932 valde
1613 1868 1735 1944 similis;
1757 1869 1816 1931 imo
1836 1868 1867 1930 in
1891 1886 1957 1930 eam
1980 1887 2054 1932 con-

692 1977 798 2054 gcstae
820 1979 888 2035 sunt
909 1990 1003 2034 voces
1024 1990 1121 2054 prope
1145 1990 1259 2052 omnes,
1282 1991 1406 2064 guarum
1419 1972 1545 2036 adillam
1568 1970 1791 2052 exprimendam
1813 1989 1886 2034 usus
1909 1970 2054 2054 frequen·
2148 1957 2154 1974 ⁸

692 2070 824 2134 tissimus
851 2078 913 2152 cst,
944 2079 976 2133 et
1008 2089 1103 2151 quae,
1137 2091 1204 2135 cum
1239 2072 1373 2135 eamdem
1401 2073 1431 2134 in
1461 2071 1530 2136 stilo
1558 2070 1773 2135 Ecclesiastico
1806 2071 2054 2153 significationem

691 2169 831 2249 habeant,
859 2188 1045 2252 synonymae
1072 2171 1169 2234 videri
1197 2173 1324 2254 possint.
1381 2171 1467 2235 Unde
1505 2170 1622 2251 aliquae
1651 2189 1744 2252 saepe
1775 2187 1836 2231 non
1867 2172 2054 2249 adhibentur,

693 2288 760 2332 cum
782 2271 819 2333 ab
843 2271 908 2334 aliis
930 2271 1111 2334 sufficienter
1141 2273 1325 2353 exprimatur
1352 2272 1456 2336 efficax
1483 2271 1577 2334 sancti
1600 2269 1728 2350 Spiritus
1751 2272 1889 2352 operatio
1917 2274 1947 2334 in
1976 2271 2054 2335 dona

690 2371 858 2452 proposita.
901 2372 971 2436 Vox
991 2381 1079 2440 utut)
1102 2372 1250 2452 perficiat
1276 2372 1441 2454 respondet
1468 2370 1602 2432 Graecae
1632 2355 1805 2455 τελειώσῃ,
1835 2390 1914 2452 uuae
1944 2389 2055 2434 conse-

692 2472 857 2535 crationem
878 2490 939 2535 non
961 2473 1068 2551 minus,
1090 2489 1179 2552 quam
1200 2473 1280 2535 illius
1308 2472 1557 2554 complementum
1585 2477 1617 2532 et
1645 2473 1929 2533 consummationem
1952 2471 2055 2552 signi-

691 2570 774 2634 ficat:
797 2590 905 2654 nempe
925 2572 1094 2655 postulatur
1116 2591 1132 2634 a
1154 2572 1231 2652 Deo,
1262 2580 1293 2634 ut
1319 2572 1475 2655 proposita
1496 2570 1593 2649 dona,
1623 2569 1712 2651 plena
1743 2570 1997 2650 sanctificatione,
2025 2559 2078 2633 et¹

691 2668 952 2734 transformatione
981 2671 1155 2752 confirmet,
1189 2682 1222 2736 ut
1243 2672 1355 2754 legitur
1383 2673 1415 2735 in
1443 2671 1652 2734 vetustissimis
1682 2671 1867 2733 orationibus
1895 2671 2054 2734 Missarum

692 2767 839 2850 Gottime,
860 2770 1066 2835 llosaralticae
1087 2779 1119 2836 et
1141 2772 1321 2837 Gallicanae.
1349 2771 1390 2836 m
1403 2772 1520 2834 illarum
1542 2777 1675 2849 autores,
1698 2778 1731 2832 et
1753 2771 1803 2852 qui
1825 2769 1883 2833 illis
1906 2770 1945 2833 ad
1966 2789 2053 2835 sacra

692 2869 872 2934 celebranda
894 2871 1064 2950 utebantur,
1086 2889 1148 2934 non
1169 2874 1276 2956 magis,
1298 2891 1387 2954 quam
1408 2872 1477 2953 Syri
1499 2870 1647 2952 reliquiae
1670 2868 1839 2932 Orientales
1863 2869 1901 2933 de
1924 2878 2054 2933 conum

691 2970 793 3034 versia
814 2989 881 3033 cum
904 2971 1028 3036 Graecis
1049 2980 1120 3035 nata
1142 2980 1212 3053 post
1234 2989 1328 3036 annos
1358 2971 1449 3048 mille,
1472 2969 1653 3053 cogitabant.
1697 2968 1804 3050 Neque
1827 2970 2052 3034 existimandum

691 3077 740 3132 est
766 3069 910 3133 inculcari
937 3074 1214 3137 transmutationem
1245 3081 1275 3136 et
1310 3072 1588 3146 consecrationem,
1616 3087 1652 3133 ea
1682 3070 1816 3147 ratione,
1849 3071 1932 3152 quod
1961 3073 2052 3135 verba

692 3167 804 3232 Christi
824 3172 1021 3251 pronunciata
1042 3189 1102 3234 non
1123 3170 1249 3235 suerint:
1279 3190 1346 3233 cum
1367 3170 1482 3252 absque
1505 3168 1573 3249 illis,
1597 3186 1663 3247 seu,
1686 3175 1717 3229 ut
1739 3168 1887 3232 Barsalibi
1909 3170 2050 3252 loquitur,

691 3267 806 3351 absque
827 3269 1010 3354 Evangelica
1024 3272 1206 3349 narratione,
1229 3289 1306 3352 quae
1320 3270 1425 3334 eadem
1441 3261 1539 3334 verita¹
1551 3267 1769 3349 complectitur,
1793 3270 2049 3334 consecrationem

690 3387 752 3433 non
780 3369 857 3445 fieri,
886 3378 1027 3434 constans
1057 3370 1253 3434 Orientalium
1282 3370 1418 3434 doctrina
1451 3371 1500 3433 sit.
1550 3366 1668 3448 Quippe
1697 3367 1727 3428 in
1756 3366 1880 3447 reliquis
1910 3369 2049 3452 Litargiis

635 3490 640 3504 ι
691 3470 825 3550 quamvis
848 3468 898 3531 illa
919 3468 1063 3552 religiose
1080 3470 1327 3552 pronunciantur,
1348 3468 1501 3532 invocatio
1517 3467 1608 3530 nilrilo
1626 3467 1722 3528 nunus
1735 3466 1925 3550 subjungitur
1946 3467 2049 3531 iisdem

691 3569 793 3632 verbis
816 3575 905 3649 atqua
927 3569 1093 3634 sententiis.

795 3852 829 3922 d.
876 3851 941 3937 Qui
967 3875 991 3922 a
1016 3858 1050 3923 te
1073 3850 1233 3944 procedit
1265 3846 1309 3919 od
1336 3853 1478 3919 aeterno
1510 3853 1546 3917 et
1570 3870 1594 3916 a
1623 3848 1696 3939 filio
1730 3850 1788 3916 tao
1819 3847 1950 3939 accipit

1230 3964 1507 4038 substantialiter.

800 4161 876 4239 Inna
905 4173 999 4236 verba
1028 4189 1106 4254 quae
1131 4148 1362 4253 processionem
1389 4168 1484 4232 sancti
1512 4168 1639 4250 Spiritus
1667 4165 1793 4228 al’atre
1824 4172 1855 4226 et
1884 4164 1960 4227 Filio
1988 4181 2045 4227 non

691 4277 822 4343 obscure
857 4276 1030 4360 designant,
1066 4273 1305 4357 interpolationis
1341 4273 1543 4355 suspicionem
1577 4288 1683 4333 creare
1718 4276 1862 4350 possent,
1893 4269 1919 4331 si
1947 4268 2044 4330 similis

692 4378 858 4459 Theologia
881 4378 912 4439 in
934 4377 999 4439 aliis
1020 4375 1175 4459 Liturgiis,
1197 4392 1322 4455 quarum
1344 4374 1499 4455 integritas
1522 4379 1605 4434 certa
1628 4376 1690 4447 cst,
1712 4386 1772 4431 non
1795 4376 1979 4432 occurreret.
2012 4366 2045 4428 ln

690 4475 828 4561 liturgia
849 4476 957 4559 ignatii
979 4473 1373 4549 PatriarchaeAntioclreni,
1396 4481 1426 4536 et
1444 4469 1637 4535 innonmdlis
1660 4468 1725 4531 aliis
1747 4467 1826 4531 idem
1849 4468 1959 4549 legitur
1980 4484 2042 4530 cnm

690 4575 750 4640 hoc
772 4577 868 4641 solum
891 4576 1061 4639 discrimine
1083 4574 1164 4657 quod
1185 4573 1255 4636 alibi
1276 4573 1397 4657 legitur,
1419 4580 1450 4635 et
1470 4590 1491 4633 a
1509 4571 1577 4651 sitio
1598 4588 1676 4652 puae
1696 4567 1882 4632 samace
1903 4575 1973 4629 sant
1992 4584 2043 4628 ac-

692 4679 775 4758 cipit,
798 4685 947 4759 antonne
969 4676 1142 4738 essentialia
1163 4680 1247 4738 ucat:
1271 4680 1301 4736 et
1322 4675 1354 4736 in
1375 4673 1475 4736 verbis
1489 4669 1617 4735 diversis
1640 4686 1698 4731 una
1720 4674 1766 4729 est
1789 4667 1954 4748 eademqne
1975 4684 2042 4728 sen-

691 4778 793 4840 tentia.
837 4776 913 4840 llinc
935 4783 1061 4858 apparet
1082 4774 1155 4838 illud
1177 4773 1257 4856 quod
1279 4773 1318 4836 de
1345 4771 1455 4854 Spiritu
1477 4778 1582 4834 sancto
1606 4787 1623 4830 a
1646 4768 1765 4832 Christo
1789 4765 1899 4828 dictum
1922 4773 1979 4842 est,
1999 4764 2042 4826 ae

580 4953 584 4962 ,
692 4878 731 4939 de
752 4896 819 4939 meo
841 4878 979 4957 accipiet,
1002 4893 1063 4938 non
1093 4874 1131 4938 de
1163 4873 1249 4937 donis
1277 4871 1435 4936 infideles
1458 4868 1667 4947 conferendis,
1700 4866 1754 4931 sed
1785 4864 1823 4927 de
1852 4866 2040 4947 processione

690 4994 749 5058 per
770 4977 885 5056 Filium,
909 4975 1080 5039 Orientales
1101 4975 1316 5055 interpretatos
1339 4970 1442 5035 luisse.
1477 4970 1517 5033 Et
1537 4987 1611 5033 sane
1632 4986 1699 5031 cum
1722 4984 1843 5031 errores
1865 4965 2038 5027 Francorum

692 5084 878 5156 enumerant,
900 5076 1006 5139 Petrus
1027 5075 1197 5158 Episcopus
1225 5071 1390 5151 llelichae,
1416 5070 1525 5136 Paulus
1552 5068 1748 5150 sidoniensis,
1775 5065 1959 5143 namucus,
1980 5059 2037 5124 tit-
