4525 6034
270 551 509 631 DISSERTATIO
527 552 576 628 llll
589 549 832 628 corruantur
846 549 1397 628 muxtmmuotuutuuuous.
1423 547 1584 621 LXXVII

223 739 323 814 multis
347 747 474 811 temere
509 747 544 811 et
571 737 762 831 juveniliter
793 736 916 847 lapttrm
943 746 1013 830 est,
1049 737 1281 834 despiciendus
1316 747 1390 809 erat
1414 737 1581 832 Scaliger,

223 859 282 929 etsi
304 854 453 928 Arabica
480 858 591 928 omnia
615 876 684 926 nou
709 853 926 946 intelligeret:
952 854 1136 927 mirandum
1156 857 1265 951 potius
1284 854 1373 949 quod
1388 854 1481 928 solus
1496 857 1581 951 ipse,

221 973 332 1046 leviter
363 995 385 1043 a
418 971 567 1045 Postello
607 969 839 1044 Grammaticis
875 969 1165 1068 praeceptionibus
1205 968 1365 1063 imbutus,
1409 971 1527 1044 deinde
1561 993 1582 1042 a

224 1088 382 1185 Stephano
408 1086 559 1161 Huberto
584 1086 819 1160 Aurelianensi
853 1084 1053 1159 Professore
1079 1087 1209 1179 Regio,
1236 1097 1270 1158 et
1295 1086 1478 1160 Francisco
1503 1086 1582 1159 Ra-

225 1204 389 1303 pbolengio
416 1205 556 1276 Plautini
582 1227 710 1297 genero
737 1204 868 1297 adJutus
893 1225 1082 1299 parumper,
1108 1206 1143 1276 in
1168 1206 1327 1275 versione
1347 1202 1477 1276 illorum
1494 1204 1581 1277 Olli-

227 1325 340 1394 ciorum
369 1320 518 1394 Arabica
554 1324 681 1393 acutius
711 1320 851 1411 viderit,
889 1341 987 1413 quam
1021 1317 1188 1392 Maronita
1219 1341 1287 1391 non
1321 1319 1491 1413 indoctus,
1526 1325 1582 1418 qui

226 1438 359 1531 linguam
383 1438 473 1511 illam
497 1436 672 1529 vulgarem
697 1435 851 1508 habebat.

318 1553 372 1626 tlt
397 1553 560 1627 Velscrus
584 1556 685 1646 igitur
705 1563 843 1649 accepta
863 1551 981 1625 Latina
1002 1555 1285 1648 interpretatione,
1312 1574 1387 1624 eam
1406 1554 1582 1646 Augustae
1594 1568 1686 1620 veruo
1695 1566 1785 1619 utrina
1797 1568 1905 1623 extr·-

229 1667 460 1742 vindelicorum
485 1673 576 1767 typis
602 1668 833 1764 publicandam
859 1671 987 1742 curavit
1021 1691 1107 1741 anno
1135 1666 1288 1741 muctv.
1316 1668 1417 1740 nitido
1445 1678 1479 1741 et
1505 1670 1581 1743 ele·
1594 1654 1652 1794 ξω
1671 1656 1883 1795 ΜἭὝῘΜ

231 1788 310 1876 genti
333 1785 535 1858 charactere.
587 1785 714 1858 Eadem
750 1788 784 1857 iu
810 1784 1016 1858 Bibliotheca
1049 1784 1182 1856 Petrum
1208 1787 1294 1856 inter
1321 1785 1385 1855 alia
1410 1784 1581 1878 Liturgica
1595 1750 1732 1899 1322,ss
1767 1779 1775 1795 ’
1818 1758 1905 1796 ωω

232 1901 307 1973 edita
336 1912 406 1993 est,
441 1902 567 1998 absque
599 1901 666 1974 ulla
702 1900 950 1974 emendatione:
983 1923 1061 1973 nam
1092 1900 1247 1994 Scaliger
1266 1904 1336 1997 ,etsi
1362 1904 1583 1997 quinquennio

232 2028 385 2112 superstes
410 2017 529 2108 fuerit,
563 2041 670 2115 pauca
703 2028 829 2090 tautum
861 2017 903 2088 ad
928 2021 1111 2110 marginem
1139 2017 1218 2090 editi
1243 2018 1444 2113 exemplaris
1471 2018 1584 2093 adno-

232 2136 318 2204 tavit:
350 2138 555 2208 aversione
586 2137 717 2228 integra
752 2132 917 2209 abstinuit.
969 2132 1124 2206 Habebat
1158 2132 1225 2206 tale
1258 2133 1445 2228 exemplum
1480 2138 1583 2232 ipsius

232 2271 314 2321 manu
337 2259 484 2323 notatum
508 2251 571 2322 Vir
596 2251 816 2325 Doctissimus
843 2249 1043 2323 Raimrmdus
1069 2250 1301 2322 Formeutinus
1320 2248 1583 2328 Archidiacouus

231 2365 477 2457 Aurelianensis
504 2367 593 2463 quod
624 2378 702 2440 aute
736 2367 849 2464 plures
882 2387 988 2438 annos
1020 2365 1097 2439 mihi
1132 2366 1285 2438 ostendit.
1344 2365 1456 2439 Notae
1491 2381 1607 2443 eraut¹

231 2478 454 2575 brevissimae,
486 2492 520 2556 et
554 2506 600 2558 ex
635 2482 752 2580 quibus
783 2485 911 2556 restitui
946 2485 1019 2578 ipsa
1044 2485 1159 2555 versio
1191 2505 1259 2555 uon
1284 2492 1435 2580 poterat,
1468 2507 1585 2559 omnes

230 2625 322 2698 porro
348 2614 404 2675 eut
429 2603 649 2677 emendabant
681 2603 909 2677 nonnullarum
935 2625 1057 2674 vocum
1083 2601 1303 2676 Arabicarum
1329 2603 1450 2676 malam
1475 2606 1586 2675 iuter-

230 2722 444 2814 pretationem,
471 2731 527 2792 aut
552 2719 703 2795 Graecas
729 2744 845 2817 parum
870 2719 1011 2793 fideliter
1036 2741 1239 2815 expressas,
1271 2723 1344 2791 sive
1370 2719 1487 2793 fuisset
1514 2744 1585 2795 ex·

221 2836 413 2932 'scriptorum
439 2838 552 2932 culpa,
578 2840 654 2912 sivc
687 2837 895 2931 Scaligerani
922 2835 1047 2909 codicis
1072 2839 1198 2908 vitium.
1252 2835 1321 2909 Sed
1347 2836 1426 2907 nibil
1452 2840 1584 2909 cumino

230 2973 268 3024 er
291 2953 362 3026 sola
391 2951 540 3025 Arabica
573 2957 732 3027 versione
765 2955 928 3049 praestari
961 2961 1105 3048 poterat,
1132 2950 1174 3024 ab
1201 2952 1264 3026 illis
1290 2956 1504 3048 praesertim,
1531 2954 1586 3046 qui

229 3089 329 3162 neque
355 3070 529 3166 exemplar
544 3069 791 3167 Aegyptiacum
818 3067 1047 3159 consulebant,
1074 3078 1108 3140 et
1135 3069 1280 3158 Graeco,
1307 3068 1395 3163 quod
1422 3069 1586 3165 archety-

222 3206 294 3280 pum
319 3184 391 3275 luit,
418 3186 680 3260 erantdestituti.
710 3187 804 3273 Quae
829 3207 932 3281 porro
960 3185 1002 3256 ad
1018 3184 1146 3257 illarum
1166 3185 1389 3277 liturgiarum
1415 3184 1583 3259 historiam

138 3334 144 3343 r
218 3305 380 3398 pertinent
402 3306 471 3394 jam
497 3302 693 3398 explicanda
722 3313 806 3376 sunt.

321 3417 378 3490 tv.
419 3416 555 3510 Omnes,
582 3420 679 3490 etiam
706 3420 920 3513 antiquissimi
946 3416 1072 3489 illarum
1100 3415 1256 3506 Codices,
1283 3417 1501 3511 Scaligerauo
1529 3419 1582 3488 si·
1596 3415 1635 3467 ue
1651 3414 1906 3515 &stedierab-

215 3534 309 3607 miles
337 3544 424 3623 sunt,
450 3543 585 3630 tresque
610 3533 821 3631 Auapboras,
847 3537 920 3609 sive
937 3534 1117 3627 liturgias,
1143 3537 1312 3606 continent
1336 3534 1461 3623 Basilii,
1489 3533 1583 3605 Gre-
1597 3502 1811 3631 '¹¹¹⁰‘⁰⁰⁴³¹⁰'¹'¹¹⁸·

216 3655 303 3745 gorii
329 3661 363 3723 et
389 3648 517 3748 Gvrilli.
569 3648 722 3747 Scriptae
740 3661 849 3723 autem
872 3661 947 3724 sunt
965 3651 1077 3744 bagua
1088 3650 1314 3747 Aegyptiace,
1340 3653 1413 3722 sive
1432 3649 1584 3746 Coptica,

217 3791 259 3841 ea
284 3791 423 3863 nempe,
457 3790 561 3862 quae,
594 3790 668 3839 curu
694 3765 927 3839 Mubamedani
959 3767 1152 3864 Aegyptum
1188 3765 1412 3859 subegenmt,
1448 3769 1584 3839 eratin

195 3887 278 3955 ‘usu
303 3884 458 3976 vulgari:
490 3882 718 3956 Alexandriae
757 3883 887 3978 quidem
918 3886 1045 3972 minuS,
1078 3881 1135 3955 ubi
1174 3906 1289 3957 omnes
1319 3882 1483 3955 Graecam
1513 3884 1584 3955 lin-

216 4023 317 4093 guam
343 4003 425 4073 satis
450 4010 633 4092 noverant,
660 4000 721 4075 sed
752 4003 787 4070 in
811 4003 982 4096 superiore
1009 4008 1104 4095 parte
1130 4002 1344 4095 provinciae,
1371 4003 1404 4071 in
1429 4002 1526 4094 pagis
1551 4009 1586 4071 et

217 4120 318 4209 agris,
345 4120 408 4189 vix
434 4115 498 4188 alia
525 4140 624 4212 quam
649 4117 862 4213 Aegyptiace
887 4114 1116 4211 usurpabatur.
1170 4115 1253 4213 Erat
1278 4115 1333 4188 issa
1358 4138 1460 4210 porro
1486 4124 1583 4188 vetus

217 4244 251 4306 et
275 4236 395 4329 patria,
422 4235 451 4304 si
476 4231 657 4305 verborum
683 4236 915 4328 nominumque
940 4230 1152 4305 inflexionem
1177 4242 1378 4329 spectemus,
1406 4254 1601 4327 quaecum

218 4351 290 4423 aliis
317 4348 438 4441 linguis
464 4371 638 4422 commune
663 4349 742 4421 nihil
767 4348 921 4422 haberet:
957 4347 1017 4422 sed
1043 4373 1089 4421 ex
1114 4352 1269 4421 continuo
1296 4373 1371 4421 cum
1395 4347 1581 4422 hominibus
1691 4422 1695 4432 ,

220 4469 274 4561 qni
298 4463 432 4563 firaece
457 4464 676 4560 loquebantur
702 4467 918 4555 commercio,
944 4487 1066 4558 magna
1093 4464 1299 4538 Graecarum
1321 4488 1444 4539 vocum
1471 4464 1581 4537 admi-

220 4585 338 4673 stione,
364 4604 486 4677 novam
513 4584 753 4678 quodammodo
780 4584 900 4657 dudum
927 4593 1003 4655 ante
1027 4582 1286 4656 blnhamedauos
1312 4582 1450 4654 formam
1476 4604 1582 4653 acce-

220 4707 322 4793 perat.
373 4697 468 4770 llaec
497 4709 610 4771 tamen
643 4703 688 4773 ita
722 4699 934 4793 intelligenda
966 4709 1060 4791 suut,
1094 4710 1130 4771 ut
1159 4722 1269 4794 neque
1296 4721 1371 4769 curn
1395 4697 1580 4770 Athanasio
1668 4784 1673 4795 ¹

219 4811 392 4907 ldirchero,
418 4824 567 4888 veterem
599 4839 677 4891 esse
703 4816 791 4889 illam
817 4816 1068 4906 Pharaonicam,
1094 4814 1263 4905 obeliscis
1290 4817 1377 4887 arcis
1403 4813 1581 4911 sepulcra·
1594 4781 1752 4938 Qqecter.
1774 4782 1905 4839 Pwl’m‘

221 4926 326 5021 libus,
360 4942 394 5003 et
427 4931 498 5007 aliis
531 4936 672 5030 antiquis
705 4938 924 5008 monumentis
958 4934 1168 5027 inscriptam,
1203 4934 1446 5006 existimemus:
1472 4952 1581 5027 neque

222 5067 295 5117 cum
319 5047 437 5122 lsaaco
462 5048 588 5125 Vossio
614 5051 788 5125 colluviem
816 5053 979 5126 sermonis
1005 5049 1156 5143 Arabici,
1183 5058 1217 5122 et
1243 5049 1375 5124 alterius
1402 5072 1499 5145 quem
1520 5054 1583 5147 ipsi
1595 5062 1705 5115 suero
1721 5061 1778 5114 ab.
1794 5063 1887 5115 saroa
