4525 6034
329 571 378 647 DE
389 568 646 650 hllllltdlhltllhl
658 571 912 650 OlllENThhthl
929 572 1080 652 ORlGlllE
1096 575 1144 651 ET
1157 573 1410 652 amoenare.
1462 571 1574 645 xotx

218 758 348 831 tesval
373 782 473 831 unum
499 764 623 833 summe
649 759 760 832 idonei
785 762 1018 853 testimonium,
1045 785 1111 858 quo
1124 761 1296 837 Jacobitas
1322 760 1379 833 vel
1396 761 1579 835 Nestoris-

216 898 276 951 nos
310 886 485 949 accusatos
509 875 616 950 fuisse
641 885 783 969 constet,
810 875 898 972 quod
922 900 1045 950 novam
1062 878 1281 952 Eucharistici
1302 877 1410 951 Officii
1436 878 1579 951 formam

215 992 471 1082 inhoduxerint3
509 994 598 1089 quod
630 996 716 1065 inter
749 1015 870 1089 preces
920 1005 1131 1088 sanctorum,
1172 1005 1207 1068 et
1238 998 1417 1091 praecipue
1451 996 1579 1067 Beatae

215 1107 372 1201 Virginis,
398 1112 530 1181 nomina
548 1112 782 1200 recitaverint3
809 1111 897 1206 quod
913 1133 976 1206 pro
989 1115 1126 1183 mortuis
1148 1115 1336 1200 oraverint;
1365 1107 1452 1205 quod
1472 1107 1579 1183 verha

215 1222 333 1298 Christi
364 1249 466 1322 super
498 1224 610 1299 oblata
645 1230 741 1324 panis
782 1236 817 1299 et
850 1230 919 1299 vini
954 1227 1041 1299 dona
1076 1227 1236 1321 religiose
1268 1229 1600 1325 pronunciaveriut,

213 1343 299 1438 quod
324 1364 427 1438 super
452 1343 569 1415 eedem
594 1340 751 1438 Spiritum
777 1352 926 1416 sanctum
952 1346 1203 1436 invocaverint,
1239 1341 1327 1438 quod
1354 1365 1473 1437 aquam
1500 1344 1580 1414 vino

212 1462 411 1532 miscuerint
464 1459 549 1531 Sunt
581 1463 668 1532 enim
702 1458 787 1531 haec
819 1461 946 1531 zizania
972 1458 1166 1550 Rivetiana,
1193 1481 1279 1555 quae
1305 1456 1347 1530 ab
1375 1457 1580 1530 Antichristo

100 1576 107 1589 ’
211 1573 355 1646 noudum
380 1574 503 1665 adulto,
530 1583 599 1648 toto
626 1574 776 1666 Oriente,
800 1597 870 1649 nou
895 1578 1002 1648 minus
1037 1598 1135 1671 quam
1162 1573 1343 1647 Occidente
1370 1576 1580 1671 supersemi-

209 1698 286 1761 nata
311 1711 391 1764 esse
415 1713 559 1765 necesse
583 1689 656 1782 fuit,
681 1700 717 1763 ut
742 1700 835 1764 recto
862 1690 1052 1765 stetfabula
1069 1691 1147 1764 talo.
1201 1691 1336 1781 Graeci,
1363 1713 1440 1762 sero
1458 1701 1581 1779 tamem

211 1805 252 1878 de
265 1806 407 1901 Auymis
420 1806 559 1880 Latinos
576 1807 768 1880 calumniari
789 1819 982 1905 coeperunt,
1009 1807 1097 1904 quod
1113 1808 1265 1880 fecemnt
1284 1810 1382 1880 etiam
1401 1806 1578 1879 Melchitae

210 1925 264 2018 qui
291 1922 456 1995 Graecam
481 1923 669 1996 Ecclesiam
703 1933 893 2019 sequuntur.
945 1923 1120 1997 Jacohitaa
1146 1928 1310 2021 Aegyptii
1336 1923 1444 2018 Syros
1471 1946 1580 1994 accu-
1680 2018 1685 2025 ἱ

210 2049 371 2112 severunt
396 2042 573 2129 novitatis,
608 2042 759 2135 quamvis
791 2042 826 2111 iu
852 2040 971 2113 eadem
996 2040 1306 2138 hlonophpsitarum
1333 2049 1426 2113 secta
1453 2049 1580 2131 essent,

211 2154 298 2250 quod
323 2153 490 2251 paululum
516 2156 593 2229 salis
620 2164 654 2227 et
680 2155 746 2228 olei
773 2153 893 2228 oblatis
919 2158 1088 2231 inderent:
1116 2180 1233 2231 omnes
1260 2156 1423 2229 adversus
1449 2156 1580 2228 Arme-

209 2294 272 2345 nos
299 2275 461 2344 acerrime
487 2275 611 2345 invecti
637 2264 724 2363 sunt,
751 2272 840 2367 quod
865 2276 978 2346 vinum
994 2273 1121 2370 absque
1142 2298 1229 2371 aqua
1246 2274 1342 2345 calici
1359 2271 1579 2345 infunderent

210 2387 274 2474 Qui
297 2392 334 2460 in
359 2391 499 2461 minimis
525 2398 592 2461 tam
618 2399 739 2461 exacto
772 2392 880 2462 veteri
913 2390 1106 2486 disciplinae
1132 2388 1378 2482 adhaerebant,
1404 2399 1440 2461 ut
1466 2387 1508 2461 ab
1537 2411 1578 2461 ea

210 2502 390 2577 deflectere
414 2502 571 2597 flagitium
597 2509 843 2596 existimarent,
874 2529 973 2580 nemo
1009 2529 1070 2580 eos
1105 2504 1326 2603 suspicabitur
1358 2510 1392 2578 in
1423 2508 1578 2579 maximis

210 2631 253 2713 et,
280 2625 315 2694 in
341 2629 411 2693 tota
437 2626 525 2695 sacri
551 2622 650 2695 officii
677 2623 917 2719 dispositione,
947 2623 1159 2717 negligentes
1187 2622 1271 2696 adeo
1297 2621 1423 2715 luisse,
1456 2632 1490 2694 ut
1514 2645 1577 2719 pro

209 2737 407 2836 Apostoliea
441 2737 526 2811 illius
560 2737 752 2811 celebrandi
782 2738 891 2811 iorma
929 2760 1071 2831 novam,
1098 2742 1373 2836 superstitiosam,
1408 2749 1454 2829 et,
1489 2737 1579 2833 quod

136 2896 140 2904 ·
208 2855 364 2930 Rivetum
390 2864 424 2926 et
451 2854 535 2928 ahos
562 2855 710 2929 scrihere
735 2877 803 2928 uon
828 2856 953 2952 puduit,
980 2853 1202 2929 histrionicam
1228 2854 1380 2930 substitui
1406 2854 1579 2950 tranquille

209 2981 410 3068 paterentur.
461 2971 633 3047 Jaeohitas
668 2974 840 3046 accusavit
877 2974 1014 3046 Isaaeus
1050 2970 1243 3046 Cathoheus
1275 2973 1456 3046 Armeniae
1489 2970 1578 3068 quod

209 3109 318 3161 novas
349 3087 519 3181 liturgias
554 3092 838 3186 composuissent,
871 3092 1021 3184 quamvis
1057 3113 1173 3162 earum
1208 3088 1291 3163 ordo
1324 3099 1358 3161 et
1391 3093 1578 3162 sententiae

210 3207 354 3301 receptis
379 3206 466 3275 inter
492 3202 707 3279 Orthodoxos
733 3204 927 3278 conformes
953 3216 1084 3304 essent3
1117 3215 1152 3278 et
1185 3206 1301 3279 eadem
1333 3208 1465 3305 ratione
1491 3206 1578 3278 Bal-

211 3342 340 3411 samon,
365 3320 472 3393 hlarci
499 3331 533 3395 et
557 3320 675 3395 Jacobi
695 3321 889 3418 appellatas,
910 3322 1162 3420 supprimendas
1176 3323 1349 3415 judicavit,
1377 3326 1452 3418 quia
1472 3324 1577 3417 vulgo

210 3439 353 3533 receptis
388 3460 456 3509 uon
489 3448 584 3511 erant
614 3442 747 3512 omnino
784 3439 916 3514 similes.
970 3438 1057 3526 outo
1091 3438 1234 3513 futurum
1265 3438 1404 3530 luisset,
1439 3442 1467 3513 si
1500 3440 1578 3513 illae

210 3576 284 3625 eum
310 3556 450 3650 antiquis
476 3577 650 3627 commune
675 3554 755 3627 nidd
779 3554 990 3647 habuissent,
1015 3578 1084 3628 non
1110 3558 1218 3649 magis
1245 3578 1344 3651 quam
1370 3555 1486 3629 Officia
1512 3579 1577 3628 ce·

209 3668 390 3742 lebrandae
417 3668 554 3744 Coeuae
580 3671 667 3768 apud
692 3672 930 3749 Protestentes.

317 3788 431 3882 ltaque
456 3787 669 3861 indubitatum
704 3800 756 3861 est
789 3787 961 3879 Graecas,
979 3788 1037 3860 'de
1064 3787 1183 3885 quihus
1218 3811 1318 3884 supra
1346 3788 1487 3863 diximus
1513 3789 1578 3862 Li·
1609 3802 1751 3856 ostentae
1767 3804 1899 3873 elargire

213 3907 349 3998 turgius,
373 3906 443 3997 jam
469 3916 587 4002 quarto
615 3905 764 3997 saeculo,
790 3909 825 3977 in
851 3915 920 3979 tota
941 3903 1100 3979 Orientali
1120 3905 1289 3997 Ecclesia,
1315 3916 1351 3978 ut
1377 3906 1513 3980 aliarum
1535 3931 1579 3981 ne
1592 3891 1687 4032 ffl'
1707 3899 1782 3944 ''st’‘
1802 3892 1828 3942 ³¹¹
1851 3907 1899 3942 ‘¹⁸⁸¹

211 4024 370 4094 memoria
397 4021 528 4116 quidenr
554 4027 612 4114 sit,
647 4021 689 4095 ab
722 4021 874 4096 omnihus
908 4020 1125 4115 Christianis,
1158 4031 1311 4118 tanquam
1346 4022 1578 4119 Apostolieam

211 4147 245 4209 et
269 4137 512 4231 Evangelicam
544 4139 766 4213 celebrandae
797 4138 1025 4212 Eucharistiae
1054 4139 1197 4212 formam
1222 4143 1447 4231 continentes,
1473 4139 1579 4215 luisse

210 4266 374 4351 receptas.
426 4256 517 4330 Idem
544 4257 586 4330 de
613 4256 761 4354 Copticis
788 4267 822 4329 et
837 4256 988 4353 Syriacis
1009 4258 1215 4331 stahrendum
1243 4267 1307 4349 est,
1334 4279 1471 4353 quarum
1497 4280 1577 4332 usus

211 4393 317 4467 aeque
351 4382 480 4446 certus:
522 4375 683 4448 simillima
716 4396 847 4469 quoquc
879 4382 932 4447 est
964 4382 998 4445 et
1036 4377 1181 4446 maxime
1220 4376 1352 4467 gemina
1395 4376 1578 4445 orationum

211 4490 393 4583 rituumque
420 4488 601 4585 dispositio,
629 4500 664 4563 ut
690 4490 733 4562 ad
758 4513 858 4562 unum
883 4501 918 4562 et
942 4489 1028 4562 idem
1056 4491 1231 4588 exemplar
1251 4513 1436 4589 expressae
1463 4514 1578 4584 agno-

213 4614 354 4678 scantur.
407 4605 535 4680 Eadem
567 4607 653 4703 apud
687 4607 854 4697 Graecos,
880 4602 1010 4704 Syros,
1037 4618 1071 4681 et
1097 4606 1249 4706 Coptitas
1276 4609 1319 4681 de
1345 4631 1459 4680 earum
1486 4612 1578 4680 anti-

215 4723 333 4816 quitate
368 4733 403 4796 et
435 4722 605 4796 autoribus
632 4725 780 4799 haditio:
816 4745 891 4796 cum
916 4733 952 4796 ut
977 4724 1023 4796 illi
1056 4724 1220 4798 lacohum
1254 4728 1394 4821 primum
1429 4734 1577 4798 autorem

214 4859 290 4911 esse
313 4840 463 4932 credunt,
489 4846 534 4914 ita
561 4839 641 4938 Syri
667 4841 709 4913 ad
735 4864 810 4914 auur
836 4843 974 4937 primam
1000 4852 1034 4914 et
1059 4843 1270 4937 praecipuam
1298 4863 1392 4914 suam
1418 4840 1576 4931 referunt,

215 4953 332 5027 Graeci
366 4956 588 5030 Alexandrini
623 4980 717 5031 suam
749 4958 791 5029 ad
822 4958 993 5049 Marcum,
1025 4956 1202 5032 Ecclesiae
1237 4979 1319 5030 suaa
1352 4957 1576 5032 fundatorem:

216 5094 299 5168 quae
324 5076 437 5171 opinio
463 5074 527 5171 illis
553 5073 758 5172 temporibus
783 5085 861 5148 neta
887 5085 921 5147 et
942 5086 1141 5172 propagata,
1168 5071 1285 5172 quihus
1301 5071 1441 5151 critices
1467 5076 1577 5149 lumen

239 5213 351 5257 rme
1348 5195 1370 5266 7
