4525 6034
717 571 1255 648 titillantia.
1585 570 1693 686 383·

284 763 375 834 mitia
400 756 639 831 Patriarchnlia
663 756 823 847 solerent,
841 758 969 854 absque
989 761 1176 855 principum
1196 762 1311 848 venia,
1337 768 1562 855 statutumque
1583 760 1660 854 ipso

283 881 359 970 jure
391 874 632 948 Ecclesiastico
663 873 802 963 inisset,
837 897 880 946 ne
913 896 1029 947 eornm
1061 878 1190 967 injussu
1223 875 1446 964 Sacerdotes,
1481 875 1663 948 Laicorum

286 1000 464 1091 primores,
491 1001 547 1062 aut
572 991 733 1087 Episcopi
760 1002 1049 1084 congregarentur
1076 992 1117 1064 nd
1146 991 1336 1083 eligendum
1363 991 1519 1065 dehincto
1545 992 1663 1064 Patri-

288 1108 411 1181 archae
438 1129 684 1196 successorem,
710 1106 767 1179 uhi
793 1106 877 1179 haec
902 1105 1036 1179 licentia
1055 1130 1221 1181 concessa
1247 1119 1331 1198 erat,
1358 1112 1464 1180 rarius
1482 1117 1664 1204 praccepta

290 1224 332 1299 ab
360 1224 543 1297 ambitiosis
570 1223 754 1296 candidatis
782 1221 1027 1311 obtinebantur,
1053 1227 1120 1295 imo
1148 1234 1183 1296 et
1209 1247 1374 1298 concessa
1401 1224 1500 1298 facile
1526 1229 1663 1297 resem-

290 1343 463 1428 debautur,
489 1339 546 1412 uhi
571 1342 710 1436 principi
737 1339 956 1431 significatum
982 1339 1103 1428 iuerat,
1129 1341 1251 1414 violari
1277 1340 1374 1434 leges
1391 1341 1663 1431 Ecclesiasticus,

290 1481 376 1553 quae
403 1457 479 1529 olim
507 1478 527 1527 a
553 1460 669 1551 primis
695 1455 1013 1529 Muhamedanorum
1046 1455 1201 1550 ducibus,
1236 1452 1415 1553 calidisque
1448 1458 1664 1530 confirmatae

289 1573 440 1646 inissent.
495 1572 591 1644 Unde
618 1571 788 1669 plerisque
815 1571 991 1644 infeliciter
1011 1577 1114 1646 cessit
1140 1594 1202 1646 sua
1228 1572 1382 1661 ambitio;
1408 1596 1486 1646 narn
1512 1585 1570 1646 ant
1594 1577 1663 1646 mi-

290 1712 368 1762 sere
394 1694 564 1786 perienmt
595 1693 710 1761 vexati
748 1700 848 1784 atque
880 1691 915 1760 in
949 1711 1122 1761 carcerem
1157 1692 1320 1781 conjecti,
1355 1681 1442 1784 quod
1478 1699 1664 1788 promissas

290 1810 450 1903 pecunias
477 1816 734 1902 repraesentare
767 1827 834 1878 non
869 1813 1028 1900 possent,
1062 1815 1118 1877 aut
1151 1808 1248 1879 exosi
1276 1807 1413 1901 reliquis
1440 1830 1522 1881 suae
1548 1821 1664 1883 sectae

291 1923 510 2011 Christianis,
542 1921 640 1993 fidem
675 1919 865 2013 abnegasse
896 1923 1115 2017 reperiuntur.
1169 1921 1287 2018 Neque
1321 1932 1429 1995 tamen
1457 1935 1507 1998 tot
1532 1925 1664 1999 funesta

288 2038 449 2134 exempla
476 2039 625 2134 reliquos
653 2036 930 2111 emendaverunt:
958 2061 1124 2132 nuncque,
1151 2048 1187 2109 ut
1214 2060 1234 2109 a
1261 2038 1369 2111 multis
1396 2046 1603 2139 accepimus,
1629 2051 1666 2116 ut

292 2153 582 2249 Constantinopoli
611 2152 699 2250 apud
725 2154 876 2239 Vicinos,
912 2158 956 2227 ita
985 2153 1130 2228 Cahirae
1157 2155 1245 2250 apud
1272 2154 1484 2248 Praefectos,
1511 2157 1665 2255 publicae

292 2270 538 2366 quodammodo
565 2271 645 2342 hunt
670 2270 918 2343 Patriarchatns
944 2271 1154 2343 licitationes.

396 2386 516 2459 LXlV.
543 2386 682 2458 Decima
709 2390 806 2459 tertia
833 2386 979 2459 conditio
1012 2395 1083 2475 est,
1109 2397 1147 2458 ut
1172 2390 1216 2459 sit
1242 2386 1476 2463 Orthodoxus:
1507 2391 1664 2488 nullaque

292 2506 336 2574 de
362 2502 438 2575 fidei
465 2507 538 2595 ejus
571 2502 767 2577 rectitudine
804 2507 950 2600 suspicio
983 2502 1091 2576 luerit
1153 2503 1226 2577 Etsi
1258 2525 1344 2577 vero
1378 2517 1509 2579 constet
1543 2519 1665 2604 quanta

291 2620 392 2693 inerit
418 2624 512 2692 istius
539 2621 736 2693 conditionis
763 2623 965 2708 necessitas,
992 2644 1079 2716 quae
1105 2642 1152 2692 ex
1184 2626 1349 2694 communi
1379 2625 1456 2714 jure
1490 2630 1572 2699 satis
1606 2630 1665 2698 in-

291 2737 395 2830 telligi
421 2736 571 2826 videtur,
598 2737 713 2810 subest
739 2746 848 2808 tamen
876 2735 963 2833 apud
982 2736 1189 2810 Christianos
1206 2736 1357 2833 Coptitas
1377 2739 1539 2814 occultior
1554 2765 1665 2838 qnae-

291 2854 369 2924 dam
397 2856 500 2941 ratio,
528 2863 562 2924 et
588 2852 630 2924 ad
657 2874 768 2925 mores
797 2874 913 2924 eurum
939 2856 1076 2948 proprie
1102 2862 1267 2948 sperans.
1319 2853 1457 2946 Eaest,
1484 2858 1665 2953 quodcum

291 2994 340 3040 ex
366 2967 538 3040 blonaehis
566 2959 622 3040 aut
649 2973 748 3040 etiam
774 2966 997 3042 Anachoretis
1024 2966 1066 3040 ab
1093 2972 1184 3041 omni
1209 2968 1377 3043 hominum
1403 2979 1575 3046 consortio
1602 2999 1665 3048 re-

290 3085 408 3172 motis,
445 3084 545 3155 electi
579 3096 614 3156 nt
649 3085 821 3179 plurimum
856 3085 978 3157 fuerint
1009 3083 1232 3157 Alexandrini
1273 3088 1499 3176 Patriarchae,
1535 3089 1666 3165 illorum

291 3201 376 3273 fides
403 3208 582 3297 perspecta
609 3200 802 3272 multitudini
829 3223 1000 3274 essenon
1027 3210 1176 3296 poterat,
1210 3204 1275 3274 uisi
1306 3202 1448 3295 dibgens
1479 3227 1542 3299 per
1576 3205 1666 3302 Epi-

291 3338 438 3411 scopos,
466 3325 522 3386 ant
548 3338 628 3404 eos,
656 3319 729 3411 qui,
757 3317 834 3388 dnm
861 3317 1004 3389 Comitia
1031 3316 1249 3406 haberentur,
1276 3318 1318 3390 ad
1335 3317 1541 3392 hlonasteria
1568 3321 1665 3394 sole-

292 3431 375 3504 bant
401 3434 501 3518 mitti,
528 3435 694 3527 inquisitio
721 3433 832 3520 tieret,
860 3455 906 3505 ex
932 3457 997 3529 qua
1024 3455 1086 3529 per
1112 3434 1254 3508 idoneos
1281 3445 1384 3508 testes
1411 3447 1596 3527 constaret,
1625 3462 1667 3511 an

1712 2403 1788 2458 Fidei
1806 2406 1948 2475 inteqrim.

293 3554 384 3621 omni
412 3552 537 3621 erroris
564 3550 754 3643 suspicione
780 3560 941 3621 carerent.
996 3549 1054 3621 llla
1081 3573 1166 3623 vero
1202 3554 1384 3647 praecipue
1415 3557 1607 3628 necesaria
1634 3556 1668 3627 iu
1742 3587 1746 3592 ·

291 3669 456 3762 Aegypto
484 3687 563 3736 cura
592 3663 778 3737 adhibenda
805 3676 878 3738 erat
905 3688 988 3758 erga
1024 3665 1209 3738 Monachus
1241 3676 1275 3740 et
1306 3667 1556 3759 Anaehoretas,
1591 3674 1669 3766 quia

292 3791 330 3853 ut
355 3805 403 3862 ex
427 3784 505 3868 ‚vitis
532 3779 666 3851 Patrum
694 3790 727 3851 et
752 3784 856 3854 variis
884 3780 1146 3855 Collectionibns
1173 3786 1408 3856 sententiarum
1442 3797 1477 3858 et
1508 3788 1667 3859 historia-

292 3920 386 3985 rum,
415 3919 502 3992 quae
530 3894 570 3967 ad
598 3895 809 3969 Eremiticam
836 3897 1006 3970 historiam
1033 3902 1216 3992 pertinent,
1243 3910 1356 3971 uotum
1383 3912 1447 3992 est,
1474 3905 1594 3979 mrdtos
1622 3926 1669 3976 ex

291 4013 425 4084 illorum
452 4034 590 4084 numero
617 4015 721 4084 variis
747 4012 941 4086 haeresibus
963 4011 1109 4086 'inlectos
1136 4012 1240 4088 fuisse
1260 4026 1410 4104 coustat3
1437 4022 1609 4115 variisque
1635 4018 1670 4091 id

294 4128 461 4223 exemplis
501 4152 548 4199 ex
581 4121 755 4214 Palladio,
784 4138 818 4200 et
853 4128 1061 4202 Collectione
1097 4128 1329 4220 Coteleriana,
1363 4132 1573 4207 manifestum
1607 4142 1668 4208 est.

292 4243 401 4315 Erant
428 4254 539 4315 antem
558 4247 708 4339 antiquis
735 4246 941 4342 temporibus
967 4245 1069 4318 multo
1102 4245 1215 4341 plnres
1247 4244 1435 4321 Orthodoxi
1470 4251 1555 4320 inter
1585 4249 1669 4321 Μο-

293 4358 438 4445 nachos,
467 4383 565 4456 quam
590 4360 750 4434 haeretici
775 4362 1007 4452 Dioscoriani3
1035 4367 1258 4458 nequeenim
1291 4374 1368 4436 ante
1401 4362 1669 4437 hlnhamedano-

292 4499 369 4547 rnm
396 4477 625 4573 tyrannidem,
652 4477 858 4551 Monasteria
885 4478 1009 4551 deserti
1036 4478 1146 4552 Sectis
1174 4490 1208 4551 et
1234 4479 1379 4568 Nitriae,
1407 4479 1584 4575 aliaquein
1602 4478 1669 4552 de-

295 4595 396 4664 sertis
424 4592 460 4662 S.
486 4591 627 4665 Maearii
655 4592 874 4666 obtinuerant.
929 4593 1105 4668 Cavebunt
1129 4598 1231 4688 igitur
1256 4594 1431 4668 Jacohitae
1456 4596 1573 4690 primis
1605 4593 1671 4666 illis

295 4706 460 4792 saeculis,
488 4729 531 4778 ne
558 4707 773 4783 Orthodoxus
801 4708 919 4805 aliquis
947 4709 986 4782 in‘
1007 4709 1266 4783 Patriarchalem
1301 4710 1415 4783 sedem
1449 4709 1669 4782 induceretur.

293 4823 366 4896 Sed
394 4834 571 4920 praeterea
597 4827 631 4896 iu
658 4829 733 4922 ipsa
760 4825 1072 4922 hlonophysitarum
1105 4835 1199 4898 secta
1232 4836 1328 4899 crant
1362 4824 1537 4898 Gaiauitae
1570 4847 1671 4898 com·

294 4940 426 5036 plures:
452 4938 616 5036 Acephnli
640 4945 779 5036 proprie
815 4942 908 5028 dieti,
945 4945 1000 5037 qui
1034 4940 1113 5014 olim
1148 4942 1192 5015 ab
1228 4944 1309 5038 ipsis
1340 4943 1576 5016 Dioscorinnis
1607 4963 1672 5015 se-

294 5067 487 5129 cesserant:
536 5055 770 5129 Semidalitae:
813 5056 1119 5144 Quartadecimani:
1167 5056 1438 5153 Phantasiastae,
1480 5075 1541 5132 sen
1588 5061 1673 5132 meni
