4525 6034
457 564 765 644 attaminarunt
780 564 1127 641 ALEXANDRINORUM
1141 563 1336 643 LITURGIIS.
1544 563 1591 637 cl

223 755 293 830 aliis
325 708 609 828 Patriarchalihus
642 752 807 826 Ecclesiis
844 774 912 824 non
947 754 993 824 ita
1028 750 1251 849 appellaretur
1283 754 1356 843 ejus
1388 751 1590 850 Episcopus,

223 873 374 968 quamuis
400 871 525 964 Papae
552 867 661 941 titulos
688 867 807 940 dudum
834 867 882 940 illi
907 867 1048 941 tributus
1072 866 1188 959 hierit,
1213 890 1282 941 non
1309 892 1355 940 ex
1379 870 1503 943 insulsa
1534 869 1591 943 illa

218 992 349 1061 ratione
376 1010 476 1083 quam
502 986 596 1058 aliert
620 983 824 1081 Eutychius,
851 985 946 1079 quasi
959 984 1051 1081 Papa
1085 1008 1183 1055 onum
1204 985 1381 1077 significet,
1406 988 1481 1081 ipse
1504 1007 1590 1058 vero

219 1127 295 1177 eum
321 1126 370 1175 ex
400 1100 560 1195 dignitate
591 1124 651 1175 sua
683 1104 725 1174 sit
756 1100 1001 1197 Episcopomm
1036 1109 1149 1196 pater,
1184 1099 1226 1172 ah
1261 1099 1428 1174 inferioris
1464 1102 1590 1174 ordinis

217 1223 303 1293 viris
329 1221 451 1311 majori
475 1218 569 1291 titulo
595 1215 735 1289 deberet
761 1215 983 1289 cohonestari.
1035 1215 1124 1288 Nihil
1153 1220 1274 1289 minus:
1307 1218 1368 1290 sed
1402 1221 1458 1314 qui
1490 1241 1590 1293 com-

217 1340 328 1409 munis
354 1334 534 1431 Episcopis
561 1343 649 1424 erat,
675 1333 828 1405 Romano
846 1332 1036 1429 Episcopo,
1063 1342 1097 1404 et
1112 1333 1324 1430 postmodum
1346 1333 1591 1423 Alexandrino,

217 1475 264 1524 ex
293 1451 437 1548 quadam
461 1451 597 1522 honoris
624 1453 863 1545 praerogativa
888 1450 1028 1523 udatus
1055 1460 1115 1522 est
1168 1449 1317 1524 loannes
1344 1475 1364 1522 a
1390 1450 1426 1523 S.
1452 1450 1592 1524 Andrea

218 1568 275 1662 qui
304 1564 470 1640 Graecam
494 1566 602 1639 Marci
627 1565 813 1658 Litmgiam
838 1565 1037 1661 publicavit,
1070 1564 1156 1638 haec
1191 1566 1233 1638 ad
1258 1565 1445 1640 Romanum
1469 1567 1591 1640 Ponti-

128 1720 136 1732 ·
218 1681 318 1754 heem
345 1683 522 1755 referenda
548 1681 742 1773 arbitratus,
768 1684 907 1755 incautis
932 1681 1112 1755 lectoribus
1138 1681 1246 1755 haudi
1272 1680 1342 1754 fuit
1526 1680 1527 1683 ’

324 1799 428 1871 XLII.
455 1799 719 1872 Observahimus
746 1820 879 1893 quoque
905 1802 937 1871 in
965 1798 1084 1872 codice
1104 1798 1217 1891 Regio
1244 1798 1350 1871 solius
1372 1796 1587 1873 Patriorchae
1646 1822 1731 1874 sura
1752 1819 1916 1874 ratramnus

220 1916 297 1988 fieri
322 1920 535 2006 memoriam,
561 1938 629 1989 non
653 1914 834 2011 Episcopi,
869 1924 904 1986 ut
936 1917 969 1985 in
997 1914 1129 1987 Graeca
1160 1914 1286 2004 Marci,
1320 1925 1354 1986 et
1383 1918 1415 1985 in
1443 1910 1734 2012 Copticis¹¹¹⁰¹¹¹⁰til

219 2031 405 2127 plerisque.
456 2032 542 2105 Hine
568 2054 635 2104 non
671 2042 798 2103 temere
832 2031 1003 2123 conjicere
1033 2053 1233 2126 possumus,
1272 2029 1473 2126 descriptum
1503 2031 1594 2105 illum

219 2146 328 2219 fuisse
356 2170 402 2219 ex
428 2148 539 2244 aliquo
566 2151 622 2244 qui
649 2146 691 2219 ad
716 2150 821 2244 ipsius
847 2144 1023 2219 Ecclesiae
1049 2145 1283 2219 Patriarchalis
1299 2168 1395 2218 usum
1411 2147 1593 2221 destinatus

219 2262 330 2354 foret,
359 2288 423 2359 qua
449 2269 580 2338 ratione
606 2267 714 2356 major
740 2263 891 2354 ejusdem
917 2262 1084 2335 censenda
1111 2273 1164 2335 est
1191 2266 1358 2335 autoritas.

319 2380 438 2453 xtsst
465 2381 502 2454 ln
527 2380 722 2478 DiptychIs,
747 2379 805 2452 uhi
836 2380 1033 2453 Sanctorum
1060 2381 1194 2452 nomina
1220 2382 1417 2467 recitantm,
1443 2382 1504 2452 vix
1529 2379 1596 2453 ulla
1609 2392 1919 2447 nortorumsecuauco-

222 2492 368 2593 Coptica
395 2498 601 2593 exemplaria
628 2507 724 2585 sunt,
750 2499 784 2567 in
811 2496 929 2591 quihus
956 2506 1035 2591 post
1059 2498 1261 2591 praecipuos
1277 2494 1452 2568 Ecclesiae
1470 2497 1595 2570 docto·
1608 2481 1866 2535 b¹‘⁵⁰⁸⁶⁸¹¹¹⁶‘⁰¹¹¹¹²¹·

221 2636 283 2685 res
299 2635 369 2685 non
384 2617 592 2685 nominentur
605 2612 804 2700 Dioscorus,
831 2610 996 2701 Severus,
1023 2621 1056 2683 et
1069 2611 1124 2684 alii
1137 2610 1448 2708 Menophysitarum
1464 2613 1597 2686 heroes.
1931 2610 1934 2617 ’

222 2726 353 2800 Vemm
372 2732 407 2800 in
423 2729 540 2802 codice
553 2729 665 2822 Regio
679 2727 757 2800 nihil
768 2727 891 2799 simile:
916 2726 1019 2800 solius
1034 2727 1142 2805 Marci
1156 2731 1317 2800 memoria
1335 2739 1399 2820 est,
1413 2733 1495 2801 utin
1509 2729 1598 2800 edita

224 2867 302 2916 oum
336 2846 411 2937 ejus
441 2849 575 2917 nomine
606 2845 767 2937 Liturgia.
833 2842 1016 2917 Vetustatis
1056 2867 1142 2938 quae
1169 2844 1379 2916 schismatum
1418 2842 1598 2941 primordia

79 3009 83 3015 -
225 2965 447 3035 antecesserit
470 2961 626 3033 indicium
650 2959 715 3033 hoc
741 2982 819 3033 esse
845 2963 901 3055 qui
928 2959 1121 3055 pertendet,
1153 2982 1221 3032 non
1250 2960 1349 3032 facile
1375 2960 1553 3032 refelletur.

333 3076 453 3149 XLIV.
488 3077 586 3162 Quod
614 3081 647 3148 in
674 3076 791 3148 iisdem
808 3075 1001 3172 DiptpchiS,
1027 3076 1084 3148 vel
1107 3079 1216 3170 potius
1243 3074 1415 3148 Catholica
1439 3074 1598 3150 Oratione
1642 3084 1921 3154 neprrnctpumcou·

226 3215 294 3287 qua
321 3203 436 3265 oratur
465 3215 528 3289 pro
564 3192 733 3281 omnihus,
764 3194 973 3263 nominantur
1004 3193 1182 3286 βασιλεῖς,
1216 3201 1249 3263 et
1273 3188 1468 3281 παλάτιον,
1499 3195 1597 3267 etiam
1610 3173 1801 3225 ¹¹¹⁰¹¹¹⁰'“⁵⁰¹¹⁰·

225 3312 319 3404 paris
354 3313 531 3381 vetustatis
564 3321 645 3382 nota
681 3308 864 3397 videbitur,
905 3318 1003 3403 atque
1035 3312 1081 3380 ita
1113 3307 1284 3400 judicasse
1318 3307 1516 3380 Sahnasium
1552 3330 1598 3380 ex

228 3422 380 3497 Arabica
405 3429 564 3499 versione
591 3425 664 3498 sola
691 3447 789 3520 quam
814 3423 957 3514 viderat,
984 3425 1084 3496 docet
1103 3426 1176 3516 ejus
1190 3424 1232 3495 ad
1249 3423 1412 3496 loannem
1425 3424 1597 3496 Dallaeum

227 3540 402 3635 Epistola,
428 3564 515 3636 quae
541 3552 593 3614 est
617 3545 703 3613 inter
730 3542 835 3613 editas
862 3539 939 3613 32⁸.
992 3539 1129 3612 Librum
1156 3540 1331 3637 Copticum
1358 3551 1392 3612 et
1416 3539 1599 3613 Arabicum

230 3658 326 3749 cujus
354 3659 540 3730 testimonio
568 3679 648 3731 usus
676 3668 745 3746 est,
773 3659 1032 3753 antiquissimum
1060 3679 1155 3747 esse,
1182 3667 1215 3728 et
1241 3661 1399 3753 scriptum
1426 3680 1499 3729 cum
1527 3656 1598 3727 lm-

230 3782 408 3868 pcratores
435 3773 612 3847 Christiani
638 3772 745 3847 adhuc
770 3776 964 3868 Aegyptum
991 3773 1196 3862 obtinerent,
1222 3794 1263 3845 ea
1286 3778 1415 3846 ratione
1427 3773 1600 3866 judicavit,

234 3892 309 3982 pria
336 3892 422 3960 inter
446 3912 567 3985 preces
594 3889 677 3962 alias
710 3900 803 3963 esset
834 3890 1011 3983 singularis
1042 3913 1126 3980 una,
1161 3913 1224 3985 pro
1250 3890 1529 3987 Imperatorihus,
1568 3900 1602 3962 et

233 4002 297 4076 illis
324 4008 381 4099 qui
407 4016 521 4078 essent
546 4010 578 4077 in
605 4006 743 4081 Palatio.
796 4005 902 4078 Recte
929 4005 1057 4101 quidem
1093 4010 1122 4079 si
1156 4005 1289 4078 Graeco
1317 4006 1501 4103 exemplari
1534 4006 1601 4079 ad-

232 4117 443 4211 haereamus,
469 4122 559 4217 quod
576 4121 724 4196 Officium
752 4125 935 4213 continere,
963 4121 1061 4217 quale
1074 4122 1135 4195 suh
1155 4123 1413 4218 Imperatorihus
1434 4121 1601 4194 Christia-

234 4239 286 4308 nis
321 4236 570 4327 celebrabatur,
607 4238 747 4312 dubitari
779 4241 841 4311 vix
867 4248 988 4334 potest
1039 4239 1087 4311 At
1113 4261 1158 4311 ex
1170 4238 1318 4311 Arabica
1338 4242 1496 4311 versione
1515 4235 1603 4309 idern

235 4351 423 4443 conficere,
450 4354 628 4427 absurdum
654 4359 783 4452 penitus
809 4353 885 4447 luit,
911 4378 986 4428 cum
1011 4355 1096 4429 illius
1114 4354 1248 4448 linguae
1270 4359 1303 4426 in
1324 4355 1499 4451 Aegypto,
1526 4362 1602 4424 ante

237 4491 335 4564 pram
370 4494 390 4541 a
422 4468 672 4543 Muhamedanis
715 4482 953 4567 occuparetur,
998 4493 1079 4544 osus
1113 4470 1202 4544 foret
1235 4470 1354 4543 nullus.
1413 4461 1533 4544 Melius
1568 4468 1604 4540 id

237 4586 344 4680 ipsum
378 4608 425 4657 ex
457 4587 597 4683 Coptica
630 4591 771 4681 agnosci
803 4587 956 4683 prochve
987 4586 1061 4661 fist:
1095 4587 1157 4661 sed
1184 4590 1336 4684 quernus
1363 4588 1396 4657 in
1423 4609 1465 4659 ea
1490 4585 1604 4677 lingua

240 4699 422 4777 desudasse
455 4702 653 4777 Salmasium
693 4703 735 4776 ah
769 4707 843 4801 ipso
876 4705 1037 4797 sciamus,
1073 4727 1149 4777 cum
1183 4725 1287 4800 saepe
1320 4703 1437 4776 mrrlms
1469 4702 1535 4775 hoc
1570 4705 1605 4774 in
1735 4714 1743 4723 ·

239 4837 365 4908 genere
391 4815 626 4919 παρεκβάσεις
650 4820 769 4911 faciat,
795 4823 830 4892 in
855 4820 939 4895 locis
965 4843 1032 4894 non
1060 4825 1146 4911 suis,
1179 4823 1214 4891 in
1240 4842 1283 4891 ea
1317 4809 1427 4892 tamen
1451 4818 1605 4925 Epistola

240 4955 325 5027 quae
352 4934 545 5009 ahnonnem
572 4933 803 5010 confessionis
835 4936 921 5011 illius
956 4937 1100 5010 celehris
1140 4936 1183 5009 de
1213 4935 1421 5010 Eucharistia
1459 4942 1605 5035 exposi-

239 5052 363 5123 tionem
390 5056 554 5146 continet,
582 5053 624 5125 de
649 5053 872 5152 Aegyptiacis
888 5056 972 5130 silet
1023 5052 1080 5127 Ex
1093 5054 1205 5148 Regio
1219 5052 1336 5128 codice
1353 5053 1486 5130 Graeco
1505 5055 1606 5153 quid-
