4525 6034
638 609 1174 689 nnnnnnnltrnn
1496 611 1574 686 425

211 801 384 889 cadavera,
411 804 564 896 quamvis
591 823 638 872 ex
664 801 813 873 locorum
848 802 912 872 situ
938 808 1157 896 veterumque
1190 797 1485 896 descriptionibus,
1513 819 1573 870 eas

211 940 415 1011 cognoscere
443 917 642 1013 quandoque
668 915 786 1003 liceat,
819 918 954 1011 saepius
980 926 1092 988 tamen
1125 919 1301 1009 ignorare:
1332 914 1434 987 multo
1467 917 1574 987 minus

209 1035 387 1108 mirandum
420 1043 493 1123 est,
526 1044 604 1130 post
637 1043 745 1105 tantas
777 1031 891 1106 clades
930 1033 1048 1129 quibus
1080 1033 1260 1129 Aegyptus
1295 1054 1315 1103 a
1347 1030 1575 1105 Romanorum

209 1161 314 1223 aetate
348 1149 390 1222 ad
421 1148 505 1221 haec
537 1171 644 1244 nsque
678 1159 830 1245 tempora
864 1157 997 1222 vastata
1032 1159 1102 1238 est,
1136 1148 1412 1244 amplissimarum
1444 1147 1575 1222 urbium

208 1271 347 1360 vestigia
385 1268 523 1358 agnosci
554 1269 617 1338 vix
648 1287 772 1362 posse,
808 1268 1006 1362 praesertim
1037 1267 1073 1336 in
1107 1267 1272 1360 superiori
1298 1266 1492 1361 provincia,
1518 1263 1575 1336 uhi

207 1395 339 1481 praeter
363 1363 511 1455 latrones
536 1382 683 1472 Arabes,
711 1385 766 1477 qui
792 1385 909 1454 itinera
935 1380 1102 1470 obsident,
1128 1402 1227 1452 nemo
1247 1389 1409 1478 penetrat.
1437 1377 1574 1452 Certum

207 1509 256 1572 est
280 1500 399 1572 multas
427 1523 505 1572 esse
532 1523 618 1596 quae
643 1502 689 1571 ita
716 1501 846 1594 ponitus
873 1496 1119 1582 interciderunt,
1146 1495 1317 1570 otlrustra
1344 1500 1378 1568 in
1403 1495 1572 1571 hodiernis

206 1619 307 1688 ruinis
342 1627 556 1711 quaerantur,
590 1615 690 1689 molto
724 1617 831 1687 minus
865 1617 900 1687 in
933 1613 1026 1687 libris
1059 1614 1210 1686 Arabum
1238 1614 1504 1706 obscurissimis,
1539 1618 1574 1687 in

206 1730 322 1828 quihus
349 1755 392 1804 ne
417 1731 589 1805 levissima
617 1732 749 1828 quidem
774 1734 902 1808 veteris
929 1728 1166 1827 Geographiae
1200 1729 1350 1802 doctrina
1385 1740 1453 1801 est:
1485 1731 1574 1804 undo

204 1847 382 1944 plerasque
409 1852 507 1921 etiam
535 1847 773 1921 celeberrimas
800 1851 833 1919 in
860 1846 996 1921 historia
1024 1846 1116 1919 civili
1142 1857 1199 1918 aut
1223 1843 1474 1936 Ecclesiastica,
1496 1848 1573 1920 lru-

205 1974 269 2036 stra
298 1988 403 2061 saepe
430 1968 630 2059 quaerimus,
656 1987 765 2059 neque
793 1963 847 2035 ubi
874 1974 930 2036 ant
957 1962 1073 2059 quales
1096 1964 1166 2055 jam
1183 1966 1249 2034 sint
1274 1962 1392 2035 saltem
1412 1984 1457 2033 ex
1483 1985 1573 2036 con·

201 2082 331 2173 jectnra
358 2092 505 2154 statuere
531 2103 718 2177 possumus.
770 2079 816 2152 Ut
842 2089 951 2152 tamen
983 2078 1048 2152 hoc
1078 2082 1112 2150 in
1139 2100 1268 2172 genere
1293 2077 1440 2150 nonnihil
1465 2101 1572 2174 prae-

204 2207 340 2287 stemus,
367 2197 529 2293 quaedam
556 2219 603 2269 ex
627 2195 790 2270 Makrinio
817 2199 872 2291 qui
898 2197 1093 2293 Aegyptum
1119 2217 1204 2291 prae
1237 2198 1380 2268 caeteris
1416 2203 1573 2267 acmnate

205 2313 398 2410 descripsit,
433 2313 635 2403 referemus,
671 2335 718 2385 cx
752 2312 870 2409 quibus
905 2322 1061 2385 constare
1093 2315 1235 2408 poterit,
1269 2334 1356 2408 qnae
1387 2309 1449 2385 sub
1475 2313 1573 2387 Ara-

205 2430 299 2504 bihus
336 2429 426 2503 loret
463 2432 612 2522 regionis
651 2429 737 2502 illius
777 2439 869 2501 certa
917 2428 1059 2516 divisio,
1101 2451 1187 2525 quae
1220 2428 1322 2503 urbes
1356 2431 1573 2525 praecipuae,

206 2546 368 2642 simulque
399 2544 641 2643 Episcopales,
675 2556 829 2641 qnantum
862 2543 933 2616 deri
959 2549 1091 2640 poterit,
1118 2543 1317 2620 notabimus.

345 2675 483 2748 CXXV.
562 2673 725 2747 Vetustae
773 2673 904 2770 quidem
948 2672 1120 2748 divisionis
1159 2677 1309 2771 Aegypti
1349 2676 1382 2746 in
1426 2674 1572 2763 Nomos,
1620 2687 1721 2740 divisio
1744 2694 1819 2740 vetus
1840 2684 1897 2739 Aa·

73 2793 76 2800 ’
205 2795 363 2866 memoria
395 2814 536 2889 prorsus
571 2791 746 2864 obliterata
782 2801 852 2880 est,
893 2792 957 2862 nisi
999 2789 1089 2885 quod
1128 2789 1215 2863 illius
1257 2793 1356 2865 vocis
1393 2793 1571 2884 vestigium
1585 2776 1659 2872 illl
1675 2771 1803 2826 ⁸¹⁸l¹¹³¹¹³
1820 2774 1895 2825 ⁵⁰⁰⁰·

205 2908 310 2982 adhuc
337 2920 441 2982 restat
468 2911 502 2979 in
528 2906 678 3004 epistolis
705 2907 886 3004 encyclicis
913 2909 1000 2979 inter
1028 2907 1144 2980 titulos
1177 2907 1463 2998 Patriarcharnm,
1496 2908 1573 2980 dum
1585 2868 1664 2930 gnra.

205 3050 241 3098 se
267 3026 437 3123 appellant
462 3025 754 3118 Arcdiepiscopos
780 3024 1022 3094 Alexandriae
1048 3029 1083 3094 et
1109 3027 1213 3095 totius
1238 3026 1407 3121 Aepppti‚
1435 3030 1572 3118 musque

204 3142 396 3213 Nemorum.
449 3143 519 3214 lmo
547 3163 609 3212 nec
636 3139 811 3213 divisionis
839 3143 872 3212 in
898 3140 1093 3212 Provincias
1121 3150 1155 3211 et
1180 3138 1294 3231 urbes,
1322 3163 1408 3236 qnae
1434 3145 1467 3212 in
1493 3138 1572 3212 No-

205 3261 271 3331 titia
306 3259 439 3354 lmperii
473 3267 713 3347 conservatur,
745 3269 824 3329 nota
858 3267 1020 3353 superest
1071 3259 1130 3330 Ait
1167 3257 1297 3353 quidem
1331 3279 1377 3328 ex
1407 3259 1573 3329 communi

205 3395 339 3446 suorum
367 3375 522 3470 opinione
549 3373 729 3447 Makrizius
751 3377 937 3468 antiquitus
949 3376 1139 3467 Aegyptum
1165 3379 1261 3444 tento
1287 3373 1476 3445 incolarum
1500 3397 1570 3444 nn·
1618 3392 1895 3464 renuerenneqppn

204 3513 293 3561 mero
319 3493 488 3584 floruisse,
516 3497 553 3561 nt
579 3498 710 3562 centnm
736 3493 980 3587 qninquaginta
1006 3496 1077 3562 tres
1105 3493 1266 3586 regiones
1298 3493 1505 3561 contineret:
1536 3476 1611 3558 inl·
1631 3478 1656 3529 ¹·

205 3630 346 3701 qnorum
371 3606 521 3702 singolis,
543 3614 690 3701 praeter
716 3610 888 3678 ciuitatem
909 3605 1146 3700 principalem,
1173 3613 1284 3678 essent
1302 3609 1448 3677 nocenti
1460 3627 1572 3677 secc-

204 3727 299 3818 pintn
327 3727 473 3817 quinque
495 3727 589 3819 papi,
618 3730 679 3794 out
704 3724 773 3794 loci
798 3722 955 3794 dubitati.
1007 3722 1094 3794 Post
1120 3722 1455 3794 Nabuchodonosori
1482 3728 1571 3792 tem-

201 3862 301 3931 poro,
331 3842 506 3934 octoginta
532 3844 679 3935 quinque
705 3846 833 3910 tontum
855 3841 1055 3932 procinctos
1087 3861 1148 3910 rec
1173 3842 1332 3934 regiones
1366 3844 1571 3925 nunterston,

205 3958 472 4050 imminutnmque
498 3956 609 4027 odltnc
631 3959 741 4050 suisne
768 3956 997 4026 debitotorem
1021 3953 1273 4042 multitudinem,
1300 3978 1404 4050 nsque
1430 3955 1572 4025 annn-

205 4068 420 4141 ltcmednnos.
456 4071 527 4143 snt
555 4072 673 4168 quidus
698 4076 734 4144 in
760 4071 990 4167 quodraginta
1011 4073 1211 4164 provincias
1235 4075 1374 4142 vicatim
1399 4071 1573 4142 dubitator

206 4187 315 4257 divisa
339 4191 416 4281 snit.

308 4304 461 4378 CXXVI.
514 4304 642 4377 Deinde
670 4304 734 4377 alia
766 4303 884 4377 divisio
919 4305 1063 4375 instituta
1096 4311 1150 4375 est
1179 4307 1212 4375 in
1239 4301 1426 4395 Regionenr
1457 4302 1568 4374 Mari·
1617 4319 1726 4374 ‘nova
1754 4324 1895 4379 secundum

206 4424 317 4494 timam
344 4431 378 4493 et
402 4421 603 4509 Australem,
630 4423 675 4493 ita
701 4431 737 4493 nt
762 4421 853 4516 prior
878 4421 961 4491 mari
972 4417 1218 4494 Mediterraneo
1246 4419 1288 4491 nd
1302 4419 1569 4515 Septentrionem
1616 4408 1722 4462 nrum.

204 4537 366 4610 liniretur:
393 4537 559 4610 Australis
586 4560 605 4608 a
631 4537 757 4609 Misrae
783 4559 844 4610 scu
870 4534 1014 4609 Cahirac
1045 4535 1164 4608 linibus
1191 4538 1366 4631 inciperet,
1393 4557 1499 4631 nsque
1527 4534 1570 4608 ad
1743 4533 1746 4540 ⁴

205 4652 404 4749 Aethiopiae
431 4653 562 4744 limites,
588 4655 748 4727 Austrum
762 4676 895 4746 versus,
923 4678 1008 4753 qnae
1025 4658 1144 4750 viginti
1162 4677 1227 4730 sex
1252 4657 1443 4753 provincias
1470 4675 1570 4726 com-

206 4768 416 4865 plecteretur.

308 4884 435 4959 Eornm
461 4885 543 4958 haec
569 4897 645 4959 sont
669 4890 802 4960 nomina
829 4888 997 4977 Charkict,
1026 4891 1101 4961 sive
1128 4887 1316 4961 Orientalis.
1369 4886 1572 4960 Munnahiet:

207 4999 399 5076 Dakahlict:
430 5001 616 5077 Ahnaniet:
649 5014 683 5077 et
717 5007 918 5078 territorium
950 5006 1179 5079 Damiatense:
1214 5007 1247 5077 in
1281 5013 1377 5101 parte
1409 5004 1573 5076 Maritima
