4525 6034
407 1814 438 1866 ln
450 1813 526 1867 Codd.
549 1816 618 1869 diss.

354 1900 380 1953 S.
399 1898 526 1970 Gregorii.

370 1987 401 2037 ln
410 1988 498 2040 aleis.
508 1988 601 2043 Severi
610 1989 662 2043 Pa-

353 2072 488 2129 triarchas.

679 548 730 621 26
1187 549 1548 627 titolata

679 744 714 805 et
739 733 795 806 lac
820 756 875 806 me
903 732 1039 827 dignum
1064 744 1100 807 ut
1125 735 1285 809 adsistam
1311 733 1407 809 altari
1434 747 1489 808 tuo
1516 749 1652 814 sancto:
1678 764 1788 837 neque
1812 742 1847 814 id
1872 743 1950 815 mihi
1967 767 2058 841 pro·

677 852 793 921 veniat
817 852 852 921 in
874 849 1045 941 judicium,
1073 851 1134 924 sed
1161 850 1298 924 offeram
1325 850 1383 924 tibi
1408 852 1474 925 hoc
1507 856 1717 948 sacrificium,
1751 857 1966 951 rationabile,
1998 865 2058 934 in-

678 974 851 1037 cmentum
878 989 953 1038 cum
980 968 1184 1039 conscientia
1210 989 1314 1063 pura,
1348 971 1640 1044 inremissionem
1675 984 1890 1069 peccatorum
1922 984 1957 1047 et
1987 979 2059 1049 ini-

678 1085 837 1175 quitamm
863 1103 1025 1173 meamm,
1051 1086 1184 1155 veniam
1203 1082 1399 1157 delictomm
1412 1084 1528 1180 populi
1549 1090 1607 1177 tui,
1621 1091 1774 1184 requiem
1799 1100 1835 1161 et
1844 1088 2060 1182 refrigerium

676 1196 812 1268 Patmm
838 1209 1041 1288 nostrorum,
1069 1203 1125 1294 qui
1153 1196 1231 1270 olim
1259 1197 1512 1272 obdormierunt
1536 1204 1570 1274 in
1595 1203 1662 1275 lide
1681 1202 1894 1277 Orthodoxa:
1923 1206 1967 1278 ad
1990 1229 2059 1279 ae-

678 1312 899 1385 dificationem
932 1313 1046 1409 populi
1078 1317 1125 1387 tui
1157 1317 1274 1405 totius,
1308 1327 1342 1389 et
1377 1316 1419 1387 ad
1450 1317 1593 1409 gloriam
1629 1327 1736 1407 tuam,
1769 1342 1845 1392 cum
1876 1320 1964 1393 Filio
1992 1333 2051 1395 tuo

681 1429 852 1519 unigenito
879 1428 1037 1520 Domino,
1063 1429 1140 1503 Deo
1168 1440 1202 1502 et
1228 1430 1408 1505 salvatore
1435 1442 1552 1507 nostro
1578 1433 1662 1506 lesu
1689 1431 1842 1528 Christo,
1871 1446 1906 1508 et
1931 1437 2058 1533 Spiritu

678 1553 736 1615 tuo
764 1543 968 1638 vivificante,
995 1545 1120 1641 tibique
1147 1546 1434 1637 consubstantiali,
1460 1568 1561 1639 nunc,
1589 1559 1652 1621 etc.

1168 1802 1290 1873 Oratio
1317 1802 1426 1876 osculi
1447 1807 1558 1897 pocta.

780 2007 932 2079 Aeteme
958 2006 1023 2079 Fili
1050 2008 1106 2102 qui
1132 2008 1166 2077 in
1192 2010 1430 2103 sempiternum
1452 2007 1620 2099 subsistis,
1637 2007 1929 2084 consubstantialis
1952 2012 2058 2105 Patri,

677 2124 790 2221 illique
817 2122 937 2195 throno
973 2131 1009 2195 et
1035 2125 1208 2195 creatione
1244 2124 1412 2219 aequalis:
1441 2127 1496 2220 qui
1522 2124 1597 2197 sola
1622 2121 1771 2197 bonitate
1798 2149 1846 2198 ex
1870 2126 1970 2199 nihilo
1996 2126 2058 2198 le-

679 2244 755 2314 cisti
788 2238 976 2328 hominem,
1011 2248 1045 2309 et
1077 2236 1251 2311 collocasti
1287 2262 1364 2312 enm
1395 2244 1430 2312 in
1464 2238 1623 2336 paradiso
1659 2239 1857 2337 voluptatis:
1892 2244 1947 2336 qui
1978 2265 2058 2314 cum

677 2356 857 2429 cecidisset
888 2378 951 2451 per
977 2354 1208 2450 deceptionem
1233 2358 1370 2446 inimici,
1406 2365 1440 2428 et
1465 2357 1638 2452 praecepti
1665 2359 1711 2428 tui
1737 2360 2056 2450 transgressionem,

678 2472 815 2546 voluisti
849 2494 925 2543 eum
955 2492 1125 2543 renovare
1162 2481 1196 2543 et
1230 2474 1265 2543 in
1300 2471 1494 2565 dignitatem
1530 2494 1624 2546 suam
1655 2474 1828 2567 pristinam
1865 2475 2057 2546 resumere.

679 2587 758 2660 Non
782 2586 959 2680 Angelos,
985 2609 1054 2659 non
1079 2585 1335 2679 Archangelos,
1361 2610 1428 2659 non
1459 2585 1692 2679 Patriarchas,
1726 2609 1837 2682 neque
1870 2587 2060 2683 Prophetas

677 2704 813 2777 voluisti
840 2712 976 2776 autores
1004 2726 1083 2777 esse
1108 2691 1246 2775 nostrae
1274 2702 1403 2792 salutis,
1431 2703 1491 2777 sed
1507 2713 1541 2775 tu
1567 2702 1696 2798 absque
1722 2707 1950 2776 immutatione
1969 2726 2057 2775 car-

679 2843 757 2892 nem
784 2822 1011 2914 assumpsisti,
1043 2828 1078 2890 et
1102 2818 1203 2891 homo
1242 2818 1352 2892 lactus
1380 2843 1437 2910 es,
1470 2819 1586 2893 similis
1618 2817 1716 2891 nobis
1743 2822 1777 2889 in
1805 2820 1956 2892 omnibus
1982 2842 2059 2891 ex-

679 2945 777 3031 cepto
804 2946 959 3031 peccato,
985 2933 1092 3007 lactus
1121 2956 1159 3006 es
1185 2934 1283 3007 nobis
1309 2934 1474 3007 mediator
1500 2956 1584 3027 erga
1609 2933 1761 3006 Patrem:
1788 2938 1950 3030 parietem
1972 2957 2057 3007 me-

677 3050 765 3122 dium
793 3051 938 3142 dimisti,
965 3059 1000 3122 et
1022 3048 1211 3122 ''minricitias
1246 3053 1377 3147 priores
1405 3050 1577 3122 delevisti:
1605 3051 1788 3122 conciliasti
1805 3048 1956 3122 terrenos
1977 3073 2059 3123 cum

676 3164 894 3257 coelestibus,
921 3175 955 3238 et
980 3165 1090 3238 fecisti
1118 3164 1161 3238 de
1188 3165 1316 3240 duobus
1342 3189 1454 3257 unum,
1481 3189 1544 3263 per
1567 3164 1849 3261 dispensationem
1871 3170 1904 3237 in
1931 3189 2056 3239 carne:

676 3281 857 3355 ascendisti
884 3286 918 3354 in
952 3282 1083 3355 coelum
1119 3281 1357 3378 corporaliter,
1384 3289 1419 3354 et
1443 3281 1623 3377 implevisti
1649 3284 1760 3354 omnia
1787 3281 1958 3354 divinitate
1984 3293 2056 3355 tua.

677 3397 731 3468 'lu
758 3398 871 3472 dixisti
899 3397 1067 3494 discipulis
1094 3401 1160 3470 tuis
1187 3400 1313 3471 sanctis
1349 3408 1383 3469 et
1406 3396 1596 3493 Apostolis,
1622 3396 1746 3469 Pacem
1773 3419 1882 3469 meam
1910 3398 1953 3470 do
1977 3420 2057 3470 vo-

675 3510 740 3600 bis,
767 3536 885 3609 paoem
913 3536 1024 3585 meam
1049 3512 1202 3608 rebnquo
1230 3511 1341 3585 vobis.
1369 3512 1528 3586 Concede
1552 3516 1622 3605 jam
1637 3512 1737 3585 nobis
1762 3512 1865 3604 illam,
1890 3513 2058 3603 Domine3

678 3637 712 3699 et
738 3628 947 3701 mundanos
976 3627 1017 3700 ab
1046 3633 1137 3703 omni
1163 3627 1306 3719 macula,
1334 3628 1376 3700 ab
1410 3632 1501 3700 omni
1528 3628 1618 3717 dolo,
1646 3625 1689 3699 ab
1725 3630 1815 3699 omni
1840 3625 1974 3717 malitia,
2011 3625 2056 3698 ab

678 3747 768 3815 omni
792 3743 1036 3836 fraudulentia,
1072 3755 1106 3817 et
1138 3746 1333 3836 injuriamm
1363 3733 1597 3816 recordatione
1628 3742 1820 3815 mortifera:
1848 3754 1882 3816 et
1908 3743 1961 3815 lac
1986 3762 2094 3814 nos.

678 3880 796 3933 omnes
823 3859 953 3952 digrms,
967 3860 1124 3952 Domine,
1152 3869 1188 3931 ut
1212 3860 1393 3933 salutemus
1421 3863 1566 3932 invicem
1592 3861 1627 3931 in
1649 3858 1767 3931 osculo
1784 3869 1915 3950 sancto,
1942 3880 2057 3952 neque

676 3975 871 4050 excidamus
897 3998 960 4072 per
982 3975 1143 4068 judicium
1169 4000 1190 4049 a
1219 3975 1314 4048 donis
1341 3978 1405 4050 tuis
1421 3973 1673 4064 immortalibus,
1701 3984 1801 4069 atque
1827 3973 2058 4063 coelestibus3

672 4093 902 4186 pergratiam
929 4101 1018 4163 tuam
1046 4101 1080 4163 et
1109 4091 1349 4183 benignitatem
1375 4090 1485 4164 Patris
1512 4094 1571 4182 tui,
1598 4099 1632 4161 et
1658 4093 1888 4187 operationem
1909 4089 2056 4185 Spiritus

672 4210 737 4278 tui:
765 4217 800 4278 tu
826 4227 865 4280 es
893 4210 981 4279 enim
1005 4207 1168 4302 provisor
1194 4216 1229 4278 et
1253 4205 1395 4300 largitor
1425 4208 1570 4279 omnium
1601 4204 1785 4295 bonorum3
1811 4205 1936 4301 tibique
1963 4203 2057 4277 offe-

672 4324 775 4396 rimus
812 4322 975 4415 gloriam,
1010 4330 1045 4393 et
1077 4319 1261 4413 honorem,
1291 4323 1587 4415 magnificentiam,
1619 4331 1654 4395 et
1688 4321 1938 4411 adorationem,
1976 4343 2057 4395 cum

672 4435 774 4510 Patre
801 4447 858 4511 tuo
885 4437 989 4530 bono,
1015 4435 1222 4529 vivificante,
1249 4436 1373 4534 tibique
1400 4422 1686 4529 consubstantiali,
1712 4461 1810 4530 nunc,
1838 4448 1901 4510 etc.

1046 4640 1049 4645 ·
1126 4697 1212 4768 Alio
1239 4696 1359 4767 Oratio
1387 4698 1434 4768 od
1459 4698 1591 4769 moon.

777 4899 910 4975 Christe
936 4902 1031 4975 Deus
1059 4911 1188 4992 noster,
1215 4907 1321 4976 virtus
1348 4902 1520 4975 demenda
1547 4913 1581 4975 et
1616 4898 1958 4997 incomprehensibdis
1984 4898 2054 4970 Dei

672 5014 795 5107 Patris,
824 5021 880 5111 qni
907 5017 1006 5090 sedes
1035 5040 1138 5113 super
1166 5017 1318 5091 thronmn
1343 5017 1530 5091 danuneum
1564 5015 1761 5109 Cherubim,
1788 5019 1841 5089 cui
1867 5019 2054 5088 ministrant
