4525 6034
734 583 892 658 DIVI
945 582 1178 660 Menon.
1589 587 1662 660 143

269 767 388 862 neor,
401 797 447 850 εις
456 796 499 841 το
490 765 769 864 μεταλαβεῖν
737 768 945 900 ακατακρί-
989 773 1077 842 mina
1111 769 1229 843 oeulos
1269 773 1388 843 mentis
1427 783 1580 862 nostrae,
1623 775 1665 848 ad

268 899 339 954 τως
359 878 421 965 τῆς
440 867 634 946 ἀθανάτου
650 869 711 945 καὶ
729 873 946 970 ἐπουρανίου
989 874 1236 970 percipiendum
1272 877 1345 945 sine
1379 876 1665 949 condemnationis

267 970 400 1070 ταύτης
417 980 566 1073 τροφῆς·
593 974 654 1048 καὶ
674 973 829 1073 ἁγίασον
855 974 947 1071 ἡμᾶς
989 986 1096 1069 metu,
1112 975 1328 1048 immortalem
1339 987 1374 1049 et
1386 979 1566 1052 coelestem
1578 980 1665 1053 hunc

269 1078 441 1160 ὁλοτελοις
455 1085 567 1175 ψυχῇ,
585 1075 741 1173 σιύματι,
758 1078 818 1152 καὶ
832 1075 946 1153 πνεύ-
989 1076 1116 1171 cibun,
1154 1091 1189 1152 et
1227 1080 1397 1153 sanctifica
1435 1104 1499 1155 nos
1532 1086 1665 1175 integre

267 1209 377 1276 ματι,
409 1183 469 1255 ἵνα
506 1179 597 1275 μετὰ
625 1188 701 1256 τῶν
731 1180 849 1282 ἁγίων
876 1205 946 1256 σου
989 1184 1118 1273 anima,
1145 1206 1307 1280 corpore,
1328 1194 1361 1255 et
1379 1188 1512 1280 spiritu3
1539 1195 1575 1258 ut
1589 1209 1664 1258 cum

267 1287 453 1379 μαθητῶν
471 1283 533 1358 καὶ
553 1282 768 1360 ἀποστόλων
791 1284 946 1381 εἲπωμεν
989 1289 1113 1357 sanctis
1141 1291 1205 1358 tuis
1233 1286 1402 1382 discipulis
1430 1298 1464 1359 et
1489 1289 1664 1384 Apostoiis

268 1385 328 1460 σοὶ
347 1386 416 1481 τὴν
432 1386 630 1486 προςευχὴν
651 1385 800 1485 ταύτην,
816 1385 872 1478 τό,
989 1387 1137 1461 dicamus
1165 1386 1222 1462 tibi
1250 1393 1436 1463 orationem
1463 1390 1569 1481 hanc,

320 1488 445 1589 Πάτερ
462 1490 569 1586 ἡμῶν
587 1491 609 1565 ὁ
625 1495 665 1566 ἐν
678 1502 753 1575 τοῖς
766 1490 944 1590 οὐρανοῖς,
1039 1490 1142 1563 Pater
1154 1502 1288 1581 noster,
1301 1497 1356 1588 qui
1369 1515 1406 1565 es
1419 1497 1451 1565 in
1465 1494 1583 1584 coelis,
1598 1505 1662 1567 etc.

268 1592 396 1668 micci
418 1597 505 1690 ἑξῆς

319 1700 495 1795 Ἐκφύνως.
530 1697 946 1795 Καὶκαταξίωσονῆμᾶς
1040 1698 1149 1769 mata
1183 1723 1285 1787 οοοο,
1324 1697 1369 1771 Ει
1410 1699 1550 1792 dignare
1588 1723 1664 1790 nos,

269 1799 428 1875 δέσποτα
460 1798 703 1900 φιλύνθραιπε
726 1800 859 1935 κύριε
857 1800 945 1876 ιιετοὶ
988 1801 1203 1887 Dominator,
1235 1805 1370 1897 generis
1401 1802 1533 1875 humani
1561 1827 1661 1876 ama-

267 1902 518 2001 παρρησίας,
494 1905 750 2003 σκατακρίτως,
768 1910 807 1980 ἐν
824 1908 946 1979 καθα·
988 1915 1062 1993 tor,
1080 1905 1245 1995 Domine
1265 1916 1300 1977 ut
1322 1930 1397 1978 cum
1411 1906 1619 1995 libertate,
1591 1928 1664 1978 sine

269 2038 317 2133 ρᾳ
304 2006 477 2105 καρδίᾳ,
494 2015 594 2105 ψυχῇ
618 2015 883 2108 πεφωτισμενῃ,
905 2012 945 2083 ἐν
988 2008 1274 2081 condemnationis
1301 2019 1403 2099 metu,
1430 2009 1533 2081 corde
1566 2031 1663 2105 puro,

268 2108 505 2207 απαισχύντῳ
538 2109 733 2209 προςιύπῳ,
769 2112 945 2212 ἡγιασμέ-
989 2115 1097 2183 anima
1126 2111 1324 2199 illuminata,
1356 2111 1532 2185 inconfusa
1565 2112 1664 2204 facie,

267 2244 346 2299 νοις
361 2216 682 2311 χείλεσιν,τσλμεὶν
698 2215 946 2291 ἐπικαλεῖσθαί
989 2215 1199 2287 sanctificatis
1234 2215 1358 2304 labris,
1393 2214 1664 2289 audeamnsin-

269 2345 308 2391 σε
326 2317 394 2392 τὸν
411 2321 450 2394 ἓν
464 2330 537 2403 τοῦ,ἱ
554 2317 719 2417 ούρανοῖς
732 2318 839 2419 οέγιον
855 2317 946 2393 θεὸν
988 2340 1117 2389 vocare
1144 2327 1197 2408 te,
1224 2324 1279 2414 qui
1305 2323 1338 2390 in
1366 2318 1473 2391 coelis
1491 2342 1550 2409 eS,
1578 2341 1664 2393 san-

267 2450 417 2534 ποτερα,
438 2420 499 2496 καὶ
524 2426 648 2547 λέγειν.
989 2431 1076 2493 ctum
1103 2422 1212 2493 Deum
1238 2422 1390 2512 Patrem,
1419 2430 1452 2493 et
1479 2421 1601 2497 dicere

319 2510 475 2596 ΟΛαός
517 2523 679 2623 Πάτερ(
657 2534 762 2622 ημιῦν
777 2525 798 2599 ὁ
813 2530 852 2602 ἐν
872 2537 946 2611 τοῖς
1043 2524 1205 2618 Populus.
1231 2524 1332 2597 Pater
1358 2533 1490 2615 noster,
1517 2536 1581 2598 etc

269 2626 444 2729 οὐρανοῖς.

473 2778 505 2832 ‘0
514 2752 607 2850 Ἱερεύς
624 2779 737 2849 εὔχεται.
1210 2784 1348 2843 Sacerdos
1369 2792 1442 2842 orat.

323 2901 396 2977 Ναὶ
412 2898 525 3001 κύριε,
551 2898 663 3000 κύριε,
683 2900 736 2997 μή
760 2903 946 3002 εἰςενεγκῃς
1040 2898 1089 2970 lta
1116 2900 1280 2991 Domine,
1307 2903 1468 3013 Domine,
1495 2924 1539 2973 ne
1561 2902 1663 2975 indu-

268 3005 363 3101 ἡμᾶς
395 3009 441 3089 εἰς
444 3003 681 3135 πειρασμόν,
717 3003 810 3080 ἄλλα
840 3012 945 3101 ῥῦσαι
989 3024 1048 3075 cas
1076 3025 1139 3075 nos
1166 3002 1451 3093 intentationem,
1479 3004 1664 3078 sediibera

267 3110 362 3207 ἡμᾶς
382 3107 454 3184 ἀπὸ
470 3117 536 3184 τοῦ
551 3116 723 3208 πονηροῦ.
751 3106 920 3186 Οἶδεν
872 3136 945 3237 γαρ
988 3126 1052 3177 nos
1080 3131 1101 3178 a
1127 3107 1227 3180 meio
1254 3107 1359 3181 Novit
1382 3110 1469 3179 enim
1484 3107 1585 3179 multa
1609 3118 1665 3180 tina

267 3211 431 3310 ἡπολλή
456 3239 525 3287 σου
548 3210 846 3313 εύσπλαγχνία,“
825 3241 881 3287 οτι
902 3212 949 3288 οὐ
989 3211 1238 3301 misericordia,
1275 3212 1362 3305 quod
1398 3214 1563 3285 sustinere
1597 3234 1666 3283 non

268 3314 505 3445 dovdpudc‘
482 3321 687 3443 ιγιενεγκειν
700 3314 819 3391 διαὶ
775 3344 844 3412 την
857 3322 947 3392 πολ·
989 3335 1188 3407 possumne,
1220 3313 1432 3410 praemulta
1458 3324 1574 3387 nostra
1606 3318 1664 3386 in-

268 3418 383 3516 niv‘
361 3428 467 3549 ημῶν
483 3418 694 3495 ασθὲνειαν
728 3417 821 3495 ame
843 3420 947 3517 ποίη-
988 3414 1160 3490 firmitate:
1188 3419 1249 3491 sed
1275 3418 1330 3489 sac
1356 3421 1455 3491 etiam
1483 3439 1556 3489 cum
1583 3427 1664 3489 ten-

268 3550 340 3598 σον
352 3523 424 3599 συν
440 3531 492 3621 τῷ
506 3522 765 3621 πειρασμῳκοιὶ
779 3525 945 3618 ἑκβασιν,
990 3522 1114 3593 tatione
1154 3530 1373 3644 proventum,
1421 3530 1458 3593 ut
1496 3524 1664 3616 possimus

267 3635 339 3702 τοῦ
376 3626 623 3703 δύνασθαις
599 3634 692 3721 ημᾶς
730 3625 945 3726 ὑπενεγκεῖν
990 3625 1163 3697 sustinere
1214 3624 1267 3697 Τιι
1293 3629 1380 3697 euim
1414 3622 1531 3696 dedisti
1566 3622 1664 3696 nobis

268 3730 331 3806 Συ
358 3730 437 3864 γὰρ
476 3730 669 3815 ἔδωκαςι
647 3742 735 3829 ημῖν
776 3729 945 3809 ἐξουσίαν
987 3736 1187 3848 potestatem
1229 3728 1379 3802 calcandi
1421 3736 1596 3821 serpentes
1632 3736 1665 3798 et

266 3848 395 3913 πατεῖν
409 3832 529 3911 ἐπάνω
542 3863 663 3933 οφειον
673 3833 734 3909 καί
745 3834 944 3931 σκορπίων
987 3834 1152 3951 scorpios
1175 3842 1209 3902 et
1238 3853 1369 3904 omnem
1384 3840 1582 3926 potestatem
1604 3833 1665 3902 in-
1687 3923 1689 3926 y

267 3938 331 4014 καὶ
358 3939 414 4014 ἐπὶ
441 3945 563 4014 πᾶσαν
588 3936 657 4033 τὴν
688 3933 852 4032 δύναμιν
879 3948 947 4012 τοῦ
988 3935 1088 4021 imici,
1115 3936 1223 4007 Edeta
1247 3957 1349 4023 voce,
1385 3938 1461 4031 quin
1487 3942 1578 4006 tuum
1612 3942 1666 4005 est

267 4045 418 4141 ἐχθροῦ.
455 4044 631 4142 Ἐκφώιως,
669 4039 745 4119 ‘On
766 4064 835 4116 coc
849 4039 946 4116 ἐστὶν
989 4057 1129 4128 regnum
1157 4048 1191 4111 et
1216 4041 1374 4134 potentia.

268 4145 291 4243 ἦ
309 4147 477 4244 βασιλεία
493 4145 554 4220 καὶ
573 4145 595 4219 r‘
584 4142 782 4242 δύναμις.

319 4253 476 4339 ιΟΛαός.
525 4245 647 4344 Ἀμήν.
1041 4242 1204 4338 Populus.
1257 4246 1377 4319 Amen.

316 4356 501 4453 ὉΙερεύς.
546 4349 681 4450 Εἰρήνη
698 4356 820 4426 πᾶσιν.
1042 4344 1228 4420 Sacerdos.
1280 4348 1358 4419 Pax
1383 4345 1544 4418 omnibus

314 4459 543 4547 ΟΔιύκονος.
588 4454 659 4539 Τύς
674 4452 948 4554 κεφαλαςὴγαῦν
1042 4449 1232 4523 Diaconos
1286 4451 1405 4545 Capita
1436 4448 1663 4522 vestratem

264 4588 321 4633 τοι
305 4559 448 4657 Ἰησοῦ
463 4560 615 4636 κλίνατε
726 4636 728 4639 ,
991 4551 1124 4626 Christo
1151 4555 1315 4627 inclinate.

318 4665 477 4753 ὉΛαός.
522 4661 583 4739 Σύ
597 4659 707 4760 κύριε.
1041 4657 1203 4751 Papum
1256 4657 1309 4729 'l'n
1335 4657 1487 4727 Domine.

458 4814 490 4869 ‘0
502 4811 623 4886 ‘lecte'
612 4835 673 4866 επεν
668 4814 759 4881 ‘olna
1209 4812 1346 4871 Sacerdos
1367 4818 1441 4869 orae.

322 4943 486 5013 Δέσποτα
503 4936 603 5034 κύριε
620 4967 641 5009 ο
631 4933 790 5024 ιύιεός,
770 4964 790 5007 ο
804 4962 945 5010 παντο·
1041 4931 1240 5004 Dominator
1265 4932 1409 5005 Domine
1428 4932 1521 5003 Deus
1549 4931 1663 5002 omni-

266 5038 430 5141 κρύταιρ,
456 5072 478 5116 ο
467 5040 703 5137 “καθρμενος
719 5037 775 5113 ἐπὶ
792 5044 868 5115 τῶν
881 5067 947 5135 χε-
989 5047 1130 5132 potens,
1159 5039 1213 5131 qui
1236 5035 1336 5110 sedes
1356 5054 1457 5131 super
1472 5031 1664 5125 Cherubim,

296 5183 384 5225 remus
396 5182 411 5224 t
1418 5151 1468 5226 34
