4525 6034
679 591 755 664 370
1066 587 1672 666 DllPATltlARGHA

678 777 847 852 Praelatio
874 775 1077 876 Pontificalis
1104 777 1329 868 Seguieriani,
1357 796 1439 870 quas
1468 776 1665 871 compendio
1684 777 1864 863 trademus,
1891 771 2041 869 et'quan-

681 904 748 966 tum
775 915 921 965 necesse
946 892 1124 980 videbitur,
1154 915 1199 963 ex
1225 891 1363 964 historia
1390 890 1630 987 disciplinaque
1666 892 1795 964 illarum
1828 891 2042 964 Ecclesiamm

681 1006 933 1105 explicabimus,

406 1138 478 1202 oute
507 1138 669 1192 conditiones
785 1123 854 1196 Lll.
881 1124 992 1195 Prima
1019 1123 1164 1195 conditio
1192 1146 1290 1218 quam
1316 1125 1350 1194 in
1377 1122 1569 1216 Patriarcha
1595 1123 1803 1217 designando
1828 1126 2042 1195 necessariam

355 1229 497 1366 ffllll‘ff
522 1226 618 1279 slifll
642 1227 668 1277 ³¹¹
680 1241 797 1316 volunt
824 1238 982 1312 Canones
1010 1243 1135 1335 antiqui
1161 1240 1248 1335 apud
1269 1238 1457 1313 Orientales
1485 1243 1623 1333 recepti,
1652 1250 1715 1330 est,
1741 1250 1778 1312 ut
1804 1243 1847 1312 sit
1870 1238 1965 1328 liber,
1990 1244 2042 1310 iu-

376 1321 468 1367 m'm
488 1330 511 1367 θ’
681 1380 878 1452 genuusque
911 1380 958 1428 ex
990 1359 1143 1448 ingenuis
1177 1355 1358 1451 liberisque
1391 1365 1597 1451 procreatus.
1650 1357 1763 1451 Atque
1796 1359 1896 1427 etiam
1929 1354 2044 1427 calex

681 1472 818 1547 valebat
843 1475 876 1543 in
902 1472 1054 1544 Ecclesia
1080 1470 1331 1560 Alexandrina,
1364 1481 1401 1542 ut
1432 1492 1531 1543 nemo
1566 1471 1700 1546 servitis
1733 1472 1930 1545 conditionis
1956 1471 2043 1542 ordi-

680 1591 751 1660 nari
785 1598 902 1684 posset
931 1588 1122 1684 Episcopus
1157 1598 1213 1659 aut
1246 1586 1416 1661 sacerdos.
1468 1586 1584 1682 ltaque
1618 1591 1652 1658 in
1677 1590 1748 1660 vita
1776 1587 1894 1684 cyrilti
1919 1587 2043 1659 LXVll.

679 1704 821 1797 legimus
849 1727 964 1776 senem
990 1702 1188 1775 monachum
1214 1703 1258 1774 ad
1284 1703 1543 1774 Patriarchatum
1569 1706 1659 1776 votis
1686 1700 1827 1798 publicis
1843 1702 2043 1799 postulatum,

680 1845 756 1893 curn
782 1843 859 1892 eam
885 1820 1079 1912 dignitatem
1106 1823 1294 1913 rejecisset,
1321 1823 1407 1890 iuter
1442 1817 1524 1892 alias
1559 1822 1787 1892 excusationis
1822 1841 1906 1891 suae
1933 1843 2042 1892 causas

681 1935 767 2008 hanc
798 1935 999 2030 protulisse,
1027 1934 1136 2029 quod,
1158 1957 1234 2006 com
1259 1934 1434 2007 libertinus
1462 1946 1569 2023 esset,
1597 1934 1742 2007 ordinari
1769 1935 1950 2008 secundum
1977 1935 2042 2006 Ca-

678 2073 786 2124 noues
812 2073 879 2123 non
905 2063 1031 2147 posset
1058 2051 1155 2124 Unde
1182 2074 1257 2123 cum
1283 2052 1325 2123 de
1351 2051 1461 2124 multis
1489 2050 1652 2124 adversus
1680 2050 1888 2147 disciplinam
1910 2053 2043 2147 pecoah‘s

681 2178 898 2240 accusaretur
924 2165 1071 2262 Cyrillus
1097 2167 1136 2238 F.
1163 2166 1307 2239 Lahlaki
1333 2167 1526 2240 Patriarcha
1539 2166 1677 2240 LXXV.
1705 2167 1875 2261 objectum
1900 2167 1946 2238 illi
1969 2171 2045 2238 iuter

682 2284 746 2356 alia
772 2282 845 2375 luit,
872 2283 961 2378 quod
988 2283 1120 2355 servilis
1148 2283 1345 2356 conditionis
1372 2283 1523 2357 homines
1550 2286 1675 2379 passim
1711 2283 1891 2356 ordinaret.
1943 2285 2046 2378 ltaque

682 2389 895 2472 constitutum
927 2410 979 2472 est
1013 2404 1048 2471 in
1081 2398 1233 2495 synodo,
1273 2422 1317 2471 ne
1350 2400 1427 2494 quid
1454 2386 1560 2474 sindle
1587 2398 1745 2495 deinceps
1779 2398 1916 2498 liceret,
1948 2419 2045 2493 neque

683 2513 875 2607 ClerioaIiS,
907 2516 1008 2588 multo
1040 2518 1148 2588 minus
1183 2515 1394 2613 Episcopalis
1431 2516 1574 2609 dignitas
1620 2537 1667 2586 ex
1707 2515 1872 2610 ejusmodi
1908 2515 2044 2587 Ordina-

681 2629 827 2703 tionibus
853 2634 887 2703 in
918 2641 1118 2706 contemtum
1150 2636 1313 2705 venirent.
1367 2636 1526 2708 Attamen
1561 2634 1606 2706 ob
1641 2655 1850 2707 communem
1888 2632 2043 2706 Christia-

679 2770 799 2820 norum
830 2751 997 2846 Aegypti,
1033 2759 1067 2821 et
1100 2748 1241 2823 aliorum
1271 2751 1305 2821 in
1338 2750 1474 2823 Oriente
1506 2748 1745 2840 calamitatem,
1779 2753 1835 2846 qui
1863 2771 1966 2846 saepe
1990 2769 2044 2843 per

679 2862 768 2936 bella
795 2888 881 2960 quae
908 2867 1001 2939 annis
1027 2863 1135 2937 ferme
1163 2865 1232 2939 CC.
1269 2869 1354 2939 inter
1381 2865 1643 2939 lluhamedanos
1670 2875 1837 2954 arserunt,
1873 2869 1907 2936 in
1939 2866 2044 2937 servi-

678 2990 781 3053 tutem
818 2981 1085 3073 abducebantur,
1120 2991 1155 3080 et
1191 2980 1264 3054 aliis
1299 2979 1439 3056 dominis
1469 2982 1775 3073 venumdabantur,
1813 2992 1884 3053 tum
1923 2990 2046 3075 propter

680 3095 797 3170 Nubas
825 3108 858 3170 et
884 3097 1069 3193 Aethiopes
1097 3102 1153 3194 qui
1178 3097 1399 3171 barbarorum
1434 3098 1676 3174 incursionibus
1709 3122 1755 3171 ex
1790 3101 1901 3194 patria
1937 3095 2046 3183 abacti,

681 3212 742 3286 suh
770 3212 864 3285 hasta
890 3212 1084 3305 veniebant,
1110 3214 1236 3287 ideirco
1265 3214 1441 3287 discrimen
1467 3217 1648 3288 institutum
1674 3223 1726 3288 est
1751 3217 1836 3285 inter
1864 3218 2045 3288 servitutem

681 3352 727 3401 ex
754 3333 957 3426 captivitate,
984 3340 1019 3402 et
1044 3353 1120 3403 eam
1148 3354 1234 3425 quae
1270 3354 1316 3402 ex
1347 3334 1535 3405 nativitate:
1563 3332 1648 3403 adeo
1681 3340 1718 3403 ut
1750 3335 1844 3427 prior
1879 3332 1922 3404 ab
1949 3329 2041 3403 Ordi-

680 3445 777 3518 nibus
805 3450 909 3520 sacris
935 3469 1004 3519 uon
1031 3446 1238 3537 excluderet,
1266 3447 1327 3520 sed
1353 3458 1476 3521 tantum
1503 3451 1686 3544 posterior:
1720 3458 1788 3519 tum
1822 3452 1925 3521 etiam
1949 3443 2043 3518 Nubis

682 3572 715 3633 et
740 3560 960 3657 Aethiopibus
986 3563 1019 3635 id
1045 3563 1216 3654 indultum,
1243 3574 1279 3635 ut
1305 3567 1334 3638 si
1361 3563 1544 3659 praeclaris
1560 3562 1692 3637 dotibus
1720 3573 1754 3635 et
1778 3564 1930 3638 moribus
1956 3584 2043 3633 com-

680 3675 926 3767 mendarentur,
954 3683 1099 3752 servitus
1126 3683 1209 3776 ipsis
1236 3679 1343 3752 lraudi
1371 3702 1449 3753 esse
1476 3703 1546 3753 non
1572 3689 1699 3776 posset.

378 3801 668 3901 Ιιιιιιιιωιιιιιηιιι-
785 3792 869 3865 Llll
904 3793 1078 3886 Secunda,
1110 3806 1147 3866 ut
1172 3806 1268 3867 natus
1302 3806 1393 3869 esset
1429 3820 1475 3867 ex
1507 3806 1614 3868 matre
1646 3798 1799 3887 virgine,
1834 3795 1900 3868 hoe
1934 3805 2044 3868 estex

356 3905 425 3985 ⁸¹¹¹?-
683 3933 724 3982 ea
752 3931 839 4004 quae
865 3908 978 3984 alteris
1004 3915 1126 4008 nuptiis
1154 3915 1332 4006 conjuncta
1358 3934 1426 3984 non
1452 3911 1583 4002 fuisset,
1611 3922 1787 4007 antequam
1804 3911 1846 3984 ab
1876 3916 1948 4005 ejus
1962 3920 2045 4005 patre

684 4025 871 4097 duceretur.
912 4028 1096 4100 Institutum
1122 4027 1154 4099 id
1182 4051 1281 4108 novo
1298 4032 1390 4121 jure,
1419 4032 1495 4123 quia
1521 4033 1555 4100 in
1580 4030 1689 4101 veteri
1716 4029 1934 4103 Testamento
1959 4047 2045 4099 sum-

683 4163 756 4214 mus
792 4142 953 4216 sacerdos
988 4166 1130 4218 uxorem
1165 4147 1331 4238 virginem
1366 4145 1489 4217 ducere
1519 4143 1710 4235 tenebatur,
1751 4144 1851 4239 idque
1891 4147 2045 4241 pertinere

679 4256 873 4348 jndicabant
906 4259 947 4331 ad
980 4259 1188 4334 honestatem
1223 4266 1295 4355 ejus
1322 4261 1497 4349 natalium,
1533 4284 1629 4357 quem
1655 4261 1885 4334 Patriarcham
1917 4260 2048 4333 ordina-¹

682 4372 774 4466 bant,
800 4387 836 4447 ut
859 4399 904 4447 ex
923 4386 1028 4448 matre
1055 4378 1211 4452 secundis
1237 4382 1359 4474 nuptiis
1385 4400 1454 4450 non
1479 4378 1657 4472 implicata,
1683 4388 1780 4450 natus
1797 4376 1897 4450 foret.
1926 4377 2044 4463 Quam-

682 4495 735 4563 vis
763 4494 852 4564 enhn
878 4493 1041 4565 secundas
1074 4503 1109 4564 et
1141 4498 1256 4568 tertias
1287 4517 1356 4568 non
1390 4493 1546 4566 damnent
1577 4516 1716 4590 prorsus
1752 4493 1959 4580 Orientales,
1992 4508 2044 4560 eas

681 4618 791 4680 tamen
820 4630 865 4679 ex
891 4612 1000 4680 veteri
1027 4607 1217 4705 disciplina,
1251 4633 1320 4683 non
1352 4633 1471 4682 carere
1506 4611 1603 4706 culpa
1629 4609 1883 4699 existimabant,
1916 4608 2044 4700 ideoque

683 4746 742 4797 eas
769 4748 837 4797 non
862 4725 980 4798 iisdem
1006 4724 1162 4821 precibus
1188 4725 1441 4814 benedicebant,
1470 4749 1556 4822 quae
1583 4730 1616 4798 in
1650 4730 1764 4822 primis
1801 4723 2044 4797 adhibebantur:

682 4864 792 4936 neque
825 4835 973 4915 corollas
1017 4847 1151 4938 sponsis
1186 4843 1419 4939 imponebant,
1453 4866 1499 4915 ex
1532 4839 1667 4938 quibus,
1700 4851 1737 4914 ut
1769 4841 1855 4937 apud
1895 4839 2045 4922 Graecos,

682 4955 882 5029 Matrimonii
908 4958 1106 5049 benedictio,
1135 4959 1323 5031 Coronatio
1358 4958 1551 5055 appellatur.
1607 4957 1658 5032 Ob
1694 4957 1927 5053 turpitudinem
1958 4957 2045 5047 igitur

682 5071 810 5145 illarum
837 5077 1023 5170 nuptiarum
1050 5075 1294 5168 distinguebant
1319 5078 1405 5148 inter
1431 5076 1518 5149 lilios
1545 5077 1600 5172 qui
1626 5097 1672 5147 ex
1695 5075 1853 5149 matribus
1877 5069 2045 5154 coronatis,
