4525 6034
312 589 355 666 llll
373 585 629 665 LITURGIARUll
643 581 898 660 ORlllllTAldllll
914 579 1065 659 aaroni
1078 581 1126 656 ΕΤ
1142 579 1391 657 amoarium.
1422 576 1549 651 XLVII

205 779 389 853 Haedicoa
413 771 567 847 absolute
591 771 778 860 vocaverit,
804 766 1008 841 Orthodoxis
1027 769 1213 863 oppositos,
1239 769 1307 839 rari
1320 766 1424 840 inere.
1459 767 1549 854 Qni-

61 888 69 915 ⁵
205 917 275 968 nam
303 893 383 965 enim
415 899 452 962 et
484 891 611 982 cujates
646 895 722 961 sunt
756 883 943 958 Orthodexi
976 883 1022 957 illi
1057 887 1112 979 qui
1146 905 1262 957 omnes
1294 884 1550 958 Protestantium

205 1020 304 1085 sectas
325 1004 609 1103 complectuntur?
634 1003 712 1077 Non
739 1023 821 1076 sane
846 1000 1044 1096 Anglicana,
1070 1003 1104 1072 in
1130 1023 1195 1095 qua
1220 998 1358 1073 vivebat
1381 998 1548 1092 Ecclesia,

205 1128 395 1222 quaestam
420 1122 594 1196 Usserium
617 1118 834 1194 Calvinistam
861 1120 971 1213 potius
996 1116 1149 1210 rigidum,
1176 1117 1453 1211 quamdoctrinae
1468 1141 1549 1193 suae

205 1247 400 1339 interpretem
434 1249 471 1312 et
501 1237 713 1311 defensorem
746 1244 886 1331 experta
919 1245 980 1308 est.
1032 1233 1102 1307 Sed
1136 1233 1219 1305 haec
1246 1231 1423 1307 sufficiunt:
1450 1258 1550 1307 unum

160 1430 166 1449 Ι
205 1360 378 1453 adjiciemus
404 1379 471 1452 qno
498 1355 570 1429 solo
597 1353 796 1446 intelligetur
822 1361 977 1447 quantum
1008 1350 1086 1423 fidei
1112 1349 1248 1422 eruditis
1274 1348 1337 1424 illis
1363 1349 1549 1424 habendum

205 1480 251 1550 sit
300 1473 482 1548 Ecclesiam
517 1471 701 1545 Romanam
733 1469 907 1562 jugulasse
944 1465 1007 1541 sibi
1040 1466 1212 1557 videntur,
1249 1490 1323 1538 cnm
1359 1477 1551 1540 enumerant

205 1591 396 1684 Orientales,
429 1593 485 1684 qui
517 1610 579 1661 sua
608 1587 720 1680 lingua
754 1584 924 1658 celebrant
949 1584 1209 1657 Sacramentalia
1243 1582 1361 1656 officia.
1414 1584 1463 1656 lta
1489 1585 1550 1660 sit:

204 1718 235 1781 at
256 1712 286 1780 in
309 1712 380 1804 ipsa
412 1704 497 1779 urbe
528 1702 636 1777 Roma
664 1703 786 1775 editmn
812 1713 864 1776 est
888 1702 1028 1775 Missale
1052 1698 1298 1796 Aethiopicum,
1324 1699 1448 1796 Syrum
1473 1704 1552 1773 item

204 1835 234 1896 et
255 1825 447 1897 menum:
473 1821 562 1895 edita
589 1830 664 1895 sunt
689 1818 875 1913 Evangelia
899 1817 1067 1908 Aralnice,
1093 1817 1305 1891 Psalterium:
1331 1820 1396 1889 imo
1423 1820 1552 1911 integra

202 1944 302 2013 uersis
335 1943 519 2036 scripturae
554 1935 702 2008 Arabica
738 1945 815 2013 ante
850 1956 976 2031 paucos
1009 1956 1125 2009 annos
1186 1932 1310 2007 Psalmi
1344 1934 1486 2029 Syriaca
1520 1944 1554 2008 et

201 2055 335 2129 Arabiae
360 2059 395 2127 in
419 2055 534 2128 Monte
568 2052 707 2125 Libano.
760 2054 798 2126 Si
830 2052 914 2125 haec
946 2057 1152 2147 nescierunt,
1185 2074 1245 2123 cur
1279 2050 1320 2123 de
1354 2049 1455 2125 rebus
1489 2049 1553 2125 sihi

202 2175 400 2268 incompertis
432 2167 605 2245 scribunt?
639 2172 668 2243 si
700 2168 1009 2260 dissimulaverunt,
1048 2168 1104 2242 uhi
1140 2177 1193 2241 est
1223 2167 1312 2242 bona
1345 2167 1453 2241 fides?
1489 2166 1553 2253 oui

202 2289 319 2381 linguas
346 2274 464 2385 nuilus
491 2308 588 2359 sacra
613 2286 694 2358 liunt
719 2310 740 2358 a
765 2289 875 2362 multis
902 2287 1044 2362 saeculis
1070 2285 1160 2383 plebi
1186 2289 1317 2379 ignotas
1335 2308 1413 2359 esse
1432 2288 1552 2377 nescit,

202 2404 264 2501 plus
290 2408 390 2478 etiam
416 2428 512 2501 quam
539 2408 624 2477 inter
648 2425 712 2477 nos
726 2403 846 2479 Latina
866 2403 988 2497 lingua,
1016 2403 1247 2499 discipulorum
1267 2404 1354 2474 inter
1378 2399 1552 2479 cathedras

203 2521 322 2617 plorare
344 2520 509 2614 jubendus
536 2529 597 2595 eat

715 2927 881 3013 titur
913 2927 984 3011 vlt.

588 3158 642 3229 De
673 3158 905 3254 Litnrpa‘aram
939 3159 1147 3230 Antoritale.

281 3402 341 3516 Su
367 3433 540 3532 quidquam
567 3436 600 3505 in
626 3435 666 3507 iis
693 3431 937 3528 quaestionibus
958 3455 1044 3529 qtrae
1061 3431 1159 3505 iidem
1181 3440 1216 3504 et
1241 3430 1444 3527 disciplinam
1471 3455 1557 3528 spe-

204 3561 283 3623 ctant
297 3549 511 3639 elucidandis,
538 3552 771 3642 gravissimam
797 3553 1004 3623 damnitatem
1030 3548 1142 3641 habet,
1168 3552 1387 3624 testimonium
1414 3552 1557 3623 smmum

203 3665 419 3741 Ecclesiarum
454 3676 524 3756 est,
563 3669 781 3762 perscriptum
815 3668 1010 3761 antiquitus,
1051 3677 1085 3738 et
1123 3676 1307 3763 temporum
1342 3669 1558 3742 successione

204 3788 414 3857 continuatmn
448 3794 483 3856 et
514 3793 720 3856 renovatum.
773 3783 932 3876 Magnum
964 3782 1028 3855 hoc
1059 3787 1093 3855 in
1125 3805 1253 3877 genere
1284 3783 1413 3878 pondus
1438 3782 1561 3855 hahent

204 3909 324 3974 vetusta
351 3899 518 3992 Traditio,
554 3908 587 3971 et
613 3902 886 3973 consentientium
920 3898 962 3971 de
987 3903 1174 3996 praecipuis
1199 3898 1276 3972 fidei
1294 3899 1560 3995 disciplinaeque

203 4015 356 4113 capitibus
390 4025 580 4091 sanctorum
613 4015 747 4088 Patrum
774 4020 915 4112 scripta,
950 4016 1096 4090 Decreta
1121 4012 1346 4089 conciliorum
1372 4027 1406 4089 et
1432 4017 1559 4111 reliqua

203 4131 431 4207 Ecclesiastico
458 4142 676 4205 monumenta.
729 4133 798 4207 Sed
829 4136 915 4205 inter
947 4133 1002 4206 illa
1036 4135 1216 4206 maximam
1252 4133 1441 4228 dignitatem
1468 4131 1559 4207 obti-

203 4259 275 4322 nent
298 4273 360 4338 ea,
395 4271 482 4343 qnae
515 4251 614 4321 totins
648 4250 889 4345 quodammodo
921 4247 1095 4325 Ecclesiae
1128 4273 1249 4323 vocem
1282 4261 1316 4323 et
1341 4251 1560 4323 testimonium

204 4363 364 4458 exhibent,
390 4367 467 4458 quia
492 4363 613 4460 mique
640 4369 773 4459 cognita
801 4377 834 4439 et
859 4364 998 4463 probata
1024 4375 1111 4456 sunt,
1137 4376 1172 4439 et
1197 4369 1230 4439 in
1251 4366 1314 4440 illis
1331 4388 1397 4439 non
1411 4365 1561 4462 Episco-

204 4502 314 4575 porum
345 4481 465 4571 modo,
496 4480 558 4555 scd
590 4482 698 4579 plebis
730 4486 829 4555 etiam
861 4481 1018 4575 suffragia
1050 4486 1266 4557 continentur
1326 4482 1426 4555 Tales
1458 4502 1559 4577 porro

204 4606 271 4667 snut
295 4596 480 4690 Litargiae,
508 4596 550 4669 de
577 4597 694 4693 quihus
720 4598 783 4671 hue
803 4619 908 4694 nsque
926 4598 1079 4690 diximus,
1106 4610 1140 4672 et
1166 4622 1301 4695 marum
1319 4597 1560 4672 commendatio

202 4715 373 4808 praecipua
414 4734 479 4785 non
515 4723 582 4785 tam
615 4714 845 4788 anominilnus
880 4737 994 4788 eorum
1029 4713 1146 4809 quilius
1181 4713 1378 4802 tribuuntur,
1417 4737 1561 4810 quana

204 4830 362 4901 communi
387 4849 450 4902 usu
465 4828 704 4923 Ecclesiarum,
731 4855 817 4927 quae
843 4856 864 4906 a
888 4831 996 4905 multis
1024 4829 1167 4905 saeculis
1193 4830 1236 4903 ad
1261 4830 1377 4905 altaria
1392 4835 1432 4905 iis
1459 4843 1561 4906 utun·

204 4952 263 5036 tnn,
287 4944 431 5041 petenda
457 4957 518 5019 est
570 4946 658 5021 Nihil
682 4971 751 5022 non
776 4950 880 5025 moliti
907 4956 982 5023 sunt
995 4948 1236 5039 Protestantes,
1263 4958 1298 5019 nt
1324 4971 1382 5023 eas
1407 4959 1562 5046 anquam
1631 5012 1635 5027 .

205 5065 423 5157 supposititias
448 5065 635 5156 rejicerent,
663 5065 750 5161 quod
777 5066 904 5141 scilicet
929 5064 1069 5141 saeculis
1096 5062 1213 5162 qubus
1231 5066 1375 5163 scriptae
1403 5067 1562 5157 dicuntur,
1623 5109 1626 5118 ·
