4525 6034
707 580 784 658 480
996 583 1785 663 LITURGIACOMMUNIS

708 781 823 845 nostra
850 793 936 866 quae
963 775 1187 845 commisimus
1215 771 1420 863 voluntarie,
1448 782 1503 845 aut
1528 771 1764 846 involuntarie:
1792 782 1826 844 et
1844 783 1971 867 praesta
1995 795 2057 845 no-

707 886 760 960 bis
793 898 829 959 ut
861 887 1038 961 offeramus
1072 887 1130 959 tibi
1167 888 1367 961 oblationem
1399 889 1615 978 rationalem,
1646 888 1908 984 sacrificiumque
1936 893 2057 981 gratia

708 1027 780 1076 rum
813 1007 970 1093 actionis,
1002 1015 1037 1077 et
1070 1004 1257 1100 spirituale,
1290 1017 1326 1077 ut
1356 1010 1559 1078 introeamus
1594 1008 1628 1076 in
1660 1005 1831 1100 penetrale
1858 1009 1958 1079 sancti
1982 1027 2059 1077 san-

709 1128 846 1192 ctorum.

811 1235 980 1308 Memento
1005 1235 1150 1309 Domine
1176 1238 1271 1308 unius
1299 1247 1436 1309 sanctae
1462 1235 1638 1310 Ecclesiae
1655 1237 1885 1332 Apostolicae,
1911 1248 2061 1334 quaeest

710 1376 730 1425 a
755 1353 875 1426 linibus
901 1374 1007 1447 usque
1033 1352 1076 1423 ad
1101 1352 1185 1425 lines
1211 1351 1332 1425 muudi.

812 1468 981 1542 Memento
1007 1468 1151 1541 Domine
1176 1467 1390 1540 Patriarchae
1415 1472 1519 1542 nostri
1544 1467 1646 1543 Abba
1672 1470 1713 1542 N.
1740 1480 1775 1541 et
1800 1474 1904 1544 sancti
1920 1469 2061 1564 beatique

708 1584 942 1681 Metropolitae
974 1586 1079 1657 nostri
1113 1581 1214 1659 Abba
1244 1583 1286 1656 N.
1314 1587 1525 1680 omniumque
1557 1585 1841 1676 Patriarcharum,
1872 1584 2061 1682 Metropoli·

707 1710 826 1791 tarum,
852 1700 1108 1798 Episcopum,
1134 1700 1353 1773 sacerdotum
1381 1712 1415 1773 et
1440 1701 1677 1775 Diaconorum.

811 1817 980 1891 Memento
1006 1816 1150 1897 Domine
1176 1820 1277 1888 etiarn
1302 1815 1410 1909 Regis
1436 1820 1542 1892 nostri
1568 1816 1610 1890 N.

810 1936 979 2007 Memento
1005 1932 1150 2006 Domine
1176 1942 1305 2028 patrum
1332 1943 1367 2005 et
1392 1934 1529 2008 fratrum
1555 1944 1762 2024 nostrorum,
1796 1937 1850 2030 qui
1877 1935 2063 2009 donnierunt

708 2061 743 2125 et
769 2056 965 2148 quieverunt
990 2053 1025 2121 in
1051 2049 1115 2121 lide
1143 2048 1347 2122 Ortbodoxa.

813 2167 981 2240 Memento
1012 2165 1156 2237 Domine
1188 2169 1461 2259 congregationis
1496 2177 1633 2242 nostrae
1659 2178 1693 2239 et
1718 2165 1860 2240 benedic
1889 2171 1929 2242 iis
1961 2172 2063 2264 quiin

707 2285 763 2358 illa
789 2296 874 2373 sunt,
901 2305 1007 2379 usque
1033 2285 1066 2353 in
1092 2283 1202 2355 finem.

810 2401 994 2472 Sacerdos.
1047 2382 1237 2471 nouimus
1263 2400 1409 2489 Patrem,
1436 2409 1470 2470 et
1501 2399 1634 2490 Filium,
1670 2409 1705 2470 et
1729 2398 1888 2497 Spiritum
1914 2410 2062 2489 sanctum,

708 2502 867 2590 unum'in
893 2515 1068 2587 Trinitate:
1096 2522 1130 2585 et
1157 2516 1283 2585 dicitur
1309 2522 1372 2584 ter.

810 2632 964 2726 Populus
990 2632 1078 2702 idem
1102 2635 1230 2724 repetit
1255 2638 1318 2702 ter.

811 2749 1007 2841 Sacerdos..
1047 2747 1153 2821 Salve
1186 2758 1302 2822 sancta
1338 2744 1511 2839 Ecclesia,
1558 2747 1777 2822 babitaculum
1816 2753 1920 2846 pacis.
1971 2748 2061 2822 Salve
2194 2822 2195 2839 ,

706 2864 815 2958 Virgo
842 2864 949 2938 Maria
980 2874 1087 2936 mater
1116 2865 1197 2937 Dei:
1232 2875 1266 2936 tu
1302 2886 1341 2937 es
1373 2862 1570 2938 thuribulum
1603 2887 1739 2937 aureum
1775 2888 1862 2960 quae
1897 2865 2061 2938 carbonem

658 3070 661 3074 Α
707 2984 846 3076 ignitum
872 2984 1020 3079 portasti.
1072 2980 1272 3053 Benedictus
1300 2982 1355 3077 qui
1382 3003 1457 3053 eum
1484 2983 1604 3077 accipit
1638 3003 1659 3053 e
1690 2985 1892 3070 sanctuario,
1920 3005 1991 3054 eum
2014 2984 2061 3076 qui

708 3099 836 3170 dimittit
861 3107 999 3193 peccata
1027 3109 1061 3170 et
1088 3096 1177 3169 delet
1203 3100 1350 3183 crimina,
1378 3100 1433 3192 qui
1459 3107 1512 3169 est
1534 3097 1695 3170 Dominus
1722 3098 1827 3187 Deua,
1855 3097 1998 3171 Verbum
2021 3119 2061 3169 ex
2193 3134 2194 3167 ι

707 3223 742 3286 te
767 3218 983 3301 incarnatum,
1010 3216 1065 3307 qui
1091 3236 1130 3286 se
1157 3213 1274 3286 obtulit
1298 3213 1388 3285 Patri
1415 3236 1477 3286 suo
1503 3217 1537 3284 in
1563 3215 1734 3285 incensum
1758 3217 1983 3310 praecipuum,
2007 3236 2060 3288 sa-

708 3330 930 3425 crificiumque
956 3335 1146 3425 pretiosum.
1198 3330 1388 3404 Adoramus
1423 3339 1456 3401 te
1484 3327 1634 3419 Christe,
1661 3352 1735 3402 cum
1761 3310 1862 3402 Patre
1889 3338 1958 3420 tuo,
1982 3329 2059 3401 bono

709 3459 743 3520 et
768 3445 992 3521 misericordi:
1018 3455 1153 3518 etcum
1178 3446 1304 3543 Spiritu
1329 3458 1387 3519 tro
1412 3456 1529 3519 sancto
1556 3455 1591 3518 et
1616 3446 1818 3540 vivificante,
1845 3450 1923 3542 quia
1948 3456 1980 3518 tu
2004 3443 2059 3516 ad-

700 3566 832 3666 venisti
859 3573 892 3634 et
917 3562 1057 3635 salvasti
1083 3584 1155 3635 nos.

813 3678 987 3750 Sacerdos
1018 3683 1144 3772 repetit
1181 3677 1285 3751 semel
1316 3684 1417 3772 atquc
1450 3682 1580 3749 iterum.
1634 3678 1740 3751 Salve
1774 3688 1889 3753 sancta
1921 3678 2057 3751 Ecclesia

710 3794 786 3867 dnm
812 3794 923 3867 adolet
947 3798 1127 3870 incensum.

785 4069 972 4162 Coatijator
997 4071 1200 4144 Sacerdotis
1226 4071 1312 4142 dicit
1337 4077 1518 4164 conquam
1542 4070 1676 4162 deputer
1701 4070 1860 4163 Epistola
1886 4069 1994 4141 Pauli.

811 4281 954 4352 Domine
980 4282 1116 4373 sapiens
1144 4288 1178 4350 et
1204 4288 1301 4351 autor
1327 4280 1521 4373 sapientiae,
1549 4281 1605 4372 qui
1630 4277 1790 4350 revelasti
1809 4277 1906 4350 nobis
1934 4300 1972 4348 ea
1986 4295 2057 4370 quae
2190 4284 2191 4317 ³

709 4395 882 4491 proiundis
915 4394 1061 4467 tenebris
1097 4393 1292 4468 abscondita
1325 4402 1437 4483 erant,
1471 4394 1654 4489 dedistique
1688 4392 1828 4466 verbum
1861 4392 2055 4465 exultationis

708 4512 1008 4609 praedicatoribus
1033 4515 1156 4583 virtrde
1170 4521 1226 4584 tua
1253 4533 1394 4603 magna:
1421 4510 1473 4583 Tu
1498 4533 1560 4606 per
1571 4510 1810 4603 benignitatem
1824 4521 1912 4583 tram
1932 4509 2056 4593 multam

712 4633 844 4704 vocasti
871 4629 1006 4701 Paulum
1034 4630 1088 4723 qui
1114 4631 1206 4723 prius
1221 4637 1294 4700 crat
1313 4637 1522 4723 persecutor,
1549 4626 1722 4723 fecistique
1734 4628 1823 4702 illum
1845 4651 1909 4702 vas
1926 4626 2055 4708 electum,

709 4752 802 4818 etin
828 4769 871 4820 eo
900 4745 1138 4843 complacuisti,
1163 4756 1199 4817 ut
1224 4754 1317 4818 esset
1341 4742 1538 4841 Apostolus,
1564 4744 1777 4840 praedicator
1803 4755 1838 4818 et
1869 4745 2055 4817 annuntiator

707 4863 886 4956 Evangelii
911 4866 1007 4956 regni
1033 4865 1088 4935 tri.
1143 4859 1275 4934 Christe
1300 4863 1392 4935 Deus
1419 4872 1533 4935 noster
1559 4882 1693 4933 oramus
1721 4873 1755 4934 et
1787 4861 1996 4958 deprecamur
2015 4864 2052 4941 lt,

709 4991 838 5053 amator
864 4979 996 5053 humani
1022 4983 1170 5072 generis,
1198 4978 1347 5051 concede
1373 4976 1470 5050 nobis
1496 4977 1757 5071 intelligentiam,
1784 4981 2007 5072 cognitionem,
2024 4976 2052 5039 et

2162 5810 2186 6016 p
