4525 6034
680 556 709 629 4
1189 548 1549 631 LITURGIA

684 746 774 816 nosti
808 742 983 815 humanam
1017 741 1294 832 imbecillitatem,
1329 752 1484 837 tanquam
1518 740 1626 814 bonus
1659 751 1693 813 et
1723 740 1889 813 hominum
1916 753 2057 833 amator,

686 861 792 951 Deus,
811 859 961 931 concede
987 859 1085 931 nobis
1105 861 1336 931 remissionem
1362 868 1798 953 peccatorumnostrorum:
1826 856 1966 930 benedic
1993 882 2057 931 nos

687 988 721 1048 et
746 976 882 1071 puriiica
908 996 984 1064 nos,
1013 974 1219 1070 absolueque
1245 996 1309 1047 nos
1337 984 1370 1045 et
1397 996 1528 1046 omnem
1551 973 1708 1071 populum
1736 986 1839 1047 tuum:
1866 974 1967 1070 imple
1995 997 2057 1048 nos

685 1086 806 1164 timore
840 1104 916 1183 tuo,
951 1102 984 1164 et
1017 1092 1123 1184 dirige
1150 1114 1213 1164 nos
1241 1090 1283 1162 ad
1309 1089 1514 1163 voluntatem
1548 1101 1637 1162 tuam
1674 1102 1821 1163 sanctam
1855 1101 1889 1163 et
1919 1090 2057 1180 bonam,

687 1212 763 1303 quia
795 1220 830 1281 tu
865 1232 903 1280 es
936 1210 1029 1280 Deus
1057 1218 1189 1295 noster,
1225 1218 1258 1278 et
1292 1206 1351 1278 tibi
1378 1204 1516 1278 debetur
1542 1206 1662 1299 gloria,
1698 1207 1807 1279 honor
1832 1218 1867 1279 et
1892 1218 2057 1304 potestas,

687 1347 762 1396 cum
788 1326 888 1397 Patre
915 1335 970 1397 tuo
998 1326 1100 1413 bano,
1128 1334 1162 1395 et
1175 1323 1300 1419 Spiritu
1326 1334 1382 1395 tuo
1411 1333 1540 1413 sancto,
1557 1346 1657 1412 nunc,
1684 1334 1748 1398 ete.
1777 1323 1879 1395 Servi
1896 1327 1941 1394 tui
1957 1323 2058 1396 hodie

686 1443 720 1511 in
746 1444 928 1514 ministerio
956 1444 1135 1531 constituti,
1162 1438 1344 1529 Sacerdos,
1370 1439 1542 1512 Diaconus
1568 1451 1603 1512 ot
1624 1439 1753 1527 Clems,
1782 1443 1887 1512 omnis
1915 1441 2058 1536 populus
2124 1522 2126 1525 v

686 1566 720 1627 et
745 1556 914 1629 infirmitas
941 1580 1027 1646 mea,
1056 1555 1199 1629 absoluti
1227 1559 1291 1628 sint
1317 1579 1363 1627 ex
1390 1578 1450 1627 ore
1476 1567 1613 1629 sanctae
1627 1555 1809 1646 Trinitatis,
1835 1555 1956 1646 Panis,
1983 1554 2058 1626 Filii

686 1683 720 1743 et
747 1673 888 1769 Spiritus
917 1677 1043 1762 sancti,
1080 1684 1114 1744 et
1147 1696 1193 1743 ex
1220 1694 1280 1744 ore
1306 1677 1442 1762 unicae,
1474 1672 1592 1764 solius,
1620 1683 1775 1763 sanctae,
1803 1670 1999 1745 Catholicae
2025 1681 2059 1742 et

685 1772 907 1885 Apostolicae
940 1789 1135 1862 Ecclesiae:
1173 1811 1218 1859 ex
1249 1810 1310 1861 ore
1341 1788 1515 1861 duodecim
1550 1789 1806 1885 Apostolorum,
1847 1800 1880 1860 et
1914 1811 1962 1859 ex
1999 1809 2058 1859 ore

686 1905 935 2001 contemplativi
959 1905 1202 1998 Euangelistae
1228 1905 1336 1976 Marci
1361 1904 1519 2000 Apostoli
1546 1916 1579 1977 et
1598 1905 1770 2001 Martyris,
1798 1915 1833 1976 ut
1858 1908 1958 1976 etiarn
1986 1903 2058 1976 Pa-

684 2021 848 2094 triarehae
876 2025 982 2096 sancti
1010 2021 1144 2111 Severi,
1173 2031 1206 2092 et
1232 2020 1391 2092 Doctoris
1417 2025 1523 2093 nostri
1550 2025 1655 2093 sancti
1670 2022 1840 2111 Dioscuri,
1867 2024 1974 2093 sancti
1990 2021 2057 2091 lo-

681 2141 775 2209 annis
809 2138 1061 2233 chrysostomi,
1097 2141 1202 2212 sancti
1231 2136 1360 2232 cyrilti,
1394 2140 1500 2209 saneti
1532 2137 1659 2228 basilii,
1695 2148 1729 2208 et
1755 2140 1861 2210 sancti
1887 2136 2057 2228 Gregorii,

681 2276 816 2325 necnon
842 2277 888 2325 ex
915 2278 975 2327 ore
1001 2254 1243 2327 Trecentorum
1277 2254 1394 2325 decem
1422 2264 1456 2325 et
1482 2263 1559 2326 octo
1586 2253 1735 2325 Nicaeae
1762 2264 2056 2346 congregatorum,

685 2378 719 2440 et
744 2380 877 2441 centum
905 2375 1141 2466 quinquaginta
1176 2375 1232 2465 qui
1265 2369 1566 2465 Constantinopoli,
1603 2382 1732 2441 eentum
1766 2373 1821 2465 qai
1846 2367 1991 2465 Ephesi:
2022 2379 2058 2441 ut

686 2489 785 2557 etiam
813 2509 859 2557 ex
886 2509 946 2559 ore
973 2487 1156 2560 venerandi
1183 2489 1292 2559 Patris
1319 2489 1426 2558 nostri
1452 2485 1708 2582 Archiepiscopi
1734 2486 1834 2559 Anba
1848 2486 1888 2557 N.
1917 2488 2056 2580 ejusque

682 2605 718 2674 in
743 2604 924 2676 ministerio
951 2603 1152 2700 Apostolico
1180 2606 1357 2692 consortis,
1384 2602 1634 2698 venerandique
1650 2603 1758 2676 Patris
1779 2601 1940 2699 Episcopi
1958 2602 2057 2676 Anba

681 2716 723 2789 N.
759 2729 793 2790 et
824 2742 869 2790 ex
902 2743 963 2791 ore
993 2720 1181 2794 humilitatis
1217 2743 1330 2809 meae,
1364 2724 1419 2815 qui
1445 2730 1604 2815 peccator
1631 2742 1715 2811 sum,
1743 2724 1820 2815 quia
1846 2718 2056 2792 benedictum

683 2844 718 2905 et
744 2835 853 2927 gloria
879 2835 1014 2932 plenum
1050 2846 1102 2909 est
1126 2858 1250 2909 nornen
1277 2847 1427 2909 sanctum
1452 2846 1564 2927 tuum,
1590 2836 1708 2929 Pater,
1735 2836 1816 2927 Fili,
1853 2847 1887 2908 et
1912 2834 2054 2931 Spiritus

683 2963 811 3043 sancte,
837 2975 925 3025 nunc
952 2962 985 3023 et
1011 2976 1156 3050 semper,
1185 2963 1248 3024 ete.

1171 3199 1354 3299 enarro
1385 3198 1569 3281 ruanis

792 3335 1009 3407 osculabitur
1044 3336 1220 3408 Sacerdos
1253 3343 1357 3431 capul
1388 3336 1591 3407 Sacerdotis
1632 3338 1870 3423 ministrantis,
1904 3338 1996 3432 qaod
2027 3339 2054 3407 ιε’

681 3455 790 3543 faerit
823 3476 897 3522 cam
923 3475 964 3523 eo
991 3456 1113 3541 socias,
1143 3454 1352 3525 osculabitur
1363 3453 1491 3548 prodas
1517 3452 1649 3539 attera,
1670 3454 1922 3551 asceadeaspae
1951 3476 2052 3525 osca-

683 3567 810 3638 labr'tar
843 3566 956 3638 altare
989 3574 1023 3639 et
1054 3573 1205 3662 accipiet
1240 3569 1431 3641 aaoieulara
1462 3568 1586 3656 thuris,
1621 3575 1656 3638 et
1690 3570 1841 3641 adolebit
1874 3573 2052 3641 scemeca.

684 3682 846 3754 &dinem
872 3688 929 3777 qai
962 3685 1005 3755 de
1031 3688 1170 3758 lacesso
1205 3690 1399 3780 vespertino
1425 3690 1574 3778 scriptas
1608 3692 1659 3758 est
1686 3685 1922 3774 observabunt,
1951 3690 2052 3781 quiu-

684 3803 779 3893 qates
805 3800 973 3871 adolendo
1001 3807 1036 3871 et
1061 3801 1116 3873 bis
1137 3808 1294 3896 peractis
1320 3803 1412 3873 dicet
1437 3803 1613 3875 Sacerdos
1637 3808 1827 3873 orationem
1853 3809 2051 3897 sequentem.

787 3981 880 4053 Deus
914 3990 1069 4058 aeternus
1105 3983 1233 4079 absque
1267 3986 1430 4080 principio
1465 3993 1499 4054 et
1525 3983 1608 4073 fine,
1635 4004 1776 4075 magnus
1805 3986 1839 4054 in
1864 3984 2050 4078 praeceptis

685 4099 749 4170 tuis
777 4107 810 4168 et
835 4107 956 4193 potens
983 4102 1016 4170 in
1044 4100 1203 4197 operibus
1230 4104 1311 4174 tuis:
1348 4105 1403 4195 qui
1436 4123 1473 4172 es
1505 4099 1722 4194 ubicumque,
1757 4109 1790 4171 et
1823 4103 1856 4170 in
1884 4098 2052 4170 omnibus:

687 4225 760 4287 esto
788 4212 960 4287 nobiscum
987 4217 1238 4311 peccatoribuS,
1265 4218 1423 4307 Domine,
1449 4220 1484 4287 in
1510 4215 1573 4288 hac
1599 4216 1700 4289 hora:
1728 4218 1875 4290 consiste
1893 4218 1926 4286 in
1944 4213 2049 4286 medio

685 4334 828 4402 omnium
853 4342 1021 4424 nostrum,
1049 4334 1186 4430 purifica
1215 4333 1316 4406 corda
1341 4343 1477 4423 nostra,
1504 4342 1538 4404 et
1564 4332 1732 4406 sanctifica
1759 4335 1885 4403 anhnas
1904 4340 2049 4403 nostras:

683 4447 804 4518 munda
831 4469 895 4520 nos
923 4447 964 4519 ab
993 4449 1144 4523 omnibus
1172 4452 1319 4547 peccatis
1343 4473 1428 4544 quae
1452 4453 1692 4541 commisimuS,
1719 4449 1906 4522 voluntarie
1925 4456 1981 4519 aut
1996 4450 2050 4516 in-

683 4564 879 4637 voluntarie.
934 4565 1094 4638 Concede
1119 4565 1236 4659 nobis,
1261 4578 1297 4638 ut
1323 4566 1500 4639 oderamus
1527 4588 1641 4640 coram
1668 4577 1701 4637 te
1718 4565 1880 4639 sacrificia
1900 4568 2049 4635 rationa-

684 4678 783 4771 bilia,
811 4681 974 4753 sacrificia
1000 4680 1261 4773 benedictionis,
1288 4691 1322 4753 et
1338 4685 1508 4756 incensum
1531 4683 1709 4778 spirituale.
1737 4681 1946 4774 Ingrediatur
1969 4683 2048 4751 intra

684 4796 812 4888 velum,
839 4797 1007 4869 inlocum
1034 4799 1149 4872 Sancti
1176 4797 1382 4872 Sanctorum.
1416 4799 1589 4893 Rogamus
1617 4808 1669 4889 te,
1696 4798 1789 4871 Deus
1815 4808 1940 4872 noster.
1972 4794 2045 4867 ble-

686 4922 797 4983 mento
830 4911 973 4985 Domine
1004 4918 1099 5010 pacis
1134 4918 1229 4988 unius
1263 4924 1360 5005 tuae,
1402 4922 1436 4984 et
1466 4917 1586 4986 unicae
1622 4924 1758 4993 sanotae
1794 4914 1986 4987 Catholicae
2018 4918 2047 4980 et

686 5027 905 5123 Apostolicae
930 5028 1119 5105 Ecclesiae.
1169 5032 1338 5105 Memento
1364 5030 1508 5103 Domine
1534 5031 1630 5104 Beati
1655 5032 1764 5105 Patris
1790 5034 1895 5105 nostri
1926 5041 1959 5102 et
1983 5050 2046 5101 ve-
