4525 6034
1210 559 1569 638 LITURGIA

1073 780 1195 852 Oratio
1219 782 1453 856 inclinationis
1476 785 1524 854 ad
1548 784 1698 858 Patrem.

800 985 985 1057 Sacerdos.
1011 988 1105 1059 Deus
1132 992 1187 1084 qui
1214 992 1259 1060 ita
1284 1012 1348 1062 nos
1374 990 1528 1079 dilexisti,
1556 991 1740 1088 dedistique
1753 992 1852 1069 nohis
1877 996 2059 1089 dignitatem

697 1106 851 1194 filiorum,
883 1114 919 1174 ut
950 1101 1008 1175 hlii
1041 1103 1107 1176 Dei
1141 1127 1342 1178 vocaremur
1373 1116 1409 1178 et
1434 1130 1601 1197 essemus,
1635 1109 1798 1182 haeredes
1836 1113 1966 1208 quidem
2005 1119 2059 1205 tui,

698 1222 792 1295 Deus
823 1218 942 1311 Pater,
983 1219 1190 1293 cohaeredes
1226 1232 1335 1294 autem
1367 1221 1490 1295 Christi
1521 1229 1588 1314 tui3
1622 1225 1742 1299 inclina
1777 1251 1875 1301 aures
1906 1240 1999 1320 tuas,
2028 1241 2059 1304 et

699 1339 775 1411 audi
800 1361 864 1412 uos
890 1347 1078 1434 prostratos
1099 1361 1215 1411 coram
1241 1350 1292 1411 te:
1319 1350 1352 1411 et
1364 1341 1501 1435 purifica
1517 1340 1681 1414 hominem
1694 1354 1844 1417 nostrum
1864 1347 2059 1439 interiorem,

699 1454 880 1531 secundum
906 1459 1113 1527 sanctitatem
1139 1454 1214 1526 Filii
1246 1459 1293 1527 tui
1325 1460 1501 1549 unigeniti,
1535 1482 1633 1553 quem
1659 1464 1831 1556 suscipere
1865 1465 1973 1534 animo
1999 1463 2059 1535 de-

699 1576 887 1665 signamus:
913 1570 1107 1668 bugiantque
1133 1596 1154 1643 a
1180 1572 1278 1646 nohis
1304 1571 1492 1663 fornicans,
1520 1586 1554 1646 et
1579 1580 1686 1647 omnis
1702 1580 1861 1669 cogitatio
1887 1580 2058 1670 immunde,

694 1698 833 1785 propter
858 1688 967 1761 Deum
994 1693 1049 1785 qui
1075 1712 1122 1760 ex
1147 1688 1288 1782 Virgine
1320 1691 1435 1780 (natus
1460 1693 1541 1782 est).
1591 1691 1763 1783 Gloriatio,
1790 1702 1825 1765 et
1849 1693 1970 1767 malum
1996 1720 2059 1768 an-

698 1809 821 1902 tiquum
855 1805 944 1902 quod
976 1816 1029 1879 est
1062 1805 1241 1903 superbia,
1266 1817 1406 1903 propter
1440 1830 1516 1879 eum
1551 1810 1605 1903 qui
1638 1806 1820 1881 humiliavit
1853 1813 2059 1907 semeh‘psum

694 1945 757 2019 pro
786 1921 902 1998 nobis:
928 1925 1036 2011 timor,
1064 1932 1204 2021 propter
1228 1945 1305 1995 eum
1331 1926 1386 2018 qui
1411 1946 1532 2019 passus
1559 1935 1612 1995 est
1637 1929 1671 1998 in
1696 1947 1798 1997 carne
1824 1937 1963 2022 propter
1988 1950 2058 2015 nus,

695 2049 729 2110 et
755 2042 866 2112 erexit
889 2042 1064 2112 victoriam
1090 2042 1216 2112 crucis:
1244 2061 1332 2112 vana
1358 2040 1486 2133 gloria
1511 2052 1650 2137 propter
1682 2064 1756 2113 eum
1783 2045 1838 2137 qui
1864 2041 2057 2115 verberatus

693 2164 728 2227 et
752 2153 940 2249 flagellatus
967 2166 1019 2229 est
1044 2179 1107 2252 pro
1132 2155 1244 2245 nohis,
1270 2166 1305 2228 et
1328 2178 1397 2228 non
1414 2160 1535 2228 avertit
1559 2156 1679 2228 faciem
1699 2180 1792 2229 suam
1818 2181 1840 2228 a
1866 2159 2058 2233 confusione

693 2283 880 2367 sputorum:
905 2272 1050 2360 invidia,
1075 2271 1306 2363 homicidium,
1332 2273 1518 2364 dissensio,
1544 2284 1578 2345 et
1604 2273 1736 2363 odium,
1766 2286 1906 2370 propter
1940 2298 2057 2368 agnum

692 2390 757 2462 Dei
782 2391 837 2484 qui
864 2386 998 2461 abstulit
1024 2400 1198 2487 peccatum
1218 2389 1346 2462 mundi:
1375 2393 1438 2480 ira,
1449 2399 1484 2462 et
1496 2392 1688 2482 injuriarum
1706 2390 1905 2481 recordatio,
1923 2403 2056 2488 propter

693 2529 769 2577 eum
795 2508 850 2601 qui
876 2507 978 2578 affixit
1009 2510 1099 2579 cruci
1132 2506 1387 2602 chirographum
1422 2517 1635 2603 peccatorum
1667 2517 1864 2579 nostrorum.
1916 2507 2057 2602 Fugiant

691 2622 873 2696 daemones
906 2634 939 2695 et
971 2620 1142 2711 diabolus,
1174 2634 1313 2719 propter
1347 2645 1423 2694 eum
1458 2626 1514 2718 qui
1538 2625 1707 2718 principes
1739 2622 1883 2697 malitae
1916 2625 2056 2715 disjecit,

693 2748 729 2810 et
768 2749 954 2835 potestates
993 2739 1207 2813 tenebrarum
1247 2738 1357 2834 palam
1398 2739 1617 2834 triumphavit
1670 2738 1795 2811 Omnes
1837 2744 2055 2833 cogitationes

689 2856 795 2930 males
822 2866 857 2927 et
881 2866 1033 2931 terrenas
1060 2854 1177 2951 procul
1202 2858 1392 2947 rejiciamus
1418 2878 1439 2926 a
1464 2854 1574 2945 nobis,
1598 2865 1738 2952 propter
1750 2878 1826 2927 enm
1852 2860 1908 2951 qui
1930 2878 2055 2929 ascen·

691 2973 738 3045 dit
763 2972 806 3044 ad
831 2971 961 3062 coelos,
986 2983 1022 3044 ut
1048 2977 1092 3044 ita
1117 2972 1341 3070 purificemur,
1367 2982 1400 3043 et
1425 2975 1649 3067 percipiamus
1664 2970 1748 3043 baec
1773 2976 1935 3068 mysteria
1962 2997 2053 3070 pura,

690 3099 725 3161 et
756 3090 906 3186 perfecte
940 3091 1102 3187 purificati
1137 3093 1239 3161 simus
1272 3091 1306 3159 in
1339 3086 1532 3175 animabus,
1564 3088 1780 3183 corporibus,
1818 3098 1853 3159 et
1885 3088 2053 3185 spiritibus

688 3211 832 3279 nostris:
858 3206 945 3278 adeo
971 3216 1008 3278 nt
1032 3209 1214 3303 participes
1240 3208 1344 3276 simus
1370 3208 1534 3299 corporis,
1561 3207 1646 3277 sicut
1671 3213 1707 3276 et
1725 3203 1865 3295 formae,
1892 3215 1927 3277 et
1951 3209 2052 3304 partis

689 3322 811 3396 Christi
834 3328 882 3395 tui
908 3334 973 3395 etc.

1052 3546 1138 3617 Alio
1165 3546 1287 3617 Oratio
1312 3550 1504 3639 matiam
1528 3549 1685 3618 αοιὶοιιίι.

789 3755 897 3841 Quam
930 3755 1196 3828 benedictionem
1231 3765 1287 3826 aut
1322 3777 1420 3849 quam
1452 3753 1602 3841 laudem,
1643 3764 1698 3824 aut
1730 3776 1829 3849 quam
1870 3756 2051 3845 gratiarum

686 3872 851 3943 actionem
882 3894 1062 3968 possumus
1091 3871 1278 3943 retribuere
1311 3870 1387 3957 tibi,
1421 3893 1443 3943 o
1478 3870 1572 3941 Deus
1606 3879 1736 3942 amator
1761 3868 1936 3960 hominum,
1963 3871 2051 3967 quod

688 4009 765 4057 eum
789 4008 941 4061 memus
966 3992 1107 4085 proiecti
1138 4011 1200 4084 per
1227 3988 1387 4080 iudicium
1417 3990 1551 4075 mortis,
1587 3985 1797 4081 demersique
1823 3989 1856 4056 in
1885 3987 2049 4082 profundo

684 4107 827 4198 peccati,
852 4109 1050 4179 concessisti
1075 4104 1174 4179 nobis
1200 4104 1397 4194 lbenatem,
1422 4102 1628 4197 largitusque
1654 4100 1802 4173 esnobis
1827 4099 1913 4174 hunc
1940 4103 2049 4176 cibum

684 4219 904 4293 immortalem
929 4232 965 4293 et
989 4222 1187 4294 coelestem:
1202 4220 1487 4313 manifestastique
1501 4217 1597 4291 nobis
1611 4217 1676 4291 boc
1690 4222 1896 4314 mysterium,
1908 4242 2047 4316 prorsus

683 4334 912 4409 absconditum
938 4362 961 4409 a
986 4338 1129 4410 saeculis
1156 4348 1191 4410 et
1222 4335 1511 4430 generationibus,
1545 4345 1583 4407 ut
1613 4346 1774 4431 appareat
1803 4357 1891 4407 nunc
1915 4341 2047 4433 princi-

681 4452 813 4548 patibus
848 4464 882 4526 et
913 4454 1134 4550 potestatibus
1176 4452 1378 4527 coelestibus
1413 4475 1461 4523 ex
1491 4451 1646 4524 Ecclesia
1681 4451 1854 4547 multiplex
1886 4456 2047 4549 sapientia

682 4577 749 4639 tua
791 4569 886 4643 Deus
920 4575 977 4666 qui
1009 4594 1115 4667 opera
1146 4580 1262 4643 nostra
1294 4570 1463 4662 gubernas
1496 4591 1558 4665 per
1593 4570 1800 4663 sapientiam,
1827 4567 1977 4660 dignare,
2012 4580 2048 4643 ut

681 4685 1002 4781 comprehendamus
1033 4687 1119 4760 hanc
1150 4687 1357 4760 clementiam
1392 4709 1552 4758 summam
1578 4695 1688 4775 mam,
1721 4696 1756 4756 et
1788 4685 2046 4778 magnitudinem

681 4812 843 4897 paternae
868 4828 953 4898 erga
977 4828 1042 4879 nos
1068 4828 1171 4878 curae
1196 4815 1294 4893 tuae,
1325 4803 1603 4898 benignitatisque
1635 4812 1722 4873 tuae.
1748 4801 1840 4873 Vere
1866 4812 1966 4874 tues
1993 4802 2046 4872 cui

681 4917 822 4990 debetur
846 4926 953 4993 omnis
980 4923 1102 5015 gloria,
1127 4924 1299 5014 majestas,
1324 4920 1433 4993 bonor
1458 4929 1492 4991 et
1517 4922 1701 5015 imperium,
1727 4928 1804 4991 ante
1824 4920 1934 4992 omnia
1959 4939 2045 4992 sae-

681 5033 767 5126 cula,
792 5036 906 5130 Pater,
930 5037 1005 5131 Fili,
1032 5050 1066 5112 et
1090 5039 1235 5135 Spiritus
1262 5046 1393 5111 sancte:
1418 5060 1507 5109 nunc
1533 5046 1596 5108 etc.
