4525 6034
674 571 814 646 XLVIII
1173 572 1550 651 DISSERTATIO

675 762 774 835 multa
800 783 869 834 non
894 764 1124 854 convenirent,
1150 782 1259 857 neque
1286 758 1454 834 autoribus
1481 782 1619 856 quorum
1638 762 1770 834 nomina
1787 762 2040 857 praeferebant3

676 877 764 973 quod
791 888 1018 972 argumentum
1040 902 1138 974 quam
1153 877 1286 950 imbelle
1313 886 1415 967 esset,
1437 876 1743 950 demonstravimus.
1795 877 1902 950 Nemo
1929 862 2041 952 tamen

678 991 877 1066 criticorum
901 996 1030 1067 illomm
1062 1005 1118 1066 aut
1143 992 1320 1090 probavit,
1347 1003 1402 1065 aut
1426 991 1571 1089 probare
1587 1015 1770 1086 aggressus
1798 1004 1862 1085 est,
1889 994 2041 1069 Graecas

674 1109 842 1203 Liturgias
870 1110 999 1202 Jacobi,
1025 1110 1143 1203 Marci,
1168 1110 1282 1184 Basilii
1309 1120 1343 1181 et
1361 1105 1592 1211 Chrysostomi
1619 1109 1660 1182 ah
1690 1113 1921 1206 antiquissimis
1947 1122 2039 1184 tem-

675 1227 812 1322 poribus
828 1236 1001 1323 usurpatas
1017 1250 1085 1299 non
1098 1227 1203 1300 fuisse
1218 1226 1474 1322 Hierosolyma,
1494 1226 1721 1299 AlexandrIae
1744 1236 1879 1322 totaque
1896 1224 2040 1301 GraecIa

600 1409 605 1419 .
677 1343 967 1438 obstareque
995 1343 1037 1416 de
1062 1344 1118 1416 illa
1145 1344 1347 1438 quaestionis
1373 1352 1487 1439 parte,
1514 1367 1599 1439 quae
1625 1347 1781 1416 momenti
1814 1347 1950 1416 maximi
1976 1356 2038 1438 est,

676 1459 831 1531 videntur
856 1462 1034 1552 cogitasse.
1088 1458 1212 1532 Omnes
1239 1462 1327 1531 eninr
1353 1459 1498 1533 calamos
1513 1459 1638 1550 Riveti,
1663 1459 1858 1555 Usseriique
1885 1471 1941 1532 aut
1967 1465 2039 1554 ejus

401 1641 414 1674 ⁸
472 1641 485 1675 ,
537 1625 543 1637 ·
631 1642 664 1676 α,
677 1574 813 1648 editoris
840 1574 1031 1666 evertebat,
1066 1579 1122 1670 qui
1153 1573 1275 1667 frigido
1310 1575 1546 1669 diagrammate
1580 1575 1834 1648 vernaculorum
1869 1597 2040 1649 sacrorum

678 1688 935 1784 Ohronologiam
962 1694 1127 1787 exposuit,
1154 1702 1190 1763 ut
1215 1691 1343 1765 scihcet
1368 1690 1409 1763 ab
1436 1691 1639 1765 Antichristo
1666 1703 1755 1786 nato,
1780 1691 1845 1763 hoc
1872 1701 1924 1765 est
1950 1696 2041 1762 circa

678 1807 833 1901 Gregorii
857 1809 883 1882 Ι.
910 1808 1077 1882 saeculum
1105 1810 1367 1903 superseminata
1400 1806 1523 1880 fuerint
1555 1806 1596 1880 ab
1623 1807 1755 1889 homine
1780 1810 1911 1881 inimico
1938 1811 2041 1881 messi

676 1924 882 2016 Dorniuieae,
908 1924 992 1997 haec
1018 1924 1241 2017 Liturgiarum
1266 1926 1402 1995 uiuanIa.
1456 1921 1591 1997 Certum
1619 1926 1706 1996 enim
1733 1932 1796 2013 est,
1823 1921 2041 2017 omnibusque

674 2043 870 2114 testimoniis
898 2040 1139 2129 scommatum,
1172 2040 1319 2113 ducentis
1351 2051 1387 2113 ut
1411 2043 1576 2112 minimum
1604 2043 1696 2113 aunis
1722 2050 1800 2112 ante
1825 2040 1960 2111 ridicula
1985 2039 2042 2111 illa

676 2157 869 2231 Antichristi
894 2159 1077 2257 γενέθλια,
1102 2168 1272 2254 receptam
1304 2155 1427 2252 ubique
1460 2160 1546 2229 iuter
1581 2154 1786 2230 Christianos
1820 2156 1927 2230 fuisse
1952 2157 2041 2228 illam

677 2273 898 2346 celebrandae
922 2273 1151 2348 Eucharistiae
1175 2274 1330 2365 formam,
1356 2296 1453 2369 quam
1471 2271 1592 2345 Graeci
1618 2272 1752 2345 codices
1778 2282 2042 2368 repraesentant,

677 2394 801 2481 exigua
825 2411 976 2485 prorsus,
1004 2400 1059 2462 aut
1084 2390 1172 2463 nulla
1190 2396 1276 2463 inter
1290 2400 1425 2463 veteres
1441 2394 1713 2485 recentioresque
1734 2389 1926 2481 differentia,
1954 2409 2040 2482 quae

677 2506 719 2578 ad
744 2516 858 2603 partes
885 2505 983 2579 officii
1009 2510 1097 2579 sacri
1123 2506 1319 2582 essentiales
1345 2510 1522 2603 pertineat:
1556 2529 1665 2602 neque
1698 2505 1755 2578 vel
1780 2505 1957 2578 levissimis
1983 2506 2042 2575 in-

636 2640 640 2647 ·
677 2623 770 2695 diciis
808 2644 933 2695 novam
966 2645 1064 2698 sacra
1099 2622 1243 2696 faciendi
1279 2621 1419 2694 formam
1451 2632 1642 2718 usurpatam
1680 2622 1805 2713 fuisse,
1845 2645 1931 2718 quae
1966 2643 2041 2692 cum

678 2735 932 2810 Protestantium
964 2739 1134 2835 disciplina
1161 2741 1348 2830 conveniat,
1373 2738 1518 2836 probare
1545 2743 1715 2834 quisquam
1741 2741 1856 2835 potuit.
1908 2737 2040 2812 Nesto-

676 2856 761 2925 riani
784 2857 853 2947 jam
880 2864 956 2926 ante
982 2852 1102 2927 multos
1122 2877 1228 2928 annos
1251 2853 1292 2927 ab
1310 2854 1463 2929 Ecclesia
1490 2856 1621 2947 divulsi,
1648 2855 1786 2929 similem
1799 2853 1932 2926 Graeco
1945 2857 2043 2925 ritum

676 2969 719 3042 ad
746 2992 785 3042 se
810 2971 1057 3045 haushderaut:
1093 2979 1127 3042 et
1151 2971 1250 3066 paulo
1283 2982 1361 3067 post
1391 2972 1565 3045 Jacohitae
1599 2994 1692 3044 suum
1720 2993 1872 3067 quoque,
1908 2969 2040 3042 Graeco

675 3085 872 3159 simillimum
899 3087 1043 3183 quotidie
1069 3085 1292 3159 celebrabant.
1344 3089 1448 3182 lgitur
1482 3111 1528 3160 ex
1561 3086 1635 3162 sola
1660 3098 1845 3183 temporum
1871 3085 2041 3160 ohserva-

674 3203 766 3274 tione
792 3203 992 3276 refellitur
982 3206 1089 3276 manis
1123 3202 1180 3275 illa
1213 3201 1345 3296 fabula,
1380 3205 1549 3277 nutriculis
1581 3206 1691 3301 potius
1728 3226 1826 3299 qrram
1858 3201 2042 3296 Theologis

676 3317 788 3411 digna,
815 3343 901 3415 quae
926 3329 1037 3394 tamen
1063 3323 1178 3416 paucIs
1205 3319 1405 3393 confutanda
1432 3332 1493 3395 est

389 3431 663 3488 trasumenus
778 3436 900 3508 Natum
926 3459 1005 3509 θεεθ
1030 3441 1064 3508 in
1091 3435 1272 3510 Occidente
1307 3447 1341 3510 et
1373 3439 1502 3534 quidem
1529 3437 1701 3511 Romae
1691 3440 1855 3530 insignem
1881 3436 1972 3508 illum
1998 3434 2041 3507 ad

354 3538 450 3661 ξζζζζ
453 3517 664 3660 Ἣωῗὲξ
676 3550 918 3624 deformitatem
949 3576 1088 3650 puerum
1119 3552 1370 3645 Antichristum,
1405 3576 1521 3628 omnes
1554 3557 1609 3649 qui
1642 3552 1727 3625 hauc
1762 3575 1866 3646 egere
1896 3551 2042 3625 fabulam

355 3695 495 3764 gosseno
483 3667 888 3764 cumnmeantpertenduut,
915 3668 1000 3743 adeo
1027 3679 1063 3741 ut
1088 3671 1208 3766 stupidi
1232 3669 1296 3743 illis
1323 3670 1498 3744 videantur
1526 3670 1646 3744 Graeci
1673 3672 1803 3766 septimi
1829 3678 1863 3742 et
1888 3690 2040 3764 sequen-

353 3782 493 3850 stutgras.
675 3788 719 3857 tis
754 3784 899 3877 saeculi,
955 3786 1041 3882 quod
1079 3786 1272 3860 Antichristi
1321 3789 1416 3880 signa
1463 3785 1652 3860 Muhamedi
1698 3785 2041 3859 accommodaverunt.

675 3901 897 3994 Negotiosum
922 3924 1004 3975 saue
1029 3902 1127 3976 nobis
1155 3900 1358 3977 calvinistae
1383 3903 1619 3976 Antichristum
1651 3925 1745 3979 suum
1770 3911 2042 3998 repraesentant,

677 4022 733 4113 qui
758 4040 826 4090 nou
851 4018 950 4093 modo
976 4028 1076 4092 totum
1105 4018 1329 4112 Occidenten,
1363 4021 1423 4094 sed
1451 4019 1621 4093 Orientem
1648 4042 1779 4115 quoque
1805 4022 1919 4114 paucis
1946 4020 2041 4090 aunis

676 4138 721 4206 ita
748 4138 944 4230 corruperit,
969 4146 1006 4207 ut
1030 4135 1248 4232 Apostohcae
1276 4146 1310 4209 et
1334 4135 1563 4231 Evangebcae
1588 4136 1676 4209 illius
1702 4134 1851 4224 Coenae,
1878 4135 1920 4206 de
1946 4137 2040 4227 cujus

675 4251 783 4324 forma
808 4275 973 4348 nmquam
1013 4254 1197 4325 convenire
1229 4255 1314 4326 inter
1340 4262 1672 4350 seponamque
1705 4256 1882 4345 vestigium
1909 4248 2041 4346 quidem

677 4367 886 4463 superfuerit.
938 4368 1064 4440 Verum
1095 4379 1174 4442 nato
1209 4379 1333 4442 tantum
1364 4381 1398 4443 et
1430 4370 1536 4443 adbuc
1567 4373 1601 4442 in
1634 4372 1725 4443 cuuis
1750 4372 1909 4462 vagiente
1934 4366 2040 4437 Anti-

678 4484 814 4575 christo,
838 4487 906 4577 jana
934 4484 1055 4558 dudum
1079 4494 1237 4559 muctam
1271 4510 1349 4562 esse
1376 4508 1546 4561 sacromm
1573 4490 1716 4558 omnium
1740 4483 1859 4556 faciem
1886 4483 2041 4578 oportuit,
2136 4495 2139 4500 ·

678 4624 752 4673 cum
783 4602 872 4673 illam
903 4606 1029 4698 ipsam,
1062 4626 1148 4698 quae
1181 4604 1245 4676 huc
1277 4626 1382 4700 usque
1413 4608 1500 4676 inter
1532 4602 1607 4678 illos
1641 4606 1753 4694 vIget,
1788 4600 1980 4674 Nestoriani
2007 4605 2042 4668 et

678 4717 850 4791 Iacobitac
875 4740 944 4791 non
968 4718 1068 4791 modo
1095 4729 1288 4809 servarent,
1328 4716 1389 4793 sed
1415 4730 1450 4792 ut
1475 4742 1495 4791 a
1521 4716 1720 4811 majoribus,
1747 4714 2041 4808 communibusque

681 4833 868 4911 doctoribus
894 4834 1045 4908 traditam
1066 4845 1100 4907 et
1118 4836 1321 4933 usurpatam,
1348 4835 1537 4932 quotIdiauo
1563 4858 1626 4907 usn
1645 4834 1901 4929 frequentarent.
1936 4829 2041 4901 Erant

679 4951 863 5024 interillos
890 4962 924 5024 et
950 4950 1163 5026 Orthodoxos
1191 4954 1233 5027 de
1258 4952 1503 5057 fidecontinua
1522 4955 1713 5041 certamina,
1740 4959 1774 5022 et
1799 4950 1973 5022 multorum
1999 4944 2041 5017 de

677 5068 742 5142 illis
768 5071 1005 5146 contoversiis
1036 5073 1160 5168 scrIpta
1194 5070 1237 5144 ad
1261 5092 1323 5144 nos
1348 5078 1582 5168 pervenerunt.
1636 5065 1813 5140 Proferant
1837 5065 2040 5138 Protestan-
