4525 6034
634 513 903 592 SANGTI
956 512 1263 590 CYRlLLl.
1586 515 1636 586 39

259 721 295 790 in
332 720 450 793 osculo
491 730 627 811 sancto,
663 743 772 814 neque
809 742 870 815 per
906 721 1129 811 cogitationes
1163 718 1421 814 abominabiles,
1464 718 1635 817 despectui

259 832 443 909 habeamus
476 839 628 909 timorem
661 847 772 926 tuum,
813 847 870 908 aut
902 845 1012 907 mente
1053 834 1172 907 dolosa
1207 848 1241 908 et
1276 835 1400 909 malitia
1433 837 1634 933 proditoris:

260 974 373 1047 neque
394 957 630 1027 conscientiam
647 951 807 1025 babentes
825 955 992 1048 nequitiae
1013 956 1297 1044 consentientem,
1324 953 1384 1026 sed
1410 976 1485 1025 cum
1510 954 1633 1046 gaudio

263 1072 445 1142 animarum
471 1081 659 1143 nostrarum
686 1080 720 1142 et
745 1069 868 1142 laetitio
895 1069 1006 1142 cordis
1032 1072 1155 1158 nostri,
1191 1093 1265 1141 cum
1301 1072 1342 1142 sit
1372 1068 1471 1142 nobis
1504 1074 1635 1163 signum

263 1208 419 1279 magnum
448 1198 482 1259 et
498 1187 688 1284 perfectum
716 1186 902 1258 dilectionis
928 1185 1097 1277 Unigeniti
1123 1186 1199 1257 Filii
1227 1188 1280 1257 tui.
1321 1185 1374 1258 Ne
1401 1185 1545 1284 repellas
1572 1211 1635 1260 nos

265 1325 387 1375 servos
421 1314 497 1377 tuos
530 1314 667 1400 propter
700 1303 847 1375 maculas
886 1312 1099 1397 peccatorum
1139 1313 1346 1375 nostrorum:
1382 1314 1416 1374 tn
1457 1308 1544 1376 euim
1579 1308 1634 1399 qui

268 1424 387 1493 creasti
411 1419 601 1513 figmentum
628 1430 796 1512 nostrum,
832 1423 898 1493 scis
935 1419 1023 1513 qnod
1053 1416 1161 1490 nullus
1194 1430 1290 1493 natus
1325 1442 1371 1490 ex
1407 1420 1545 1492 muliere
1580 1424 1634 1507 sit

272 1540 414 1631 quinon
438 1547 557 1633 peccet
583 1560 697 1610 coram
725 1547 768 1607 te.
820 1532 891 1606 Fac
911 1558 974 1610 nos
991 1559 1107 1608 omnes
1123 1535 1265 1629 dignos,
1291 1537 1452 1627 Domine,
1479 1548 1515 1608 ut
1531 1538 1634 1610 corde

274 1676 352 1749 puro
378 1664 411 1725 ct
437 1659 546 1726 anima
572 1653 671 1751 plena
699 1655 828 1747 gratiae
861 1661 958 1742 tuae,
995 1661 1117 1725 sumus
1154 1675 1269 1724 coram
1302 1664 1355 1742 te,
1376 1661 1424 1737 ,et
1457 1653 1634 1726 offeramus

279 1768 328 1840 libi
351 1769 413 1843 boc
439 1772 635 1844 sacrificium
664 1780 814 1844 sanctum
830 1826 850 1861 ,‚
865 1769 1050 1857 rationale,
1077 1769 1267 1864 spirituale,
1295 1781 1328 1841 et
1353 1773 1570 1860 incruentum,
1592 1770 1634 1840 ad

278 1891 494 1961 remissionem
521 1887 715 1961 delictorum
746 1897 958 1975 nostrorum,
998 1896 1031 1957 et
1063 1889 1197 1958 veniam
1231 1889 1491 1979 ignorantiamm
1521 1886 1635 1983 populi

281 2006 332 2075 tui:
357 2008 428 2099 qula
456 2016 490 2076 tu
517 2028 554 2078 es
581 2007 674 2077 Deus
701 2004 848 2076 clemens
875 2012 910 2073 et
935 2004 1148 2092 misericors,
1182 2013 1215 2074 et
1242 2003 1284 2074 ad
1310 2014 1343 2074 to
1370 2025 1501 2076 sursum
1526 2005 1633 2074 mitti-

281 2142 342 2191 mus
358 2120 517 2212 gloriam,
543 2121 725 2213 honorem,
752 2132 786 2192 et
803 2120 1044 2211 adorabonem,
1062 2119 1175 2211 Pater,
1194 2118 1270 2214 Fili,
1297 2129 1332 2192 et
1353 2119 1496 2217 Spiritus
1519 2129 1635 2192 sancte

280 2246 410 2309 nuncet
436 2248 571 2334 semper'
597 2250 660 2311 otc.

574 2494 659 2565 Atta
687 2494 808 2567 Oratio
836 2494 943 2567 osculi
965 2498 1067 2589 pocla
1093 2494 1140 2564 ud
1168 2495 1318 2567 Putrem.

366 2701 458 2774 Deus
494 2705 661 2793 caritatis,
701 2704 841 2796 largitor
875 2702 1095 2792 concordiae,
1131 2705 1186 2796 qui
1220 2699 1393 2774 consilium
1427 2706 1559 2776 unicum
1591 2705 1633 2775 ad

276 2817 449 2911 proiectum
476 2819 594 2891 dedisti
620 2819 743 2911 nobis,
771 2843 844 2891 cum
871 2828 1053 2916 praecepto
1080 2841 1194 2908 novo,
1220 2840 1282 2912 per
1297 2817 1507 2910 Unigenitum
1534 2817 1634 2890 sdium

277 2942 368 3024 mum,
394 2946 430 3006 ut
457 2935 670 3029 diligeremus
697 2937 905 3027 alterutnum,
941 2940 1025 3008 sicut
1053 2935 1198 3007 dilexisti
1224 2956 1287 3007 nos
1314 2933 1469 3026 indignos
1503 2944 1536 3006 et
1571 2958 1633 3006 er-

275 3059 397 3140 rantes,
432 3051 617 3148 dedistique
650 3052 750 3125 libum
782 3065 873 3125 tuum
908 3052 1061 3124 dilectum
1092 3073 1155 3146 pro
1187 3053 1257 3123 vita
1294 3060 1327 3121 et
1360 3049 1466 3123 salute
1498 3061 1632 3124 nostra:

277 3186 421 3257 rogamus
449 3179 503 3258 te,
537 3171 701 3262 Domine,
734 3168 842 3241 tribue
867 3169 966 3242 nobis
993 3167 1124 3240 famulis
1152 3169 1214 3239 tuis
1243 3169 1510 3262 omnitempore
1542 3172 1633 3240 vitae

279 3291 399 3355 nostrae
426 3296 697 3381 superterram,
732 3308 819 3357 nunc
846 3308 931 3357 vero
958 3288 1156 3381 praesertim
1192 3293 1226 3356 et
1260 3287 1457 3381 praecipue,
1491 3287 1633 3355 animum

280 3400 487 3473 immemorem
530 3404 674 3475 malitiae
709 3406 851 3498 prioris,
894 3404 1132 3473 conscientiam
1164 3422 1302 3497 puram,
1338 3410 1372 3472 et
1412 3403 1634 3491 cogitationes

282 3517 429 3607 sinceras,
456 3518 618 3613 simulque
644 3542 706 3591 cor
732 3519 873 3611 diligens
899 3516 1036 3608 fratres,
1070 3526 1105 3588 ut
1132 3518 1247 3589 demus
1275 3515 1425 3589 osculum
1451 3516 1633 3612 spirituale,

281 3625 494 3729 lugeamusque
521 3637 710 3732 exemplum
743 3636 850 3708 Judac
883 3634 1078 3729 proditoris,
1111 3644 1145 3706 et
1178 3634 1452 3730 quemadmodum
1485 3633 1633 3728 discipuli

282 3747 320 3814 tui
343 3756 373 3818 et
395 3751 551 3846 Apostoli
579 3756 705 3843 sancti,
732 3751 911 3824 salutemus
938 3754 1099 3843 invicem,
1127 3760 1161 3823 et
1186 3754 1220 3821 in
1247 3753 1420 3824 sanctitate
1439 3750 1632 3822 sanctifice-

281 3879 342 3932 mur
365 3876 397 3936 et
421 3867 630 3960 mundemur,
657 3869 823 3940 mediante
850 3866 974 3963 Spiritu
1002 3877 1117 3941 sancto
1146 3878 1223 3961 tuo,
1251 3871 1480 3965 pergratiam
1507 3869 1633 3960 unige-
1700 3930 1714 3945 ,

279 3979 621 4056 mmmm·

631 4242 638 4251 ”
716 4240 933 4305 ANAPllORA
955 4240 990 4305 S-
1008 4239 1170 4305 GYlllLLl.

363 4430 548 4503 Sacerdos.
602 4435 763 4507 Dominus
790 4433 974 4507 vobiscum.

362 4549 526 4642 Populum.
579 4550 722 4623 Etcum
749 4551 873 4647 Spiritu
899 4563 965 4625 tuo.

360 4666 547 4738 Sacerdos.
602 4668 740 4742 Sursum
767 4668 880 4742 corda.

346 4784 524 4876 Populus.
577 4784 746 4857 Habemus
775 4785 816 4857 ad
842 4787 1027 4859 Dominum.

341 4900 546 4972 Sacerdos.
600 4897 733 4973 Gratias
761 4924 898 4996 agamus
926 4905 1080 4976 Domino.

350 5017 524 5112 Populus.
578 5019 721 5110 Dignum
749 5030 783 5091 et
805 5020 928 5111 justum
955 5031 1015 5093 est.

263 5157 374 5204 umus
387 5159 404 5200 ι
