4525 6034
694 564 771 642 348
1200 567 1559 644 LITURGIA

691 764 727 824 ut
760 753 953 825 comedatur
992 754 1034 825 ad
1070 756 1296 849 expiationem
1328 752 1539 846 delictorum,
1578 755 1809 827 remissionem
1839 762 2057 852 poeoniorum,

694 880 727 939 et
755 872 858 940 vitam
885 879 1065 941 aeternam.
1275 868 1438 961 Populus.
1490 871 1610 942 Amen.

795 983 984 1055 Diaconm.
1038 983 1196 1056 Similiter
1223 994 1257 1055 et
1283 984 1421 1056 calicem
1448 989 1540 1056 vitae
1566 1007 1664 1080 quem
1697 993 1883 1081 temperato
1915 989 2057 1060 miscue-

690 1109 744 1171 rat
778 1103 946 1193 genimine
978 1103 1056 1172 vitis
1092 1110 1126 1171 et
1161 1123 1265 1195 aqua,
1301 1102 1449 1196 accepit,
1489 1111 1524 1171 et
1551 1103 1680 1193 gratias
1715 1104 1799 1193 egit,
1826 1101 1856 1188 †
1881 1099 2057 1189 benedixit,

690 1214 979 1301 isanctilicauit3
1006 1223 1027 1297 τ
1055 1216 1209 1311 deditque
1236 1219 1334 1288 otiam
1362 1215 1452 1287 illum
1486 1220 1648 1313 mysterio
1682 1239 1744 1290 suo
1779 1219 1930 1304 initiatis,
1964 1237 2057 1287 com-

690 1331 926 1424 mendavitque
953 1331 1016 1403 illis
1043 1343 1078 1403 ut
1104 1355 1150 1403 ex
1177 1354 1220 1403 eo
1257 1353 1374 1403 omnes
1407 1336 1690 1405 communicarent
1723 1326 1738 1366 ⁰
1764 1330 1920 1426 quodque
1954 1334 1986 1402 in
2019 1353 2058 1403 co

690 1445 780 1517 salus
807 1445 995 1520 bibentibus
1024 1446 1112 1519 illum
1139 1459 1232 1519 osset
1258 1446 1455 1535 declaravit,
1482 1472 1557 1521 cum
1583 1471 1626 1521 eo
1641 1459 1812 1520 uterentur
1828 1452 1862 1519 iu
1882 1451 2058 1520 conscicn-

690 1565 735 1632 tia
771 1585 871 1657 pura,
913 1562 954 1634 ad
991 1567 1219 1660 expiationem
1254 1562 1465 1663 delictorum,
1499 1567 1732 1638 remissionem
1765 1574 1996 1658 peccatorum,
2028 1572 2059 1633 et

689 1679 793 1748 vitam
820 1687 999 1750 aeternam.

793 1793 955 1887 Populus.
1008 1797 1128 1867 Amen.

793 1908 980 1982 Sacerdos.
1036 1910 1201 2003 Adjunxit
1239 1931 1373 2005 quoque
1413 1907 1690 1995 admonitionem,
1731 1919 1765 1980 et
1805 1907 2058 1980 declarationum

690 2025 824 2096 dicens:
852 2029 1126 2120 quotiescumque
1153 2029 1388 2121 mysteriomm
1415 2028 1596 2121 participes
1623 2026 1725 2109 eritis,
1753 2028 1947 2105 memoriam
1964 2047 2057 2097 mor·

687 2144 730 2213 tis
758 2148 793 2210 et
819 2146 1075 2214 resurrectionis
1103 2164 1201 2214 meae
1233 2140 1462 2229 celebrabitis3
1490 2139 1598 2213 donec
1623 2142 1767 2211 veniam.

656 2280 658 2289 ’
792 2255 953 2350 Populus.
1006 2257 1125 2330 Mortis
1154 2269 1247 2343 tuae,
1275 2259 1437 2346 Domine,
1463 2259 1657 2328 memoriam
1686 2258 1825 2344 agimus.

793 2368 975 2441 Sacerdos.
1028 2370 1139 2444 Etiam
1154 2374 1347 2458 nativitatis,
1373 2370 1564 2462 fasciarum,
1592 2374 1868 2461 circumcisionis,
1895 2372 2056 2467 baptismi,

689 2487 814 2573 crucis,
849 2487 1059 2582 sepulturae,
1091 2488 1360 2559 Resurrectiouis
1396 2497 1430 2557 et
1460 2488 1680 2559 AscensIanis
1714 2490 1952 2583 mysteriorum
1982 2510 2057 2559 me-

688 2624 820 2691 mores,
847 2625 955 2697 neque
981 2602 1078 2676 ullius
1105 2603 1214 2691 obliti,
1243 2602 1421 2675 adventurn
1450 2624 1582 2697 quoque
1608 2611 1696 2674 tuum
1732 2606 1765 2673 in
1795 2603 1905 2696 gloria
1941 2626 2056 2695 magno

689 2727 918 2811 expectamus,
944 2722 979 2790 in
1006 2743 1071 2814 quo
1099 2742 1218 2793 omnes
1244 2718 1394 2792 homines
1421 2729 1455 2789 et
1479 2716 1634 2809 Angelos
1661 2723 1695 2788 in
1722 2741 1787 2791 uuo
1814 2718 1945 2791 theatm
1972 2741 2056 2790 con·

688 2835 825 2921 stitues,
852 2832 1016 2929 bonisque
1043 2845 1077 2905 et
1106 2833 1199 2907 malis
1215 2834 1304 2929 quod
1314 2838 1438 2926 justum
1452 2842 1504 2907 est
1521 2832 1703 2905 retribues:
1729 2843 1911 2929 propterea
1932 2833 2054 2906 Eccle-

687 2949 738 3017 sia
766 2956 838 3041 tua,
876 2957 908 3019 ct
939 2972 1028 3042 grex
1064 2959 1137 3022 tuus
1172 2951 1372 3047 deprecatur
1404 2960 1452 3022 te:
1487 2960 1521 3020 et
1552 2971 1614 3044 per
1646 2957 1679 3020 te
1712 2974 1753 3022 ac
1786 2959 1895 3022 mum
1927 2952 2055 3022 Patrem

687 3073 778 3133 tuum
805 3060 933 3139 dicens:

792 3177 954 3272 Popadua.
1008 3182 1181 3253 Miserere.

789 3292 972 3369 Sacerdos.
1026 3297 1098 3370 Nos
1126 3319 1268 3393 quoque.

790 3411 979 3487 Diaconos.
1035 3416 1142 3502 Quam
1170 3414 1313 3486 timenda
1340 3424 1392 3485 est
1417 3412 1501 3485 baec
1527 3411 1618 3484 bora.

925 3751 1101 3824 Sacerdos
1127 3754 1213 3824 dicit
1239 3726 1495 3823 [mancationem
1520 3752 1672 3844 Spiritum
1697 3753 1817 3821 cuncti.

790 3955 858 4026 Per
883 3958 1114 4029 miserationes
1142 3957 1310 4030 naturales
1338 3956 1462 4051 tibique
1488 3960 1643 4052 proprias
1660 3955 1813 4041 Domine,
1841 3965 1876 4026 et
1902 3956 2051 4051 placebi-

684 4070 809 4142 litatem
837 4094 856 4142 a
884 4094 950 4165 qua
976 4077 1240 4165 cognominaris,
1269 4077 1359 4145 mitte
1385 4069 1586 4143 Paraclitum
1612 4072 1770 4166 Spiritum
1796 4074 1968 4163 veritatis,
2003 4079 2051 4170 qui

685 4195 847 4281 perpetuo
879 4181 893 4220 ⁶
927 4210 948 4258 a
981 4198 1014 4259 te
1040 4189 1192 4284 procedit
1224 4198 1257 4259 et
1292 4211 1313 4259 a
1339 4188 1424 4260 Filio
1459 4209 1545 4281 quae
1581 4187 1787 4260 substantiae
1820 4198 1896 4258 sunt
1928 4194 2049 4286 accipit,

683 4300 921 4398 illabaturque,
953 4315 987 4375 et
1013 4309 1202 4399 requiescat
1228 4327 1329 4400 super
1356 4304 1419 4377 boc
1447 4302 1663 4392 sacrificium,
1690 4300 1835 4397 illudque
1863 4306 2049 4393 sanctificet,

682 4437 793 4510 neque
819 4428 956 4514 propter
982 4431 1122 4516 peccata
1150 4443 1242 4510 mea,
1275 4423 1424 4516 privetur
1457 4418 1599 4514 populus
1631 4429 1704 4491 tuus
1732 4417 1820 4490 dono
1850 4430 1907 4492 tuo
1935 4420 2048 4494 divino.

788 4534 938 4604 Εἱευαιιε
964 4558 1090 4607 uocem
1144 4535 1276 4608 Exaudi
1302 4558 1356 4607 me
1382 4534 1536 4608 Dbminc.

787 4648 948 4742 Populus.
1002 4652 1108 4748 llyric
1138 4651 1276 4726 eleison.

786 4762 971 4837 Sacerdos.
1024 4766 1070 4838 Ut
1095 4766 1151 4839 ille
1180 4773 1234 4863 qui
1261 4774 1367 4866 spirat
1392 4772 1539 4860 occulte,
1571 4783 1605 4845 et
1630 4774 1812 4865 requiescit
1837 4770 2046 4856 invisibiliter,

682 4900 803 4971 panem
832 4883 927 4952 istum
955 4882 1105 4978 perficiat
1137 4879 1150 4917 ⁷
1178 4906 1300 4979 corpus
1326 4886 1391 4958 Dei
1418 4890 1587 4959 incarnati.

786 4994 946 5089 Populus.
998 5001 1120 5073 Amen.
