4525 6034
410 2042 477 2094 Vana
496 2057 577 2094 sacra.

703 566 753 638 60
1081 564 1701 647 osssnnvnulonns

699 751 743 812 ris
765 766 879 812 morem
910 767 994 811 snam
1022 750 1341 829 accommodaverunt,
1370 752 1451 832 qnod
1480 751 1648 817 laciendum
1678 754 1753 836 ipsis
1782 763 1866 834 erat,
1894 754 2059 835 quandort

700 848 802 911 ultima
825 849 1022 912 Maroniticae
1045 848 1204 912 Ecclesiae
1227 849 1470 929 Reformatione,
1501 860 1626 914 utuntur
1652 853 1769 918 Oblatis
1793 856 1906 935 azymis
1934 857 2059 917 minutia

699 948 803 1026 ribus,
825 955 859 1011 ut
881 948 961 1029 apud
983 965 1041 1011 nos
1063 949 1129 1012 lieri
1152 950 1241 1013 solet.
1286 949 1330 1011 lta
1353 969 1414 1013 non
1437 969 1477 1012 ex
1498 968 1559 1014 uno
1591 954 1688 1033 pane,
1719 962 1752 1016 ut
1781 954 1880 1017 veteri
1907 955 1967 1015 ritu
1995 952 2058 1015 sran-

700 1056 814 1128 guntnr
834 1047 945 1129 sigilla,
968 1055 1001 1109 ut
1022 1056 1190 1124 vocantur,
1218 1067 1275 1111 seu
1297 1050 1430 1112 minores
1453 1034 1631 1131 particulae.
1683 1051 1726 1112 Αι
1756 1053 1786 1114 in
1815 1051 1977 1115 Codimbus
2007 1053 2057 1118 blo.

699 1146 919 1225 praescribitur
942 1146 1128 1211 solummodo
1150 1157 1183 1210 nt
1202 1165 1318 1228 panes,
1342 1156 1484 1229 quantum
1508 1148 1646 1211 sufficere
1669 1152 1803 1230 possint,
1827 1151 1866 1213 ad
1888 1154 2056 1214 communio·

700 1262 769 1307 nem
792 1244 1004 1327 praesentibus
1027 1246 1282 1321 distribuendam,
1304 1246 1488 1328 multiplicet.
1532 1247 1608 1309 lllud
1638 1266 1759 1330 quoque
1787 1269 1827 1312 ex
1849 1260 1953 1313 nostra
1976 1254 2056 1332 quoti·

702 1347 791 1409 diana
814 1345 972 1427 disciplina
994 1345 1134 1421 accessit,
1158 1345 1239 1426 quod
1261 1345 1397 1408 oblatam
1420 1355 1450 1408 ct
1473 1347 1599 1409 calicem
1621 1349 1721 1410 statim
1743 1350 1775 1410 in
1798 1347 1885 1412 altari
1912 1350 2054 1425 collocant

704 1445 784 1527 quod
808 1443 954 1507 Orientali
976 1445 1036 1505 ritu
1059 1462 1119 1506 non
1148 1445 1346 1520 observatur,
1377 1444 1433 1508 scd
1462 1446 1633 1528 inferuntur
1662 1449 1839 1512 aDiacono
1868 1458 1939 1530 post
1967 1468 2054 1531 precer

702 1542 839 1623 aliquas,
862 1560 900 1605 eo
923 1544 982 1605 rito
1005 1544 1055 1623 qui
1078 1543 1187 1606 deinde
1210 1543 1419 1625 explicabitur.
1463 1545 1511 1607 Ex
1533 1544 1592 1608 illis
1615 1545 1726 1609 Ciliciis
1748 1565 1809 1609 non
1831 1549 1904 1610 satis
1915 1551 2053 1629 perspicua

628 1668 633 1677 ·
702 1642 873 1724 explicatur
901 1644 996 1721 prima
1019 1640 1070 1703 illa
1101 1642 1248 1705 donorum
1277 1662 1451 1721 sacrorum,
1479 1662 1558 1726 quae
1584 1653 1693 1707 sancto
1713 1648 1859 1728 mysterio
1876 1650 1938 1731 jam
1960 1666 2052 1711 vocan-

701 1751 770 1820 tur,
794 1762 835 1805 ex
858 1740 956 1803 sutura
980 1743 1229 1820 consecratione,
1251 1745 1440 1825 propositio,
1464 1745 1513 1807 cui
1537 1743 1713 1825 disciplinae
1735 1745 1851 1824 lucem,
1881 1749 2050 1827 quantumin

701 1842 791 1905 nobis
814 1843 891 1920 erit,
914 1841 1025 1904 alierre
1048 1841 1231 1905 conabimur.
1275 1843 1361 1906 Prius
1389 1851 1489 1906 tamen
1517 1844 1555 1906 de
1582 1845 1664 1906 vasis
1689 1851 1719 1906 et
1741 1846 1946 1909 instrumentis
1968 1847 2049 1909 dean·

700 1942 770 2005 dnm
792 1949 850 2005 est.

787 2042 954 2122 Praecipua
976 2047 1046 2102 sunt
1066 2038 1180 2102 Dircam
1202 2047 1232 2102 et
1256 2038 1356 2103 Cotta.
1386 2038 1495 2103 Graeci
1517 2040 1601 2102 Disci
1624 2039 1767 2123 liguram,
1797 2040 1880 2104 dedit
1908 2043 1977 2105 loco
2001 2062 2049 2107 nor

701 2141 793 2203 citato
817 2140 1007 2204 doctissimus
1031 2138 1173 2201 Goarins:
1203 2158 1243 2201 ex
1273 2157 1331 2221 qua
1354 2148 1386 2202 et
1407 2139 1510 2202 verbis
1533 2139 1613 2202 illius
1634 2146 1735 2220 patet,
1758 2139 1839 2202 illum
1861 2148 1988 2222 patenae
2006 2144 2047 2205 ba·

699 2242 831 2302 tinorum
854 2256 915 2302 non
939 2238 1060 2299 omnino
1082 2237 1292 2318 respondere:
1324 2255 1391 2299 cum
1413 2237 1503 2300 latior
1524 2240 1580 2315 sit,
1610 2256 1669 2301 nec
1699 2238 1775 2302 adeo
1798 2238 1916 2321 planus.
1970 2243 2048 2306 Codex

699 2339 892 2403 Florentinus
915 2337 1041 2420 liguram
1064 2336 1181 2418 Syriaci
1203 2336 1302 2414 Disci,
1326 2337 1381 2399 sed
1403 2337 1520 2400 ruditer
1542 2337 1721 2400 delineatam
1744 2338 1877 2415 exhibet,
1901 2342 2047 2421 ampliorem

700 2446 732 2501 et
753 2436 982 2518 profundiorem
1004 2436 1097 2498 Disco
1121 2436 1254 2514 Graeco,
1277 2437 1303 2498 si
1326 2443 1426 2498 tamen
1449 2436 1571 2499 Discum
1593 2445 1827 2518 repraesentare
1849 2440 1950 2520 pictor
1970 2443 2046 2518 voluit,

699 2555 761 2599 non
785 2536 910 2599 calicem
932 2534 1166 2597 ministerialem.
1219 2534 1288 2616 Syri
1317 2544 1429 2597 vocant
1457 2519 1585 2604 &nubib
1615 2543 1646 2599 et
1675 2535 1836 2617 aliquando
1863 2520 1961 2608 aba,
1991 2529 2046 2609 quod

699 2637 780 2698 idem
803 2643 858 2699 cst.
904 2634 1110 2698 Consecratur
1131 2633 1238 2696 iisdem
1260 2635 1403 2715 precibus
1426 2643 1456 2697 ct
1485 2636 1703 2713 caeremoniis,
1733 2652 1809 2718 quas
1838 2636 1962 2700 exbibet
1987 2634 2045 2695 litua

701 2734 865 2814 Copticus,
897 2736 982 2816 cnjus
1005 2736 1177 2796 versionem
1206 2733 1359 2813 dedimus,
1389 2742 1532 2816 extatque
1562 2736 1650 2817 hujus
1680 2737 1919 2800 consecrationis
1942 2734 2045 2798 Olicinn

701 2832 855 2915 singulare
879 2835 958 2917 apud
982 2835 1095 2914 Syros,
1118 2834 1149 2894 in
1173 2831 1286 2896 Codice
1309 2834 1520 2916 Seguicriano.
1565 2835 1609 2898 lta
1632 2843 1662 2898 et
1685 2834 1787 2914 Calix,
1811 2836 1849 2898 de
1873 2854 1950 2916 quo,
1976 2839 2000 2893 nt
2018 2828 2044 2890 dc

700 2934 793 2997 Disco
816 2935 958 2998 nonnulla
989 2934 1152 2997 observata
1181 2942 1267 3013 sunt,
1304 2934 1334 2995 in
1358 2933 1580 3000 Commentario
1611 2936 1649 2998 ad
1672 2936 1828 3017 Copticam
1850 2935 1951 2998 Basilii
1970 2933 2045 2995 bitur·

700 3034 797 3115 giam:
833 3033 982 3096 Cocbleor
1012 3051 1135 3115 qnoque
1168 3033 1372 3112 benedicitur,
1402 3042 1435 3097 ut
1465 3035 1545 3117 apud
1576 3035 1730 3113 Graecos,
1760 3041 1791 3096 et
1823 3033 1958 3096 eumdem
1982 3044 2043 3091 nsnu

701 3132 800 3195 babet.
843 3133 876 3196 ln
900 3131 1014 3196 Codice
1039 3129 1234 3210 Colbcrtino,
1267 3132 1406 3213 adjicitur
1433 3133 1585 3214 Sponpic,
1616 3134 1655 3198 de
1684 3153 1744 3215 qua
1772 3132 1847 3194 nihil
1876 3126 2042 3196 snibitnin

703 3233 784 3295 aliis:
808 3218 864 3295 sed
888 3251 923 3293 ca
947 3249 1069 3312 qnoqrre
1090 3240 1255 3312 usurpatur
1277 3250 1295 3294 a
1318 3232 1421 3313 Syris,
1451 3240 1485 3295 ιιι
1507 3252 1525 3295 a
1549 3234 1688 3313 Graecis,
1717 3233 1755 3295 ad
1777 3231 1987 3314 extergendum
2003 3240 2042 3286 ca·

394 3345 687 3416 nnetot.doar.p.152.
701 3332 800 3395 licem.
844 3329 1015 3408 Lanceola,
1046 3332 1111 3393 sive
1134 3338 1167 3392 ιιι
1187 3330 1300 3394 'Graeci
1324 3332 1426 3395 dicunt
1451 3323 1544 3415 Ἁγίᾳ
1566 3319 1682 3417 λόγχῃ,
1716 3330 1904 3410 Orientales,
1934 3330 1991 3411 Syu'
2008 3328 2043 3385 til

701 3433 848 3515 Aegyptii
869 3448 932 3492 non
954 3436 1093 3491 utuntur:
1116 3439 1149 3493 ut
1171 3448 1271 3512 neque
1293 3431 1410 3509 Astera,
1434 3433 1514 3514 quod
1537 3432 1612 3495 duas
1635 3433 1759 3496 laminas
1781 3450 1891 3495 curvas
1914 3438 1942 3494 et
1958 3428 2042 3490 decus-

633 3584 639 3591 .
701 3539 782 3593 satas
805 3529 966 3612 significat,
989 3529 1098 3609 quibus
1122 3530 1223 3593 discm
1246 3532 1360 3613 tegitur
1381 3533 1453 3595 velo
1479 3532 1685 3614 superposito.

412 3635 487 3688 Panis
505 3645 532 3688 et
548 3637 614 3690 catix
631 3639 688 3706 pri·
786 3629 892 3712 igitur,
915 3635 947 3690 ut
971 3628 1008 3690 ad
1031 3630 1155 3709 primam
1177 3629 1256 3691 illam
1279 3630 1373 3694 Cilicii
1403 3638 1520 3713 partem
1542 3631 1719 3708 redeamus,
1749 3636 1953 3713 praeparatam
1971 3623 2042 3727 luisse¹

376 3738 444 3774 mum
462 3726 687 3792 praeparamenta
701 3727 848 3805 Oblatum,
871 3735 902 3790 et
924 3727 1011 3790 simul
1035 3728 1160 3790 calicem
1183 3731 1213 3790 in
1234 3729 1380 3806 Protbcsi,
1403 3739 1435 3793 et
1456 3731 1492 3792 nd
1516 3730 1611 3792 altare
1635 3728 1760 3807 deferri,
1782 3749 1823 3793 cx
1838 3730 1950 3791 Graeca
1968 3728 2042 3784 rann

375 3807 504 3862 Protbcsi.

444 4131 506 4202 Cup·
523 4133 550 4186 6.

701 3827 859 3908 disciplina
882 3834 940 3906 est,
964 3845 982 3888 a
1005 3844 1063 3907 qua
1087 3827 1156 3908 Syri
1179 3845 1240 3890 non
1261 3829 1403 3892 videntur
1431 3830 1615 3904 recessisse;
1645 3829 1780 3909 quamvis
1812 3823 1988 3892 caeremonia
2005 3821 2042 3881 in·

701 3936 788 4011 tegra
810 3929 841 3988 in
863 3926 1018 4008 plerisque
1042 3925 1205 3990 Codicibus
1237 3945 1298 3990 non
1328 3930 1524 4009 exprimatur.
1569 3928 1610 3991 At
1640 3928 1726 3990 testis
1758 3936 1805 3991 est
1831 3926 1958 4009 ejusden
1981 3913 2042 3998 apud

700 4029 794 4109 Syros
818 4026 994 4107 disciplinae
1016 4027 1098 4088 omni
1120 4029 1305 4108 exceptione
1326 4029 1433 4109 maj0r,
1455 4027 1620 4109 Dionysius
1630 4026 1777 4090 Barsalibi
1799 4029 1830 4089 in
1853 4014 2040 4090 Commentario

699 4145 757 4190 suo
780 4125 818 4188 ad
841 4126 1016 4207 Litnrgiam.
1039 4124 1261 4204 Producuntur,
1284 4127 1390 4208 inquit,
1412 4129 1557 4209 mysterio
1578 4146 1632 4188 seu
1651 4126 1864 4202 Sacramenta,
1886 4113 2044 4187 erutuet

698 4229 731 4288 in
751 4245 858 4308 pyrum
881 4227 968 4288 circo
989 4227 1196 4287 sanemarium
1218 4225 1411 4305 deferuntur,
1440 4234 1511 4288 onte
1538 4226 1705 4288 itlodonmn
1731 4225 1888 4302 aomificii.
1928 4219 1972 4283 [llo
1995 4214 2041 4275 fill

697 4331 827 4387 testatur
849 4325 1020 4404 sipnificnri
1041 4323 1157 4385 Christi
1177 4326 1208 4385 in
1231 4332 1333 4387 tenos
1355 4326 1542 4401 descensum,
1565 4332 1594 4386 et
1615 4343 1691 4386 suae
1711 4324 1744 4385 in
1765 4330 1850 4384 ternu
1863 4312 2043 4386 concumbe

697 4427 756 4499 nis,
778 4425 844 4486 sire
865 4420 925 4507 τῆς
946 4411 1106 4508 ἕνσάρκου
1127 4415 1322 4501 οἰκονομίας,
1342 4425 1519 4504 periodum:
1541 4425 1677 4486 ittutioare
1689 4422 1732 4484 cd
1745 4422 1855 4499 odore,
1879 4424 1936 4501 &aaa
1951 4429 2042 4477 Μ’-

697 4525 813 4585 sionem
834 4523 867 4584 in
896 4541 1032 4599 onmem,
1061 4524 1142 4584 unde
1171 4524 1303 4601 ιῇοοιιοοι
1330 4525 1515 4603 sucrificium
1542 4542 1601 4603 quo
1631 4541 1665 4585 ae
1693 4524 1792 4601 ipsum
1823 4515 1986 4587 inmutabili
2010 4503 2044 4567 “d

696 4622 822 4684 Patrem
844 4621 990 4683 ascendit.
1034 4621 1068 4684 ln
1090 4622 1137 4684 bis
1160 4621 1275 4698 verbis,
1296 4620 1413 4698 Abora,
1442 4641 1481 4684 ex
1511 4638 1571 4704 quo
1593 4621 1802 4703 producuntur
1824 4622 1908 4702 panis
1927 4621 1951 4677 ct
1969 4606 2042 4716 culli

696 4739 823 4801 pomum
846 4721 1051 4805 intelligimus,
1074 4721 1141 4783 sive
1171 4719 1341 4796 Protbcsin,
1364 4720 1607 4802 quandoquidem
1630 4720 1824 4803 distinguitur
1854 4718 2043 4785 asannnano

696 4824 752 4882 s'eu
775 4802 894 4895 nbbti'i,
919 4822 947 4882 in
971 4839 1032 4902 quo
1055 4821 1249 4882 constitutum
1272 4827 1320 4882 est
1342 4818 1436 4883 altare
1458 4822 1583 4902 proprie
1606 4820 1727 4897 dictum,
1750 4820 1833 4900 quod
1854 4833 1936 4898 saepe
1954 4804 2043 4898 eadpn

695 4938 775 4982 voce
805 4921 1002 5005 significatur.
1046 4914 1126 4983 Esse
1157 4937 1231 4982 sane
1260 4920 1339 5000 apud
1371 4919 1466 5002 Syros
1495 4920 1643 5003 ejusmodi
1675 4919 1781 4982 altaria
1813 4937 1868 4981 seu
1897 4908 2041 4978 Promeses,

576 5014 584 5022 “
695 5019 806 5099 probat
834 5022 952 5102 pictura
981 5020 1094 5103 duplex
1124 5020 1154 5082 in
1186 5018 1300 5082 Codice
1329 5019 1523 5101 Florentino,
1557 5023 1588 5084 in
1616 5038 1676 5102 qno
1704 5024 1939 5102 repraesentatur
1964 5016 2040 5068 unum
