4525 6034
651 538 782 613 XXXII
1150 534 1528 616 utssuuuttttt

652 729 696 801 ad
722 750 783 802 eos
810 732 1027 824 pervenisse:
1062 729 1109 799 ita
1144 728 1231 798 enim
1258 723 1467 810 refelluntur,
1496 730 1651 818 quantum
1679 744 1764 817 opus
1791 733 1855 811 εει,
1883 727 1938 818 qui
1966 745 2031 796 eas

653 848 901 941 supposititias,
936 844 1052 932 lictus,
1088 852 1121 914 et
1156 842 1198 914 ab
1227 843 1359 913 inimico
1393 838 1528 911 homine
1562 837 1732 934 prolectas
1769 850 1895 913 temere
1928 837 2034 910 calu-

650 964 826 1033 mniantur.
888 960 1016 1031 Verum
1051 957 1094 1031 ad
1129 955 1389 1029 confirmandam
1422 957 1611 1050 scriptionis
1642 954 1771 1028 illenim
1805 959 2036 1051 antiquitatem

650 1075 729 1148 nihil
756 1077 933 1172 quidquam
960 1074 1119 1146 efficiunt.

340 1205 489 1274 suscripta
498 1206 638 1260 elimata·
755 1191 963 1264 Moderatius
991 1200 1043 1263 est
1069 1188 1199 1261 illorum
1223 1186 1399 1278 Judicium,
1427 1189 1482 1280 qui
1506 1188 1569 1259 etsi
1587 1189 1730 1282 scriptas
1750 1187 1825 1259 illas
1853 1188 1895 1261 ab
1923 1188 2032 1285 Apo-

323 1293 402 1392 eobo,
420 1293 499 1346 ‘wi'
518 1301 638 1360 ΜΝ·
651 1308 779 1382 stolicis
806 1305 1010 1403 temporibus
1038 1326 1116 1377 esse
1140 1303 1319 1395 J'udicant,¹
1336 1305 1507 1375 mutationi
1527 1313 1636 1374 minen
1660 1301 1827 1375 obnoxias
1845 1302 1949 1375 luisse
1962 1326 2034 1374 non

323 1377 558 1449 mmmm
606 1438 611 1445 ·
653 1422 839 1495 diffitentur.
892 1422 962 1494 Sed
987 1421 1022 1493 id
1046 1418 1148 1491 habet
1173 1417 1375 1490 incommodi
1402 1418 1476 1490 talis
1504 1420 1636 1514 opinio,
1663 1418 1753 1513 quod
1769 1418 1898 1491 illarum
1918 1423 2034 1491 inter-

562 1548 570 1553 ’
653 1538 859 1636 polationem
886 1536 1062 1632 quamdam
1088 1534 1254 1623 admittat,
1282 1556 1369 1628 qnae
1396 1536 1426 1606 si
1450 1533 1561 1606 locum
1587 1533 1707 1622 habet,
1730 1557 1822 1607 nova
1840 1534 2033 1607 calumnia-

651 1678 725 1726 rum
753 1676 854 1746 seges
881 1649 1148 1725 Protestantibus
1175 1650 1321 1722 offertur.
1357 1649 1477 1720 Dicent
1495 1653 1598 1738 enim,
1612 1660 1646 1721 ut
1656 1653 1726 1741 J'am
1745 1674 1765 1722 a
1781 1649 1888 1722 multis
1910 1649 2033 1722 dictum

543 1750 547 1757 ¹
653 1779 724 1858 est,
751 1791 837 1863 quae
865 1766 907 1841 ab
936 1766 1104 1864 Apostolo
1129 1763 1262 1838 lacobo
1290 1764 1410 1836 tradita
1437 1776 1534 1854 sunt,
1562 1765 1604 1838 ab
1632 1764 1696 1837 illis
1717 1788 1804 1860 quae
1821 1768 2033 1838 recentiores

652 1906 770 1955 manus
789 1886 1012 1972 invexerunt,
1035 1880 1179 1953 discerni
1199 1902 1267 1951 non
1287 1903 1407 1976 posse:
1429 1881 1538 1953 addita
1555 1904 1688 1976 quoque
1701 1880 1807 1955 luisse
1820 1904 1888 1954 non
1909 1905 2033 1978 pauca,

653 2021 842 2095 quaecum
868 2000 1095 2073 vetustissima
1123 1998 1207 2085 siut,
1235 1999 1299 2091 ipsi
1331 1998 1490 2069 nouitatis
1521 1996 1753 2069 condemnant
1812 1996 1892 2068 lude
1927 1997 1963 2068 lit
1993 2009 2033 2069 ut

652 2126 766 2210 partas
793 2114 1018 2207 Litargiarum
1053 2086 1161 2208 prope
1193 2109 1305 2182 nullae
1336 2114 1481 2184 intactae
1507 2112 1550 2184 ab
1577 2112 1764 2185 inofficiosa
1791 2124 1824 2185 et
1851 2116 2030 2185 temeraria

650 2231 708 2302 illa
735 2252 878 2303 censura
904 2228 1154 2323 relinquantur,
1186 2250 1229 2299 eo
1256 2231 1382 2319 magis,
1416 2226 1506 2323 quod
1533 2227 1679 2323 aliquas,
1710 2239 1747 2299 ut
1776 2229 2030 2301 luvocationem

530 2364 534 2369 '
652 2350 760 2420 sancti
787 2345 951 2441 Spiritus,
978 2355 1013 2416 ει
1027 2344 1204 2417 nonnullas
1220 2342 1323 2432 alias,
1350 2346 1435 2415 inter
1452 2344 1674 2416 additamenta
1693 2356 1874 2416 numerent
1901 2345 2029 2434 Verum

651 2460 793 2557 publicis
819 2460 1047 2533 Ecclesiamm
1074 2458 1193 2531 officiis
1220 2457 1526 2533 sacramentalibus
1560 2459 1668 2532 addita
1702 2481 1781 2531 csse
1813 2459 2029 2555 sequen-tibus

653 2574 814 2665 saeculis,
841 2599 883 2648 ea
910 2599 997 2671 quae
1025 2578 1170 2647 omnium
1197 2578 1362 2646 communi
1381 2598 1549 2649 consensu
1565 2579 1651 2647 iuter
1671 2597 1769 2647 sacra
1792 2574 2028 2665 recitabantur,

652 2691 864 2785 interpolatio
892 2701 1057 2779 nonest,
1085 2690 1146 2763 sed
1173 2689 1215 2761 ad
1242 2713 1337 2762 usum
1365 2694 1525 2787 cujusque
1557 2695 1716 2787 temporis
1749 2691 2027 2781 accommodatio,

652 2804 785 2901 publice
813 2810 1006 2895 autoritate,
1032 2827 1101 2877 non
1127 2808 1260 2901 privato
1288 2809 1524 2902 cujuscumque
1541 2806 1699 2896 consilio,
1727 2818 1784 2879 aut
1802 2830 1864 2903 per
1877 2808 2028 2879 fraudem

650 2920 750 2994 lacta.
785 2921 920 3014 Negent
938 2921 1169 2994 Protestantes
1198 2944 1217 2992 a
1242 2919 1381 2993 Concilii
1403 2923 1543 2994 Nicaeni
1562 2933 1713 3020 tempore
1730 2946 1853 2997 vocem
1869 2922 2043 3019 ‘Opone--

652 3038 735 3111 σίου
759 3040 845 3109 inter
870 3036 1129 3111 Ecclesiasticus
1155 3058 1277 3132 preces
1303 3035 1408 3110 luisse
1441 3037 1637 3128 adhibitam,
1668 3038 1756 3111 nube
1779 3042 1910 3110 testium
1938 3062 2027 3111 cou-

650 3151 851 3226 lutabuntur.
904 3153 1024 3228 Desint
1050 3164 1152 3225 notae
1178 3152 1256 3224 illae
1283 3164 1414 3245 certae,
1441 3152 1563 3249 publici
1589 3177 1670 3227 usus
1692 3154 1935 3244 Ecclesiaramn,
1961 3155 2027 3227 Li-

650 3271 761 3361 turgia
787 3266 876 3340 nulla
904 3271 985 3357 erit,
1013 3291 1100 3363 quae
1126 3267 1293 3364 publicam
1320 3272 1531 3341 autoritatem
1557 3269 1690 3342 babeat.

344 3394 640 3457 predicamentum:
757 3382 1033 3479 Quandoquidem
1067 3384 1183 3479 porro*
1197 3406 1255 3457 res
1281 3386 1313 3454 in
1341 3383 1487 3457 obscuro
1515 3397 1584 3475 est,
1612 3385 1698 3457 adeo
1721 3397 1775 3476 ut,
1802 3385 1934 3481 quando
1960 3389 2026 3461 Li-

326 3483 640 3637 ῗῖἕιιὶῖἶὲἰὲἒΰξὲἵ
652 3501 783 3591 turgiae
809 3496 911 3571 scribi
937 3502 1129 3594 coeperint,
1157 3499 1327 3592 designari
1354 3504 1455 3574 certis
1474 3504 1678 3593 argumentis
1700 3524 1768 3574 non
1783 3506 1909 3598 possit,
1936 3503 2027 3574 dan-

190 3678 193 3681 .
326 3653 485 3722 Eph„,„,m
500 3613 730 3722 spondendum
757 3612 879 3709 aliquid
905 3617 1120 3705 conjecturae
1146 3625 1224 3704 est,
1252 3616 1313 3686 sed
1339 3618 1402 3704 ita,
1429 3627 1464 3688 ut
1491 3628 1646 3712 quantum
1681 3617 1752 3688 lieri
1783 3620 1922 3713 poterit,
1958 3640 2026 3695 nun

652 3731 758 3801 inanis
784 3730 840 3801 illa
868 3732 927 3819 sit,
955 3729 1071 3825 quales
1098 3718 1279 3826 pleraeque
1295 3728 1495 3804 Criticorruu
1522 3756 1607 3828 quos
1634 3735 1821 3829 carpimuS,
1848 3732 1908 3806 scd
1936 3745 2027 3805 certa

654 3844 817 3939 quaedam
844 3844 1076 3935 fundamenta,
1105 3844 1223 3940 quibus
1250 3849 1396 3933 insistat,
1424 3851 1672 3921 constituantur.
1726 3850 1830 3942 lgitur
1858 3848 2026 3943 Liturgias

654 3958 805 4031 Graecas
832 3964 972 4056 scriptas
999 3983 1078 4033 esse
1105 3971 1239 4056 oportet
1266 3973 1343 4034 aute
1368 3961 1571 4058 Ephesinum
1599 3965 1804 4053 Concilium,
1831 3988 1917 4037 anno
1943 3966 2026 4039 Jesu

653 4074 776 4150 Christi
809 4073 1054 4151 CCCCXXXI.
1089 4088 1351 4172 congregatum,
1385 4082 1419 4149 in
1452 4102 1518 4174 quo
1546 4080 1717 4153 damnatus
1753 4091 1805 4154 est
1839 4081 2027 4153 Nestorius.

650 4193 757 4283 Hujus
792 4194 1006 4284 conjecturae
1038 4197 1125 4267 ratio
1159 4204 1231 4284 est,
1265 4195 1353 4291 quod
1385 4194 1598 4285 Nestoriani‚
1632 4196 1875 4268 haereticorum
1911 4200 2026 4291 quiin

651 4308 789 4381 Oriente
804 4320 981 4402 supersunt
997 4312 1233 4404 antiquissimi,
1250 4334 1325 4382 cum
1339 4308 1627 4406 Constantinopoli
1642 4315 1782 4406 primurn
1798 4315 2026 4400 emersissent,

651 4424 767 4497 sedem
794 4422 884 4495 illam
911 4436 1097 4521 occupante
1123 4425 1302 4516 Nestorio,
1329 4426 1514 4520 Liturgiam
1541 4437 1765 4501 servaverunt
1781 4428 2025 4502 Constantino-

648 4540 814 4635 politanae
847 4542 880 4609 in
914 4540 1023 4613 multis
1051 4540 1206 4614 similem:
1234 4551 1268 4613 et
1293 4553 1405 4615 notun
1431 4544 1487 4616 illa
1514 4547 1652 4636 originis
1679 4567 1760 4618 suae
1787 4543 1904 4634 hahet,
1940 4565 2027 4639 quae

537 4732 540 4739 ,
648 4654 780 4725 videtur
805 4677 913 4751 prope
940 4665 1042 4728 certa.
1077 4656 1115 4729 ln
1141 4656 1292 4750 Liturgia
1319 4656 1451 4731 Graeca
1479 4659 1713 4756 Chrysostomi
1744 4662 1917 4734 lnvocatio
1938 4658 2025 4754 Spi-

649 4769 730 4839 ritus
757 4774 862 4842 saucti
883 4794 985 4867 super
1011 4771 1098 4844 dona
1124 4776 1297 4868 proposita
1325 4776 1395 4846 istis
1422 4775 1536 4848 verbis
1572 4776 1777 4848 concluditur
1805 4773 2027 4872 μεταβαλών

648 4885 701 4975 τῷ
739 4883 915 4980 πνεύματί
955 4912 1024 4962 σου
1065 4886 1159 4987 ἁγίῳ
1206 4890 1446 4962 uramentum
1487 4891 1622 4985 Spiritu
1657 4899 1714 4963 tuo
1754 4899 1893 4979 sancto,
1937 4914 2027 4985 qnae
2156 4962 2157 4967 ,

647 4999 683 5069 in
710 4997 783 5073 aliis
798 4999 957 5095 Graecis,
983 5004 1102 5100 Syris,
1130 5016 1187 5077 aut
1203 5005 1424 5103 Aegyptiacis
1442 5028 1510 5080 non
1536 5011 1765 5103 reperiuntur,
1791 5016 2026 5104 praeterquam
