4525 6034
590 613 858 693 sincrr
909 615 1220 738 cratini.
1508 621 1584 695 aro

322 800 497 875 Sacerdm
530 801 667 874 ciccano
702 825 829 882 cacam.
881 804 948 876 Per
983 813 1015 876 te
1051 807 1140 877 enim
1174 813 1257 896 stat,
1296 816 1333 878 ct
1366 815 1585 881 conservatur

219 937 318 989 unum
345 919 516 1016 quodque,
541 942 603 1014 per
628 931 661 991 te
687 924 864 1017 petitiones
891 942 1007 993 omnes
1017 925 1129 1014 justae
1153 921 1303 993 ellectum
1328 933 1585 1018 consequuntur,

218 1031 415 1130 alllunntque
439 1034 689 1109 benedictiones
716 1035 855 1129 elusae,
882 1059 961 1135 spes
973 1037 1145 1127 bonmtae,
1171 1038 1341 1130 gaudium,
1367 1049 1401 1110 et
1426 1039 1582 1137 voluptas

218 1153 346 1240 omnis,
371 1162 521 1247 potestas
548 1155 671 1241 omnis,
698 1163 732 1224 et
757 1157 876 1244 virtue,
903 1157 1009 1226 omnis
1024 1163 1250 1226 consummata
1268 1153 1448 1249 perfectio,
1476 1160 1583 1230 omnis

217 1264 360 1361 deniqne
387 1278 561 1340 creaturae
574 1279 651 1341 tuae
667 1267 890 1359 subsistentia,
915 1281 1015 1366 teque
1041 1270 1139 1342 decet
1169 1269 1296 1363 gloria,
1323 1269 1451 1363 bonor,
1477 1283 1582 1368 pote-

217 1391 308 1471 stas;
334 1395 368 1456 et
393 1384 465 1457 laus
493 1409 568 1457 cum
594 1388 764 1477 unigenito
791 1385 876 1459 Filio
902 1399 980 1476 tuo,
1006 1396 1042 1459 et
1067 1386 1191 1482 Spiritu
1218 1399 1285 1460 tuo.

323 1499 483 1594 Populus.
535 1502 655 1574 Amen.

320 1615 495 1690 Sacerdos
520 1617 711 1689 inclinatus.
762 1619 906 1691 Domine
932 1621 1136 1722 misericors,
1162 1631 1197 1691 et
1213 1619 1373 1712 clemens,
1399 1624 1454 1717 qui
1475 1643 1583 1716 parva

216 1741 376 1824 rogatus,
403 1737 546 1806 maxima
573 1732 689 1807 tribuis
717 1734 928 1828 diligentibus
954 1744 999 1825 te,
1027 1735 1148 1808 exaudi
1164 1740 1353 1809 tenuitatem
1367 1759 1475 1810 meam
1497 1760 1583 1834 quae

216 1856 251 1919 te
277 1870 363 1919 nunc
389 1853 526 1923 invocat
556 1872 617 1947 pro
642 1853 684 1922 iis
711 1851 863 1924 omnibns
890 1854 944 1946 qui
965 1855 1175 1945 gravissimis
1197 1850 1430 1926 tentationibus
1451 1852 1582 1945 dejecti,

216 1964 259 2034 ad
286 1973 319 2034 te
346 1965 549 2060 confugiunt
600 1966 739 2039 Accede
764 1968 946 2058 velociter,
972 1977 1006 2040 ot
1031 1990 1091 2042 eos
1117 1968 1235 2058 libera,
1263 1969 1461 2063 dignamque
1486 1991 1582 2041 mer-

216 2080 333 2152 cedem
359 2085 400 2152 iis
426 2083 551 2171 tribue,
578 2086 632 2178 qui
659 2082 879 2156 oblationibus
904 2083 1081 2158 Ecclesiae
1106 2096 1201 2175 tuae,
1232 2096 1267 2158 et
1298 2108 1478 2183 pauperum
1513 2107 1582 2156 ne-

217 2196 429 2270 cessitatibus
455 2203 713 2271 communicant:
741 2222 922 2295 eorumque
948 2221 1075 2272 memor
1102 2210 1192 2289 esto,
1226 2203 1342 2296 quint
1374 2206 1426 2275 sui
1458 2204 1581 2278 merni-

215 2316 393 2403 nissemus,
419 2314 517 2388 nobis
533 2325 792 2411 praccepemnt:
819 2324 1051 2412 mementoque
1064 2340 1179 2390 corum
1193 2321 1337 2390 omnium
1353 2321 1408 2413 qui
1424 2321 1582 2392 invocant

217 2452 339 2503 nomen
366 2440 455 2503 tuum
482 2441 640 2504 sanctum.

320 2547 481 2642 Papulas.
533 2548 654 2621 Amen.

320 2664 499 2737 Diaconos
524 2665 611 2735 dicit
637 2664 807 2735 &nonem
832 2665 1020 2736 secundnm.
1067 2735 1069 2739 Α

320 2779 495 2852 Sacerdos
520 2780 657 2851 ciccano
681 2803 805 2851 vocem.
857 2779 990 2852 Exaudi
1016 2781 1158 2854 Domine
1184 2803 1303 2876 preces
1329 2779 1442 2876 populi
1462 2785 1520 2870 tui,
1547 2790 1581 2852 et

218 2899 352 2993 suscipe
380 2896 634 2991 deprecationes
659 2899 775 2989 gregis
801 2898 864 2967 tui:
891 2919 1008 2992 paroc,
1035 2907 1069 2969 et
1094 2900 1257 2969 miserere
1282 2906 1497 2991 peccatorum
1522 2901 1581 2969 in-

217 3016 415 3110 sipientium,
441 3017 658 3108 pereuntium,
684 3021 719 3085 et
735 3011 957 3107 perditorum3
983 3015 1208 3109 captivorum3
1235 3023 1269 3085 ct
1295 3015 1349 3107 qui
1366 3018 1580 3109 persecutio-

217 3153 292 3202 nem
319 3132 503 3224 patiuntur:
531 3132 584 3224 qui
610 3133 644 3201 in
677 3132 847 3220 angustia,
882 3138 916 3199 et
947 3132 1166 3224 oppressione
1193 3139 1285 3219 sunt,
1321 3139 1355 3201 et
1386 3130 1581 3202 calumniam

218 3244 414 3317 fraudemve
440 3247 621 3333 sustinent,
647 3247 916 3340 peregrinorum,
945 3244 1094 3334 exulum3
1127 3248 1345 3338 miserorum,
1380 3257 1414 3317 et
1446 3268 1579 3341 paupe-

217 3384 307 3450 rum,
335 3360 570 3457 orphanorum,
596 3361 788 3434 viduarum:
816 3384 930 3434 eomrn
958 3364 1012 3455 qui
1038 3364 1166 3455 peccati
1192 3362 1333 3435 vincrrlis
1358 3360 1579 3457 implicantur:

217 3480 332 3573 quiin
357 3481 440 3550 mari
467 3488 523 3549 aut
548 3486 638 3551 terra
664 3481 937 3573 peregrinantum
973 3500 1087 3550 eorum
1120 3478 1261 3573 denique
1296 3482 1440 3551 omniurn
1466 3482 1521 3574 qui
1546 3465 1607 3548 to¹

215 3599 373 3690 optimum
400 3593 631 3666 auxiliatorem
659 3596 781 3682 sciunt,
808 3594 963 3682 credunt,
990 3605 1023 3666 et
1049 3595 1262 3685 confitentur,
1298 3604 1333 3666 et
1363 3593 1422 3666 tibi
1448 3594 1578 3667 laudem

216 3709 412 3783 referemus

320 3826 481 3919 Populea.
533 3828 653 3898 Amen.

316 3942 496 4014 Diaconos
523 3943 607 4012 uicit
633 3941 804 4012 Quonam
830 3944 974 4012 tertiam.

229 4117 234 4126 .
317 4057 492 4130 Sacerdos
517 4058 708 4130 inclinatae.
767 4055 926 4129 Concede
965 4059 1061 4128 etiarn
1098 4057 1241 4130 Domine
1276 4059 1399 4153 populo
1435 4069 1508 4150 tuo,
1545 4071 1579 4132 et

214 4173 289 4246 orbi
324 4179 483 4248 universo
519 4186 669 4270 tempora
701 4173 841 4261 fertilia,
880 4177 1052 4267 omnisque
1084 4172 1265 4264 ubertatis,
1298 4174 1577 4270 benignitatisque

167 4380 173 4387 .
215 4302 295 4363 tuae
321 4291 531 4386 plenissima,
557 4302 591 4361 et
615 4290 756 4363 benedic
782 4312 930 4362 coronae
957 4292 1042 4377 anni,
1069 4313 1131 4386 per
1147 4290 1284 4378 imbres,
1312 4313 1436 4380 rorem,
1461 4291 1577 4364 bono-

213 4430 353 4502 rumque
380 4412 523 4480 omnium
548 4412 755 4494 varietatem,
782 4416 816 4478 et
841 4410 947 4478 omnis
963 4410 1098 4498 generis
1114 4405 1436 4479 fructuumlcracem
1465 4407 1576 4480 abnn-

214 4523 375 4612 dantiam3
402 4527 477 4618 quia
504 4533 538 4595 tu
565 4544 697 4619 semper
723 4523 893 4595 auxiliaris
919 4534 1093 4596 creaturae
1120 4534 1205 4596 tuae.

318 4639 467 4711 diacone
497 4662 622 4712 vocem.
673 4638 797 4711 Libera
829 4662 912 4728 nos,
947 4640 1043 4715 salva
1076 4662 1155 4731 nos,
1187 4650 1222 4712 tu
1254 4645 1308 4735 qui
1341 4633 1456 4711 curam
1484 4642 1575 4732 geris

215 4758 379 4843 omnium,
407 4755 449 4828 ab
477 4759 565 4828 omni
592 4760 828 4852 oppressione,
855 4766 889 4827 et
914 4754 1113 4844 rebellione,
1141 4756 1183 4829 ab
1210 4759 1299 4828 omni
1331 4758 1576 4851 persecutione,

214 4881 249 4943 et
275 4882 382 4968 peste,
409 4870 451 4944 ab
479 4876 567 4945 omni
594 4873 713 4961 coede,
739 4883 773 4944 et
799 4894 950 4945 annonae
976 4877 1125 4960 caritate,
1151 4872 1375 4960 tribulatione,
1404 4882 1438 4944 et
1463 4877 1575 4968 capti-

212 4992 339 5078 vitate,
372 4988 543 5085 plagarum
583 4988 777 5078 indictione,
812 4999 846 5060 ct
879 4993 1049 5083 sanguinis
1082 4990 1260 5076 cllusione,
1295 4998 1329 5060 et
1363 5013 1383 5061 a
1419 4989 1575 5081 gentibus

180 5191 184 5199 .
212 5125 300 5200 quae
326 5130 346 5177 a
373 5103 536 5198 religione
561 5117 617 5178 tua
643 5107 771 5179 alienae
798 5115 887 5195 sunt3
914 5129 1023 5202 neque
1049 5108 1223 5202 corripias,
1250 5112 1284 5176 et
1308 5106 1425 5201 punias
1450 5127 1514 5180 nos
1540 5110 1574 5178 in
