<?xml version="1.0" encoding="UTF-8"?>
<!DOCTYPE html PUBLIC "-//W3C//DTD XHTML 1.0 Transitional//EN"
    "http://www.w3.org/TR/xhtml1/DTD/xhtml1-transitional.dtd">
<html xmlns="http://www.w3.org/1999/xhtml" xml:lang="en" lang="en">
 <head>
  <title>
</title>
<meta http-equiv="Content-Type" content="text/html;charset=utf-8" />
  <meta name='ocr-system' content='tesseract 3.04.00' />
  <meta name='ocr-capabilities' content='ocr_page ocr_carea ocr_par ocr_line ocrx_word'/>
</head>
<body>
  <div class='ocr_page' id='page_1' title='image "./liturgiarumorie00unkngoog/liturgiarumorie00unkngoog_0335.png"; bbox 0 0 4525 6034; ppageno 0'>
   <div class='ocr_carea' id='block_1_1' title="bbox 594 625 1622 707">
    <p class='ocr_par' dir='ltr' id='par_1_1' title="bbox 594 625 1622 707">
     <span class='ocr_line' id='line_1_1' title="bbox 594 625 1622 707; baseline 0.005 -5"><span class='ocrx_word' id='word_1_1' title='bbox 594 627 647 702; x_wconf 79' lang='lat' dir='ltr'>AD</span> <span class='ocrx_word' id='word_1_2' title='bbox 664 625 871 704; x_wconf 72' lang='lat' dir='ltr'>HTURGthl</span> <span class='ocrx_word' id='word_1_3' title='bbox 886 626 1077 706; x_wconf 78' lang='lat' dir='ltr'>curuclu</span> <span class='ocrx_word' id='word_1_4' title='bbox 1092 629 1123 706; x_wconf 87' lang='lat' dir='ltr'>S.</span> <span class='ocrx_word' id='word_1_5' title='bbox 1139 630 1282 707; x_wconf 68' lang='lat' dir='ltr'>undull.</span> <span class='ocrx_word' id='word_1_6' title='bbox 1551 632 1622 707; x_wconf 75' lang='lat'>175</span> 
     </span>
    </p>
   </div>
   <div class='ocr_carea' id='block_1_2' title="bbox 243 804 1704 2299">
    <p class='ocr_par' dir='ltr' id='par_1_2' title="bbox 243 804 1704 2299">
     <span class='ocr_line' id='line_1_2' title="bbox 254 804 1622 900; baseline 0.012 -35"><span class='ocrx_word' id='word_1_7' title='bbox 254 804 334 867; x_wconf 91' lang='lat' dir='ltr'>illius</span> <span class='ocrx_word' id='word_1_8' title='bbox 362 806 465 871; x_wconf 78' lang='lat' dir='ltr'><strong>refert.</strong></span> <span class='ocrx_word' id='word_1_9' title='bbox 511 808 568 883; x_wconf 81' lang='lat' dir='ltr'>Qui</span> <span class='ocrx_word' id='word_1_10' title='bbox 590 810 666 873; x_wconf 91' lang='lat' dir='ltr'>hanc</span> <span class='ocrx_word' id='word_1_11' title='bbox 689 811 937 876; x_wconf 77' lang='lat' dir='ltr'>consuetudinem</span> <span class='ocrx_word' id='word_1_12' title='bbox 959 822 1106 877; x_wconf 82' lang='lat' dir='ltr'>excusant</span> <span class='ocrx_word' id='word_1_13' title='bbox 1127 815 1297 880; x_wconf 90' lang='lat' dir='ltr'>Nestoriani</span> <span class='ocrx_word' id='word_1_14' title='bbox 1320 825 1351 880; x_wconf 92' lang='lat' dir='ltr'>et</span> <span class='ocrx_word' id='word_1_15' title='bbox 1374 816 1443 900; x_wconf 80' lang='lat' dir='ltr'>Syri</span> <span class='ocrx_word' id='word_1_16' title='bbox 1456 817 1622 899; x_wconf 89' lang='lat' dir='ltr'>Jacohitae,</span> 
     </span>
     <span class='ocr_line' id='line_1_3' title="bbox 252 905 1621 998; baseline 0.011 -33"><span class='ocrx_word' id='word_1_17' title='bbox 252 905 434 972; x_wconf 83' lang='lat' dir='ltr'>inanissimis</span> <span class='ocrx_word' id='word_1_18' title='bbox 456 911 622 973; x_wconf 89' lang='lat' dir='ltr'>rationibus</span> <span class='ocrx_word' id='word_1_19' title='bbox 646 913 783 991; x_wconf 91' lang='lat' dir='ltr'>omissis,</span> <span class='ocrx_word' id='word_1_20' title='bbox 808 912 908 975; x_wconf 92' lang='lat' dir='ltr'>dicunt</span> <span class='ocrx_word' id='word_1_21' title='bbox 932 931 992 976; x_wconf 91' lang='lat' dir='ltr'>non</span> <span class='ocrx_word' id='word_1_22' title='bbox 1014 916 1159 996; x_wconf 79' lang='lat' dir='ltr'>majorem</span> <span class='ocrx_word' id='word_1_23' title='bbox 1173 916 1232 979; x_wconf 89' lang='lat' dir='ltr'>olei</span> <span class='ocrx_word' id='word_1_24' title='bbox 1247 918 1440 997; x_wconf 85' lang='lat' dir='ltr'>quantitatem</span> <span class='ocrx_word' id='word_1_25' title='bbox 1452 918 1621 998; x_wconf 87' lang='lat' dir='ltr'>admisceri,</span> 
     </span>
     <span class='ocr_line' id='line_1_4' title="bbox 251 1011 1620 1092; baseline 0.011 -26"><span class='ocrx_word' id='word_1_26' title='bbox 251 1023 341 1086; x_wconf 81' lang='lat' dir='ltr'>quarn</span> <span class='ocrx_word' id='word_1_27' title='bbox 364 1011 569 1085; x_wconf 65' lang='lat' dir='ltr'>necessest,</span> <span class='ocrx_word' id='word_1_28' title='bbox 592 1019 625 1073; x_wconf 92' lang='lat' dir='ltr'>ut</span> <span class='ocrx_word' id='word_1_29' title='bbox 647 1011 746 1073; x_wconf 91' lang='lat' dir='ltr'>oblata</span> <span class='ocrx_word' id='word_1_30' title='bbox 769 1011 839 1075; x_wconf 93' lang='lat' dir='ltr'>dum</span> <span class='ocrx_word' id='word_1_31' title='bbox 861 1011 1022 1092; x_wconf 89' lang='lat' dir='ltr'>lormatur,</span> <span class='ocrx_word' id='word_1_32' title='bbox 1046 1016 1145 1077; x_wconf 89' lang='lat' dir='ltr'>manui</span> <span class='ocrx_word' id='word_1_33' title='bbox 1168 1015 1341 1079; x_wconf 75' lang='lat' dir='ltr'>Sacerdotis</span> <span class='ocrx_word' id='word_1_34' title='bbox 1363 1034 1424 1080; x_wconf 90' lang='lat' dir='ltr'>non</span> <span class='ocrx_word' id='word_1_35' title='bbox 1445 1016 1620 1081; x_wconf 81' lang='lat' dir='ltr'><strong>adhaereat:</strong></span> 
     </span>
     <span class='ocr_line' id='line_1_5' title="bbox 249 1106 1620 1195; baseline 0.009 -28"><span class='ocrx_word' id='word_1_36' title='bbox 249 1106 325 1169; x_wconf 91' lang='lat' dir='ltr'>salis</span> <span class='ocrx_word' id='word_1_37' title='bbox 348 1107 511 1187; x_wconf 87' lang='lat' dir='ltr'>tantillum,</span> <span class='ocrx_word' id='word_1_38' title='bbox 535 1119 567 1172; x_wconf 88' lang='lat' dir='ltr'>ut</span> <span class='ocrx_word' id='word_1_39' title='bbox 589 1118 681 1193; x_wconf 91' lang='lat' dir='ltr'>gustu</span> <span class='ocrx_word' id='word_1_40' title='bbox 704 1112 858 1192; x_wconf 85' lang='lat' dir='ltr'>explorari</span> <span class='ocrx_word' id='word_1_41' title='bbox 880 1115 931 1176; x_wconf 79' lang='lat' dir='ltr'>vir</span> <span class='ocrx_word' id='word_1_42' title='bbox 954 1121 1053 1195; x_wconf 86' lang='lat' dir='ltr'>queat.</span> <span class='ocrx_word' id='word_1_43' title='bbox 1099 1115 1272 1179; x_wconf 84' lang='lat' dir='ltr'>Abhorrent</span> <span class='ocrx_word' id='word_1_44' title='bbox 1299 1124 1399 1179; x_wconf 72' lang='lat' dir='ltr'>umen</span> <span class='ocrx_word' id='word_1_45' title='bbox 1428 1116 1466 1178; x_wconf 90' lang='lat' dir='ltr'>ab</span> <span class='ocrx_word' id='word_1_46' title='bbox 1489 1116 1538 1179; x_wconf 90' lang='lat' dir='ltr'>illa</span> <span class='ocrx_word' id='word_1_47' title='bbox 1561 1135 1620 1180; x_wconf 89' lang='lat' dir='ltr'>no·</span> 
     </span>
     <span class='ocr_line' id='line_1_6' title="bbox 248 1206 1620 1297; baseline 0.008 -30"><span class='ocrx_word' id='word_1_48' title='bbox 248 1206 343 1269; x_wconf 87' lang='lat' dir='ltr'>vitate</span> <span class='ocrx_word' id='word_1_49' title='bbox 367 1207 512 1290; x_wconf 80' lang='lat' dir='ltr'>Aegyptii</span> <span class='ocrx_word' id='word_1_50' title='bbox 533 1211 708 1292; x_wconf 85' lang='lat' dir='ltr'>Jacohitae,</span> <span class='ocrx_word' id='word_1_51' title='bbox 739 1231 796 1274; x_wconf 92' lang='lat' dir='ltr'>nec</span> <span class='ocrx_word' id='word_1_52' title='bbox 824 1232 931 1295; x_wconf 90' lang='lat' dir='ltr'>panem</span> <span class='ocrx_word' id='word_1_53' title='bbox 962 1214 1049 1276; x_wconf 89' lang='lat' dir='ltr'>alium</span> <span class='ocrx_word' id='word_1_54' title='bbox 1079 1214 1237 1296; x_wconf 89' lang='lat' dir='ltr'>adhibent,</span> <span class='ocrx_word' id='word_1_55' title='bbox 1273 1235 1361 1297; x_wconf 87' lang='lat' dir='ltr'>quam</span> <span class='ocrx_word' id='word_1_56' title='bbox 1383 1217 1434 1296; x_wconf 84' lang='lat' dir='ltr'>qui</span> <span class='ocrx_word' id='word_1_57' title='bbox 1456 1216 1620 1279; x_wconf 86' lang='lat' dir='ltr'>secundum</span> 
     </span>
     <span class='ocr_line' id='line_1_7' title="bbox 247 1308 1619 1396; baseline 0.006 -27"><span class='ocrx_word' id='word_1_58' title='bbox 247 1314 387 1369; x_wconf 83' lang='lat' dir='ltr'>veterem</span> <span class='ocrx_word' id='word_1_59' title='bbox 418 1308 606 1390; x_wconf 80' lang='lat' dir='ltr'>disciplinam</span> <span class='ocrx_word' id='word_1_60' title='bbox 635 1330 674 1374; x_wconf 83' lang='lat' dir='ltr'>ex</span> <span class='ocrx_word' id='word_1_61' title='bbox 705 1313 865 1393; x_wconf 90' lang='lat' dir='ltr'>purissimo</span> <span class='ocrx_word' id='word_1_62' title='bbox 895 1313 1044 1377; x_wconf 80' lang='lat' dir='ltr'>frumento</span> <span class='ocrx_word' id='word_1_63' title='bbox 1074 1323 1196 1396; x_wconf 91' lang='lat' dir='ltr'>paratus</span> <span class='ocrx_word' id='word_1_64' title='bbox 1230 1323 1286 1379; x_wconf 91' lang='lat' dir='ltr'>est.</span> <span class='ocrx_word' id='word_1_65' title='bbox 1337 1317 1475 1380; x_wconf 87' lang='lat' dir='ltr'>Formam</span> <span class='ocrx_word' id='word_1_66' title='bbox 1504 1315 1619 1377; x_wconf 90' lang='lat' dir='ltr'>illarum</span> 
     </span>
     <span class='ocr_line' id='line_1_8' title="bbox 247 1406 1620 1498; baseline 0.005 -28"><span class='ocrx_word' id='word_1_67' title='bbox 247 1406 419 1470; x_wconf 88' lang='lat' dir='ltr'>oblatarum</span> <span class='ocrx_word' id='word_1_68' title='bbox 443 1407 523 1472; x_wconf 80' lang='lat' dir='ltr'>dedit</span> <span class='ocrx_word' id='word_1_69' title='bbox 545 1411 599 1473; x_wconf 86' lang='lat' dir='ltr'>Vir</span> <span class='ocrx_word' id='word_1_70' title='bbox 622 1411 811 1475; x_wconf 86' lang='lat' dir='ltr'>Clarissimus</span> <span class='ocrx_word' id='word_1_71' title='bbox 832 1413 964 1477; x_wconf 86' lang='lat' dir='ltr'>lacobus</span> <span class='ocrx_word' id='word_1_72' title='bbox 987 1414 1161 1478; x_wconf 87' lang='lat' dir='ltr'>Sirmondus</span> <span class='ocrx_word' id='word_1_73' title='bbox 1184 1417 1214 1477; x_wconf 91' lang='lat' dir='ltr'>iu</span> <span class='ocrx_word' id='word_1_74' title='bbox 1237 1434 1291 1478; x_wconf 90' lang='lat' dir='ltr'>sua</span> <span class='ocrx_word' id='word_1_75' title='bbox 1314 1414 1352 1479; x_wconf 88' lang='lat' dir='ltr'>da</span> <span class='ocrx_word' id='word_1_76' title='bbox 1366 1415 1620 1498; x_wconf 75' lang='lat' dir='ltr'>Arymollisqui-</span> 
     </span>
     <span class='ocr_line' id='line_1_9' title="bbox 246 1507 1616 1597; baseline 0.006 -29"><span class='ocrx_word' id='word_1_77' title='bbox 246 1507 376 1585; x_wconf 86' lang='lat' dir='ltr'>sitione,</span> <span class='ocrx_word' id='word_1_78' title='bbox 405 1510 461 1571; x_wconf 92' lang='lat' dir='ltr'>sub</span> <span class='ocrx_word' id='word_1_79' title='bbox 490 1512 576 1575; x_wconf 89' lang='lat' dir='ltr'>titulo</span> <span class='ocrx_word' id='word_1_80' title='bbox 599 1511 884 1578; x_wconf 81' lang='lat' dir='ltr'>Alexandrinorum.</span> <span class='ocrx_word' id='word_1_81' title='bbox 916 1514 990 1578; x_wconf 91' lang='lat' dir='ltr'>Sunt</span> <span class='ocrx_word' id='word_1_82' title='bbox 1020 1516 1050 1576; x_wconf 91' lang='lat' dir='ltr'>in</span> <span class='ocrx_word' id='word_1_83' title='bbox 1078 1515 1198 1578; x_wconf 88' lang='lat' dir='ltr'>modum</span> <span class='ocrx_word' id='word_1_84' title='bbox 1227 1515 1432 1597; x_wconf 75' lang='lat' dir='ltr'>placentarum</span> <span class='ocrx_word' id='word_1_85' title='bbox 1461 1516 1616 1597; x_wconf 78' lang='lat' dir='ltr'>maJorum,</span> 
     </span>
     <span class='ocr_line' id='line_1_10' title="bbox 246 1607 1619 1697; baseline 0.007 -30"><span class='ocrx_word' id='word_1_86' title='bbox 246 1624 317 1668; x_wconf 91' lang='lat' dir='ltr'>cum</span> <span class='ocrx_word' id='word_1_87' title='bbox 339 1607 438 1671; x_wconf 91' lang='lat' dir='ltr'>multis</span> <span class='ocrx_word' id='word_1_88' title='bbox 463 1611 641 1690; x_wconf 86' lang='lat' dir='ltr'>cruciculis,</span> <span class='ocrx_word' id='word_1_89' title='bbox 665 1629 791 1692; x_wconf 83' lang='lat' dir='ltr'>quarum</span> <span class='ocrx_word' id='word_1_90' title='bbox 814 1631 872 1675; x_wconf 91' lang='lat' dir='ltr'>una</span> <span class='ocrx_word' id='word_1_91' title='bbox 894 1614 925 1676; x_wconf 92' lang='lat' dir='ltr'>in</span> <span class='ocrx_word' id='word_1_92' title='bbox 948 1613 1112 1677; x_wconf 91' lang='lat' dir='ltr'>meditullio</span> <span class='ocrx_word' id='word_1_93' title='bbox 1136 1616 1247 1697; x_wconf 91' lang='lat' dir='ltr'>major,</span> <span class='ocrx_word' id='word_1_94' title='bbox 1271 1623 1360 1695; x_wconf 86' lang='lat' dir='ltr'>atque</span> <span class='ocrx_word' id='word_1_95' title='bbox 1383 1633 1419 1678; x_wconf 89' lang='lat' dir='ltr'>ea</span> <span class='ocrx_word' id='word_1_96' title='bbox 1440 1633 1510 1697; x_wconf 88' lang='lat' dir='ltr'>pars</span> <span class='ocrx_word' id='word_1_97' title='bbox 1529 1613 1619 1677; x_wconf 90' lang='lat' dir='ltr'>obla-</span> 
     </span>
     <span class='ocr_line' id='line_1_11' title="bbox 245 1708 1618 1794; baseline 0.007 -27"><span class='ocrx_word' id='word_1_98' title='bbox 245 1712 298 1769; x_wconf 89' lang='lat' dir='ltr'>tae</span> <span class='ocrx_word' id='word_1_99' title='bbox 321 1708 415 1791; x_wconf 83' lang='lat' dir='ltr'>vulgo</span> <span class='ocrx_word' id='word_1_100' title='bbox 438 1712 586 1792; x_wconf 77' lang='lat' dir='ltr'>accipitur</span> <span class='ocrx_word' id='word_1_101' title='bbox 609 1712 645 1773; x_wconf 95' lang='lat' dir='ltr'>ad</span> <span class='ocrx_word' id='word_1_102' title='bbox 664 1712 910 1778; x_wconf 87' lang='lat' dir='ltr'>consecrandum.</span> <span class='ocrx_word' id='word_1_103' title='bbox 934 1713 1245 1778; x_wconf 84' lang='lat' dir='ltr'>RelertWanslehius</span> <span class='ocrx_word' id='word_1_104' title='bbox 1263 1733 1315 1777; x_wconf 92' lang='lat' dir='ltr'>eos</span> <span class='ocrx_word' id='word_1_105' title='bbox 1330 1715 1506 1780; x_wconf 87' lang='lat' dir='ltr'>minutiores</span> <span class='ocrx_word' id='word_1_106' title='bbox 1522 1730 1618 1794; x_wconf 84' lang='lat' dir='ltr'>quas·</span> 
     </span>
     <span class='ocr_line' id='line_1_12' title="bbox 245 1804 1615 1898; baseline 0.007 -32"><span class='ocrx_word' id='word_1_107' title='bbox 245 1804 315 1868; x_wconf 90' lang='lat' dir='ltr'>dam</span> <span class='ocrx_word' id='word_1_108' title='bbox 338 1807 527 1873; x_wconf 88' lang='lat' dir='ltr'>Dallerorum</span> <span class='ocrx_word' id='word_1_109' title='bbox 549 1811 753 1894; x_wconf 82' lang='lat' dir='ltr'>magnitudine</span> <span class='ocrx_word' id='word_1_110' title='bbox 777 1811 894 1875; x_wconf 91' lang='lat' dir='ltr'>oblatas</span> <span class='ocrx_word' id='word_1_111' title='bbox 918 1814 955 1877; x_wconf 91' lang='lat' dir='ltr'>ad</span> <span class='ocrx_word' id='word_1_112' title='bbox 978 1815 1073 1877; x_wconf 88' lang='lat' dir='ltr'>altare</span> <span class='ocrx_word' id='word_1_113' title='bbox 1095 1815 1219 1892; x_wconf 80' lang='lat' dir='ltr'>offerre,</span> <span class='ocrx_word' id='word_1_114' title='bbox 1249 1815 1329 1894; x_wconf 87' lang='lat' dir='ltr'>quod</span> <span class='ocrx_word' id='word_1_115' title='bbox 1347 1817 1410 1898; x_wconf 84' lang='lat' dir='ltr'>jam</span> <span class='ocrx_word' id='word_1_116' title='bbox 1433 1816 1563 1878; x_wconf 78' lang='lat' dir='ltr'>fumasse</span> <span class='ocrx_word' id='word_1_117' title='bbox 1585 1815 1615 1876; x_wconf 95' lang='lat' dir='ltr'>in</span> 
     </span>
     <span class='ocr_line' id='line_1_13' title="bbox 243 1911 1616 1998; baseline 0.006 -30"><span class='ocrx_word' id='word_1_118' title='bbox 243 1923 304 1968; x_wconf 90' lang='lat' dir='ltr'>usu</span> <span class='ocrx_word' id='word_1_119' title='bbox 327 1915 395 1971; x_wconf 91' lang='lat' dir='ltr'>est:</span> <span class='ocrx_word' id='word_1_120' title='bbox 418 1929 524 1973; x_wconf 89' lang='lat' dir='ltr'>verum</span> <span class='ocrx_word' id='word_1_121' title='bbox 547 1918 689 1991; x_wconf 86' lang='lat' dir='ltr'>quantum</span> <span class='ocrx_word' id='word_1_122' title='bbox 711 1930 751 1974; x_wconf 83' lang='lat' dir='ltr'>ex</span> <span class='ocrx_word' id='word_1_123' title='bbox 774 1930 877 1975; x_wconf 89' lang='lat' dir='ltr'>eorum</span> <span class='ocrx_word' id='word_1_124' title='bbox 893 1913 977 1977; x_wconf 91' lang='lat' dir='ltr'>libris</span> <span class='ocrx_word' id='word_1_125' title='bbox 993 1933 1185 1998; x_wconf 80' lang='lat' dir='ltr'>cognoscere</span> <span class='ocrx_word' id='word_1_126' title='bbox 1198 1917 1365 1997; x_wconf 90' lang='lat' dir='ltr'>potuimus,</span> <span class='ocrx_word' id='word_1_127' title='bbox 1381 1911 1481 1978; x_wconf 87' lang='lat' dir='ltr'>&#39;uuam</span> <span class='ocrx_word' id='word_1_128' title='bbox 1503 1922 1616 1976; x_wconf 87' lang='lat' dir='ltr'>tantum</span> 
     </span>
     <span class='ocr_line' id='line_1_14' title="bbox 243 2005 1704 2097; baseline 0.008 -32"><span class='ocrx_word' id='word_1_129' title='bbox 243 2005 316 2067; x_wconf 90' lang='lat' dir='ltr'>olim</span> <span class='ocrx_word' id='word_1_130' title='bbox 339 2009 545 2091; x_wconf 78' lang='lat' dir='ltr'>maJoremque</span> <span class='ocrx_word' id='word_1_131' title='bbox 568 2011 752 2093; x_wconf 88' lang='lat' dir='ltr'>usurpabant</span> <span class='ocrx_word' id='word_1_132' title='bbox 773 2021 806 2074; x_wconf 91' lang='lat' dir='ltr'>ut</span> <span class='ocrx_word' id='word_1_133' title='bbox 829 2011 937 2077; x_wconf 89' lang='lat' dir='ltr'>Graeci</span> <span class='ocrx_word' id='word_1_134' title='bbox 960 2015 1087 2078; x_wconf 87' lang='lat' dir='ltr'>iaciunt:</span> <span class='ocrx_word' id='word_1_135' title='bbox 1111 2016 1150 2078; x_wconf 88' lang='lat' dir='ltr'>de</span> <span class='ocrx_word' id='word_1_136' title='bbox 1172 2033 1299 2097; x_wconf 87' lang='lat' dir='ltr'>quorum</span> <span class='ocrx_word' id='word_1_137' title='bbox 1313 2033 1392 2095; x_wconf 91' lang='lat' dir='ltr'>pane</span> <span class='ocrx_word' id='word_1_138' title='bbox 1408 2014 1615 2079; x_wconf 87' lang='lat' dir='ltr'>Eucharistico</span> <span class='ocrx_word' id='word_1_139' title='bbox 1695 2038 1704 2057; x_wconf 93' lang='lat'><strong>·</strong></span> 
     </span>
     <span class='ocr_line' id='line_1_15' title="bbox 243 2104 1607 2198; baseline 0.008 -33"><span class='ocrx_word' id='word_1_140' title='bbox 243 2104 377 2168; x_wconf 85' lang='lat' dir='ltr'>videnda</span> <span class='ocrx_word' id='word_1_141' title='bbox 399 2117 468 2171; x_wconf 90' lang='lat' dir='ltr'>sunt</span> <span class='ocrx_word' id='word_1_142' title='bbox 491 2129 568 2191; x_wconf 87' lang='lat' dir='ltr'>quae</span> <span class='ocrx_word' id='word_1_143' title='bbox 590 2110 681 2173; x_wconf 88' lang='lat' dir='ltr'>docte</span> <span class='ocrx_word' id='word_1_144' title='bbox 704 2120 734 2174; x_wconf 88' lang='lat' dir='ltr'>et</span> <span class='ocrx_word' id='word_1_145' title='bbox 755 2120 897 2176; x_wconf 89' lang='lat' dir='ltr'>accurate</span> <span class='ocrx_word' id='word_1_146' title='bbox 919 2114 1095 2177; x_wconf 83' lang='lat' dir='ltr'>observavit</span> <span class='ocrx_word' id='word_1_147' title='bbox 1124 2114 1162 2177; x_wconf 94' lang='lat' dir='ltr'>ad</span> <span class='ocrx_word' id='word_1_148' title='bbox 1184 2115 1404 2198; x_wconf 83' lang='lat' dir='ltr'>Euchologiuru</span> <span class='ocrx_word' id='word_1_149' title='bbox 1433 2133 1537 2178; x_wconf 91' lang='lat' dir='ltr'>eorum</span> <span class='ocrx_word' id='word_1_150' title='bbox 1559 2112 1607 2176; x_wconf 83' lang='lat' dir='ltr'>Ja-</span> 
     </span>
     <span class='ocr_line' id='line_1_16' title="bbox 245 2204 1573 2299; baseline 0.01 -34"><span class='ocrx_word' id='word_1_151' title='bbox 245 2204 343 2268; x_wconf 88' lang='lat' dir='ltr'>cobus</span> <span class='ocrx_word' id='word_1_152' title='bbox 367 2207 512 2272; x_wconf 85' lang='lat' dir='ltr'>Goarius:</span> <span class='ocrx_word' id='word_1_153' title='bbox 537 2211 750 2290; x_wconf 89' lang='lat' dir='ltr'>particularum</span> <span class='ocrx_word' id='word_1_154' title='bbox 771 2213 897 2276; x_wconf 90' lang='lat' dir='ltr'>similem</span> <span class='ocrx_word' id='word_1_155' title='bbox 920 2212 1097 2277; x_wconf 84' lang='lat' dir='ltr'>divisionem</span> <span class='ocrx_word' id='word_1_156' title='bbox 1119 2215 1290 2278; x_wconf 87' lang='lat' dir='ltr'>Orientales</span> <span class='ocrx_word' id='word_1_157' title='bbox 1313 2232 1373 2277; x_wconf 90' lang='lat' dir='ltr'>non</span> <span class='ocrx_word' id='word_1_158' title='bbox 1395 2220 1573 2299; x_wconf 88' lang='lat' dir='ltr'>agnoscunt.</span> 
     </span>
    </p>
   </div>
   <div class='ocr_carea' id='block_1_3' title="bbox 860 2472 1781 2571">
    <p class='ocr_par' dir='ltr' id='par_1_3' title="bbox 860 2472 1781 2571">
     <span class='ocr_line' id='line_1_17' title="bbox 860 2472 1781 2571; baseline 0.012 -28"><span class='ocrx_word' id='word_1_159' title='bbox 860 2472 998 2545; x_wconf 82' lang='lat' dir='ltr'>Culicis.</span> <span class='ocrx_word' id='word_1_160' title='bbox 1658 2498 1694 2552; x_wconf 79' lang='lat' dir='ltr'>rt.</span> <span class='ocrx_word' id='word_1_161' title='bbox 1710 2520 1736 2571; x_wconf 75' lang='lat' dir='ltr'>p.</span> <span class='ocrx_word' id='word_1_162' title='bbox 1754 2504 1781 2555; x_wconf 83' lang='lat' dir='ltr'>a.</span> 
     </span>
    </p>
   </div>
   <div class='ocr_carea' id='block_1_4' title="bbox 188 2679 1930 5175">
    <p class='ocr_par' dir='ltr' id='par_1_4' title="bbox 238 2679 1930 4679">
     <span class='ocr_line' id='line_1_18' title="bbox 344 2679 1930 2775; baseline 0.011 -26"><span class='ocrx_word' id='word_1_163' title='bbox 344 2679 398 2758; x_wconf 85' lang='lat' dir='ltr'>Da</span> <span class='ocrx_word' id='word_1_164' title='bbox 426 2687 522 2752; x_wconf 89' lang='lat' dir='ltr'>calice</span> <span class='ocrx_word' id='word_1_165' title='bbox 548 2690 692 2772; x_wconf 87' lang='lat' dir='ltr'>primum,</span> <span class='ocrx_word' id='word_1_166' title='bbox 722 2691 760 2754; x_wconf 92' lang='lat' dir='ltr'>de</span> <span class='ocrx_word' id='word_1_167' title='bbox 785 2692 856 2755; x_wconf 89' lang='lat' dir='ltr'>vino</span> <span class='ocrx_word' id='word_1_168' title='bbox 879 2702 987 2775; x_wconf 90' lang='lat' dir='ltr'>postea</span> <span class='ocrx_word' id='word_1_169' title='bbox 1017 2692 1175 2757; x_wconf 90' lang='lat' dir='ltr'>dicendum</span> <span class='ocrx_word' id='word_1_170' title='bbox 1203 2700 1259 2755; x_wconf 87' lang='lat' dir='ltr'>cst.</span> <span class='ocrx_word' id='word_1_171' title='bbox 1308 2692 1396 2755; x_wconf 85' lang='lat' dir='ltr'>Vasis</span> <span class='ocrx_word' id='word_1_172' title='bbox 1423 2694 1504 2756; x_wconf 89' lang='lat' dir='ltr'>sacri</span> <span class='ocrx_word' id='word_1_173' title='bbox 1533 2695 1611 2760; x_wconf 91' lang='lat' dir='ltr'>illius</span> <span class='ocrx_word' id='word_1_174' title='bbox 1658 2706 1698 2761; x_wconf 79' lang='lat' dir='ltr'>lto</span> <span class='ocrx_word' id='word_1_175' title='bbox 1715 2710 1777 2763; x_wconf 80' lang='lat' dir='ltr'>vino</span> <span class='ocrx_word' id='word_1_176' title='bbox 1796 2712 1830 2765; x_wconf 78' lang='lat' dir='ltr'>ad</span> <span class='ocrx_word' id='word_1_177' title='bbox 1843 2712 1930 2767; x_wconf 81' lang='lat' dir='ltr'>Litar-</span> 
     </span>
     <span class='ocr_line' id='line_1_19' title="bbox 241 2791 1700 2876; baseline 0.005 -21"><span class='ocrx_word' id='word_1_178' title='bbox 241 2810 303 2873; x_wconf 85' lang='lat' dir='ltr'>quo</span> <span class='ocrx_word' id='word_1_179' title='bbox 335 2794 464 2876; x_wconf 81' lang='lat' dir='ltr'>Sanguis</span> <span class='ocrx_word' id='word_1_180' title='bbox 492 2793 602 2857; x_wconf 86' lang='lat' dir='ltr'>Christi</span> <span class='ocrx_word' id='word_1_181' title='bbox 638 2792 807 2856; x_wconf 90' lang='lat' dir='ltr'>continetur</span> <span class='ocrx_word' id='word_1_182' title='bbox 835 2811 948 2856; x_wconf 89' lang='lat' dir='ltr'>summa</span> <span class='ocrx_word' id='word_1_183' title='bbox 978 2793 1054 2875; x_wconf 91' lang='lat' dir='ltr'>apud</span> <span class='ocrx_word' id='word_1_184' title='bbox 1084 2791 1255 2856; x_wconf 89' lang='lat' dir='ltr'>Orientales</span> <span class='ocrx_word' id='word_1_185' title='bbox 1285 2810 1390 2856; x_wconf 89' lang='lat' dir='ltr'>omnes</span> <span class='ocrx_word' id='word_1_186' title='bbox 1423 2793 1552 2876; x_wconf 89' lang='lat' dir='ltr'>dignitas</span> <span class='ocrx_word' id='word_1_187' title='bbox 1581 2795 1700 2864; x_wconf 68' lang='lat' dir='ltr'>englam.</span> 
     </span>
     <span class='ocr_line' id='line_1_20' title="bbox 240 2890 1611 2975; baseline 0.004 -20"><span class='ocrx_word' id='word_1_188' title='bbox 240 2895 416 2957; x_wconf 87' lang='lat' dir='ltr'>reverentia</span> <span class='ocrx_word' id='word_1_189' title='bbox 438 2911 558 2975; x_wconf 87' lang='lat' dir='ltr'>semper</span> <span class='ocrx_word' id='word_1_190' title='bbox 578 2890 643 2957; x_wconf 88' lang='lat' dir='ltr'>luit.</span> <span class='ocrx_word' id='word_1_191' title='bbox 688 2892 813 2955; x_wconf 86' lang='lat' dir='ltr'>Paratur</span> <span class='ocrx_word' id='word_1_192' title='bbox 836 2913 876 2956; x_wconf 86' lang='lat' dir='ltr'>ex</span> <span class='ocrx_word' id='word_1_193' title='bbox 898 2894 1114 2973; x_wconf 89' lang='lat' dir='ltr'>pretiosissima</span> <span class='ocrx_word' id='word_1_194' title='bbox 1131 2893 1273 2972; x_wconf 91' lang='lat' dir='ltr'>materia,</span> <span class='ocrx_word' id='word_1_195' title='bbox 1297 2899 1438 2972; x_wconf 87' lang='lat' dir='ltr'>quantum</span> <span class='ocrx_word' id='word_1_196' title='bbox 1453 2893 1611 2960; x_wconf 88' lang='lat' dir='ltr'>Ecclesia-</span> 
     </span>
     <span class='ocr_line' id='line_1_21' title="bbox 240 2991 1611 3076; baseline 0.002 -20"><span class='ocrx_word' id='word_1_197' title='bbox 240 3012 309 3056; x_wconf 90' lang='lat' dir='ltr'>rum</span> <span class='ocrx_word' id='word_1_198' title='bbox 332 2994 591 3057; x_wconf 86' lang='lat' dir='ltr'>alllictissimarum</span> <span class='ocrx_word' id='word_1_199' title='bbox 613 2993 766 3074; x_wconf 87' lang='lat' dir='ltr'>patiuntur</span> <span class='ocrx_word' id='word_1_200' title='bbox 788 2994 963 3076; x_wconf 88' lang='lat' dir='ltr'>angustiae:</span> <span class='ocrx_word' id='word_1_201' title='bbox 986 2991 1040 3056; x_wconf 91' lang='lat' dir='ltr'>sed</span> <span class='ocrx_word' id='word_1_202' title='bbox 1063 2992 1174 3074; x_wconf 87' lang='lat' dir='ltr'>ubique</span> <span class='ocrx_word' id='word_1_203' title='bbox 1198 2992 1292 3055; x_wconf 88' lang='lat' dir='ltr'>lerme</span> <span class='ocrx_word' id='word_1_204' title='bbox 1320 2994 1351 3056; x_wconf 92' lang='lat' dir='ltr'>in</span> <span class='ocrx_word' id='word_1_205' title='bbox 1380 2992 1504 3056; x_wconf 90' lang='lat' dir='ltr'>historia</span> <span class='ocrx_word' id='word_1_206' title='bbox 1533 2996 1611 3059; x_wconf 84' lang='lat' dir='ltr'>Ale-</span> 
     </span>
     <span class='ocr_line' id='line_1_22' title="bbox 241 3091 1611 3177; baseline 0.001 -21"><span class='ocrx_word' id='word_1_207' title='bbox 241 3093 390 3156; x_wconf 82' lang='lat' dir='ltr'>xandrina</span> <span class='ocrx_word' id='word_1_208' title='bbox 420 3094 532 3156; x_wconf 89' lang='lat' dir='ltr'>mentio</span> <span class='ocrx_word' id='word_1_209' title='bbox 560 3099 606 3155; x_wconf 87' lang='lat' dir='ltr'>est</span> <span class='ocrx_word' id='word_1_210' title='bbox 634 3093 760 3155; x_wconf 89' lang='lat' dir='ltr'>calicum</span> <span class='ocrx_word' id='word_1_211' title='bbox 783 3111 943 3155; x_wconf 90' lang='lat' dir='ltr'>aureorum</span> <span class='ocrx_word' id='word_1_212' title='bbox 964 3101 995 3157; x_wconf 90' lang='lat' dir='ltr'>et</span> <span class='ocrx_word' id='word_1_213' title='bbox 1018 3101 1243 3177; x_wconf 77' lang='lat' dir='ltr'>argenteorum.</span> <span class='ocrx_word' id='word_1_214' title='bbox 1293 3091 1327 3154; x_wconf 93' lang='lat' dir='ltr'>ln</span> <span class='ocrx_word' id='word_1_215' title='bbox 1354 3093 1414 3155; x_wconf 85' lang='lat' dir='ltr'>vita</span> <span class='ocrx_word' id='word_1_216' title='bbox 1444 3092 1611 3159; x_wconf 78' lang='lat' dir='ltr'>Alexandri</span> 
     </span>
     <span class='ocr_line' id='line_1_23' title="bbox 241 3189 1611 3276; baseline 0 -18"><span class='ocrx_word' id='word_1_217' title='bbox 241 3194 434 3258; x_wconf 87' lang='lat' dir='ltr'>Patriarchae</span> <span class='ocrx_word' id='word_1_218' title='bbox 455 3193 535 3255; x_wconf 88' lang='lat' dir='ltr'>inter</span> <span class='ocrx_word' id='word_1_219' title='bbox 556 3210 644 3255; x_wconf 89' lang='lat' dir='ltr'>sacru</span> <span class='ocrx_word' id='word_1_220' title='bbox 666 3210 739 3254; x_wconf 81' lang='lat' dir='ltr'>uasa</span> <span class='ocrx_word' id='word_1_221' title='bbox 761 3200 961 3256; x_wconf 86' lang='lat' dir='ltr'>recensentur</span> <span class='ocrx_word' id='word_1_222' title='bbox 983 3194 1096 3256; x_wconf 68' lang='lat' dir='ltr'>edices</span> <span class='ocrx_word' id='word_1_223' title='bbox 1119 3195 1152 3254; x_wconf 81' lang='lat' dir='ltr'>in</span> <span class='ocrx_word' id='word_1_224' title='bbox 1174 3192 1281 3274; x_wconf 71' lang='lat' dir='ltr'>quidm</span> <span class='ocrx_word' id='word_1_225' title='bbox 1304 3189 1462 3268; x_wconf 75' lang='lat' dir='ltr'>serebatur</span> <span class='ocrx_word' id='word_1_226' title='bbox 1486 3198 1611 3276; x_wconf 76' lang='lat' dir='ltr'>sangnis</span> 
     </span>
     <span class='ocr_line' id='line_1_24' title="bbox 240 3289 1609 3375; baseline 0.001 -20"><span class='ocrx_word' id='word_1_227' title='bbox 240 3303 377 3358; x_wconf 71' lang='lat' dir='ltr'>ronchu.</span> <span class='ocrx_word' id='word_1_228' title='bbox 421 3293 455 3355; x_wconf 92' lang='lat' dir='ltr'>ln</span> <span class='ocrx_word' id='word_1_229' title='bbox 476 3291 586 3354; x_wconf 87' lang='lat' dir='ltr'>llituali</span> <span class='ocrx_word' id='word_1_230' title='bbox 609 3290 757 3354; x_wconf 88' lang='lat' dir='ltr'>Gabrielis</span> <span class='ocrx_word' id='word_1_231' title='bbox 780 3301 864 3356; x_wconf 80' lang='lat' dir='ltr'>extat</span> <span class='ocrx_word' id='word_1_232' title='bbox 887 3291 1016 3355; x_wconf 90' lang='lat' dir='ltr'>ollicium</span> <span class='ocrx_word' id='word_1_233' title='bbox 1037 3292 1192 3375; x_wconf 87' lang='lat' dir='ltr'>singulare</span> <span class='ocrx_word' id='word_1_234' title='bbox 1215 3290 1251 3353; x_wconf 91' lang='lat' dir='ltr'>ad</span> <span class='ocrx_word' id='word_1_235' title='bbox 1275 3289 1399 3353; x_wconf 90' lang='lat' dir='ltr'>calicem</span> <span class='ocrx_word' id='word_1_236' title='bbox 1419 3308 1609 3356; x_wconf 86' lang='lat' dir='ltr'>consecran-</span> 
     </span>
     <span class='ocr_line' id='line_1_25' title="bbox 241 3390 1608 3476; baseline 0.001 -21"><span class='ocrx_word' id='word_1_237' title='bbox 241 3393 321 3455; x_wconf 89' lang='lat' dir='ltr'>dum.</span> <span class='ocrx_word' id='word_1_238' title='bbox 367 3394 400 3456; x_wconf 91' lang='lat' dir='ltr'>ln</span> <span class='ocrx_word' id='word_1_239' title='bbox 423 3393 586 3456; x_wconf 85' lang='lat' dir='ltr'>Codicihus</span> <span class='ocrx_word' id='word_1_240' title='bbox 607 3392 768 3475; x_wconf 86' lang='lat' dir='ltr'>Liturgicis</span> <span class='ocrx_word' id='word_1_241' title='bbox 790 3392 882 3455; x_wconf 83' lang='lat' dir='ltr'>variis</span> <span class='ocrx_word' id='word_1_242' title='bbox 906 3400 989 3454; x_wconf 85' lang='lat' dir='ltr'>extat</span> <span class='ocrx_word' id='word_1_243' title='bbox 1012 3391 1116 3456; x_wconf 89' lang='lat' dir='ltr'>Oratio</span> <span class='ocrx_word' id='word_1_244' title='bbox 1140 3392 1178 3454; x_wconf 92' lang='lat' dir='ltr'>ad</span> <span class='ocrx_word' id='word_1_245' title='bbox 1200 3390 1326 3454; x_wconf 86' lang='lat' dir='ltr'>eundern</span> <span class='ocrx_word' id='word_1_246' title='bbox 1339 3393 1608 3476; x_wconf 89' lang='lat' dir='ltr'>consecrationem,</span> 
     </span>
     <span class='ocr_line' id='line_1_26' title="bbox 240 3490 1608 3574; baseline 0.002 -21"><span class='ocrx_word' id='word_1_247' title='bbox 240 3490 271 3554; x_wconf 92' lang='lat' dir='ltr'>iu</span> <span class='ocrx_word' id='word_1_248' title='bbox 302 3512 361 3574; x_wconf 87' lang='lat' dir='ltr'>qua</span> <span class='ocrx_word' id='word_1_249' title='bbox 389 3502 492 3556; x_wconf 91' lang='lat' dir='ltr'>oratur</span> <span class='ocrx_word' id='word_1_250' title='bbox 519 3493 602 3555; x_wconf 89' lang='lat' dir='ltr'>Deus</span> <span class='ocrx_word' id='word_1_251' title='bbox 632 3501 665 3554; x_wconf 81' lang='lat' dir='ltr'>ot</span> <span class='ocrx_word' id='word_1_252' title='bbox 692 3493 826 3572; x_wconf 82' lang='lat' dir='ltr'>imponat</span> <span class='ocrx_word' id='word_1_253' title='bbox 852 3513 972 3555; x_wconf 85' lang='lat' dir='ltr'>monum</span> <span class='ocrx_word' id='word_1_254' title='bbox 993 3494 1128 3555; x_wconf 71' lang='lat' dir='ltr'>diamant</span> <span class='ocrx_word' id='word_1_255' title='bbox 1150 3510 1237 3554; x_wconf 85' lang='lat' dir='ltr'>sunm</span> <span class='ocrx_word' id='word_1_256' title='bbox 1259 3510 1350 3571; x_wconf 80' lang='lat' dir='ltr'>super</span> <span class='ocrx_word' id='word_1_257' title='bbox 1369 3492 1451 3554; x_wconf 75' lang='lat' dir='ltr'>illurn</span> <span class='ocrx_word' id='word_1_258' title='bbox 1472 3491 1608 3572; x_wconf 74' lang='lat' dir='ltr'>coliem,</span> 
     </span>
     <span class='ocr_line' id='line_1_27' title="bbox 241 3592 1607 3675; baseline 0.003 -23"><span class='ocrx_word' id='word_1_259' title='bbox 241 3602 399 3656; x_wconf 74' lang='lat' dir='ltr'>eomecret</span> <span class='ocrx_word' id='word_1_260' title='bbox 419 3602 450 3655; x_wconf 88' lang='lat' dir='ltr'>et</span> <span class='ocrx_word' id='word_1_261' title='bbox 469 3594 636 3673; x_wconf 72' lang='lat' dir='ltr'>sanctificet</span> <span class='ocrx_word' id='word_1_262' title='bbox 657 3594 753 3668; x_wconf 64' lang='lat' dir='ltr'>mum,</span> <span class='ocrx_word' id='word_1_263' title='bbox 775 3600 809 3654; x_wconf 82' lang='lat' dir='ltr'>ut</span> <span class='ocrx_word' id='word_1_264' title='bbox 827 3592 948 3671; x_wconf 69' lang='lat' dir='ltr'>[matur</span> <span class='ocrx_word' id='word_1_265' title='bbox 970 3595 1001 3654; x_wconf 85' lang='lat' dir='ltr'>in</span> <span class='ocrx_word' id='word_1_266' title='bbox 1023 3612 1059 3654; x_wconf 89' lang='lat' dir='ltr'>co</span> <span class='ocrx_word' id='word_1_267' title='bbox 1081 3593 1207 3675; x_wconf 67' lang='lat' dir='ltr'>congrus</span> <span class='ocrx_word' id='word_1_268' title='bbox 1232 3598 1358 3653; x_wconf 78' lang='lat' dir='ltr'>sanctos</span> <span class='ocrx_word' id='word_1_269' title='bbox 1385 3600 1415 3654; x_wconf 86' lang='lat' dir='ltr'>et</span> <span class='ocrx_word' id='word_1_270' title='bbox 1438 3594 1607 3672; x_wconf 73' lang='lat' dir='ltr'>pretiosius:</span> 
     </span>
     <span class='ocr_line' id='line_1_28' title="bbox 240 3689 1607 3774; baseline 0.003 -22"><span class='ocrx_word' id='word_1_271' title='bbox 240 3698 301 3752; x_wconf 76' lang='lat' dir='ltr'>nan</span> <span class='ocrx_word' id='word_1_272' title='bbox 323 3694 446 3773; x_wconf 69' lang='lat' dir='ltr'>angitur</span> <span class='ocrx_word' id='word_1_273' title='bbox 468 3694 551 3755; x_wconf 76' lang='lat' dir='ltr'>calix</span> <span class='ocrx_word' id='word_1_274' title='bbox 573 3692 735 3754; x_wconf 68' lang='lat' dir='ltr'>chrismate</span> <span class='ocrx_word' id='word_1_275' title='bbox 756 3694 837 3754; x_wconf 72' lang='lat' dir='ltr'>tntm</span> <span class='ocrx_word' id='word_1_276' title='bbox 859 3700 888 3753; x_wconf 87' lang='lat' dir='ltr'>et</span> <span class='ocrx_word' id='word_1_277' title='bbox 906 3691 995 3770; x_wconf 71' lang='lat' dir='ltr'>sons.</span> <span class='ocrx_word' id='word_1_278' title='bbox 1040 3692 1144 3774; x_wconf 84' lang='lat' dir='ltr'>ltaque</span> <span class='ocrx_word' id='word_1_279' title='bbox 1167 3689 1376 3773; x_wconf 86' lang='lat' dir='ltr'>quodcumque</span> <span class='ocrx_word' id='word_1_280' title='bbox 1399 3692 1519 3772; x_wconf 89' lang='lat' dir='ltr'>antiqua</span> <span class='ocrx_word' id='word_1_281' title='bbox 1541 3695 1607 3774; x_wconf 91' lang='lat' dir='ltr'>pri-</span> 
     </span>
     <span class='ocr_line' id='line_1_29' title="bbox 240 3789 1605 3873; baseline 0.004 -23"><span class='ocrx_word' id='word_1_282' title='bbox 240 3790 361 3854; x_wconf 85' lang='lat' dir='ltr'>mitivae</span> <span class='ocrx_word' id='word_1_283' title='bbox 383 3790 539 3855; x_wconf 88' lang='lat' dir='ltr'>Ecclesiae</span> <span class='ocrx_word' id='word_1_284' title='bbox 561 3792 658 3873; x_wconf 90' lang='lat' dir='ltr'>pietas</span> <span class='ocrx_word' id='word_1_285' title='bbox 681 3790 768 3855; x_wconf 89' lang='lat' dir='ltr'>uobis</span> <span class='ocrx_word' id='word_1_286' title='bbox 791 3793 944 3854; x_wconf 88' lang='lat' dir='ltr'>constituit</span> <span class='ocrx_word' id='word_1_287' title='bbox 967 3792 1204 3868; x_wconf 86' lang='lat' dir='ltr'>observandum,</span> <span class='ocrx_word' id='word_1_288' title='bbox 1233 3792 1312 3853; x_wconf 92' lang='lat' dir='ltr'>circa</span> <span class='ocrx_word' id='word_1_289' title='bbox 1341 3789 1443 3853; x_wconf 89' lang='lat' dir='ltr'>calicis</span> <span class='ocrx_word' id='word_1_290' title='bbox 1474 3810 1605 3856; x_wconf 85' lang='lat' dir='ltr'>venera-</span> 
     </span>
     <span class='ocr_line' id='line_1_30' title="bbox 239 3890 1604 3976; baseline 0.002 -24"><span class='ocrx_word' id='word_1_291' title='bbox 239 3890 351 3953; x_wconf 89' lang='lat' dir='ltr'>tionem</span> <span class='ocrx_word' id='word_1_292' title='bbox 375 3899 405 3953; x_wconf 92' lang='lat' dir='ltr'>et</span> <span class='ocrx_word' id='word_1_293' title='bbox 427 3891 705 3974; x_wconf 79' lang='lat' dir='ltr'>consecrationem,</span> <span class='ocrx_word' id='word_1_294' title='bbox 729 3891 769 3954; x_wconf 91' lang='lat' dir='ltr'>ob</span> <span class='ocrx_word' id='word_1_295' title='bbox 791 3891 945 3976; x_wconf 88' lang='lat' dir='ltr'>sanguinis</span> <span class='ocrx_word' id='word_1_296' title='bbox 968 3892 1079 3956; x_wconf 87' lang='lat' dir='ltr'>Christi</span> <span class='ocrx_word' id='word_1_297' title='bbox 1108 3892 1159 3974; x_wconf 86' lang='lat' dir='ltr'>qui</span> <span class='ocrx_word' id='word_1_298' title='bbox 1185 3891 1215 3952; x_wconf 94' lang='lat' dir='ltr'>in</span> <span class='ocrx_word' id='word_1_299' title='bbox 1244 3909 1282 3954; x_wconf 92' lang='lat' dir='ltr'>eo</span> <span class='ocrx_word' id='word_1_300' title='bbox 1312 3890 1470 3953; x_wconf 89' lang='lat' dir='ltr'>coniicitur</span> <span class='ocrx_word' id='word_1_301' title='bbox 1497 3910 1604 3955; x_wconf 92' lang='lat' dir='ltr'>sacra-</span> 
     </span>
     <span class='ocr_line' id='line_1_31' title="bbox 239 3990 1604 4074; baseline 0.003 -23"><span class='ocrx_word' id='word_1_302' title='bbox 239 3998 385 4069; x_wconf 88' lang='lat' dir='ltr'>mentum,</span> <span class='ocrx_word' id='word_1_303' title='bbox 417 3990 489 4054; x_wconf 93' lang='lat' dir='ltr'>illud</span> <span class='ocrx_word' id='word_1_304' title='bbox 518 3991 595 4054; x_wconf 91' lang='lat' dir='ltr'>idem</span> <span class='ocrx_word' id='word_1_305' title='bbox 624 4000 727 4055; x_wconf 86' lang='lat' dir='ltr'>servat</span> <span class='ocrx_word' id='word_1_306' title='bbox 754 3990 891 4054; x_wconf 82' lang='lat' dir='ltr'>Ecclesia</span> <span class='ocrx_word' id='word_1_307' title='bbox 918 3990 1084 4054; x_wconf 85' lang='lat' dir='ltr'>Jacobiticu</span> <span class='ocrx_word' id='word_1_308' title='bbox 1111 3991 1263 4074; x_wconf 81' lang='lat' dir='ltr'>Aegypti,</span> <span class='ocrx_word' id='word_1_309' title='bbox 1292 4008 1456 4072; x_wconf 88' lang='lat' dir='ltr'>omnesque</span> <span class='ocrx_word' id='word_1_310' title='bbox 1485 3991 1604 4054; x_wconf 88' lang='lat' dir='ltr'>tandem</span> 
     </span>
     <span class='ocr_line' id='line_1_32' title="bbox 240 4088 1605 4173; baseline 0.001 -23"><span class='ocrx_word' id='word_1_311' title='bbox 240 4088 421 4153; x_wconf 87' lang='lat' dir='ltr'>Orientales.</span> <span class='ocrx_word' id='word_1_312' title='bbox 465 4091 578 4154; x_wconf 89' lang='lat' dir='ltr'>Eadem</span> <span class='ocrx_word' id='word_1_313' title='bbox 599 4091 769 4155; x_wconf 84' lang='lat' dir='ltr'>benedictio</span> <span class='ocrx_word' id='word_1_314' title='bbox 792 4099 875 4153; x_wconf 83' lang='lat' dir='ltr'>extat</span> <span class='ocrx_word' id='word_1_315' title='bbox 897 4091 928 4154; x_wconf 91' lang='lat' dir='ltr'>in</span> <span class='ocrx_word' id='word_1_316' title='bbox 954 4089 1311 4173; x_wconf 51' lang='lat' dir='ltr'>Liturgiassethiopiea.</span> <span class='ocrx_word' id='word_1_317' title='bbox 1362 4090 1468 4171; x_wconf 87' lang='lat' dir='ltr'>Neque</span> <span class='ocrx_word' id='word_1_318' title='bbox 1496 4090 1605 4153; x_wconf 87' lang='lat' dir='ltr'>talibus</span> 
     </span>
     <span class='ocr_line' id='line_1_33' title="bbox 239 4187 1601 4272; baseline 0 -22"><span class='ocrx_word' id='word_1_319' title='bbox 239 4191 327 4254; x_wconf 91' lang='lat' dir='ltr'>modo</span> <span class='ocrx_word' id='word_1_320' title='bbox 351 4192 528 4253; x_wconf 88' lang='lat' dir='ltr'>testimoniis</span> <span class='ocrx_word' id='word_1_321' title='bbox 550 4190 696 4268; x_wconf 86' lang='lat' dir='ltr'>allicitur,</span> <span class='ocrx_word' id='word_1_322' title='bbox 718 4191 845 4255; x_wconf 88' lang='lat' dir='ltr'>credere</span> <span class='ocrx_word' id='word_1_323' title='bbox 868 4190 1055 4268; x_wconf 87' lang='lat' dir='ltr'>Orientales,</span> <span class='ocrx_word' id='word_1_324' title='bbox 1086 4210 1125 4252; x_wconf 82' lang='lat' dir='ltr'>ex</span> <span class='ocrx_word' id='word_1_325' title='bbox 1149 4196 1288 4252; x_wconf 88' lang='lat' dir='ltr'>contactu</span> <span class='ocrx_word' id='word_1_326' title='bbox 1308 4190 1464 4272; x_wconf 89' lang='lat' dir='ltr'>sanguinis</span> <span class='ocrx_word' id='word_1_327' title='bbox 1487 4187 1601 4252; x_wconf 85' lang='lat' dir='ltr'>Christi</span> 
     </span>
     <span class='ocr_line' id='line_1_34' title="bbox 238 4288 1603 4372; baseline 0.001 -22"><span class='ocrx_word' id='word_1_328' title='bbox 238 4288 419 4352; x_wconf 84' lang='lat' dir='ltr'>sanctificari</span> <span class='ocrx_word' id='word_1_329' title='bbox 442 4291 570 4367; x_wconf 87' lang='lat' dir='ltr'>calices,</span> <span class='ocrx_word' id='word_1_330' title='bbox 594 4290 648 4353; x_wconf 88' lang='lat' dir='ltr'>sed</span> <span class='ocrx_word' id='word_1_331' title='bbox 671 4310 710 4353; x_wconf 85' lang='lat' dir='ltr'>ex</span> <span class='ocrx_word' id='word_1_332' title='bbox 731 4291 881 4354; x_wconf 89' lang='lat' dir='ltr'>miraculis</span> <span class='ocrx_word' id='word_1_333' title='bbox 905 4310 983 4372; x_wconf 90' lang='lat' dir='ltr'>quae</span> <span class='ocrx_word' id='word_1_334' title='bbox 1006 4289 1042 4351; x_wconf 90' lang='lat' dir='ltr'>ab</span> <span class='ocrx_word' id='word_1_335' title='bbox 1065 4290 1124 4352; x_wconf 92' lang='lat' dir='ltr'>illis</span> <span class='ocrx_word' id='word_1_336' title='bbox 1146 4289 1328 4353; x_wconf 80' lang='lat' dir='ltr'>referuntur.</span> <span class='ocrx_word' id='word_1_337' title='bbox 1371 4290 1446 4352; x_wconf 89' lang='lat' dir='ltr'>Nam</span> <span class='ocrx_word' id='word_1_338' title='bbox 1472 4290 1502 4350; x_wconf 92' lang='lat' dir='ltr'>in</span> <span class='ocrx_word' id='word_1_339' title='bbox 1524 4288 1603 4352; x_wconf 85' lang='lat' dir='ltr'>Ale-</span> 
     </span>
     <span class='ocr_line' id='line_1_35' title="bbox 238 4389 1599 4474; baseline -0.001 -23"><span class='ocrx_word' id='word_1_340' title='bbox 238 4391 385 4453; x_wconf 82' lang='lat' dir='ltr'>xandrina</span> <span class='ocrx_word' id='word_1_341' title='bbox 407 4389 599 4453; x_wconf 87' lang='lat' dir='ltr'>Patriarohali</span> <span class='ocrx_word' id='word_1_342' title='bbox 623 4392 746 4453; x_wconf 90' lang='lat' dir='ltr'>historia</span> <span class='ocrx_word' id='word_1_343' title='bbox 768 4391 880 4474; x_wconf 90' lang='lat' dir='ltr'>legitur</span> <span class='ocrx_word' id='word_1_344' title='bbox 902 4398 1020 4471; x_wconf 90' lang='lat' dir='ltr'>raptum</span> <span class='ocrx_word' id='word_1_345' title='bbox 1042 4408 1059 4452; x_wconf 94' lang='lat' dir='ltr'>a</span> <span class='ocrx_word' id='word_1_346' title='bbox 1080 4389 1305 4453; x_wconf 89' lang='lat' dir='ltr'>llluhamedanis</span> <span class='ocrx_word' id='word_1_347' title='bbox 1334 4390 1413 4452; x_wconf 91' lang='lat' dir='ltr'>inter</span> <span class='ocrx_word' id='word_1_348' title='bbox 1442 4389 1499 4450; x_wconf 88' lang='lat' dir='ltr'>aliu</span> <span class='ocrx_word' id='word_1_349' title='bbox 1526 4405 1599 4450; x_wconf 87' lang='lat' dir='ltr'>vasa</span> 
     </span>
     <span class='ocr_line' id='line_1_36' title="bbox 240 4486 1604 4575; baseline -0.001 -25"><span class='ocrx_word' id='word_1_350' title='bbox 240 4506 324 4553; x_wconf 87' lang='lat' dir='ltr'>saera</span> <span class='ocrx_word' id='word_1_351' title='bbox 348 4489 492 4568; x_wconf 90' lang='lat' dir='ltr'>calicem,</span> <span class='ocrx_word' id='word_1_352' title='bbox 515 4489 583 4552; x_wconf 91' lang='lat' dir='ltr'>dum</span> <span class='ocrx_word' id='word_1_353' title='bbox 596 4490 633 4553; x_wconf 91' lang='lat' dir='ltr'>ab</span> <span class='ocrx_word' id='word_1_354' title='bbox 656 4491 778 4555; x_wconf 88' lang='lat' dir='ltr'>auritica</span> <span class='ocrx_word' id='word_1_355' title='bbox 801 4489 1007 4575; x_wconf 78' lang='lat' dir='ltr'>frangeretur,</span> <span class='ocrx_word' id='word_1_356' title='bbox 1031 4492 1209 4574; x_wconf 90' lang='lat' dir='ltr'>sanguinem</span> <span class='ocrx_word' id='word_1_357' title='bbox 1231 4489 1354 4554; x_wconf 81' lang='lat' dir='ltr'>fudisse.</span> <span class='ocrx_word' id='word_1_358' title='bbox 1383 4490 1523 4554; x_wconf 79' lang='lat' dir='ltr'>Sanctum</span> <span class='ocrx_word' id='word_1_359' title='bbox 1544 4486 1604 4549; x_wconf 91' lang='lat' dir='ltr'>ho·</span> 
     </span>
     <span class='ocr_line' id='line_1_37' title="bbox 238 4587 1618 4679; baseline 0 -28"><span class='ocrx_word' id='word_1_360' title='bbox 238 4590 346 4652; x_wconf 87' lang='lat' dir='ltr'>minem</span> <span class='ocrx_word' id='word_1_361' title='bbox 370 4592 456 4653; x_wconf 90' lang='lat' dir='ltr'>ruina</span> <span class='ocrx_word' id='word_1_362' title='bbox 477 4592 554 4654; x_wconf 90' lang='lat' dir='ltr'>muri</span> <span class='ocrx_word' id='word_1_363' title='bbox 575 4609 672 4674; x_wconf 90' lang='lat' dir='ltr'>prope</span> <span class='ocrx_word' id='word_1_364' title='bbox 695 4610 872 4673; x_wconf 91' lang='lat' dir='ltr'>oppressum</span> <span class='ocrx_word' id='word_1_365' title='bbox 895 4598 927 4654; x_wconf 89' lang='lat' dir='ltr'>et</span> <span class='ocrx_word' id='word_1_366' title='bbox 947 4590 1144 4669; x_wconf 90' lang='lat' dir='ltr'>semivivum,</span> <span class='ocrx_word' id='word_1_367' title='bbox 1181 4594 1280 4654; x_wconf 89' lang='lat' dir='ltr'>statim</span> <span class='ocrx_word' id='word_1_368' title='bbox 1303 4597 1393 4670; x_wconf 88' lang='lat' dir='ltr'>atque</span> <span class='ocrx_word' id='word_1_369' title='bbox 1417 4607 1494 4669; x_wconf 90' lang='lat' dir='ltr'>aqua</span> <span class='ocrx_word' id='word_1_370' title='bbox 1517 4587 1618 4679; x_wconf 84' lang='lat' dir='ltr'>calici</span> 
     </span>
    </p>

    <p class='ocr_par' dir='ltr' id='par_1_5' title="bbox 188 4689 1233 4773">
     <span class='ocr_line' id='line_1_38' title="bbox 188 4689 1233 4773; baseline 0.005 -22"><span class='ocrx_word' id='word_1_371' title='bbox 188 4750 192 4759; x_wconf 89' lang='grc'>,</span> <span class='ocrx_word' id='word_1_372' title='bbox 238 4689 367 4753; x_wconf 89' lang='lat' dir='ltr'>immissa</span> <span class='ocrx_word' id='word_1_373' title='bbox 390 4692 531 4773; x_wconf 84' lang='lat' dir='ltr'>perinsus</span> <span class='ocrx_word' id='word_1_374' title='bbox 553 4692 675 4771; x_wconf 92' lang='lat' dir='ltr'>luisset,</span> <span class='ocrx_word' id='word_1_375' title='bbox 698 4700 800 4754; x_wconf 87' lang='lat' dir='ltr'>narrat</span> <span class='ocrx_word' id='word_1_376' title='bbox 821 4690 951 4753; x_wconf 88' lang='lat' dir='ltr'>llistoria</span> <span class='ocrx_word' id='word_1_377' title='bbox 973 4690 1233 4756; x_wconf 89' lang='lat' dir='ltr'>Nestorianorum.</span> 
     </span>
    </p>

    <p class='ocr_par' dir='ltr' id='par_1_6' title="bbox 239 4786 1922 5175">
     <span class='ocr_line' id='line_1_39' title="bbox 323 4786 1922 4876; baseline -0.002 -23"><span class='ocrx_word' id='word_1_378' title='bbox 323 4792 434 4855; x_wconf 86' lang='lat' dir='ltr'>Vinum</span> <span class='ocrx_word' id='word_1_379' title='bbox 455 4790 661 4856; x_wconf 85' lang='lat' dir='ltr'>Eucharistiae</span> <span class='ocrx_word' id='word_1_380' title='bbox 683 4791 886 4855; x_wconf 88' lang='lat' dir='ltr'>conficiendae</span> <span class='ocrx_word' id='word_1_381' title='bbox 909 4790 1104 4868; x_wconf 91' lang='lat' dir='ltr'>destinatum,</span> <span class='ocrx_word' id='word_1_382' title='bbox 1127 4808 1241 4852; x_wconf 89' lang='lat' dir='ltr'>summa</span> <span class='ocrx_word' id='word_1_383' title='bbox 1263 4789 1417 4876; x_wconf 88' lang='lat' dir='ltr'>diligentia</span> <span class='ocrx_word' id='word_1_384' title='bbox 1442 4786 1543 4869; x_wconf 83' lang='lat' dir='ltr'>parari</span> <span class='ocrx_word' id='word_1_385' title='bbox 1571 4793 1602 4855; x_wconf 86' lang='lat' dir='ltr'>et</span> <span class='ocrx_word' id='word_1_386' title='bbox 1649 4802 1784 4864; x_wconf 80' lang='lat' dir='ltr'>Quomodo</span> <span class='ocrx_word' id='word_1_387' title='bbox 1810 4823 1922 4876; x_wconf 78' lang='lat' dir='ltr'>praepa-</span> 
     </span>
     <span class='ocr_line' id='line_1_40' title="bbox 240 4888 1692 4974; baseline -0.004 -21"><span class='ocrx_word' id='word_1_388' title='bbox 240 4893 393 4973; x_wconf 87' lang='lat' dir='ltr'>explorari</span> <span class='ocrx_word' id='word_1_389' title='bbox 411 4892 543 4974; x_wconf 89' lang='lat' dir='ltr'>jubetur.</span> <span class='ocrx_word' id='word_1_390' title='bbox 587 4891 620 4954; x_wconf 97' lang='lat' dir='ltr'>ln</span> <span class='ocrx_word' id='word_1_391' title='bbox 646 4890 816 4954; x_wconf 87' lang='lat' dir='ltr'>Canonihus</span> <span class='ocrx_word' id='word_1_392' title='bbox 839 4892 994 4972; x_wconf 82' lang='lat' dir='ltr'>anonymis</span> <span class='ocrx_word' id='word_1_393' title='bbox 1017 4908 1057 4952; x_wconf 84' lang='lat' dir='ltr'>er</span> <span class='ocrx_word' id='word_1_394' title='bbox 1079 4890 1217 4953; x_wconf 89' lang='lat' dir='ltr'>doctrina</span> <span class='ocrx_word' id='word_1_395' title='bbox 1239 4889 1358 4952; x_wconf 86' lang='lat' dir='ltr'>Petrum</span> <span class='ocrx_word' id='word_1_396' title='bbox 1380 4890 1455 4951; x_wconf 88' lang='lat' dir='ltr'>haec</span> <span class='ocrx_word' id='word_1_397' title='bbox 1483 4888 1601 4950; x_wconf 89' lang='lat' dir='ltr'>consti·</span> <span class='ocrx_word' id='word_1_398' title='bbox 1614 4900 1692 4947; x_wconf 81' lang='lat' dir='ltr'>retur.</span> 
     </span>
     <span class='ocr_line' id='line_1_41' title="bbox 241 4988 1601 5077; baseline -0.003 -24"><span class='ocrx_word' id='word_1_399' title='bbox 241 4993 312 5054; x_wconf 92' lang='lat' dir='ltr'>tutio</span> <span class='ocrx_word' id='word_1_400' title='bbox 335 4993 457 5077; x_wconf 84' lang='lat' dir='ltr'>legitur.</span> <span class='ocrx_word' id='word_1_401' title='bbox 501 4993 569 5056; x_wconf 89' lang='lat' dir='ltr'>Non</span> <span class='ocrx_word' id='word_1_402' title='bbox 591 4998 709 5072; x_wconf 85' lang='lat' dir='ltr'>oportet</span> <span class='ocrx_word' id='word_1_403' title='bbox 729 4991 849 5053; x_wconf 85' lang='lat' dir='ltr'>omnino</span> <span class='ocrx_word' id='word_1_404' title='bbox 870 4990 1066 5053; x_wconf 83' lang='lat' dir='ltr'>Sacerdotem</span> <span class='ocrx_word' id='word_1_405' title='bbox 1088 4992 1131 5052; x_wconf 87' lang='lat' dir='ltr'>ad</span> <span class='ocrx_word' id='word_1_406' title='bbox 1152 4990 1251 5053; x_wconf 84' lang='lat' dir='ltr'>altore</span> <span class='ocrx_word' id='word_1_407' title='bbox 1277 4988 1397 5070; x_wconf 76' lang='lat' dir='ltr'>deferre</span> <span class='ocrx_word' id='word_1_408' title='bbox 1422 4991 1539 5063; x_wconf 74' lang='lat' dir='ltr'>ainana,</span> <span class='ocrx_word' id='word_1_409' title='bbox 1568 4988 1601 5049; x_wconf 85' lang='lat' dir='ltr'>in</span> 
     </span>
     <span class='ocr_line' id='line_1_42' title="bbox 239 5088 1661 5175; baseline -0.001 -23"><span class='ocrx_word' id='word_1_410' title='bbox 239 5111 274 5155; x_wconf 83' lang='lat' dir='ltr'>eo</span> <span class='ocrx_word' id='word_1_411' title='bbox 294 5112 369 5156; x_wconf 81' lang='lat' dir='ltr'>aare</span> <span class='ocrx_word' id='word_1_412' title='bbox 391 5095 472 5175; x_wconf 78' lang='lat' dir='ltr'>quod</span> <span class='ocrx_word' id='word_1_413' title='bbox 490 5094 589 5174; x_wconf 71' lang='lat' dir='ltr'>fidelis</span> <span class='ocrx_word' id='word_1_414' title='bbox 616 5092 739 5172; x_wconf 60' lang='lat' dir='ltr'>mugire</span> <span class='ocrx_word' id='word_1_415' title='bbox 767 5091 864 5153; x_wconf 73' lang='lat' dir='ltr'>luimus</span> <span class='ocrx_word' id='word_1_416' title='bbox 889 5091 939 5152; x_wconf 84' lang='lat' dir='ltr'>eir</span> <span class='ocrx_word' id='word_1_417' title='bbox 967 5098 1021 5152; x_wconf 79' lang='lat' dir='ltr'>out</span> <span class='ocrx_word' id='word_1_418' title='bbox 1046 5088 1182 5167; x_wconf 71' lang='lat' dir='ltr'>foemina</span> <span class='ocrx_word' id='word_1_419' title='bbox 1207 5090 1377 5164; x_wconf 72' lang='lat' dir='ltr'>odnhrint,</span> <span class='ocrx_word' id='word_1_420' title='bbox 1406 5091 1462 5151; x_wconf 88' lang='lat' dir='ltr'>sed</span> <span class='ocrx_word' id='word_1_421' title='bbox 1488 5089 1602 5169; x_wconf 79' lang='lat' dir='ltr'>deseret</span> <span class='ocrx_word' id='word_1_422' title='bbox 1656 5130 1661 5137; x_wconf 88' lang='lat'>-</span> 
     </span>
    </p>
   </div>
   <div class='ocr_carea' id='block_1_5' title="bbox 274 5210 1397 5286">
    <p class='ocr_par' dir='ltr' id='par_1_7' title="bbox 274 5210 1397 5286">
     <span class='ocr_line' id='line_1_43' title="bbox 274 5210 1397 5286; baseline 0.009 -10"><span class='ocrx_word' id='word_1_423' title='bbox 274 5232 387 5278; x_wconf 73' lang='lat' dir='ltr'>rme</span> <span class='ocrx_word' id='word_1_424' title='bbox 1347 5210 1397 5286; x_wconf 83' lang='grc'>38</span> 
     </span>
    </p>
   </div>
   <div class='ocr_carea' id='block_1_6' title="bbox 0 0 2268 6034">
    <p class='ocr_par' dir='ltr' id='par_1_8' title="bbox 0 0 2268 6034">
     <span class='ocr_line' id='line_1_44' title="bbox 0 0 2268 6034; baseline 0 7"><span class='ocrx_word' id='word_1_425' title='bbox 0 0 2268 6034; x_wconf 95' lang='lat' dir='ltr'> </span> 
     </span>
    </p>
   </div>
  </div>
 </body>
</html>
