4525 6034
832 1038 1956 1162 Lllnnolldonnolis

1315 1255 1336 1320 S
1358 1254 1371 1319 1
1394 1258 1421 1320 V
1442 1256 1467 1319 Ε

981 1439 1138 1535 οΑΝοΝ
1167 1438 1477 1535 ounnnslns
1509 1440 1795 1553 munorum
1856 1388 1862 1399 ’
1894 1505 1898 1509 .

969 1686 1237 1818 Raapoasortum
1262 1729 1442 1817 antequam
1468 1723 1629 1822 Itturpia
1653 1728 1809 1820 incipiat.

771 1942 981 2044 Aaronom.
1035 1961 1113 2055 Ego
1149 1972 1260 2036 autern
1299 1964 1332 2034 in
1372 1963 1579 2036 multitudine
1610 1965 1863 2039 misericordiae
1901 1976 1979 2041 tuae
2014 1970 2062 2039 in-

702 2081 811 2157 troibo
837 2086 871 2154 in
899 2082 1032 2154 domum
1057 2090 1158 2170 mam,
1186 2077 1336 2151 adorabo
1364 2077 1407 2151 ad
1433 2080 1589 2177 templum
1617 2091 1766 2155 sanctum
1793 2086 1932 2155 tuumin
1958 2088 2062 2157 timore

699 2209 766 2271 tuo.

803 2310 999 2388 Confitebor
1031 2309 1089 2384 tibi
1115 2312 1260 2384 Domine
1291 2312 1325 2382 in
1351 2320 1422 2383 toto
1455 2310 1560 2384 corde
1592 2334 1687 2400 meo,
1721 2316 1878 2408 pronam
1911 2313 2062 2387 exaudisti
2196 2312 2197 2345 l

700 2432 808 2504 verba
836 2434 905 2504 oris
931 2431 1005 2501 rnei.

803 2547 840 2619 ln
868 2555 1051 2642 conspectu
1077 2544 1287 2637 Angelorum
1314 2542 1455 2640 psallam
1481 2542 1554 2635 tihi,
1580 2542 1730 2617 adorabo
1757 2545 1799 2616 ad
1819 2545 2060 2642 templnmsan·

700 2673 787 2735 ctum
814 2672 913 2734 tuum

805 2778 1009 2851 Sacerdotes
1047 2778 1093 2849 tui
1126 2776 1301 2849 induantur
1335 2776 1514 2869 justitiam,
1558 2786 1593 2849 et
1639 2779 1746 2850 sancti
1783 2780 1830 2849 tui
1869 2777 2060 2850 exultatione
2197 2766 2198 2775 '

703 2893 908 2967 exultabunt.

803 3013 980 3107 Asperges
1006 3033 1061 3082 me
1089 3008 1241 3106 hyssopo
1268 3019 1303 3081 et
1321 3008 1521 3082 mundabor:
1548 3007 1680 3083 lavabis
1696 3031 1750 3081 me
1776 3021 1810 3082 et
1835 3014 2060 3107 supernivem

701 3126 894 3200 dealbabor.

802 3242 955 3338 Amplius
982 3243 1062 3315 lava
1087 3263 1143 3314 me
1170 3239 1212 3313 ab
1239 3242 1409 3335 iniquitate
1434 3263 1528 3331 mea,
1548 3251 1598 3313 ¹et
1630 3264 1650 3314 a
1683 3251 1824 3339 peccato
1849 3264 1928 3317 meo
1954 3239 2060 3314 munda

698 3381 767 3433 nro:
794 3370 829 3432 et
856 3358 898 3431 alr
926 3360 1041 3431 alienis
1068 3379 1172 3454 parce
1199 3378 1302 3431 servo
1329 3369 1397 3429 tuo.

802 3477 928 3547 Panem
956 3472 1043 3546 coeli
1070 3472 1159 3545 dedit
1185 3475 1246 3564 eis,
1273 3495 1393 3569 panem
1419 3471 1629 3566 Angelorum
1653 3475 1867 3548 manducavit
1892 3473 1999 3548 homo.

804 3591 946 3664 Lavabo
986 3594 1072 3663 iuter
1106 3595 1301 3665 innocentes
1336 3609 1454 3662 manus
1488 3611 1601 3680 meas,
1639 3602 1674 3663 et
1716 3589 1929 3664 circumdabo
1969 3589 2059 3662 altaro

699 3719 788 3780 tuum
815 3707 968 3780 Domine.

709 3836 713 3839 ’
806 3822 953 3897 Circuivi
986 3835 1020 3896 et
1053 3823 1223 3896 immolavi
1264 3825 1297 3894 in
1338 3819 1554 3896 tabernaculo
1595 3824 1685 3916 eius,
1722 3821 1865 3896 hostiam
1897 3819 2057 3895 vocifera-

700 3943 809 4012 tionis.

804 4056 933 4128 Parasti
965 4059 998 4128 in
1029 4063 1212 4152 conspectu
1246 4077 1323 4127 meo
1349 4076 1517 4143 mensam,
1551 4053 1715 4128 advorsus
1748 4074 1809 4128 eos
1838 4057 1894 4149 qui
1918 4053 2058 4127 tribulant

700 4197 764 4246 me.
817 4173 1031 4267 impinguasti
1059 4175 1091 4243 in
1119 4171 1324 4267 oleo'caput
1348 4192 1468 4259 meum,
1495 4179 1529 4243 et
1555 4169 1646 4242 calix
1661 4192 1755 4243 meus
1781 4170 1958 4258 inebrians,
1971 4188 2057 4264 quam

699 4288 892 4384 praeclarus
920 4298 981 4361 est.
1036 4283 1183 4359 Calicem
1210 4286 1366 4360 salutaris
1392 4289 1573 4382 accipiam,
1596 4297 1635 4358 et
1659 4307 1781 4359 nomen
1807 4284 1938 4359 Domini
1963 4289 2056 4357 iuvo-

700 4405 797 4477 eabo.
850 4406 1013 4494 Domine,
1039 4402 1155 4492 salva,
1181 4402 1325 4475 Domine
1351 4424 1565 4500 prosperare.

804 4521 1008 4595 Benedictus
1042 4522 1098 4614 qni
1132 4523 1226 4592 venit
1252 4523 1285 4591 ia
1311 4523 1446 4592 nomine
1466 4519 1616 4591 Domini:
1642 4517 1874 4591 benediximus
1901 4517 1994 4592 vobis
2018 4513 2055 4584 de

700 4638 800 4710 domo
825 4636 969 4708 Domini.
1015 4637 1135 4709 Arnen.

802 4752 907 4825 Salve
934 4761 1047 4825 saneta
1073 4749 1241 4843 Ecclesia,
1267 4754 1376 4824 cincta
1409 4754 1538 4847 pariete
1569 4754 1746 4844 variegata
1777 4755 1920 4845 gemmis
1950 4759 1983 4822 et
2004 4756 2056 4819 to-

701 4875 808 4966 pazio.
863 4869 914 4940 Tu
941 4891 978 4940 es
1005 4891 1084 4940 arca
1112 4871 1184 4939 auri
1210 4870 1296 4964 puri,
1322 4871 1355 4940 iu
1383 4889 1447 4961 qua
1475 4878 1528 4941 est
1552 4890 1674 4941 manna
1701 4866 1947 4956 absconditum,
1971 4865 2055 4959 panis

702 4990 757 5081 qui
784 4986 956 5059 descendit
982 4984 1024 5057 de
1051 4984 1149 5059 coelo
1176 4995 1212 5057 et
1238 4985 1296 5058 dat
1320 4988 1424 5057 vitam
1450 4988 1611 5059 universo
1637 4984 1769 5068 mundo.
