4525 6034
644 595 719 669 350
1024 596 1628 676 DEPATRIAROHA

643 786 736 871 actis,
763 785 1031 879 Arcbiepiscopi
1056 786 1299 857 Alexandriae
1326 783 1594 881 appellabantur:
1621 787 1824 884 reliquorum
1850 788 2019 863 titulorum

640 922 722 973 usus
753 901 860 975 nullus
888 910 970 973 erat.
1023 899 1156 973 Dudum
1183 909 1235 973 est
1260 924 1366 989 vero,
1401 924 1475 973 cum
1511 899 1686 975 Jacobitae
1718 903 1831 975 titulos
1863 906 2019 977 Patriar-

641 1015 777 1088 cbamm
804 1040 940 1091 suorum
966 1020 1011 1090 ita
1038 1021 1238 1112 exprimunt,
1265 1025 1301 1088 ut
1325 1017 1447 1110 legitur
1473 1021 1507 1089 iu
1533 1017 1777 1115 Systaticarum
1791 1016 2019 1114 Epistularum

640 1132 749 1205 forma
789 1133 930 1230 Coptica
973 1144 1007 1205 et
1044 1133 1192 1206 Arabico
1229 1133 1341 1205 Pater
1375 1133 1420 1205 N.
1455 1138 1686 1205 sanctissimas
1724 1134 2019 1230 Arcbiepiscopns

642 1272 787 1341 mapnae
812 1249 908 1321 orbis
933 1246 1186 1337 Atecandriae,
1215 1256 1249 1319 et
1275 1251 1413 1321 Fostati
1430 1250 1630 1343 Babylonis,
1659 1257 1694 1321 et
1724 1250 1910 1322 Nornoram
1934 1254 2016 1323 Ae-

641 1369 751 1459 qppti,
783 1365 982 1453 metatum,
1018 1365 1286 1459 Pentapolisqne
1312 1367 1523 1459 Africanae,
1549 1368 1769 1461 reqionisqae
1795 1369 2018 1463 Aethiopiae,

642 1488 676 1552 et
702 1484 963 1565 Acnmitoram.‚·
988 1481 1209 1576 Nobiaeqne,
1246 1487 1280 1552 et
1311 1482 1534 1570 Macoareos,
1567 1486 1786 1578 reqionisqne
1816 1488 2017 1578 asperioris.

641 1596 769 1669 Titulos
802 1620 940 1693 quorum
972 1597 1079 1670 torma
1115 1620 1162 1668 ex
1194 1595 1365 1669 veteribus
1402 1595 1495 1670 libris
1528 1596 1570 1668 ad
1605 1619 1667 1671 eos
1699 1610 1912 1696 pervenerat,
1951 1603 2019 1696 ipsi

642 1714 798 1808 Coptitae
822 1738 890 1786 nou
916 1717 997 1787 satis
1024 1713 1220 1805 iutelbguut,
1246 1713 1334 1785 uude
1360 1715 1477 1785 mirum
1497 1724 1634 1787 nonest
1659 1717 1688 1787 si
1714 1715 1889 1789 uouuullas
1907 1737 2017 1789 voces

639 1851 819 1925 perperam
853 1833 1061 1925 scripserint,
1099 1850 1186 1924 quae
1227 1829 1283 1901 vel
1317 1851 1363 1900 ex
1394 1829 1466 1901 aliis
1492 1829 1595 1919 locis,
1634 1831 1691 1903 vel
1733 1856 1778 1904 ex
1820 1837 2016 1924 conjectura

640 1945 807 2017 emendari
838 1957 986 2041 possunt.
1028 1947 1161 2017 Primae
1197 1944 1327 2039 quidem
1355 1945 1558 2037 significant,
1590 1946 1732 2018 Patrem
1761 1952 2016 2036 sanctissimam,

641 2084 739 2157 quam
764 2084 899 2152 vocem,
926 2062 1031 2133 Abba
1058 2084 1103 2133 ex
1131 2063 1275 2150 Graeca,
1305 2063 1422 2154 Papus
1447 2063 1573 2135 fecisse
1586 2062 1798 2137 existimandi
1827 2071 1912 2149 sunt,
1939 2085 2017 2133 cum

641 2201 682 2251 ea
707 2202 781 2251 vox
808 2179 896 2276 apud
922 2180 1114 2275 Aegyptios
1141 2182 1320 2274 peregriua
1348 2182 1402 2268 sit,
1429 2201 1493 2249 uec
1520 2201 1593 2250 earn
1621 2178 1780 2252 adhibere
1814 2178 1945 2252 soleant
1971 2177 2017 2250 ad

499 2352 502 2356 μ
640 2294 875 2388 significandos
901 2293 1075 2383 Abbates,
1101 2316 1164 2367 seu
1190 2292 1484 2382 Archimandritas‚
1513 2316 1597 2389 quos
1615 2317 1704 2368 voce
1727 2294 1858 2368 Graeca
1872 2291 2017 2393 ‘Hyac-

638 2416 770 2506 μένους
796 2410 972 2507 appellant

320 2534 454 2589 *tuorum
481 2536 625 2603 expucauo.
690 2529 748 2600 Xl.
774 2525 983 2599 Alexandria
1010 2528 1117 2597 veteri
1145 2526 1278 2597 nomine
1304 2525 1520 2621 Aegyptiace
1546 2526 1664 2596 llacat
1690 2525 1893 2622 appellatur,
1925 2547 2014 2619 quae

347 2812 445 2866 Eluas.
461 2831 489 2882 p.
507 2815 553 2865 tt.

639 2669 712 2717 vox
739 2647 885 2717 occurrit
909 2666 976 2715 uon
1003 2641 1103 2714 modo
1129 2645 1165 2713 iu
1190 2640 1503 2713 Nomeuclatoribus
1530 2640 1693 2733 omnibus,
1721 2641 1782 2714 sed
1808 2645 1907 2713 etiam
1925 2641 2014 2736 apud

639 2761 839 2833 Strabonem
866 2770 900 2831 et
925 2758 1009 2831 alios
1037 2769 1183 2830 autores.
1212 2752 1407 2831 Φύστατον
1434 2755 1721 2829 Cobirmnurbem
1736 2757 1914 2850 siguificat,
1940 2779 2012 2830 no-

637 2900 716 2950 vam
749 2877 877 2949 scilicet
914 2874 956 2949 ab
988 2877 1094 2949 Amro
1127 2873 1196 2946 lilio
1227 2873 1269 2945 El
1303 2874 1356 2947 As
1387 2876 1433 2945 ita
1465 2872 1682 2969 appellatam,
1715 2873 1804 2969 quod
1835 2876 2012 2945 tentorium

639 3017 734 3067 suurn
761 3016 803 3066 eo
829 2993 907 3065 loco
941 3002 1116 3081 erexerat,
1144 3001 1178 3062 et
1209 2990 1389 3085 reliquerat
1421 2998 1569 3062 erectum
1607 2980 1746 3086 auspicii
1778 3012 1902 3079 causa,
1935 2991 2013 3083 quia

638 3109 791 3184 columba
818 3112 852 3180 iu
878 3113 951 3202 ejus
977 3107 1114 3200 fastigio
1143 3129 1210 3180 ova
1236 3115 1403 3203 posuerat.
1457 3106 1555 3178 Voce
1580 3104 1649 3196 illa,
1675 3107 1850 3177 tentorium
1878 3105 2011 3197 signill-

637 3229 707 3298 cari
734 3224 882 3298 scribunt
907 3224 1060 3314 Arabes,
1088 3225 1242 3318 quamvis
1268 3221 1482 3295 verisimilior
1500 3225 1693 3315 conjectura
1720 3225 1774 3309 sit,
1802 3244 1821 3291 a
1849 3222 2011 3309 Fassnto,

636 3364 726 3415 voce
760 3339 928 3432 barbara,
954 3362 1041 3435 quac
1076 3347 1187 3411 castra
1221 3338 1401 3431 siguificat,
1442 3348 1476 3410 et
1507 3359 1605 3433 quam
1636 3346 1673 3409 nt
1704 3337 1788 3409 alias
1822 3341 2013 3410 innumeras

636 3460 780 3533 Graecia
806 3461 975 3531 recentior
1001 3479 1021 3527 a
1047 3454 1175 3528 Latinis
1204 3457 1344 3550 accepit,
1371 3456 1417 3526 ita
1452 3453 1660 3551 appellatam.
1712 3452 1899 3526 Videndum
1925 3477 2012 3526 eru-

636 3576 785 3648 ditissimi
813 3572 934 3665 Caugii
961 3572 1166 3648 Glossarium
1193 3573 1228 3643 iu
1253 3570 1316 3640 bac
1342 3593 1443 3660 voce,
1471 3581 1504 3642 et
1518 3569 1664 3644 Glossae
1693 3572 1905 3642 Tacticorum
1932 3569 2012 3641 edi-

634 3702 689 3763 tae
716 3701 750 3762 et
774 3691 1030 3784 manuscriptae.
1072 3688 1126 3759 De
1152 3687 1292 3759 Fostato
1319 3696 1376 3758 aut
1400 3686 1557 3776 Fostata,
1584 3695 1634 3758 tot
1666 3688 1849 3781 scriptores
1882 3683 2012 3757 laudari

634 3817 786 3905 possunt,
814 3814 893 3901 quot
926 3805 968 3876 de
999 3804 1101 3876 rebus
1125 3801 1276 3876 Arabum
1307 3802 1528 3898 Aegyptiacis
1560 3813 1755 3893 occurrunt,
1789 3809 1865 3873 suut
1899 3811 2012 3874 autem

633 3925 809 4012 innumeri,
837 3933 904 3994 tum
929 3919 1078 3993 historici
1104 3929 1173 3993 tum
1201 3917 1404 4012 Gangrapbi.
1458 3918 1563 3991 Multa
1596 3929 1630 3990 et
1664 3928 1819 3991 accurata
1855 3920 2013 4011 legtmtur

634 4043 668 4109 iu
695 4041 816 4110 notatis
844 4061 863 4108 a
889 4040 965 4108 viro
993 4036 1187 4109 doctissimo
1214 4033 1344 4106 lacobo
1373 4033 1469 4106 Golia
1496 4034 1538 4106 ad
1564 4033 1794 4127 Allragauum.
1832 4035 1892 4108 lllo
1920 4038 2012 4105 euim
2150 4056 2155 4073 ·
2257 4016 2258 4027 ¹

632 4154 709 4227 loco
738 4152 837 4225 docet
862 4176 930 4226 nou
956 4163 1083 4224 temere
1110 4151 1153 4223 ab
1181 4154 1321 4246 antiquis
1349 4149 1517 4223 Bellorum
1545 4161 1636 4223 trans
1650 4173 1784 4223 marea
1811 4150 2010 4225 Christianis

633 4279 805 4362 gestorum
833 4269 1070 4364 scriptoribus,
1102 4267 1257 4341 Cabiram
1291 4277 1449 4338 vocatam
1484 4289 1562 4339 esse
1593 4266 1821 4359 Babyloniam
1845 4270 2010 4360 Aepppti,

634 4411 709 4459 cum
735 4390 769 4458 iu
795 4387 872 4459 loco
898 4388 1011 4457 vicino
1038 4396 1181 4457 castrum
1209 4392 1302 4457 esset
1328 4383 1417 4479 quod
1432 4383 1538 4456 adhuc
1560 4405 1739 4455 cereorum
1764 4406 1825 4457 seu
1851 4384 2011 4454 laminam

633 4503 812 4593 diceremr,
839 4505 928 4596 quia,
953 4510 990 4572 ut
1015 4510 1108 4572 recte
1136 4504 1353 4593 coniectatur,
1379 4510 1527 4598 appeten
1546 4498 1711 4594 quoddam
1732 4499 1798 4572 illic
1821 4500 1898 4573 olim
1924 4499 2009 4571 iue-

632 4629 704 4709 rat,
740 4642 786 4690 ex
811 4621 938 4691 veteris
965 4615 1209 4690 Chaldaeorum
1235 4620 1477 4711 superstitionis
1508 4615 1666 4711 reliquiis.
1704 4616 1860 4690 Attamen
1886 4616 2012 4714 Baby-

632 4737 719 4808 louis
747 4757 869 4807 nomen
894 4732 940 4803 illi
967 4732 1041 4804 urbi
1069 4732 1306 4806 conservatum
1326 4732 1450 4822 luisse,
1471 4754 1535 4804 uec
1551 4733 1728 4806 Historicis
1755 4755 1819 4813 uec
1846 4730 2009 4823 Geogra—

632 4851 705 4948 pbis
732 4849 902 4925 Arabibus
929 4860 1041 4922 uotmn
1069 4849 1217 4921 videtur:
1244 4872 1354 4944 ueqne
1382 4848 1424 4921 ad
1450 4848 1483 4920 id
1509 4847 1716 4944 probandum
1729 4851 1828 4920 etiam
1842 4870 1887 4919 ex
1904 4844 2008 4919 Chri-

633 4971 746 5040 stiauis
780 4969 975 5039 autoritates
1009 4965 1097 5038 ullae
1130 4961 1231 5036 lacsse
1264 4964 1505 5055 occurrebant,
1538 4975 1672 5060 praeter
1703 4965 1778 5037 illas
1811 4964 2007 5037 solemnium

631 5085 796 5157 Actomm
822 5083 992 5156 formulas.
1018 5082 1056 5154 Iu
1082 5081 1147 5154 illis
1174 5104 1258 5155 vero
1287 5092 1478 5156 coristauter
1505 5084 1648 5153 occurrit
1673 5079 1896 5168 nomeuillud,
1922 5079 2004 5149 Bo-
