4525 6034
1227 558 1512 635 NOTAE'

912 824 1012 923 Ευχὴ
1037 827 1117 929 περὶ
1143 836 1205 925 τῆς
1229 827 1375 930 εἰρήνης.
1430 832 1555 903 Oratio
1577 856 1645 926 pro
1670 857 1769 926 poce.

745 1035 840 1114 Hanc
863 1046 971 1123 orado,
994 1048 1044 1112 vel
1067 1051 1168 1129 potius
1191 1051 1294 1131 plures
1321 1051 1351 1112 in
1372 1069 1461 1113 unam
1484 1053 1675 1135 conjunctae,
1699 1070 1779 1134 quae
1800 1071 1858 1134 per
1885 1054 2038 1120 adbertu-

654 1151 753 1213 tiones
775 1147 901 1211 Diaconi
924 1157 955 1211 et
976 1150 1069 1233 ilyrie
1096 1153 1219 1227 eleison,
1242 1153 1395 1234 apopulo
1426 1148 1601 1218 dicendum'
1612 1155 1852 1234 interciduntur,
1886 1167 2037 1222 vocantur

657 1240 866 1335 Εἶρηνικαί,
874 1247 925 1309 vel
952 1236 1122 1333 Ειρηνικᾶ,
1148 1270 1209 1330 pro
1237 1249 1339 1312 Pace:
1370 1269 1387 1313 a
1419 1251 1813 1335 miscentemque
1843 1263 1947 1319 oratur
1974 1275 2035 1339 pro

657 1349 795 1411 omnibus
817 1348 955 1423 personis
979 1355 1010 1411 et
1032 1347 1276 1413 necessitatibus.

1122 1605 1196 1682 Τὸν
1221 1613 1390 1683 Βασιλέα.
1443 1609 1582 1701 Regem.

744 1818 801 1896 lra
823 1830 979 1905 vertimus,
1002 1829 1138 1910 quamvis
1162 1828 1291 1891 tortasse
1309 1827 1415 1890 melius
1428 1831 1845 1911 vertereturimperntorem:
1867 1849 1935 1895 nam
1958 1853 2039 1916 pre·

657 1951 709 1995 ees
731 1932 801 1994 illae
824 1933 955 2013 scriptae
978 1940 1058 2009 sunt,
1082 1930 1189 2021 procul
1212 1931 1313 2009 dubio,
1337 1950 1403 1995 cunr
1434 1932 1594 2016 Aegyptus
1618 1933 1715 1996 adhue
1736 1945 1860 2015 pareret
1883 1936 2035 2001 Christia-

656 2033 703 2094 nis
725 2031 969 2112 imperatoribus.
991 2029 1068 2092 lllud
1086 2030 1214 2093 suadent
1235 2031 1403 2111 particulae
1426 2032 1564 2094 similium
1587 2033 1757 2096 orationum
1779 2033 1929 2115 diversae,
1954 2056 2036 2117 quae

656 2130 827 2193 lniidelibus
844 2129 1028 2211 principibus
1043 2130 1207 2192 convenire
1228 2147 1289 2191 non
1307 2138 1444 2211 possunt,
1468 2131 1518 2193 ubi
1532 2117 1741 2217 φιλόχριστοι
1758 2131 1910 2196 Christum
1922 2153 2038 2197 unma-

657 2238 712 2308 tes,
736 2230 936 2311 appellantur.
980 2228 1019 2290 Et
1042 2227 1156 2292 Sultani
1179 2246 1234 2291 seu
1256 2224 1371 2292 Caliiae
1405 2230 1456 2310 qui
1478 2229 1653 2312 Aegyptum
1683 2230 1877 2294 obtinuerunt
1906 2235 2036 2315 proprie

539 2412 545 2418 ι
655 2329 809 2410 loquendo
832 2329 1043 2409 imperotores,
1070 2335 1121 2388 aut
1147 2327 1257 2408 Reges,
1279 2326 1337 2389 dici
1366 2346 1428 2391 non
1450 2336 1588 2411 possunt.
1640 2330 1744 2410 ltaque
1767 2332 1825 2392 ista
1847 2349 2037 2395 commemo-

656 2430 735 2491 ratio
765 2427 873 2491 talibus
904 2427 1006 2489 verbis
1036 2433 1184 2506 concepta
1213 2428 1435 2491 vetustissimae
1467 2427 1692 2492 consuetudinis
1720 2429 1861 2492 indicium
1890 2439 1953 2493 est:
1983 2439 2037 2495 aut

657 2526 790 2590 fortasse
813 2526 919 2590 Coden
939 2526 1054 2609 Regius
1078 2528 1209 2607 scriptus
1231 2526 1287 2588 luit
1315 2526 1374 2589 illis
1396 2529 1426 2589 in
1448 2527 1535 2603 locis,
1558 2529 1609 2608 qui
1640 2527 1765 2590 Graecis
1795 2526 2036 2610 imperatoribus

657 2626 813 2707 parebant.
859 2625 921 2690 Sed
943 2644 984 2688 ex
1005 2627 1063 2688 ista
1085 2627 1223 2689 oratione
1247 2633 1279 2688 et
1301 2626 1367 2688 aliis
1390 2644 1467 2707 quae
1492 2636 1656 2689 occurrunt
1679 2628 1708 2689 in
1737 2628 1926 2712 Gregoriana
1948 2628 2038 2692 aliis-

658 2743 718 2807 que
747 2725 902 2806 Liturgiis‚
934 2723 1040 2787 inferri
1062 2731 1182 2806 potest,
1210 2725 1335 2805 primam
1362 2724 1440 2788 illius
1468 2725 1622 2809 Liturgiae
1652 2726 1780 2788 formam
1807 2726 2037 2791 Mnbamedanis

656 2826 854 2888 vetustiorem
882 2842 951 2887 esse
980 2824 1176 2904 temporibus,
1198 2841 1259 2886 non
1286 2843 1379 2900 vero,
1410 2842 1475 2886 eam
1503 2842 1592 2906 quam
1622 2823 1750 2906 Coptice
1779 2825 1923 2888 habemus
1952 2827 2038 2889 illum

656 2926 752 3006 ipsam
775 2942 845 2987 esse
869 2941 946 3004 quae
968 2923 1024 2985 sub
1047 2922 1281 3004 imperatoribus
1305 2921 1482 2987 Christianis
1505 2923 1536 2985 in
1559 2932 1714 2988 uenerat.
1742 2924 1818 2986 Nam
1841 2927 2039 2988 mutationem

655 3025 715 3087 isto
738 3026 769 3085 in
791 3025 860 3087 loco
882 3021 992 3086 iactam
1013 3020 1119 3099 inisse,
1142 3029 1175 3085 ut
1196 3022 1226 3084 in
1247 3022 1399 3085 nonnullis
1422 3022 1499 3099 aliis,
1522 3022 1575 3084 vix
1606 3030 1654 3085 est
1683 3022 1891 3098 dubitandum3
1924 3032 1954 3086 et
1976 3024 2037 3087 alia

657 3124 750 3205 longe
773 3123 905 3186 firmiora
928 3122 1111 3201 antiquitatis
1133 3120 1337 3205 liturgiarum
1364 3123 1488 3183 istarum
1519 3129 1696 3204 argumenta
1728 3130 1902 3203 suppetunt
1947 3122 2038 3195 Quae

658 3225 697 3286 sit
721 3223 803 3285 circa
825 3239 936 3304 preces
958 3238 1016 3302 pro
1039 3220 1194 3323 Regibus
1199 3227 1250 3281 aut
1272 3221 1337 3282 aliis
1360 3220 1547 3301 Principibus
1570 3219 1768 3284 Orientalium
1791 3221 1960 3302 disciplina,
1984 3221 2038 3283 di·
2046 3273 2049 3277 ,

658 3331 738 3386 ctum
761 3322 869 3386 estad
892 3321 1030 3384 eumdem
1045 3292 1358 3401 Οοριιοιιοῐίιιιιςίιιο
1380 3321 1496 3382 locum:
1519 3337 1607 3400 quern
1630 3318 1777 3383 Maronita
1800 3322 1953 3402 interpres
1975 3338 2037 3402 pa·

656 3422 876 3487 rumieliciter
897 3420 1037 3484 reddidit.
1083 3419 1192 3499 Reges,
1214 3418 1375 3495 Procnes,
1397 3419 1559 3508 Proregfg,
1582 3420 1712 3498 populos
1733 3427 1764 3481 et
1784 3439 1891 3482 seruos
1911 3428 2038 3482 nosnos

656 3524 868 3603 ingredientes,
891 3529 921 3582 et
942 3520 1150 3600 egredientes
1150 3537 1171 3579 a
1191 3517 1280 3580 nobas
1302 3536 1379 3579 oratu
1401 3519 1483 3579 omni
1506 3535 1594 3597 pace.
1626 3507 1854 3601 Στραιιωτικα
1881 3537 2038 3600 ταγματα

657 3639 718 3683 non
741 3638 886 3700 proceres
914 3618 1079 3700 significat,
1113 3616 1169 3680 sed
1192 3616 1323 3678 Ordines
1351 3615 1514 3692 Militares,
1550 3617 1621 3697 quia
1649 3636 1690 3679 ex
1719 3634 1779 3697 quo
1810 3617 1973 3701 Aegyptus
2004 3619 2038 3680 in

659 3719 792 3782 Arabum
832 3725 1016 3800 potestatem
1051 3718 1149 3792 uenit,
1180 3733 1197 3778 a
1227 3715 1353 3794 Viairis,
1392 3717 1441 3796 qui
1476 3713 1612 3778 militaris
1645 3717 1691 3779 rei
1722 3719 1855 3798 supremi
1884 3716 2038 3780 Praefecti

659 3827 764 3896 erant,
793 3820 968 3901 regebatur
1023 3816 1069 3878 llli
1099 3834 1166 3878 curn
1193 3833 1336 3877 summam
1365 3812 1460 3876 Callia
1491 3813 1633 3893 absente,
1664 3822 1845 3896 potestatem
1877 3815 2038 3892 baberent,

658 3917 764 3983 eadem
785 3936 837 3980 res
861 3917 964 3979 civiles
988 3914 1242 3989 administrabant,
1265 3920 1298 3975 ut
1319 3913 1468 3976 Praeiecti
1491 3912 1627 3996 Aegypti
1649 3915 1706 4004 sub
1730 3913 1907 3977 Christianis
1931 3913 2038 3996 impe-

656 4018 821 4082 ratoribus
866 4017 1026 4099 Prorepes,
1048 4003 1201 4098 ἂρχοιιες
1222 4031 1284 4075 non
1306 4021 1386 4088 sunt,
1409 4012 1463 4076 sed
1487 4031 1523 4075 ea
1547 4031 1610 4074 vox
1631 4031 1719 4095 quam
1742 4012 1901 4094 Copticum
1925 4031 2038 4076 exem-

657 4120 727 4201 plar
755 4120 865 4181 retinet
892 4134 1041 4202 νιαρχων,
1071 4112 1220 4195 significat
1255 4112 1401 4197 singulari
1435 4111 1615 4192 acceptione
1652 4111 1815 4173 nobiliores
1845 4111 2037 4174 Christianos

657 4220 779 4297 Laicos,
802 4216 840 4279 ad
862 4216 961 4298 plebis
985 4213 1217 4277 distinctionem.
1271 4211 1315 4273 Ea
1338 4209 1558 4293 significatione
1579 4217 1740 4289 usurpatur
1762 4211 1813 4271 illa
1835 4226 1898 4272 vox
1919 4210 2038 4291 passim

657 4321 689 4382 in
730 4318 861 4380 Historia
894 4313 1132 4377 Patriarcbarum
1172 4311 1465 4385 Alexandrinorum,
1503 4317 1532 4371 et
1569 4310 1599 4370 in
1634 4308 1730 4372 torma
1766 4308 1920 4371 literarum
1957 4325 2037 4389 quas

658 4404 864 4488 Συστατικᾶς
891 4421 1020 4491 vocant,
1059 4418 1153 4485 (voce
1182 4411 1298 4473 Graeca
1332 4415 1528 4484 conservata)
1560 4424 1638 4489 quae
1667 4407 1705 4470 ad
1738 4403 1972 4471 confirmandam
2004 4415 2038 4471 et

657 4516 867 4599 publicandam
889 4516 961 4577 novi
982 4510 1177 4574 Patriarchae
1199 4509 1379 4572 electionem
1409 4507 1501 4572 scribi
1523 4507 1633 4582 solent,
1656 4515 1689 4568 ut
1718 4507 1847 4570 babetur
1874 4508 1905 4568 in
1927 4506 2039 4569 Ponti-

657 4616 734 4679 ficali
758 4615 959 4679 Ordinationis
983 4610 1134 4693 ejusdem,
1164 4612 1194 4672 in
1216 4608 1402 4672 Bibliotheca
1432 4606 1639 4691 Seguieriana.
1691 4603 1803 4691 Δῆμοι
1832 4614 1902 4667 sunt
1927 4606 2040 4686 popasls'

656 4718 832 4779 multitudo:
862 4731 1020 4777 sessorum
1054 4710 1136 4772 nulla
1165 4711 1196 4771 in
1229 4708 1353 4771 Graecis
1382 4715 1433 4769 aut
1462 4705 1598 4788 Captiuis
1627 4703 1790 4767 Codicibus
1820 4705 1948 4766 mentio:
1977 4701 2036 4764 sed

657 4833 752 4879 voces
774 4813 901 4895 Coptica
924 4819 954 4875 et
975 4810 1107 4873 Arabica
1129 4810 1248 4870 meinos
1269 4807 1454 4891 significant:
1478 4806 1623 4868 leonitas
1638 4812 1668 4866 et
1679 4807 1781 4866 enims
1801 4804 1930 4877 illamam,
1953 4816 2038 4862 eun·

657 4918 728 4980 tium
752 4922 783 4979 et
804 4913 993 4977 redeuntium
1015 4911 1089 4977 iter:
1115 4926 1173 4989 pro
1195 4906 1303 4988 quibus
1327 4906 1463 4971 omnibus
1486 4904 1656 4969 benedictio
1678 4903 1858 4984 postulatur.
