4525 6034
355 551 405 627 DE
418 552 677 631 hll'UllGlllRUll
689 552 946 631 ORlENTAhlllhl
961 553 1112 632 undum
1127 554 1176 630 ET
1191 554 1442 633 hlllORllhTE.
1492 550 1608 627 XXXI

232 738 456 838 probabilibus
489 740 620 835 quidem
653 741 856 832 conjectoris
886 744 1004 812 vocari
1038 742 1072 812 in
1106 744 1373 814 controversiam
1408 743 1532 837 possit,
1559 744 1606 815 ita

230 867 282 929 est
307 858 561 950 antiquissimus.
595 855 680 927 Nam
715 854 960 952 chrysostomo
996 856 1070 929 solo
1107 865 1206 946 teste,
1241 854 1330 928 nulla
1355 879 1464 952 prope
1491 878 1606 929 aarum

232 969 398 1061 hiturglae
425 975 577 1066 partium,
605 974 639 1042 in
666 971 783 1066 quibus
811 973 911 1044 Actio
939 994 1037 1044 sacra
1064 974 1264 1061 continetur,
1291 994 1359 1044 non
1386 971 1605 1046 observaba·
1650 1026 1652 1033 -

233 1096 282 1157 tur
316 1089 349 1157 in
394 1086 759 1183 Constantinopolitano
785 1086 952 1178 Ecclesia,
985 1110 1060 1160 cum
1095 1088 1169 1159 illas
1203 1090 1237 1159 in
1269 1086 1423 1160 Homiliis
1458 1087 1501 1160 ad
1532 1111 1603 1185 po·

232 1200 338 1297 pulum
376 1200 570 1296 frequenter
611 1204 766 1291 insinuet,
806 1213 842 1274 ut
879 1203 996 1299 reliqui
1015 1203 1206 1276 ‘Ecclesiae
1247 1203 1403 1276 doctores
1436 1226 1604 1300 persaepe

233 1317 360 1389 iaciunt

334 1433 431 1520 Quod
457 1456 544 1505 vero
572 1444 641 1506 tres
668 1438 792 1529 primas
818 1437 995 1530 opiniones
1028 1444 1179 1530 spectat,
1212 1435 1255 1507 de
1290 1435 1354 1506 ihis
1382 1437 1426 1506 ita
1453 1457 1600 1507 censue-
1633 1423 1702 1524 ΟΨ
1719 1425 1858 1529 ‘¹⁰‚J⁸⁰?¹’⁵
1880 1428 1928 1484 2¹·

234 1559 305 1620 mnt
331 1548 513 1621 doctissimi
527 1549 703 1643 Theologi.
730 1550 851 1623 iacobi
864 1549 1046 1644 Litnrgiam
1073 1550 1163 1646 quod
1180 1554 1312 1640 attinet,
1346 1554 1410 1622 etsi
1438 1516 1929 1623 communi⁸⁰m⁸v⁰f¹⁰³'¹d⁶¹‘'¹''

236 1665 434 1737 Graecorum
463 1663 661 1755 traditione,
688 1666 819 1753 Procli,
847 1669 936 1738 sexti
964 1666 1103 1740 Concilii
1139 1676 1174 1737 et
1205 1669 1349 1738 omnium
1382 1665 1514 1736 tandem
1540 1688 1603 1737 re-

235 1784 412 1852 centiorum
439 1784 636 1855 testimoniis
662 1781 891 1861 confirmetur,
928 1786 1084 1877 scriptam
1121 1803 1201 1853 esse
1228 1803 1248 1853 a
1274 1778 1427 1868 taoobo,
1453 1779 1531 1852 nihil
1557 1802 1604 1852 ex

236 1900 272 1967 iis
302 1895 460 1969 efficitur:
495 1919 570 1968 cum
605 1900 730 1990 exigua
773 1900 816 1969 sit
859 1899 891 1967 in
931 1897 1032 1969 rebus
1073 1894 1207 1969 Celticis
1240 1900 1369 1992 primae
1402 1898 1602 1990 antiquitatis

236 2012 390 2103 ejusmodi
417 2015 549 2083 testium
576 2016 744 2085 onmritas.
786 2012 912 2085 Omnes
945 2013 989 2085 illi
1025 2023 1060 2084 et
1095 2034 1180 2107 quos
1207 2034 1331 2104 magno
1358 2033 1496 2083 numero
1524 2015 1605 2083 citat

235 2127 390 2215 Allatius,
416 2126 590 2216 Proelium,
626 2128 668 2199 de
702 2151 768 2223 quo
795 2132 971 2201 nonsatis
1006 2096 1215 2224 exploratdm
1244 2138 1308 2217 est,
1335 2128 1604 2221 exscripserunt:

235 2265 291 2316 cos
318 2241 441 2315 Graeci
470 2246 677 2317 recentiores
712 2247 818 2317 secuti
854 2254 940 2330 sunt,
968 2266 1010 2315 eo
1035 2246 1158 2335 magis,
1191 2242 1281 2338 quod
1307 2264 1354 2314 ex
1378 2242 1546 2337 Dionysio
1572 2250 1607 2313 et

235 2357 445 2431 Clementinis
472 2357 771 2432 Constitutionibus
799 2358 881 2445 tolli,
908 2363 937 2432 si
964 2358 1041 2454 quid
1068 2357 1267 2431 difficultatis
1294 2366 1398 2447 esset,
1425 2359 1605 2429 existima·
1715 2370 1719 2375 '

234 2485 359 2547 verunt.
386 2472 506 2570 Neque
533 2474 648 2546 similis
674 2474 808 2547 traditio
826 2474 1004 2572 Syromm,
1033 2474 1076 2545 de
1103 2477 1228 2569 scripta
1255 2473 1423 2546 alacobo
1440 2472 1604 2565 Liturgia,

233 2590 303 2687 plus
329 2589 489 2686 ponderis
515 2589 626 2681 habet,
654 2591 714 2663 sed
742 2614 829 2686 quae
856 2589 898 2662 ad
925 2588 1009 2662 hanc
1037 2588 1270 2686 disputationis
1297 2599 1427 2684 partem
1454 2597 1607 2684 spectant

232 2705 415 2779 reseremus
443 2709 476 2778 in
502 2705 718 2779 Praelatione
744 2706 787 2778 ad
814 2706 985 2798 Liturgias
1012 2704 1184 2802 Syriacas.
1211 2705 1350 2796 Majoris
1373 2706 1508 2778 omnino
1536 2728 1605 2777 au-

234 2825 371 2895 toritatis
398 2833 451 2895 est
477 2824 630 2918 superius
658 2822 797 2895 relatum
823 2824 939 2895 Basilii
965 2822 1201 2911 testimonium,
1228 2841 1293 2916 quo
1308 2824 1488 2916 perspicue
1515 2841 1605 2891 con-

234 2948 296 3012 stat
320 2937 445 3011 nullum
472 2948 663 3011 sanctorum
689 2960 763 3010 eam
790 2938 930 3011 formam
958 2960 1044 3034 quae
1071 2939 1358 3013 consecrationem
1374 2933 1606 3008 Eucharistiae

234 3057 436 3142 contineret,
469 3057 594 3149 scripto
630 3053 814 3127 tradidisse.
868 3054 952 3127 Erat
983 3062 1095 3125 tamen
1125 3055 1195 3144 jam
1230 3073 1250 3123 a
1286 3054 1401 3146 primis
1426 3049 1606 3124 Ecclesiae

235 3170 376 3243 saeculis
420 3168 630 3265 promulgata
665 3192 837 3242 sacromm
871 3171 950 3259 lex,
976 3172 1010 3241 in
1037 3192 1101 3264 qua
1129 3188 1246 3240 omnes
1277 3166 1546 3260 acquiescebant,
1573 3176 1608 3238 et

234 3285 359 3375 idcirco
396 3288 504 3358 statim
531 3296 631 3379 atque
664 3285 768 3358 scribi
800 3290 931 3382 coepit,
963 3280 1086 3380 ubique
1118 3292 1262 3378 accepta
1299 3292 1333 3354 et
1367 3280 1508 3377 probata
1544 3289 1606 3354 est

234 3401 370 3474 Factum
397 3400 429 3473 id
456 3399 560 3473 insse
587 3402 792 3498 Apostohcis
829 3400 1033 3497 temporibus
1067 3423 1087 3471 a
1114 3397 1245 3471 Jaccbo
1278 3396 1336 3471 vel
1361 3396 1492 3486 Marco,
1518 3396 1608 3469 nulla

231 3515 354 3588 idonea
387 3521 516 3589 ratione
551 3518 687 3612 probari
720 3529 848 3617 potest,
881 3517 1143 3614 nihilquecirca
1169 3514 1289 3589 iacobi
1315 3515 1498 3607 Liturgiam
1525 3512 1606 3586 elii-

234 3635 322 3703 ciunt
353 3631 469 3705 Allatii
501 3644 712 3725 argumenta,
753 3657 796 3706 eo
829 3634 1008 3721 debiliom,
1050 3631 1138 3728 quod
1175 3634 1371 3707 sententiam
1406 3632 1606 3727 oppositam,

234 3747 325 3819 velut
360 3747 493 3820 haeresi
526 3753 713 3844 proximam
748 3752 940 3838 insectatur,
973 3770 1047 3821 cum
1084 3730 1125 3820 ea
1161 3747 1262 3820 inerit
1295 3770 1316 3819 a
1356 3744 1535 3820 Catholicis
1571 3756 1606 3817 et

234 3864 364 3957 quidem
402 3862 602 3937 doctissimis
634 3877 862 3960 propugnata,
895 3887 1004 3960 neque
1036 3865 1202 3937 ullatenus
1238 3863 1281 3937 ad
1307 3862 1405 3936 iidem
1430 3867 1603 3959 pertineat.

232 3978 352 4049 Potuit
383 3977 537 4052 Jacobua
568 3979 759 4075 hitorpiam
792 3979 964 4069 scribere,
998 3983 1102 4075 inquit
1135 3978 1296 4052 Allatius:
1329 3983 1468 4073 scripsit
1499 4002 1604 4077 erpo:

232 4093 304 4165 Sed
335 4100 463 4189 aequat
494 4094 684 4168 haeretici:
717 4096 798 4167 mibi
831 4118 937 4167 curae
971 4116 1041 4167 uon
1080 4101 1141 4181 ert,
1178 4095 1259 4189 quid
1284 4094 1403 4166 dicant
1427 4095 1606 4170 baeretici.

232 4208 305 4282 Nec
332 4207 509 4283 haeriticus
537 4220 606 4301 est,
643 4217 698 4307 qui
737 4222 839 4304 negat
872 4212 906 4284 id
941 4211 1029 4307 quod
1063 4211 1202 4308 probari
1235 4213 1336 4283 certis
1376 4213 1605 4287 autoritatibus

232 4348 299 4397 non
325 4335 457 4422 potest3
485 4349 595 4423 neque
622 4332 650 4400 si
676 4326 782 4418 foret,
813 4351 898 4423 quae
932 4350 1006 4400 erun
1042 4327 1152 4421 aliqua
1165 4325 1453 4399 verisimilitudine
1480 4329 1522 4402 ab
1550 4328 1606 4401 illo

234 4440 479 4534 objicerentur,
514 4445 560 4515 ita
591 4440 778 4517 contemtim
813 4446 994 4537 rejicienda
1030 4456 1137 4536 erant,
1173 4445 1234 4519 sed
1259 4445 1453 4520 refellenda.
1483 4447 1606 4541 Oppo-

236 4567 348 4646 netur,
386 4557 474 4653 quod
505 4557 632 4631 Allatio
672 4559 796 4633 Graeci
827 4583 943 4634 omnes
977 4560 1217 4654 suffragantur:
1245 4572 1279 4634 et
1305 4562 1338 4633 id
1364 4584 1448 4635 sane
1474 4563 1516 4635 de
1543 4585 1606 4634 re-

236 4672 440 4746 centioribus
466 4696 585 4747 verum
612 4685 682 4750 est:
717 4677 759 4749 de
791 4681 933 4773 antiquis
967 4701 1036 4752 non
1069 4682 1162 4751 item:
1191 4702 1264 4751 cum
1301 4702 1401 4751 nemo
1428 4683 1513 4753 inter
1544 4702 1606 4753 eos

236 4799 393 4863 occurrat
425 4789 547 4864 Proelo
580 4797 758 4883 vetustior,
793 4794 835 4866 de
870 4797 965 4886 cujus
997 4793 1150 4890 opusculi
1175 4797 1319 4867 veritate
1354 4806 1388 4866 et
1415 4798 1607 4891 antiquitate

204 4903 410 5001 dubitatur.
463 4905 583 4981 Honor
615 4931 698 4981 sane
723 4909 885 4983 habeatnr
919 4908 1060 4983 Graecis
1087 4910 1324 5005 scriptoribus,
1357 4921 1393 4982 ut
1418 4934 1464 4984 ex
1491 4934 1608 4985 eornm

237 5024 434 5097 uatmoniis
468 5033 619 5114 constet,
652 5024 837 5117 Liturgiam
871 5030 969 5101 istam
1008 5036 1042 5098 et
1074 5024 1163 5117 alias-
1191 5025 1384 5099 Traditione
1410 5028 1609 5124 Apostolica
