4525 6034
609 635 664 710 ΙΝ
700 636 1001 713 LITURGIAS
1042 633 1325 713 SlthChS.
1611 637 1662 711 47

278 820 451 896 Barsusan,
473 816 604 880 blathaei
626 820 778 897 Pastoris,
800 819 954 900 Dionysii,
978 826 1009 882 et
1031 818 1176 899 aliorum,
1205 837 1282 901 quos
1304 819 1458 884 Jacobitas
1487 820 1581 884 inisse
1604 821 1664 883 ali-

279 920 361 982 unde
384 918 493 995 scitur,
524 925 558 979 ut
585 918 643 997 ipsi
665 917 832 980 Maronitas
862 934 925 980 non
946 920 1014 980 unis
1037 918 1112 981 locis
1136 928 1325 982 monuerunt.
1371 920 1456 983 Unde
1486 921 1517 981 in
1547 919 1663 1000 aliquot

278 1016 513 1097 exemplaribus,
536 1023 633 1078 atrum
655 1023 832 1080 transverso
855 1016 969 1078 calamo
992 1019 1122 1102 signum,
1145 1017 1272 1081 Joannis
1286 1017 1439 1081 Barsusan
1461 1020 1574 1081 nomini
1597 1019 1662 1081 illi-

252 1126 341 1179 =tum
363 1123 420 1178 εει.
466 1115 578 1177 Verum
607 1117 791 1199 ignoravere
820 1110 980 1196 Editores,
1014 1134 1081 1179 eam
1112 1135 1191 1198 quae
1220 1117 1291 1181 Julii
1321 1118 1421 1198 Papae
1443 1117 1570 1195 dicitur,
1600 1137 1662 1181 non

276 1218 337 1278 nisi
358 1217 438 1277 inter
459 1214 687 1296 hlonophysitas
711 1222 812 1278 notam
840 1214 952 1294 luisse,
988 1216 1068 1295 quod
1099 1216 1174 1279 lalsa
1205 1218 1302 1279 sancti
1331 1217 1482 1279 Pontificis
1513 1217 1661 1298 Epistola,

277 1315 315 1379 ad
338 1315 453 1377 erroris
475 1316 522 1376 sui
545 1315 744 1395 patrocinium
767 1315 879 1394 passim
902 1314 1113 1378 abuterentur:
1139 1336 1205 1379 eam
1228 1335 1305 1397 quae
1319 1316 1467 1396 Dionysio
1483 1316 1662 1379 Atheniensi

275 1423 382 1477 contra
405 1412 551 1475 librorum
572 1420 710 1475 veterum
732 1412 820 1476 hdern
843 1413 993 1492 tribuitur,
1017 1432 1087 1477 esse
1109 1415 1247 1497 Dionysii
1268 1413 1432 1479 Darsalibi:
1455 1414 1569 1477 nullam
1591 1435 1661 1479 esse

275 1514 422 1592 denique,
446 1530 534 1592 quam
556 1511 713 1575 lacobitae
736 1512 793 1575 sibi
815 1529 876 1574 non
899 1512 1096 1585 vindicarent,

363 1610 396 1672 ln
418 1610 525 1673 eadem
548 1609 698 1689 editione,
722 1629 800 1691 quae
830 1629 944 1692 paucas
967 1612 1119 1693 liturgias
1143 1611 1363 1694 complectitur,
1387 1610 1470 1675 Ordo
1493 1615 1659 1676 communis
1697 1612 1737 1668 ⁰0
1756 1614 1853 1668 urdine
1870 1618 1989 1685 generati

275 1711 443 1793 liturgiae,
468 1727 528 1790 quo
541 1697 584 1771 aci
595 1700 954 1795 προπαρασκευαστικᾶ
968 1712 1161 1773 continentur
1171 1712 1356 1792 praemissus
1373 1720 1431 1790 est,
1448 1729 1515 1774 oum
1531 1711 1659 1774 rubricis
1673 1703 1719 1769 qui
1742 1703 1769 1753 ⁵¹¹
1787 1702 1882 1754 nassau
1906 1701 1987 1756 ctat·
2094 1738 2096 1741 ·

275 1810 427 1885 Arabicis,
451 1816 482 1870 et
504 1809 529 1870 is
552 1811 619 1889 ipsc
641 1817 689 1871 est
712 1828 802 1890 quern
825 1817 930 1871 nostra
954 1808 1056 1871 versio
1078 1816 1301 1890 repmesentat,
1325 1828 1476 1891 quemque
1488 1811 1659 1891 reperimus
1674 1787 1750 1842 ΜΟ
1776 1788 1858 1841 “fi‘l'
1877 1796 1925 1844 ⁰⁸&

275 1912 308 1972 in
331 1908 446 1971 Codice
468 1907 524 1971 hls.
541 1907 753 1990 Seguieriano,
775 1915 806 1970 et
829 1908 905 1972 aliis.
936 1908 1059 1970 Factum
1082 1908 1111 1970 id
1135 1908 1259 1971 anobis
1273 1917 1332 1986 est,
1355 1910 1424 1990 quia
1438 1908 1564 1971 ollrcium
1586 1906 1662 1970 illud

277 2009 412 2071 continet
435 2006 510 2070 ritus
534 2024 657 2086 omues,
689 2010 741 2088 qui
763 2006 901 2069 osculum
923 2009 1024 2089 pacis,
1047 2007 1098 2069 uhi
1121 2006 1286 2088 Anapbora
1315 2008 1434 2087 incipit,
1466 2005 1660 2085 antecedunt,
1703 2042 1715 2099 .‘
1758 2016 1770 2089 j
1829 2012 1867 2083 ‚ty
1887 1990 1932 2103 ι’*
1982 2054 2011 2101 5,
2042 2000 2066 2053 Γ
2161 2012 2164 2021 ’
2244 2016 2246 2025 ⁴

278 2116 400 2170 etcum
429 2106 495 2169 aliis
519 2103 682 2168 codicibus
710 2106 784 2168 satis
809 2107 960 2169 convenit.
1005 2106 1117 2168 Damus
1141 2113 1242 2168 tamen
1265 2108 1395 2169 seorsim
1418 2105 1541 2168 alterius
1565 2104 1662 2167 Ollloii
1740 2154 1748 2179 ,

277 2207 468 2281 versionem,
500 2203 580 2285 quod
611 2203 648 2265 ab
675 2202 772 2267 altero
800 2207 830 2266 in
853 2204 1004 2267 nonnullis
1027 2204 1199 2285 discrepat,
1222 2212 1254 2267 et
1275 2205 1357 2286 quod
1381 2205 1597 2285 descripsimus
1619 2223 1661 2266 ex
1703 2286 1712 2305 Ρ
1750 2190 1787 2303 “3
1843 2186 1858 2305 N*
1948 2272 1951 2283 ,
2002 2284 2013 2299 η

279 2304 393 2367 Codice
417 2301 593 2366 Colbertino
617 2302 715 2364 bonae
738 2311 844 2381 notae,
873 2305 903 2365 in
931 2302 1031 2366 multis
1055 2305 1242 2367 conveniens
1267 2322 1334 2366 curn
1357 2302 1471 2366 Ordine
1494 2302 1547 2366 illo
1571 2320 1661 2384 quern
1711 2304 1715 2337 ²

277 2404 384 2467 Severi
407 2403 528 2464 nomine
551 2404 616 2484 ejus
639 2400 751 2464 Rituali
773 2402 928 2484 baptismi,
952 2403 1077 2484 Syriaca
1100 2411 1131 2466 et
1153 2402 1260 2466 Latine
1282 2402 1412 2485 subJecit
1434 2401 1533 2465 Guido
1551 2401 1661 2464 Fabri.
1696 2398 1716 2461 t
1817 2390 1846 2445 ⁴l.
1894 2426 1896 2435 .
1934 2400 1970 2431 0·
2038 2398 2043 2413 ⁶
2226 2386 2230 2393 ’

278 2510 341 2565 cius
364 2501 562 2565 Boderianus.
585 2499 659 2563 lllud
684 2509 783 2563 autem
796 2501 1193 2582 quodhlissalilllaronitico
1216 2502 1388 2585 adjunctum
1410 2501 1660 2579 ost,·levissimas
1695 2552 1725 2585 ,ί
1789 2540 1796 2575 ,-

277 2609 329 2664 aut
354 2601 450 2663 ferme
473 2600 570 2662 nullas
593 2601 844 2682 interpolationes
867 2603 1024 2680 sustinuit,
1048 2619 1124 2682 quas
1147 2602 1178 2664 in
1201 2602 1279 2665 notis
1303 2600 1550 2665 observabimus:
1574 2620 1661 2664 eam·
1718 2602 1720 2613 ’
1757 2590 1773 2645 ‘¹'

277 2699 407 2779 demque
434 2700 542 2761 rituum
572 2707 603 2761 et
625 2702 795 2763 orationum
818 2699 944 2763 sormam
967 2699 1102 2779 exhibet,
1125 2718 1205 2782 quae
1228 2700 1348 2763 aliunde
1370 2708 1441 2763 nota
1464 2719 1505 2763 ex
1527 2700 1659 2764 diversis

279 2798 453 2876 autoribus,
488 2805 632 2879 suspecta
661 2816 732 2861 esse
761 2817 824 2862 non
853 2807 965 2879 potest.
1011 2797 1085 2861 Cum
1115 2818 1192 2862 vero
1222 2818 1295 2881 pars
1323 2799 1374 2862 illa
1397 2800 1493 2881 prima
1515 2798 1659 2881 Liturgiis

276 2898 403 2978 reliquis
426 2898 581 2973 inserviat,
605 2899 636 2959 in
657 2898 810 2961 nonnullis
835 2897 997 2962 codicibus
1019 2899 1222 2978 praemittitur
1244 2898 1298 2976 illi,
1321 2916 1400 2978 quae
1422 2897 1537 2961 Jacobo
1561 2898 1661 2961 Fratri

277 2995 398 3058 Domini
421 2996 579 3070 tribuitur3
609 3014 678 3058 nam
700 3005 732 3059 et
754 3000 885 3060 omnium
907 2998 1112 3060 vetustissima
1135 3004 1200 3075 est,
1230 3005 1261 3060 et
1283 3014 1351 3060 eum
1373 2997 1543 3060 schismatis
1565 2996 1661 3060 Jaco-

276 3095 361 3157 bitici
374 3095 545 3157 memoriam
560 3112 679 3158 omnem
689 3095 859 3175 antecedat,
874 3097 1039 3159 communis
1053 3103 1100 3158 est
1114 3095 1300 3183 Orthodoxis
1318 3103 1349 3158 ει
1363 3095 1521 3160 lacohitis.
1546 3097 1660 3159 Verum

280 3191 411 3256 Codices
436 3211 532 3275 prope
555 3211 661 3256 omnes
688 3196 739 3275 qui
763 3194 906 3258 Ordinem
928 3195 1105 3278 generalem
1127 3203 1359 3276 repraesentant
1382 3195 1465 3258 illum
1487 3196 1661 3277 conjunxe-

277 3299 349 3353 runt
372 3286 439 3354 cum
462 3310 499 3354 ea
522 3310 600 3372 quae
623 3292 720 3373 Xysto
743 3294 877 3357 Romano
900 3294 1037 3357 Pontifici
1060 3294 1210 3372 tribuitur,
1234 3295 1321 3376 cujus
1344 3303 1446 3357 umen
1468 3312 1541 3356 usus
1561 3292 1660 3355 inire-

277 3391 422 3470 quentior
444 3398 506 3453 est:
536 3399 569 3453 ut
598 3391 759 3472 antiquitas
789 3393 914 3454 alteram
944 3410 1003 3454 non
1034 3393 1162 3474 attingit.
1208 3391 1278 3456 lllos
1303 3392 1434 3456 Codices
1457 3394 1555 3455 secuti
1576 3399 1659 3472 sunt,

278 3491 331 3570 qui
346 3489 478 3552 blissalis
495 3489 649 3552 Chaldaici
664 3490 826 3553 editionem
841 3490 955 3555 Romae
978 3497 1193 3572 procurarunt,
1216 3493 1272 3553 rati
1295 3492 1433 3554 fortassis
1449 3493 1659 3573 probationem

276 3589 446 3651 indenasci
461 3588 680 3669 conjunctionis
692 3589 905 3652 blaronitarum
928 3609 1051 3654 suorum
1075 3610 1143 3653 cum
1166 3590 1300 3654 llomana
1312 3591 1462 3670 Ecclesia,
1485 3593 1512 3653 si
1523 3590 1659 3675 Liturgia

277 3688 405 3750 Romani
427 3687 579 3749 Pontificis
603 3689 723 3751 nomine
746 3690 898 3770 appellata
920 3692 1048 3771 primurn
1071 3690 1170 3753 locum
1198 3691 1358 3753 obtineret.
1403 3689 1463 3753 lsta
1492 3692 1659 3753 tamenita

277 3787 425 3849 Jacobitis
447 3787 572 3866 propria
595 3795 661 3863 est,
684 3794 717 3848 ut
739 3788 796 3850 alia
818 3789 900 3853 Julii.
945 3789 1007 3852 Nos
1030 3808 1107 3853 vero
1129 3790 1258 3871 primum
1280 3789 1371 3852 illum·
1385 3788 1528 3852 Ordinem
1551 3789 1660 3853 Jacobi

276 3883 446 3965 Liturgiae,
470 3892 501 3946 ut
523 3885 687 3948 celebriori
708 3888 927 3966 praemisimus.

368 3983 402 4046 ln
424 3982 476 4045 illo
499 3983 613 4047 Ordine
636 3985 746 4048 multae
771 4004 891 4067 preces,
914 3988 1093 4069 praesertim
1116 4005 1195 4067 quae
1218 3987 1385 4050 aDiacono
1409 3994 1439 4049 et
1461 3985 1575 4068 populo
1599 3984 1659 4047 dici
1724 3983 1818 4039 nutias
1854 3984 1985 4036 orationes

280 4080 412 4160 debent,
434 4084 538 4162 primis
561 4091 675 4146 tanturn
697 4086 824 4147 vocibus
847 4086 1031 4163 indicantur,
1062 4104 1161 4167 neque
1189 4086 1277 4148 aliter
1305 4086 1399 4168 vulgo
1428 4084 1560 4150 describi
1591 4084 1659 4146 libri
1671 4075 1759 4171 primis
1777 4069 1985 4169 ⁸⁰¹⁰¹¹¹¹V⁰⁰⁵b¹l¹⁵

280 4180 455 4244 Orientales
485 4182 602 4261 solent,
637 4184 706 4263 quia
733 4184 957 4248 Ecclesiasticis
991 4202 1101 4266 preces
1134 4184 1203 4247 illae
1227 4186 1401 4248 notissimae
1423 4192 1510 4263 sunt,
1535 4190 1566 4246 et
1588 4184 1658 4263 quia
1672 4158 1849 4294 designasset,
1863 4173 1888 4207 ¹¹¹
1902 4154 1983 4293 3⁰⁶*

276 4280 466 4361 prolixiores
489 4282 552 4362 peti
573 4282 686 4345 debent
707 4302 747 4345 err
769 4284 828 4347 alio
851 4284 973 4350 Codice.
996 4285 1129 4347 Vocatur
1152 4285 1189 4360 is,
1212 4285 1288 4346 liber
1309 4284 1486 4358 Ministerii,
1509 4283 1575 4343 sive
1596 4245 1744 4342 lllr'-⁰¹¹'us
1763 4261 1778 4296 θ
1799 4251 1839 4294 '¹¹³
1858 4252 1884 4295 ⁰⁸
1906 4271 1908 4274 ’
1929 4259 1964 4295 ⁸*

277 4380 387 4454 niatri,
417 4379 504 4458 cujus
527 4388 632 4443 extant
653 4383 737 4444 varia
760 4382 790 4444 in
813 4381 1007 4447 bibliothecis
1038 4382 1240 4463 exemplaria,
1264 4382 1403 4462 idemque
1424 4379 1538 4444 Romae
1561 4379 1659 4442 editus

278 4484 331 4540 ost
353 4479 489 4559 Syriaca,
514 4497 582 4542 oum
595 4481 739 4543 versione
754 4481 897 4561 Arabica,
921 4482 976 4545 sed
1000 4482 1094 4545 literis
1110 4481 1244 4563 Syriacis
1267 4479 1518 4543 annothllCVl.
1541 4480 1658 4560 absque

279 4576 343 4639 ulla
365 4578 615 4659 interpolatione,
647 4589 859 4661 praeterquam
887 4583 917 4645 in
941 4582 1084 4663 Symbolo
1106 4582 1257 4655 Nicaeno‚
1280 4582 1331 4643 ubi
1354 4579 1502 4660 particula
1525 4580 1660 4660 Filioque

279 4675 422 4757 adjuncta
439 4685 496 4754 est,
521 4695 611 4758 quam
634 4678 804 4743 Orientales
828 4681 898 4745 libri
920 4700 982 4744 non
1004 4688 1184 4763 agnoscunt.
1214 4680 1252 4742 Ut
1275 4680 1367 4762 igitur
1389 4678 1522 4741 lectores
1546 4678 1661 4741 decur-

277 4775 351 4836 tatis
375 4776 440 4838 istis
463 4777 649 4841 orationihus
671 4796 732 4842 non
755 4780 930 4859 turbentur,
961 4780 1027 4843 illas
1058 4799 1098 4842 ex
1121 4778 1188 4842 aliis
1212 4778 1373 4842 Codioibus
1398 4786 1429 4840 et
1451 4777 1560 4840 eodem
1582 4776 1660 4840 libro

277 4872 441 4937 Ministerii
463 4876 493 4937 in
515 4878 689 4940 versionem
704 4886 838 4941 nostram
854 4879 1070 4944 transtulimus.
1093 4878 1168 4941 Nam
1181 4880 1211 4942 ln
1224 4881 1330 4961 paucis
1343 4895 1422 4959 quae
1433 4876 1538 4940 Latine
1551 4895 1660 4939 versae

278 4972 520 5058 suntbitnrqiis,
543 4975 704 5058 aliquando
727 4979 908 5060 interpretas
932 4981 1169 5061 cespitaverunt,
1192 4978 1371 5061 praesertim
1389 4974 1486 5039 Cnido
1504 4974 1660 5039 Fabricius
