4525 6034
253 816 468 889 celebratam
495 819 672 911 antiquitus
697 812 814 905 luisse,
840 813 988 910 probare
1013 836 1180 909 nunquam
1205 823 1396 911 potueruut:
1422 818 1546 889 namsi
1567 839 1630 912 per

249 954 312 1005 cun
349 928 504 1024 intelligi
529 931 706 1005 volucrunt
730 931 1084 1028 Hierosolymitanam
1111 953 1197 1026 quae
1224 940 1374 1028 tempore
1398 931 1481 1004 lesu
1508 930 1630 1006 Christi

247 1048 417 1139 uulgaris
442 1057 513 1119 erat
543 1051 577 1119 in
602 1047 814 1139 Palaestina,
847 1050 923 1142 quia
955 1050 989 1117 in
1020 1068 1111 1119 novo
1146 1046 1361 1121 Testameuto
1393 1053 1438 1119 itu
1471 1059 1630 1139 vocatur3

247 1187 279 1235 ue
294 1166 494 1236 minimum
517 1162 647 1259 quidem
666 1174 798 1257 gustum
819 1162 1005 1257 linguarum
1019 1161 1233 1237 Orientalium
1253 1161 1328 1236 illos
1348 1163 1503 1237 habuisse
1520 1187 1630 1258 opor-

248 1278 335 1349 tubat
342 1331 359 1366 ,
406 1282 461 1375 qui
500 1279 584 1354 baec
619 1279 814 1377 scriberent
873 1280 990 1353 Affinis
1025 1291 1078 1353 est
1115 1302 1198 1352 sane
1231 1279 1419 1354 Hebraicae
1453 1280 1631 1355 chaldaica

5 380 7 451 l

361 629 420 705 DE
435 624 1122 745 lll'UllGlARllllOlllElllALlllllOlllGlNll
1141 626 1189 702 ET
1206 624 1455 705 AUTORITATE.
1477 623 1626 698 XXXIX

250 1393 290 1465 illa
321 1395 663 1493 Hierosolymitaua‚
691 1407 726 1469 et
751 1396 793 1470 ab
822 1420 864 1469 ea
890 1396 978 1469 ducit
1004 1400 1181 1488 originem,
1206 1408 1242 1469 ut
1268 1397 1411 1493 Syriaca
1427 1397 1630 1493 Mesopota·
1741 1414 1748 1419 ’

250 1531 371 1598 mena3
406 1512 468 1585 sed
494 1536 561 1586 uon
587 1517 696 1606 magis
725 1513 864 1586 eaedem
891 1523 975 1599 suut
1003 1536 1100 1608 pam
1116 1512 1248 1603 Latina,
1260 1513 1375 1586 Italica
1389 1522 1422 1585 et
1439 1514 1631 1610 Hispanos,

251 1631 418 1720 quumvis
446 1654 466 1702 a
492 1634 598 1727 prima
624 1653 686 1727 per
700 1629 895 1703 Barbariem
917 1632 1138 1703 contaminata
1157 1651 1251 1701 suam
1274 1632 1436 1702 traxerint
1459 1633 1631 1723 originem.

250 1742 283 1813 lt
318 1765 426 1838 pura
460 1746 645 1835 Hebraica‚
681 1771 778 1843 quam
814 1744 909 1842 plebs
944 1745 1097 1817 illiterata
1139 1767 1206 1816 uon
1246 1744 1466 1838 intelligebat,
1506 1751 1631 1842 primos

252 1855 384 1933 Utristi
426 1862 608 1960 discipulos
648 1885 745 1937 sacra
787 1885 848 1935 sua
887 1863 1079 1936 celebrasse
1117 1884 1216 1933 nemo
1259 1871 1410 1934 veterum
1451 1864 1633 1933 memoriae

253 1974 417 2066 prodidit
448 1979 612 2052 Servatur
630 1979 762 2075 quidem
783 1978 870 2052 illius
887 2001 968 2052 usus
990 1978 1076 2074 apud
1095 1977 1258 2051 ludaeos:
1285 2001 1363 2050 nam
1378 1979 1485 2050 omnia
1504 1978 1633 2049 illorum

256 2085 373 2163 tucia
414 2118 500 2191 pura
535 2108 569 2168 et
601 2096 718 2169 literali
745 2095 911 2169 Hebraico
943 2096 1055 2191 lingua
1090 2107 1252 2194 concepta
1285 2104 1380 2168 sunt:
1414 2118 1490 2167 cum
1524 2105 1634 2166 nmen

257 2222 377 2278 corum
408 2209 529 2305 quibus
556 2211 597 2284 ab
626 2211 751 2308 aliquot
775 2210 918 2284 saeculis
946 2222 1093 2300 utuntur,
1128 2216 1305 2308 unuquitas
1331 2235 1398 2286 non
1423 2211 1522 2309 plane
1549 2233 1634 2307 per-

255 2334 379 2411 specta
408 2330 464 2415 sit,
491 2327 612 2401 frustra
640 2328 716 2401 inde
743 2328 943 2424 praesidium
972 2340 1189 2425 quaereretur
1215 2331 1372 2425 opinioni,
1402 2350 1488 2424 quac
1512 2327 1634 2399 nullum

263 2433 298 2504 '1¹1
324 2443 513 2536 originibus
540 2444 786 2519 Ecclesiasticis
813 2444 1057 2519 fundumentum
1083 2444 1195 2537 babet,
1224 2468 1332 2541 neque
1359 2468 1434 2517 cum
1459 2442 1635 2516 Ecclesiae

275 2557 455 2644 primitivae
483 2563 630 2636 moribus
657 2573 768 2659 potest
793 2562 974 2635 conciliari.
1007 2564 1045 2634 Io
1071 2565 1144 2656 ejus
1172 2566 1297 2660 quippe
1315 2560 1501 2660 synaxibus
1517 2580 1637 2633 sacrae

287 2658 462 2770 scripturae
488 2676 699 2770 legebantur,
726 2689 762 2751 ut
787 2682 820 2750 in
847 2679 1043 2775 synagogis
1069 2680 1142 2752 lieri
1169 2679 1300 2753 solitum
1315 2690 1403 2753 eret:
1431 2678 1492 2751 sed
1509 2678 1638 2749 etiamsi
1665 2696 1668 2707 ·

293 2782 467 2880 legebantur
494 2793 678 2868 Hebraico:
706 2798 815 2868 statim
841 2794 975 2889 vulgari
999 2795 1134 2887 lingua,
1160 2795 1384 2868 versiculutim
1411 2793 1638 2892 exponeban-

274 2948 276 2952 ·
298 2910 403 2981 torret
429 2932 471 2982 ea
498 2922 550 2983 est
576 2915 673 3005 origo
692 2910 946 2984 Chaldaicarum
961 2911 1175 3001 Versionum
1203 2934 1288 3007 quae
1308 2912 1489 3005 Tarquinio
1516 2909 1639 3007 appel-

298 3019 389 3098 lantur.
442 3029 490 3100 At
520 3026 643 3100 lactum
674 3028 708 3099 id
740 3027 844 3100 luisse
876 3031 962 3100 inter
995 3031 1120 3124 primos
1149 3026 1370 3115 Christianos,
1406 3039 1639 3122 praeterquam

296 3140 364 3232 quod
386 3143 522 3240 probari
554 3143 643 3218 nulla
676 3143 794 3216 idonea
828 3149 960 3218 ratione
991 3154 1121 3241 potest,
1155 3147 1185 3215 si
1219 3166 1335 3216 verum
1369 3143 1469 3236 foret,
1503 3143 1544 3217 ad
1579 3164 1639 3214 eos

291 3261 485 3350 pertinuisset
511 3260 732 3334 tantummodo
767 3265 822 3357 qui
856 3284 903 3333 ex
933 3262 1186 3334 circumcisione
1218 3269 1329 3332 eraut:
1364 3259 1441 3331 nihil
1475 3259 1517 3332 ad
1552 3258 1639 3331 reli-

290 3395 368 3467 quos.
419 3377 510 3449 luter
535 3380 619 3451 istos
647 3380 757 3467 ctiam,
784 3400 857 3449 cum
886 3378 976 3451 multi
1001 3398 1111 3471 neque
1131 3374 1308 3463 Hebraico,
1334 3398 1443 3472 neque
1462 3374 1640 3450 Chaldaice

288 3493 417 3582 scirent,
444 3491 636 3588 scripturae
663 3491 1035 3585 Graecelegebautur,
1068 3503 1106 3564 ut
1131 3494 1230 3564 etiam
1257 3491 1343 3590 apud
1371 3497 1463 3589 ipsos
1490 3493 1639 3566 ludaeos

282 3603 485 3697 Hellenistas,
502 3619 566 3681 nrm
580 3611 636 3705 qui
652 3613 686 3680 io
699 3609 900 3695 Palaestina,
916 3618 981 3680 tum
1003 3612 1059 3703 qui
1077 3612 1111 3680 in
1122 3610 1285 3706 Aegypto
1302 3620 1336 3682 ct
1356 3612 1388 3681 in
1400 3612 1484 3683 Asia
1498 3610 1640 3706 dispersi

281 3734 378 3799 erant.
405 3723 537 3798 Graeca
552 3730 652 3798 etiam
674 3725 786 3817 lingua
806 3735 917 3798 certas
933 3727 1114 3812 orationes,
1142 3748 1223 3821 quas
1246 3724 1364 3798 ludaei
1385 3726 1529 3821 quotidie
1543 3729 1639 3798 reci-

280 3848 346 3911 tare
367 3850 521 3913 tenentur
541 3845 752 3937 pronunciari
775 3845 945 3939 potuisse,
972 3851 1102 3914 constat
1133 3864 1178 3913 ex
1199 3840 1386 3938 Responsis
1407 3845 1639 3939 antiquissimis

278 3959 469 4052 sapientum,
497 3980 583 4052 quae
609 3961 643 4029 in
669 3957 820 4030 Miscbna
847 3961 1064 4031 continentur.
1097 3956 1195 4031 Unde
1222 3957 1377 4053 quidquid
1404 3962 1447 4030 sit
1473 3961 1515 4032 de
1540 3959 1640 4031 Scri·
1653 3978 1736 4030 urar.
1753 3970 1883 4026 sanis.

277 4081 442 4167 pturanrm
468 4072 623 4162 lectione,
651 4073 693 4146 de
719 4097 785 4169 qua
811 4097 897 4147 nunc
924 4078 1063 4168 agimus,
1091 4097 1211 4171 preces
1239 4075 1357 4149 multus
1385 4076 1541 4150 solennes
1557 4077 1639 4149 vul-

276 4191 347 4279 gari
368 4186 481 4281 lingua
504 4188 806 4287 Hierosolymitaua
828 4194 1063 4287 pronunciatus
1084 4190 1189 4264 luisse
1205 4202 1346 4280 constat,
1374 4194 1430 4264 vel
1450 4195 1559 4279 unico,
1579 4189 1640 4264 scd

277 4302 362 4398 quod
388 4303 538 4400 palmare
565 4317 628 4395 est,
655 4318 859 4399 argumento.
887 4308 1035 4380 Solenne
1062 4317 1114 4379 est
1140 4307 1278 4380 ludaeis
1306 4307 1348 4381 ab
1375 4307 1508 4381 excidio
1529 4306 1641 4402 templi
1680 4386 1683 4399 ‚

275 4416 409 4492 emundi
428 4420 590 4494 Pescbale
617 4421 781 4518 quoddam
808 4423 959 4513 officium,
983 4446 1053 4519 ,quo
1080 4423 1215 4497 exilium
1243 4447 1338 4498 suum
1366 4423 1480 4512 solari,
1508 4433 1542 4494 et
1566 4424 1642 4521 veri

275 4533 445 4608 Pascbatis
460 4540 511 4609 sui
525 4541 702 4630 imaginem
717 4539 891 4635 quamdam
906 4539 1103 4613 adumbrare
1117 4541 1244 4630 solent3
1257 4551 1291 4613 et
1302 4540 1335 4613 id
1347 4551 1487 4613 vocatur
1500 4539 1642 4632 chrlut

275 4649 479 4746 buppccacb.
531 4655 569 4727 ln
605 4676 647 4727 eo
680 4655 787 4728 officio
814 4655 1058 4729 Paterfamilias
1091 4660 1277 4730 orationem
1303 4656 1403 4730 babet
1429 4656 1472 4727 ad
1498 4678 1559 4729 eos
1587 4658 1643 4752 qui

277 4767 370 4839 simul
385 4766 514 4843 Pascha
540 4770 618 4843 illud
644 4770 852 4861 manducant,
879 4773 911 4843 iu
939 4796 1015 4868 quu-
1032 4776 1165 4869 antiqua
1189 4774 1255 4845 Dei
1282 4794 1363 4866 erga
1385 4771 1553 4845 Israelitas
1575 4771 1643 4844 be-

276 4883 389 4956 neticia
416 4896 669 4960 commemorat:
697 4890 807 4961 omnia
835 4896 943 4962 autem
971 4887 1120 4961 dicuutur
1147 4886 1642 4978 coattaroe‚n0nt1etrarce.

276 4996 464 5074 Verisimile
497 5026 601 5100 porro
635 5016 688 5078 est
718 5008 752 5076 iu
782 5007 984 5102 praecipuo,
1018 5004 1107 5099 quod
1143 5006 1229 5076 iuter
1260 5003 1336 5077 illos
1370 5017 1523 5102 superest
1556 5007 1644 5079 reli-

276 5117 384 5208 gionis
410 5119 536 5209 ollicio,
570 5131 738 5196 servatum
765 5143 844 5196 esse
870 5125 1059 5218 antiquam,
1095 5142 1182 5217 quae
1215 5130 1324 5196 stante
1350 5124 1473 5222 templo
1505 5124 1645 5217 vigebat
