4525 6034
586 1037 1186 1220 ottonum

156 1557 165 1565 ἱ
305 1373 694 1494 PHILOXENI
754 1373 831 1491 tr.
889 1373 1457 1492 HIEROPOLITANI.

535 1715 689 1787 Prinmm.
711 1714 832 1787 Oratio
858 1720 938 1785 onte
964 1713 1110 1786 oocotmo
1132 1716 1242 1808 pacto.

276 1930 434 2035 Domus
460 1956 553 2028 Deus
580 1964 760 2050 potens'ot
779 1953 1136 2051 incomprehensibilis:
1162 1952 1357 2027 abscondite
1378 1965 1412 2027 et
1427 1958 1563 2030 ininve-

207 2074 384 2171 stigabilis:
411 2071 626 2166 tranquillitos
653 2080 687 2142 et
721 2069 875 2163 goudium
910 2074 1136 2168 superiorum:
1170 2093 1240 2166 pax
1265 2081 1299 2143 et
1323 2071 1447 2144 laetitia
1472 2072 1565 2146 infe-

206 2196 346 2267 riorum:
373 2192 495 2261 caritas
521 2186 745 2260 indivisibilis:
773 2196 807 2258 et
834 2186 965 2260 ddeotio
998 2187 1122 2259 fraudis
1158 2209 1300 2283 expers:
1326 2187 1481 2280 gaudium
1503 2192 1566 2282 ju-

208 2321 345 2397 storum,
371 2304 552 2401 triumphus
577 2306 718 2400 piorum,
746 2325 823 2399 spes
850 2304 1065 2377 Ssuotomm:
1098 2302 1262 2396 refugium
1295 2302 1490 2396 lugentium:
1524 2308 1567 2380 ud

208 2435 242 2497 te
268 2423 411 2495 clement
437 2425 565 2492 animae
592 2429 743 2492 nostroe:
771 2430 805 2491 et
830 2419 1047 2515 deprecantur
1073 2431 1106 2492 te
1133 2422 1265 2516 spiritus
1291 2422 1413 2507 nostri,
1439 2431 1475 2493 ut
1499 2445 1566 2497 uno

206 2538 342 2613 vinculo
376 2539 521 2610 caritatis
555 2559 618 2609 nos
651 2539 796 2608 invicem
835 2539 1038 2629 conjungas,
1072 2545 1106 2608 et
1139 2539 1173 2606 in
1205 2535 1321 2609 osculo
1356 2540 1507 2628 sincero,
1534 2552 1568 2614 et

206 2678 293 2755 pace
320 2658 426 2728 omnis
454 2651 520 2724 doli
546 2674 676 2741 vacue,
702 2651 898 2725 adoratores
924 2665 1000 2726 tuos
1033 2657 1145 2725 unios:
1176 2652 1358 2749 fiamusque
1385 2655 1442 2728 tibi
1467 2679 1567 2729 unum

208 2793 331 2867 corpus
357 2769 550 2856 indivisum,
576 2769 665 2864 quod
690 2778 724 2840 te
749 2768 931 2861 glorificet,
958 2771 1225 2864 unigenitumque
1257 2768 1374 2842 Fdium
1399 2780 1506 2859 tuum.
1533 2781 1566 2843 et

208 2888 366 2985 Spiritum
392 2897 481 2959 tuum
508 2886 758 2975 sanctissimum,
785 2894 847 2956 eto.

313 3004 473 3098 Populus.
525 3003 644 3074 Amen.

312 3121 495 3193 Sacerdos.
547 3120 630 3191 Pax.

315 3236 475 3332 Populos.
510 3234 571 3318 *Et
596 3258 670 3307 cum
696 3236 811 3331 spirito
836 3245 903 3307 tuo.

313 3353 500 3424 Diaconos.
552 3350 619 3422 Det
644 3373 763 3446 pacem
788 3353 1021 3446 unusquisque.

315 3469 475 3563 Popobu.
528 3468 662 3539 Omnes.

318 3584 506 3658 Discursus.
558 3582 647 3654 Post.

292 3700 476 3794 'Populos
530 3699 654 3772 Corum
679 3707 722 3770 te.

315 3815 490 3888 Sacerdos
516 3816 652 3887 ciccano
677 3837 801 3886 uocem.
854 3814 947 3888 Deus
973 3817 1111 3910 largitor
1144 3817 1409 3905 benedictionum
1436 3826 1471 3888 et
1496 3816 1572 3891 dis-

211 3932 352 4007 tributor
385 3932 561 4006 donorum:
588 3934 766 4028 potensin
801 3930 1001 4022 muneribus,
1028 3944 1063 4005 et
1088 3933 1183 4009 dives
1205 3937 1237 4006 in
1264 3935 1406 4023 auxiliis,
1431 3932 1573 4006 benedic

213 4049 355 4122 dextera
383 4059 437 4121 tuo
463 4050 588 4144 potenti
615 4057 649 4119 et
673 4045 809 4120 bruchio
835 4057 892 4118 tuo
925 4049 1081 4135 excelso,
1123 4072 1208 4124 oves
1240 4053 1358 4144 gregis
1391 4053 1436 4122 tui
1468 4051 1574 4145 spiri.

211 4167 323 4254 molis,
351 4177 385 4238 et
410 4168 501 4237 mitto
528 4164 593 4237 illis
620 4163 662 4236 de
689 4161 880 4236 sublimibus
907 4168 1028 4240 sanctis
1054 4168 1131 4255 tuis
1159 4189 1258 4239 omne
1280 4168 1391 4241 dutum
1416 4169 1574 4263 optimum
1712 4226 1715 4235 ,

214 4292 249 4353 ot
276 4286 385 4355 omnis
412 4282 499 4356 dona
526 4281 683 4378 perfecto.
735 4280 838 4376 lmple
864 4283 961 4353 etiem
988 4283 1091 4356 corda
1130 4306 1246 4357 eorum
1283 4282 1406 4377 gaudio
1439 4293 1473 4355 et
1503 4305 1574 4355 vo-

213 4398 340 4495 luptate
367 4411 422 4472 tue
450 4398 627 4495 spirituali,
660 4406 695 4468 ut
727 4398 883 4469 satientur
915 4398 1037 4490 gaudio
1071 4399 1182 4472 vuitus
1209 4406 1272 4487 tui,
1307 4412 1341 4474 et
1374 4398 1575 4497 pinguedine

215 4514 333 4588 domus
360 4526 449 4605 tuoe,
474 4514 686 4609 referantque
713 4512 770 4585 tibi
795 4512 938 4605 glorium
973 4524 1007 4586 et
1037 4513 1186 4606 laudem,
1214 4517 1374 4611 simulque
1405 4520 1575 4609 unigenito

215 4628 301 4704 Filio
328 4640 398 4721 tuo,
424 4642 459 4704 et
484 4632 619 4727 Spiritui
645 4640 701 4701 tuo
728 4641 844 4703 sancto
871 4641 905 4701 et
931 4634 1064 4726 optimo.

320 4747 479 4841 Populos.
531 4750 649 4823 Amen.

319 4864 494 4936 Sacerdos
524 4864 661 4935 cleooos
693 4883 817 4932 oocem.
879 4861 971 4935 Deus
1013 4863 1072 4935 lux
1103 4886 1187 4936 vera
1222 4877 1257 4938 et
1287 4864 1476 4954 ineffabilis,
1522 4867 1577 4960 qui

219 5000 258 5050 es
285 4981 357 5051 sine
383 4983 555 5076 principio,
582 5002 693 5064 causa,
721 4986 756 5048 et
781 4987 947 5073 tempore:
980 4990 1076 5077 puter
1100 4982 1196 5071 lucis,
1223 4991 1257 5053 et
1291 4980 1477 5077 splendoris
1511 5005 1577 5055 ee-

219 5098 320 5167 temi:
347 5094 544 5170 illuminator
570 5096 697 5186 mundi,
723 5103 759 5165 et
788 5092 940 5166 conditor
972 5107 1214 5188 creaturarum,
1248 5100 1302 5195 qui
1334 5120 1396 5193 por
1429 5118 1578 5172 umorem

1286 5213 1371 5292 42*
