4525 6034
598 626 604 633 .
752 565 1067 643 PRAEFATIO.

223 759 344 835 urmmi
365 755 458 833 illius
480 758 547 832 viri
573 757 736 856 interitu,
768 780 840 859 quo
859 754 986 834 Musae
1011 781 1139 836 omnes
1164 758 1479 862 collacrumarunt,
1502 785 1597 839 con-

223 888 302 967 cidit
335 892 458 991 operis
491 888 700 992 perficiendi
734 913 842 991 spes,
877 900 913 967 et
946 891 1132 969 consilium
1167 892 1330 972 editionis
1356 892 1596 997 Liturgiarum

224 1021 489 1124 Orientalium,
512 1026 588 1101 suis
619 1022 773 1126 linguis,
817 1022 1054 1126 abjiciendum
1087 1024 1162 1102 luit.
1235 1025 1327 1118 Quia
1360 1038 1477 1104 tamen
1511 1031 1598 1105 viris

223 1154 452 1257 doctissimis,
496 1159 649 1234 maxime
689 1180 780 1234 vero
812 1154 1052 1235 lllustrissimo
1088 1155 1264 1236 llleldensi
1307 1157 1490 1261 Episcopo
1535 1164 1597 1263 qui

221 1292 333 1366 varias
378 1289 650 1368 observationes
691 1301 727 1367 et
761 1293 857 1392 ipsas
889 1288 1067 1393 Liturgias
1100 1292 1260 1392 viderat,
1298 1291 1494 1395 Judieatum
1529 1305 1596 1395 est,

221 1422 293 1499 illas
337 1421 476 1526 absque
523 1422 699 1524 textibus,
747 1435 786 1501 ut
830 1423 944 1525 vulgo
990 1423 1132 1526 dicunt,
1178 1423 1419 1528 Originalibus
1462 1424 1597 1504 debere

221 1555 408 1659 publicari,
441 1556 584 1635 tandem
607 1582 654 1635 ne
678 1561 811 1660 periret
837 1556 938 1635 labor
961 1556 1167 1660 Ecclesiae,
1201 1570 1240 1636 ut
1262 1558 1463 1662 sperabant,
1495 1559 1596 1638 iutu-

222 1715 279 1768 ms
314 1690 427 1792 utilis,
457 1690 631 1794 judicium
664 1691 805 1770 illorum
837 1693 970 1792 secuti,
1005 1690 1149 1769 editioni
1174 1691 1411 1770 incubuimus.
1611 1674 1613 1677 l

337 1823 416 1902 Rati
462 1835 565 1925 sunt,
610 1837 650 1903 ut
694 1829 779 1903 satis
812 1836 936 1903 notum
981 1836 1055 1925 est,
1103 1828 1163 1928 qui
1207 1824 1317 1904 literis
1356 1825 1595 1905 Orientalibus
1634 1849 1778 1905 accusarat
1791 1854 1921 1907 venam

221 1981 361 2059 operam
390 1955 574 2059 dederint,
609 1970 645 2037 et
677 1962 840 2062 quamvis
874 1958 1005 2036 multos
1037 1958 1175 2036 illarum
1210 1962 1443 2061 peritissimos
1474 1959 1595 2038 bomi-
1608 1933 1753 1990 dmm

221 2115 282 2168 nes
320 2116 493 2191 avorum,
537 2103 597 2169 aut
634 2103 757 2171 nostra
790 2102 888 2170 aetas
921 2091 1059 2193 tulerit,
1101 2094 1264 2195 plerique
1305 2104 1422 2170 tamen
1457 2092 1594 2171 Eccle-

220 2227 380 2301 siasticos
400 2223 511 2302 libros
521 2223 678 2302 Arabice
698 2228 852 2327 scriptos
868 2226 1121 2329 neglexerunt:
1144 2226 1242 2305 unde
1260 2238 1403 2329 praeter
1422 2226 1595 2330 opuscula

220 2379 329 2458 pauca
362 2355 555 2435 Abrahami
582 2356 808 2437 Echellensis
840 2369 877 2436 et
909 2358 1030 2437 Fausti
1052 2358 1220 2461 Naironi,
1253 2363 1288 2437 io
1323 2358 1452 2463 quibus
1487 2360 1595 2437 multa

222 2490 484 2593 desiderantur,
538 2491 622 2570 nilril
673 2504 767 2570 extat
813 2490 911 2569 unde
945 2491 1037 2570 lides
1076 2504 1112 2571 et
1149 2492 1331 2596 disciplina
1366 2491 1596 2571 Orientalium

222 2628 393 2727 cognosci
414 2636 536 2731 queat:
559 2623 696 2726 Syriaci
717 2625 794 2702 libri
818 2628 972 2703 rariores
994 2636 1095 2726 sunt,
1128 2630 1325 2730 paucisque
1343 2630 1422 2705 visi.
1462 2626 1596 2730 Aegy-

222 2762 331 2860 ptiaca
357 2758 498 2861 lingua,
529 2761 610 2837 sive
641 2769 679 2836 ut
709 2759 822 2861 vulgo
845 2770 995 2836 vocatur
1015 2757 1184 2862 Coptica,
1218 2760 1261 2838 ab
1290 2760 1437 2839 eruditis
1463 2761 1597 2863 aliquot

223 2890 464 2979 commendata
498 2904 572 2994 est,
606 2904 771 2995 tanquam
806 2891 851 2969 ad
884 2903 1006 2969 vetera
1029 2893 1187 2997 Aegypti
1220 2892 1470 2995 monumenta,
1504 2892 1595 2971 cba-

222 3038 450 3130 racteresque
484 3029 580 3103 saxis
615 3036 652 3103 et
685 3024 852 3103 obeliscis
886 3025 1082 3127 insculptos
1116 3025 1306 3127 plurimum
1339 3028 1428 3104 lucis
1466 3025 1595 3103 allerre

222 3171 363 3261 posset,
402 3183 483 3236 cum
519 3159 574 3236 illa
599 3170 733 3237 tantum
768 3159 894 3236 utilitas
929 3182 975 3235 ex
1008 3184 1051 3235 ea
1086 3163 1263 3261 capiatur,
1304 3159 1401 3262 quod
1434 3163 1595 3262 antiquas

222 3316 331 3372 voces
364 3291 552 3371 nonnullas
586 3317 606 3368 a
637 3289 880 3393 Scriptoribus
915 3288 1062 3370 Graecis
1095 3302 1348 3393 conservatas,
1394 3292 1438 3369 ad
1472 3317 1596 3369 veram

223 3449 319 3502 suam
356 3429 533 3529 originem
565 3423 706 3502 reserat
768 3424 900 3502 Lexica
934 3424 1040 3528 hujus
1084 3425 1228 3528 linguae
1278 3436 1315 3503 et
1355 3424 1596 3528 imperfectis-

223 3561 307 3636 sima
340 3571 443 3660 sunt,
475 3571 512 3637 et
550 3584 597 3636 ex
618 3556 883 3638 Ecclesiasticis
917 3557 1016 3638 libris
1049 3569 1232 3637 contexta:
1267 3562 1344 3661 ipsa
1376 3559 1497 3662 lingua
1530 3581 1597 3661 per
1717 3574 1750 3621 ‘1

222 3716 262 3769 se
293 3690 465 3794 difficilis,
512 3693 670 3771 cultores
711 3692 782 3770 lruc
822 3716 938 3794 usque
978 3695 1214 3794 paucissimos
1257 3690 1387 3769 habuit.
1473 3692 1596 3795 ltaque

222 3835 379 3904 textuum
413 3823 645 3929 Copticorum
680 3824 808 3925 editio,
844 3828 1006 3928 quamvis
1041 3825 1194 3928 optanda
1226 3824 1373 3925 luisset,
1407 3836 1446 3903 ut
1476 3849 1597 3902 vene-

222 3958 327 4036 randa
361 3960 419 4037 illa
450 3957 698 4038 Ecclesiarum
730 3970 957 4037 monumenta
990 3971 1112 4038 essent
1151 3962 1185 4036 in
1224 3962 1382 4036 omnium
1420 3956 1595 4056 manibus,

224 4103 258 4169 et
293 4096 372 4170 acui
416 4091 500 4170 inde
542 4105 667 4195 posset
705 4091 924 4170 emditorum
972 4091 1175 4195 diligentia,
1220 4103 1336 4169 tamen
1371 4090 1416 4168 ad
1459 4114 1596 4193 paucos

222 4225 420 4327 spectabat:
454 4230 593 4303 sincera
622 4250 712 4304 vero
738 4223 977 4329 Liturgiarum
1001 4228 1143 4325 versio,
1177 4222 1364 4302 Orientalis
1389 4223 1595 4326 disciplinae

222 4382 265 4435 ex
295 4363 383 4463 ipsis
417 4358 600 4438 autoribus
630 4358 809 4463 indigenis
833 4361 1029 4462 expositio,
1063 4370 1100 4435 et
1126 4358 1191 4435 alia
1214 4381 1306 4460 quae
1330 4357 1399 4435 boc
1426 4360 1595 4458 inopere

220 4496 422 4571 necessaria
446 4504 549 4594 suut,
587 4492 631 4570 ad
662 4517 788 4572 omnes
810 4496 998 4595 pertinent.
1045 4492 1102 4569 De
1125 4493 1413 4593 interpretatione
1431 4489 1595 4592 judicare

220 4629 320 4725 pauci
342 4625 535 4705 admodum
563 4638 732 4729 possunt:
767 4626 925 4730 reliquos
949 4628 1150 4703 existimare
1175 4635 1333 4726 oportet,
1367 4626 1595 4725 interpretem

221 4755 339 4836 officio
379 4783 448 4837 suo
490 4759 651 4838 functum
685 4759 819 4861 l’uisse,
875 4758 992 4837 donec
1030 4757 1332 4857 hallucinationis,
1384 4766 1445 4835 aut
1482 4757 1596 4835 malae

220 4886 299 4967 lidei
337 4915 425 4969 reus
464 4891 745 4971 demonstretur:
789 4916 859 4970 nec
905 4891 1008 4970 facile
1051 4892 1244 4992 suspicari,
1289 4913 1334 4968 eo
1380 4914 1595 4994 quemquam

219 5022 382 5102 stultitiae
417 5023 628 5128 devenisse,
664 5037 703 5105 ut
741 5023 904 5104 fraudem
930 5029 966 5103 in
986 5025 1099 5129 longo
1122 5047 1235 5127 opere
1257 5023 1452 5103 lectoribus
1475 5024 1596 5115 lacere
