4525 6034
456 624 486 702 S.
517 624 680 701 rituti
705 623 917 703 uniscunt
942 626 1282 708 tortunensis
1310 645 1360 707 uc.
1528 633 1602 706 365

336 810 521 884 Sacerdos.
573 812 627 885 Ne
652 812 795 884 Domine
820 812 958 887 inducas
985 836 1049 887 nos
1075 817 1109 886 in
1136 821 1365 905 tentationem,
1394 822 1523 891 animae
1544 819 1602 891 vel

231 931 400 1022 corporis,
441 933 486 1001 ita
517 941 553 1002 ut
586 951 648 1024 per
682 928 834 1019 dolores,
870 930 926 1001 vel
961 953 1022 1026 per
1056 944 1197 1026 peccata
1231 944 1402 1007 tentemur.
1461 934 1532 1007 Sed
1567 946 1601 1008 tu

229 1042 373 1115 Domine
399 1046 492 1117 Deus
518 1069 581 1142 per
607 1045 867 1118 misericordiam
895 1057 983 1119 tuam
1017 1058 1172 1143 tanquam
1207 1050 1308 1124 Pater
1343 1054 1534 1124 misericors
1569 1062 1604 1123 et

231 1158 378 1231 clemens
406 1183 571 1234 conserva
599 1184 722 1258 corpus
749 1187 769 1234 a
797 1162 967 1236 doloribus
994 1175 1028 1236 et
1053 1165 1306 1256 infirmitatibus,
1333 1177 1368 1239 et
1394 1172 1536 1241 animam
1558 1167 1600 1239 ab

230 1276 455 1371 iniquitatibus
483 1289 516 1350 et
542 1282 711 1375 peccatis;
738 1288 838 1375 atque
864 1283 899 1351 in
925 1278 1010 1352 hunc
1037 1282 1168 1355 modum
1195 1282 1374 1355 liberemur
1401 1307 1421 1355 a
1447 1285 1554 1373 malo,
1581 1308 1602 1356 a

229 1393 451 1487 potestatibus
484 1406 518 1467 et
553 1395 699 1469 artificiis
735 1400 817 1490 ejus.
871 1395 947 1468 Non
983 1401 1070 1470 enim
1105 1408 1158 1471 est
1197 1403 1230 1470 in
1263 1398 1360 1472 nobis
1395 1403 1501 1473 virtus
1537 1406 1630 1493 qua'

230 1497 408 1604 possumus
439 1511 585 1604 maligno
619 1516 800 1603 resistere,
839 1514 867 1585 si
901 1534 1023 1585 nomen
1057 1524 1146 1586 tuum
1183 1526 1334 1588 sanctum
1364 1538 1432 1588 non
1466 1514 1602 1607 adjurat

229 1647 308 1698 nos:
336 1630 412 1721 quia
438 1637 529 1699 tuum
555 1640 607 1701 est
632 1651 773 1721 regnum
800 1640 834 1701 et
859 1638 1022 1725 potestas,
1049 1639 1083 1702 et
1109 1630 1230 1723 gloria,
1258 1631 1420 1728 simulque
1440 1631 1602 1725 unigeniti

229 1740 305 1814 Filii
332 1747 397 1831 tui,
426 1753 460 1815 et
485 1743 626 1840 Spiribrs
654 1748 700 1817 tui
727 1748 842 1818 sancti.

333 1857 494 1952 Populus.
547 1862 668 1933 Amen.

333 1975 517 2049 Sacerdos.
569 1976 653 2049 Pax.

332 2092 493 2186 Populus.
545 2092 690 2166 Etcum
717 2097 831 2189 spiritu
860 2105 926 2167 tuo.

332 2209 520 2280 Diucouur.
574 2210 692 2306 Capita
719 2220 833 2283 nostra
859 2214 935 2285 Deo
961 2214 1166 2285 inclinemus.

332 2325 493 2418 Populus.
548 2326 672 2399 Coram
699 2337 742 2398 te.

332 2441 516 2513 Sacerdos.
571 2426 702 2516 Coram
723 2454 756 2516 te
780 2446 940 2535 Domine,
967 2446 1046 2519 Rex
1078 2446 1211 2538 Regum
1246 2456 1280 2518 et
1305 2445 1446 2517 Domine
1473 2445 1597 2518 Domi-

228 2562 394 2649 nantium,
421 2568 456 2630 et
480 2559 606 2632 iaciens
633 2559 811 2651 mirabilia,
840 2563 978 2635 excelse
1004 2584 1067 2657 per
1092 2561 1233 2655 gloriam
1248 2572 1347 2650 tuum,
1374 2560 1598 2656 praedicande

226 2698 290 2773 per
315 2680 544 2769 majestatem,
571 2675 768 2749 abscondite
800 2678 981 2751 secundum
1016 2681 1211 2767 essentiam,
1244 2676 1399 2757 inclinant
1432 2680 1598 2750 servitui

227 2795 336 2888 capita
364 2815 424 2864 sua
450 2792 514 2864 hoc
540 2803 710 2889 tempore,
738 2805 957 2890 expectantes
984 2815 1078 2889 spem
1103 2798 1345 2890 promissorum
1377 2804 1526 2882 tuorum,
1563 2803 1597 2865 et

227 2908 435 2981 clementiam
470 2919 575 2997 mam,
612 2913 827 3006 sitientesque
859 2914 1091 2984 miserationes
1125 2932 1211 3006 quae
1244 2933 1264 2982 a
1296 2919 1330 2982 te
1361 2910 1595 2982 conceduntur.

225 3025 382 3097 Extende
413 3027 557 3098 Domine
596 3048 727 3098 manum
766 3037 854 3099 tuum
893 3038 1077 3124 potentem,
1113 3037 1147 3098 et
1183 3027 1334 3100 omnibus
1368 3026 1595 3117 sufficientem,

230 3141 439 3237 benedicque
478 3145 588 3216 serris
623 3154 657 3215 et
695 3142 927 3216 adoratoribus
960 3148 1033 3217 tuis.
1086 3142 1217 3217 Perfice
1249 3143 1343 3235 illos,
1376 3145 1421 3214 ita
1455 3154 1491 3215 ut
1522 3145 1595 3239 puri

227 3264 309 3347 sint,
338 3270 371 3330 et
398 3256 525 3353 absque
550 3257 680 3331 macuta
705 3259 929 3355 sordibusque
941 3263 1082 3355 peccati,
1109 3260 1248 3351 utdigui
1270 3260 1451 3332 efficiantur
1470 3280 1594 3332 susce-

225 3380 339 3471 ptione
365 3377 599 3469 mysteriorum
626 3385 756 3447 tuorum
782 3385 972 3449 sanctorum
999 3387 1033 3448 et
1060 3375 1256 3450 divinorum.
1309 3375 1434 3448 Libera
1459 3396 1523 3447 nos
1551 3373 1593 3447 ab
1711 3426 1714 3431 -

226 3495 316 3565 omni
342 3490 513 3586 phantasia
539 3501 718 3581 nocturna,
746 3490 873 3584 diurna,
899 3491 1080 3564 meridiana
1107 3504 1141 3565 et
1166 3496 1377 3588 vespertina:
1405 3512 1593 3586 corpusque

225 3618 259 3678 et
286 3611 423 3699 sanguis
450 3609 608 3698 unigeniti
634 3607 709 3679 Filii
735 3612 782 3679 tui
808 3612 851 3681 sit
876 3608 973 3682 nobis
999 3608 1213 3697 fermentum,
1241 3620 1274 3680 et
1299 3613 1421 3706 pignus
1447 3611 1539 3681 vitae
1560 3609 1593 3677 in

224 3721 279 3794 die
301 3723 434 3815 judicii,
460 3745 547 3795 nunc
573 3734 607 3795 et
634 3747 786 3820 semper,
814 3729 906 3798 etin
933 3726 1067 3798 saecula
1095 3724 1316 3799 saeculorum.

328 3839 488 3933 Populus.
540 3839 660 3911 Amen.
869 3841 1053 3917 Sacerdos.
1105 3843 1189 3915 Pax.

328 3956 489 4050 Populus.
541 3957 684 4028 Etcum
711 3957 835 4052 Spiritu
861 3968 927 4033 tuo.

329 4072 513 4146 Sacerdos.
565 4072 818 4146 Misericordiae
844 4073 919 4145 Dei.

327 4189 487 4283 Populus.
540 4189 683 4262 Etcum
710 4189 834 4286 Spiritu
860 4201 926 4262 tuo.

327 4307 514 4379 Diaconos.
569 4305 652 4379 Gum
679 4309 798 4378 timore
824 4310 1033 4404 aspiciamus.

326 4423 510 4495 Sacerdos.
564 4423 687 4495 Sancta
715 4426 848 4497 sanctis.

327 4539 489 4633 Pupulus.
541 4537 634 4610 Unus
660 4538 770 4610 Pater.

328 4657 514 4727 Diucouus.
567 4654 701 4729 Stemus
729 4654 894 4728 decenter.

327 4772 487 4866 Pupulus.
541 4770 674 4843 Gratius
702 4775 841 4863 agimus.

325 4890 509 4961 Sacerdos.
563 4888 649 4974 Quid
675 4887 833 4961 babemus
860 4889 949 4985 quod
974 4888 1193 4961 retribuamus
1220 4886 1364 4959 Domino
1391 4908 1453 4981 pro
1475 4888 1589 4957 omni-

221 5005 284 5078 bus
312 5030 397 5102 quae
424 5006 574 5078 retribuit
606 5002 720 5095 nobis,
748 5016 780 5077 et
805 5027 867 5101 pro
895 5006 1045 5079 omnibus
1073 5004 1181 5093 donis,
1207 5000 1389 5093 beneficiis,
1416 5011 1450 5073 et
1464 5023 1586 5073 muue-

220 5121 314 5195 ribus
342 5125 414 5214 ejus
441 5144 524 5215 erga
549 5143 631 5193 nos:
659 5124 804 5218 quinos
831 5133 1028 5213 terrestres,
1062 5120 1182 5213 dignos
1215 5118 1295 5192 iecit
1328 5115 1589 5192 communicandi

1303 5238 1353 5311 49
1368 5236 1387 5271 ⁴*
