4525 6034
349 568 396 644 uu
413 568 668 645 mmouuuu
683 564 936 643 onummmu
949 563 1160 643 cursuum
1173 563 1420 641 rmonurru
1497 526 1561 634 uir

209 755 345 846 manda,
371 753 532 828 humanae
548 756 686 828 rationis
714 755 892 849 oppositio,
917 773 985 824 uon
1003 746 1291 848 adprobationem
1309 751 1559 845 adhibebantur,

206 869 263 942 sed
287 879 434 965 tanquam
460 870 666 965 objectiones
692 852 936 941 refellebantur.
991 868 1155 955 Quantum
1186 890 1271 940 vero
1304 868 1419 943 similia
1451 869 1558 943 verba

204 984 384 1082 simpliciter
410 997 548 1085 accepta
581 984 718 1059 valeant
751 983 793 1056 ad
828 978 1038 1057 inserendam
1069 984 1167 1058 idern
1202 984 1302 1058 realis
1335 990 1557 1081 praesentiae,

203 1102 256 1173 rel
281 1123 319 1174 eo
345 1103 451 1176 solnm
477 1107 558 1178 satis
585 1103 742 1192 efficitur,
769 1099 857 1197 quod
874 1100 1102 1175 Protestantes
1122 1101 1328 1174 haecomnia
1347 1102 1557 1178 sustulerunt.

203 1216 335 1291 Veteres
363 1219 516 1294 dicebant
542 1221 617 1291 dum
644 1226 884 1294 sacramentum
910 1216 1144 1315 praebereuu:
1172 1219 1303 1312 Corpus
1323 1219 1467 1290 Christi:
1488 1242 1556 1291 re-

202 1333 433 1431 spondebatur,
460 1340 587 1426 ,linem
618 1359 682 1431 qua
709 1333 781 1407 sola
807 1354 897 1406 voce
923 1333 1127 1408 testabantur
1153 1333 1327 1407 Christiani
1354 1335 1493 1409 credere
1519 1360 1558 1411 se

202 1452 340 1547 idquod
368 1451 590 1549 suscipiebant
617 1474 695 1525 esse
721 1471 842 1548 corpus
869 1448 1007 1543 cluss,
1034 1462 1068 1523 et
1085 1454 1231 1547 primus,
1257 1454 1320 1523 nisi
1345 1450 1498 1545 fallimur,
1525 1454 1559 1527 id

203 1572 332 1661 negavit
356 1568 560 1643 Albertinus.

300 1684 337 1757 ln
363 1685 552 1779 Anglicana
586 1683 733 1757 Eduardi
763 1682 819 1756 vl.
849 1684 1000 1777 liturgia
1037 1692 1161 1757 mutata
1196 1682 1280 1756 baec
1320 1682 1458 1757 formula
1493 1710 1560 1761 non
1609 1705 1778 1759 Conseruntur
1798 1707 1824 1759 nr
1849 1724 1881 1761 ex

202 1797 329 1893 fuisset,
369 1804 434 1875 nisi
468 1804 618 1874 veritatis
645 1801 708 1875 sibi
735 1802 860 1873 conscii
890 1803 962 1893 ejus
995 1801 1138 1873 artifices
1169 1799 1258 1872 illam
1284 1823 1358 1871 cum
1383 1822 1473 1873 nova
1500 1826 1559 1877 sua
1573 1796 1763 1893 ⁰9⁰¹P¹¹¹⁸l⁰⁰⁰
1792 1794 1879 1894 llll·

203 1914 379 2010 l'beologia
406 1918 575 1991 conciliari
601 1940 669 1990 non
694 1939 796 2014 posse
822 1915 1072 1991 intellexissent.
1124 1916 1220 1988 llanc
1245 1919 1346 2009 igitur
1378 1919 1450 2009 ejus
1483 1918 1560 1993 loco
1573 1880 1881 2019 ppptpppporenanmm

202 2031 444 2106 substituerunt:
472 2035 604 2128 Corpus
628 2035 770 2107 Domini
794 2037 904 2106 nonni
928 2034 1012 2106 leon
1037 2033 1165 2105 Cbrr‘oti
1191 2035 1281 2128 qood
1301 2054 1369 2127 pro
1396 2040 1430 2104 te
1449 2032 1561 2106 dntmn

203 2154 261 2235 est,
290 2151 458 2222 mntodict
483 2172 623 2244 corpus,
651 2157 686 2221 et
711 2152 856 2221 animone
882 2156 988 2242 tnorn,
1014 2153 1050 2221 in
1076 2155 1179 2221 oitnrn
1212 2157 1395 2221 aeternnm.
1447 2148 1492 2224 Et
1518 2152 1561 2224 ad

201 2264 350 2339 calicem:
377 2267 525 2363 Scnpuie
550 2267 595 2339 D.
622 2266 666 2340 N.
692 2264 726 2339 J.
754 2266 790 2338 C.
819 2269 877 2361 qui
898 2288 966 2360 pro
994 2272 1027 2338 te
1054 2270 1177 2362 effrene
1203 2272 1263 2355 est,
1291 2264 1463 2339 crntodins
1478 2271 1561 2339 oni-

199 2406 284 2453 ncnc
312 2389 401 2453 tnmn
431 2387 467 2455 in
499 2386 603 2454 oiicrn
634 2389 819 2455 aeternam.
871 2383 921 2456 lta
953 2386 988 2455 iu
1022 2386 1127 2480 prima
1163 2382 1306 2455 editione
1341 2387 1417 2456 anni
1452 2383 1564 2459 1547.

199 2498 233 2570 lu
264 2499 412 2571 secunda
445 2498 530 2573 haec
559 2497 667 2573 verba
693 2520 831 2596 prorsus
866 2502 989 2575 omissa
1023 2510 1119 2590 sunt,
1153 2509 1186 2572 et
1220 2520 1335 2572 eorum
1368 2500 1445 2599 loco
1480 2499 1564 2572 baec

201 2614 383 2689 substituta:
410 2618 544 2711 Accipe
570 2623 605 2689 et
630 2618 767 2687 comede
792 2617 896 2705 istud,
925 2620 961 2688 in
986 2617 1261 2688 recordationem
1296 2618 1386 2712 qnod
1411 2616 1564 2689 Cbriotns

199 2754 257 2825 pro
288 2739 321 2803 te
344 2740 494 2805 mmtnno
520 2741 588 2822 ert,
616 2740 652 2805 et
674 2737 767 2805 nutri
793 2739 827 2805 te
853 2756 899 2804 cr
926 2755 967 2805 co
993 2738 1030 2804 in
1057 2731 1162 2805 corde
1189 2739 1245 2803 tuo
1268 2756 1334 2827 per
1353 2734 1463 2827 fidem,
1491 2758 1564 2805 cnrn

201 2852 383 2943 preticnnn
409 2852 555 2921 notione.
608 2849 664 2922 Ad
695 2849 847 2922 calicem:
881 2850 970 2921 Bibe
992 2850 1058 2921 boc
1084 2854 1120 2921 in
1152 2851 1443 2940 recordationen,
1475 2848 1565 2943 qnod

202 2963 343 3060 quurs
375 2965 502 3037 Gbrr‘sti
523 2988 591 3060 pro
621 2973 655 3037 te
682 2970 806 3061 effusus
832 2972 895 3053 est,
923 2972 958 3037 et
982 2969 1116 3061 pretias
1142 2987 1216 3060 cpe.
1242 2967 1281 3037 ln
1302 2965 1452 3057 Liturgia
1479 2986 1564 3058 quae

204 3079 353 3178 deinceps
379 3080 559 3155 reformate
586 3092 655 3167 est,
681 3092 822 3177 unaque
847 3082 955 3155 forma
982 3084 1208 3174 conjungitur:
1242 3091 1275 3153 et
1301 3091 1438 3155 servata
1465 3090 1517 3153 est
1544 3103 1564 3151 a

202 3196 313 3269 lacobi
341 3198 366 3270 l.
393 3209 543 3294 tempore
570 3198 613 3271 ad
638 3196 723 3270 hanc
748 3221 855 3293 usque
882 3198 978 3271 diem
1030 3199 1068 3270 ln
1101 3197 1252 3289 Liturgia
1286 3207 1396 3269 tamen
1430 3197 1564 3271 Scotica

203 3336 292 3407 quam
321 3310 463 3390 Carolus
490 3315 514 3388 l.
541 3325 784 3411 proposuerat,
811 3326 845 3386 et
871 3338 957 3410 quae
983 3317 1046 3411 ipsi
1074 3315 1177 3385 exitio
1211 3311 1291 3403 luit,
1327 3313 1474 3388 secunda
1507 3312 1564 3385 illa

206 3452 276 3524 pars
303 3434 428 3505 omissa
456 3440 517 3504 est.
569 3431 643 3503 Hae
669 3453 754 3504 vero
781 3435 879 3505 toties
906 3431 1042 3503 relictae
1067 3429 1232 3502 formulae
1265 3433 1462 3502 sacramenti
1497 3430 1564 3501 ad-

205 3547 403 3619 ministrandi
428 3546 513 3620 tales
539 3559 633 3639 suut,
659 3556 695 3618 ut
720 3569 780 3619 eas
798 3551 1035 3643 pronunciare,
1063 3544 1193 3640 audire,
1227 3555 1261 3617 et
1283 3547 1391 3618 :lmen
1413 3569 1562 3643 respon-

206 3660 278 3734 dere
304 3686 412 3759 aeque
437 3667 586 3759 possint,
613 3664 668 3759 qui
694 3662 819 3735 realem
848 3663 1041 3760 quomdam,
1068 3662 1128 3735 sed
1155 3684 1320 3757 uunquam
1340 3665 1419 3738 setis
1446 3663 1561 3759 expli-

203 3787 302 3851 catam
330 3783 552 3875 praesentiam
578 3791 611 3852 et
636 3781 860 3875 receptionem
874 3784 1028 3877 corporis
1044 3776 1166 3852 Christi
1184 3779 1332 3869 credunt,
1358 3790 1394 3852 ut
1407 3782 1560 3876 puriores

204 3894 391 3988 Anglicani,
418 3899 532 3990 etqui
558 3919 632 3968 eam
657 3898 816 3988 rejiciunt.

294 4015 372 4087 Duo
403 4017 514 4110 itaque
540 4017 573 4085 in
600 4017 710 4086 anino
736 4013 893 4086 babuisse
908 4010 1065 4115 uidentur
1079 4009 1312 4084 emendatores
1327 4009 1374 4081 illi
1391 4008 1561 4082 doctrinae
1591 4008 1761 4078 tenderunt
1779 4008 1881 4079 sinpli-

203 4138 232 4200 et
254 4130 465 4227 disciplinae:
493 4130 675 4226 simplicem
701 4131 828 4203 scilicet
853 4128 1100 4227 confessionem
1126 4149 1192 4200 uno
1210 4126 1317 4199 verbo
1335 4094 1881 4250 comprehen-213¹?{¹3:³3⁸ss3:22¹{⁴i

201 4258 287 4337 sam,
315 4270 390 4319 cum
414 4250 509 4343 panis
536 4257 750 4321 consecratus
777 4243 1090 4319 communicantibus
1105 4243 1334 4341 praeberetur,
1353 4242 1561 4335 significasse
1574 4268 1631 4321 sem
1645 4269 1743 4324 renent.

202 4363 283 4436 illum
311 4385 388 4436 esse
415 4386 537 4460 corpus
565 4362 702 4438 Christi:
730 4362 846 4437 saltem
874 4361 1147 4455 significationem
1174 4384 1260 4456 quae
1287 4362 1395 4434 statim
1411 4362 1443 4431 in
1460 4382 1560 4431 meu-

203 4487 262 4550 tem
286 4483 437 4571 veniret,
462 4480 562 4552 talem
590 4502 676 4552 esse.
729 4480 813 4552 Tum
840 4480 1023 4573 agnovisse
1048 4479 1154 4553 verba
1183 4500 1269 4574 quae
1294 4480 1380 4549 inter
1412 4474 1560 4572 publicas

207 4595 420 4693 solemnesque
446 4618 566 4694 preces
591 4600 790 4687 recitantur,
817 4599 995 4669 maximum
1022 4595 1064 4668 ad
1089 4595 1187 4668 iidem
1211 4593 1341 4667 illorum
1369 4595 1424 4687 qui
1444 4592 1562 4664 iisdem

207 4719 329 4784 utuntur
365 4712 653 4787 demonstrandum
687 4713 817 4809 pondus
860 4712 1005 4803 babere,
1043 4710 1130 4784 uude
1164 4706 1230 4784 tani
1268 4710 1368 4781 anxie
1402 4707 1563 4782 dederunt

208 4847 334 4922 operam
359 4834 456 4903 utin
481 4854 542 4903 sua
569 4829 719 4923 liturgia
744 4828 823 4901 nibil
849 4828 982 4903 omniuo
1005 4827 1092 4924 quod
1108 4826 1150 4899 ad
1164 4825 1265 4898 realis
1281 4829 1561 4900 transmutationis

208 4941 382 5019 docmntm
408 4946 562 5036 duceret,
588 4946 846 5040 relinqueretur,
872 4944 1068 5040 tandemque
1093 4928 1186 5018 nova
1222 4941 1361 5015 formula
1389 4947 1561 5043 opiniones

209 5079 309 5136 novas
336 5086 417 5139 suas
442 5063 742 5154 confirmaverunt,
768 5066 814 5136 ita
839 5070 875 5135 ut
899 5085 961 5160 per
986 5061 1083 5135 bdem
1115 5060 1239 5157 suscipi
1272 5072 1393 5157 corpus
1427 5059 1561 5151 Christi,
