4525 6034
464 593 885 686 §.illatura
928 589 1352 668 CATHOLlCl.
1524 591 1601 666 263

221 781 371 870 domine,
399 792 434 853 et
459 782 544 852 sieut
571 780 689 875 reliqui
716 783 888 851 criminum
913 781 963 848 rei
991 777 1155 852 inclinasti
1178 789 1278 875 caput
1304 790 1392 852 tuum
1414 778 1601 874 Baptistae:

222 903 277 993 qui
301 900 458 988 jejunasti
486 906 640 991 tanquam
674 894 793 980 homo,
830 893 1074 988 conbrdisthue
1107 903 1141 967 et
1175 892 1350 966 humiliasti
1388 903 1603 967 tentatorem:

221 1016 277 1108 qui
304 1011 453 1108 colaphis
481 1033 603 1082 caesus
632 1034 670 1081 es
697 1013 730 1080 in
765 1012 957 1107 praetorio,
993 1020 1027 1078 et
1061 1020 1217 1105 tanquam
1250 1009 1448 1082 malefactor
1483 1014 1604 1082 stetisti

223 1150 338 1201 coram
369 1127 497 1220 judice:
540 1128 594 1221 qui
628 1135 789 1197 extensus
823 1148 925 1222 super
961 1147 1112 1215 erucem,
1148 1136 1182 1197 et
1216 1129 1304 1196 inter
1335 1124 1483 1196 latrones
1510 1125 1602 1216 ligno

222 1244 339 1315 allinus
366 1243 473 1314 luisti:
502 1244 556 1336 qul
583 1241 753 1337 depositus
780 1240 871 1314 luisti
908 1252 942 1312 et
973 1241 1083 1312 linteis
1117 1251 1272 1336 tanquam
1308 1240 1460 1333 indigens
1496 1244 1603 1313 invo-

223 1357 327 1429 lutus:
356 1364 411 1454 qui
439 1381 513 1429 cum
540 1358 648 1449 gloria
674 1359 907 1446 resurrexisti,
935 1366 969 1427 et
995 1366 1151 1451 tanquam
1184 1368 1302 1452 potens
1337 1359 1454 1452 rupisti
1485 1361 1602 1429 mortis

222 1474 371 1545 vincula:
400 1479 454 1568 qui
482 1472 662 1546 ascendisti
689 1476 721 1544 in
749 1472 899 1557 eoelum,
927 1482 962 1543 ct
989 1471 1128 1543 elludisti
1156 1495 1259 1567 super
1286 1471 1486 1544 nosdonum
1513 1483 1603 1543 tuum

222 1589 401 1661 ineffabile:
430 1594 484 1682 qui
512 1612 586 1660 cum
613 1588 761 1673 bonore,
790 1588 970 1683 splendore
997 1597 1032 1658 et
1058 1587 1167 1679 gloria
1194 1588 1303 1659 Patris
1319 1597 1480 1659 venturus
1502 1609 1539 1659 es
1558 1587 1604 1658 ad

219 1704 418 1796 judicandas
446 1715 636 1791 creaturas,
663 1726 846 1798 omnesque
872 1703 1023 1777 homines
1051 1702 1092 1773 ad
1120 1707 1223 1774 vitam
1250 1701 1430 1775 revocabis
1447 1712 1481 1772 et
1499 1705 1602 1774 exci-

221 1818 310 1892 tabis
337 1824 369 1890 in
396 1824 485 1891 nictu
512 1818 608 1891 oculi.
663 1819 714 1890 'le
740 1818 884 1891 Domine
911 1818 1034 1892 multae
1062 1818 1313 1889 misericordiae
1336 1816 1554 1889 obsecramus
1570 1825 1605 1887 et

224 1936 461 2030 deprecamur,
498 1945 597 2029 atque
631 1958 650 2006 a
687 1945 720 2005 tc
756 1956 850 2029 spem
884 1937 975 2005 vitae
1008 1944 1146 2005 nostrae
1180 1943 1214 2003 et
1246 1933 1386 2005 salutem
1420 1936 1604 2004 animamm

222 2063 410 2123 nostrarum
438 2050 661 2146 postulamus,
703 2060 738 2121 ut
772 2072 839 2122 non
873 2071 956 2141 agas
990 2048 1163 2120 nobiscum
1200 2047 1380 2119 secundum
1414 2051 1603 2141 iniquitates

222 2177 378 2255 nostras,
404 2189 514 2260 neque
541 2164 706 2238 retribuas
733 2165 831 2237 nobis
859 2164 1038 2237 seeundum
1067 2165 1183 2235 merita
1216 2174 1341 2235 nostra.
1395 2162 1487 2235 Vere
1515 2166 1603 2234 enim

224 2283 388 2370 Domine,
416 2284 545 2376 inique,
578 2284 679 2376 impie
713 2293 746 2353 et
780 2284 975 2375 insipienter
1007 2282 1155 2370 egimus,
1188 2288 1288 2372 teque
1324 2277 1366 2350 ad
1399 2277 1603 2350 iracundiam

222 2397 504 2492 provocavimus3
545 2394 606 2467 sed
641 2419 704 2467 nec
735 2400 868 2469 unicum
903 2394 1132 2467 mandatomm
1166 2404 1297 2466 tuorum
1333 2394 1602 2466 observavimus.

224 2512 277 2582 'lu
304 2532 387 2581 vero
414 2509 558 2583 Domine
584 2511 686 2598 bone,
714 2521 895 2586 excusatos
923 2508 1009 2581 habe
1036 2530 1109 2596 nos,
1139 2518 1173 2579 ct
1198 2511 1360 2603 propitius
1388 2518 1461 2582 esto
1475 2512 1602 2603 iniqui-

225 2624 345 2698 tatibus
381 2628 524 2713 nostris,
563 2637 701 2721 propter
734 2626 797 2699 boc
831 2624 1029 2697 sacrificium
1062 2626 1270 2720 propositum
1287 2632 1290 2638 '
1306 2644 1418 2695 coram
1453 2636 1497 2697 te.
1551 2624 1604 2695 'l'u

224 2744 313 2812 enim
339 2744 383 2811 ita
417 2741 583 2834 pollicitus
616 2765 654 2814 es
686 2742 848 2815 Domine:
881 2743 1079 2835 quicumque
1113 2737 1290 2810 manducat
1324 2760 1445 2834 corpus
1481 2761 1603 2826 meum,

226 2867 260 2927 et
286 2854 368 2927 bibit
394 2861 590 2947 sanguinem
618 2879 736 2943 meum,
765 2867 798 2928 et
825 2857 931 2928 credit
956 2858 990 2925 in
1017 2877 1089 2942 me,
1117 2854 1172 2925 ille
1198 2856 1231 2924 in
1260 2876 1312 2925 me
1327 2864 1447 2942 manet,
1476 2863 1510 2924 et
1537 2875 1604 2945 ego

225 2977 258 3044 in
287 2994 344 3057 eo,
373 2981 406 3041 et
433 2993 499 3063 ego
527 2973 737 3047 resuscitabo
769 2995 842 3043 eum
876 2976 908 3042 in
940 2972 1125 3041 novissimo
1160 2970 1224 3041 die.
1279 2969 1372 3044 Oves
1405 2973 1494 3040 enim
1527 2978 1604 3040 tuae

225 3100 259 3160 et
285 3111 373 3179 grex
401 3096 489 3173 tuus,
519 3091 693 3182 promissis
720 3091 783 3161 tuis
810 3086 1032 3169 confidentes,
1061 3084 1284 3181 deprecantur
1301 3084 1485 3156 bonitatem
1500 3094 1602 3173 turum

226 3216 259 3275 et
286 3226 348 3299 per
375 3214 424 3290 te,
453 3226 493 3273 ac
522 3211 629 3273 tecum
656 3202 789 3274 Patrem
818 3212 907 3274 tuum
935 3199 1086 3272 dicendo.

331 3319 492 3412 Populus.
547 3318 712 3389 Miserere
739 3322 854 3389 nostri.

333 3435 517 3506 Sacerdos.
572 3433 645 3504 Nos
673 3454 814 3528 quoque.

336 3550 494 3643 Populus.
550 3548 599 3619 'le
625 3548 806 3620 laudamus.

332 3664 519 3736 Diaconos.
575 3665 681 3750 Quam
709 3663 853 3734 timenda
882 3674 933 3734 est
959 3661 1042 3734 haec
1069 3661 1169 3752 hora,
1197 3672 1258 3734 etc.

334 3780 509 3850 Sacerdos
535 3782 621 3850 dicit
646 3779 901 3848 devocationem
929 3775 1080 3868 Spiritum
1106 3781 1228 3848 nancti.

332 3893 496 3966 Miserere
523 3899 587 3966 mei
615 3894 726 3972 Deus„
754 3902 882 3964 amator
907 3890 1092 3983 hominum,
1132 3903 1167 3964 et
1202 3895 1292 3963 mitte
1328 3912 1430 3986 super
1463 3910 1534 3974 me,
1571 3895 1605 3956 et
1687 3903 1690 3908 ·

228 4032 331 4104 super
356 4010 559 4081 oblationem
587 4014 701 4094 istam,
729 4008 885 4105 Spiritum
913 4020 1080 4094 sanctum,
1115 4009 1272 4103 Spiritum
1307 4010 1361 4100 qui
1398 4028 1417 4075 a
1450 4014 1483 4074 te
1516 4023 1603 4096 pro·
1729 4039 1731 4043 Δ

227 4124 334 4210 cedit„
362 4138 395 4197 et
422 4148 441 4195 a
469 4123 554 4195 Filio
587 4134 601 4172 ³
635 4135 690 4197 tuo
725 4127 862 4219 accipit,
899 4121 1091 4217 perficitque
1126 4121 1348 4195 essentialiter
1380 4122 1489 4193 omnia
1522 4141 1604 4213 mp-

227 4243 330 4311 steria
357 4239 552 4322 Ecclesiae,
580 4244 834 4333 requiescatque
867 4261 969 4333 super
1005 4235 1193 4310 oblationes
1229 4239 1330 4324 istas,
1363 4245 1397 4305 et
1423 4256 1483 4306 eas
1518 4254 1605 4305 san-

231 4354 361 4426 ctificet.

335 4469 494 4561 Populea.
555 4469 667 4541 Orate.

333 4586 517 4657 Sacerdos.
571 4584 704 4657 Exaudi
732 4608 784 4656 me
812 4584 953 4656 domine.

334 4699 495 4793 Populos.
549 4701 653 4794 llyrie
681 4700 811 4772 eleison
838 4706 901 4770 ter.
1667 4774 1674 4782 ,

335 4801 511 4874 Sacerdos
537 4803 675 4874 elecem
701 4825 825 4873 nocem.
878 4801 922 4872 Et
952 4796 966 4831 ⁴
992 4820 1113 4893 panem
1141 4797 1226 4869 hunc
1253 4794 1453 4889 simplicem,
1489 4801 1605 4863 trans-

228 4927 349 5003 mutet,
379 4929 479 5013 atque
506 4919 624 4991 efficiat
650 4940 773 5013 corpus
801 4921 907 5013 ipsum
934 4912 1023 5009 quod
1050 4935 1112 5007 pro
1140 4912 1239 4985 nobis
1265 4908 1467 4981 immolatum
1494 4908 1607 4979 estin

235 5055 357 5105 cruce:
385 5056 509 5129 corpus
537 5039 644 5129 ipsum
677 5034 766 5128 quod
793 5035 978 5105 resurrexit
1013 5050 1087 5100 cum
1121 5028 1249 5121 gloria,
1276 5047 1341 5096 nec
1367 5021 1450 5096 vidit
1485 5041 1610 5094 corru-
