4525 6034
693 601 771 675 224
1141 600 1319 677 moron
1345 567 1662 677 siruniomm.

697 788 897 873 consistent,
934 797 968 858 et
994 789 1183 878 unigenitus
1216 784 1319 857 Filius
1354 794 1428 858 urus
1459 783 1628 876 judicabit
1689 784 1758 857 Sed
1798 784 2056 881 quemadmodum

697 923 824 974 summe
861 902 1113 974 misericordem
1152 923 1235 993 erga
1274 923 1337 973 nos
1377 911 1411 973 te
1444 900 1640 985 exhibuisti,
1675 923 1780 995 parce
1813 901 2057 996 pusillanimitati

695 1026 849 1107 nostrae,
883 1019 1045 1089 miserere
1070 1016 1263 1089 infirmitatis
1291 1028 1430 1089 naturae
1463 1027 1620 1104 nostrae,
1652 1038 1720 1087 non
1747 1022 1781 1088 in
1803 1016 1978 1108 judicium,
2009 1027 2058 1088 aut

696 1132 1003 1204 condemnationem
1031 1141 1189 1226 reputans
1216 1130 1313 1203 nobis
1339 1132 1403 1204 hoe
1429 1154 1546 1204 munus
1574 1143 1675 1218 tuum,
1702 1131 1763 1203 sed
1790 1131 1831 1202 ad
1850 1136 2056 1220 sanctitatem,

697 1259 731 1320 et
757 1248 961 1340 vigilantiam
989 1257 1023 1317 et
1048 1250 1205 1319 viaticum
1234 1247 1349 1319 salutis
1375 1257 1521 1320 nostrae.
1562 1246 1606 1318 lit
1633 1258 1667 1317 ta
1693 1246 1790 1318 decet
1815 1246 1938 1339 gloria,
1962 1246 2058 1319 honor

697 1374 732 1434 et
757 1366 944 1458 imperium,
971 1363 1133 1456 simulque
1159 1364 1330 1454 unigenito
1357 1362 1441 1434 Filio
1469 1372 1526 1435 tuo
1554 1373 1587 1434 et
1614 1361 1750 1458 Spiritui
1777 1366 1983 1436 sanctissimo
1999 1374 2056 1435 tuo.

800 1475 963 1569 Populea.
1013 1479 1136 1550 Amen.

800 1590 984 1666 Sacerdos.
1037 1594 1121 1664 Parc

800 1707 961 1800 Populus.
1013 1707 1158 1779 Etcum
1185 1710 1301 1803 spiritu
1327 1718 1394 1779 tuo.

800 1824 989 1895 Dionnum.
1042 1824 1145 1910 Post,
1174 1832 1237 1893 etc.

800 1939 963 2032 Populea.
1017 1939 1143 2012 Coram
1170 1949 1212 2009 te.

799 2054 975 2127 Sacerdos
1001 2055 1140 2125 elevans
1164 2076 1290 2125 vocem.
1344 2053 1420 2126 Tibi
1446 2056 1500 2147 qui
1525 2057 1658 2145 genitus
1684 2076 1722 2125 es
1750 2052 1793 2125 ab
1828 2064 1987 2142 aeterno,
2019 2075 2058 2123 er

695 2169 818 2242 lumine
845 2181 1002 2257 aeterno,
1039 2183 1073 2241 et
1106 2174 1297 2242 incarnatus
1334 2191 1372 2241 es
1406 2169 1533 2264 absque
1563 2168 1630 2240 ulla
1661 2173 1860 2259 mutatione,
1893 2192 1941 2240 ex
1975 2177 2059 2239 atero

695 2284 870 2377 virginali,
903 2289 1028 2378 gratias
1062 2288 1228 2377 agimus‚-
1249 2295 1283 2356 et
1317 2294 1353 2356 nt
1378 2287 1569 2379 requiescat
1596 2284 1736 2357 dextera
1764 2296 1836 2375 tua,
1872 2307 1975 2381 super
2004 2304 2059 2355 nos

696 2422 813 2473 omnes
838 2412 1015 2496 perpetuo,
1041 2400 1257 2496 postulamus.
1311 2400 1515 2474 Sacerdotes
1543 2401 1656 2474 altaris
1684 2403 1730 2471 tui
1757 2400 1865 2494 gloria
1893 2400 2003 2490 affice,
2031 2409 2060 2471 et

696 2519 922 2591 ministrantes
950 2516 1008 2589 tibi
1033 2519 1067 2588 in
1092 2514 1221 2588 honore
1257 2519 1428 2590 constitue.
1490 2516 1599 2590 Senos
1633 2517 1884 2588 mansuetudine
1916 2538 1999 2587 orna
2030 2524 2060 2587 ct

697 2633 842 2726 adjuva:
878 2637 1020 2728 impetus
1043 2636 1205 2724 juvenum
1232 2652 1369 2703 coerce:
1402 2654 1527 2728 pueros
1554 2632 1660 2704 educa
1686 2636 1719 2703 in
1745 2631 1928 2720 modestia,
1961 2643 1995 2705 et
2023 2629 2059 2702 ad

696 2769 858 2820 summum
885 2752 1047 2821 scientiae
1074 2751 1202 2844 apicem
1235 2747 1419 2842 perducito.
1476 2747 1566 2821 Sana
1593 2750 1734 2820 Domine
1767 2747 1938 2838 infirmos,
1973 2746 2060 2819 abluo

695 2862 845 2937 maculas
881 2859 1113 2960 peecatomm:
1157 2862 1300 2955 obsigna
1335 2885 1436 2935 cruce
1471 2874 1525 2935 tua
1558 2863 1739 2955 Virgines:
1783 2859 1919 2940 custodi
1951 2865 2060 2936 lectum
2109 2893 2114 2902 ·

696 2981 967 3071 conjugatorum:
995 2984 1085 3051 mitte
1112 2982 1231 3071 egenis
1259 2981 1480 3053 saturitatem:
1508 2991 1581 3051 esto
1608 2977 1831 3073 orphanorum
1858 2990 2003 3066 curator,
2031 2988 2060 3050 et

695 3093 902 3166 confortator
936 3095 1119 3170 viduarum.
1172 3095 1280 3166 Parce
1314 3094 1377 3166 illis
1409 3097 1464 3189 qni
1496 3104 1697 3188 acceperunt
1732 3116 1856 3190 corpus
1891 3105 1996 3167 tuum:
2031 3102 2060 3164 et

695 3231 757 3281 eos
785 3212 839 3305 qui
866 3209 1020 3283 biberunt
1053 3234 1099 3282 ex
1133 3214 1296 3301 sanguine
1330 3222 1399 3299 tuo,
1435 3210 1586 3305 perieete
1617 3209 1766 3305 purifica.
1824 3210 1974 3283 Benedic
2003 3209 2060 3281 illis

695 3330 751 3420 qui
777 3347 838 3420 per
865 3350 997 3398 crucem
1026 3337 1113 3399 tuam
1142 3326 1282 3398 salutern
1309 3328 1481 3399 consecuti
1504 3336 1595 3414 sunt3
1628 3326 1798 3398 sanctifica
1828 3331 1931 3398 etiam
1963 3344 2061 3418 agnos

695 3447 812 3534 gregis
839 3447 902 3531 tui,
930 3465 1016 3516 oves
1043 3453 1115 3514 tuas
1143 3441 1249 3515 adhuc
1275 3443 1318 3515 ad
1345 3442 1436 3515 ovile
1469 3452 1575 3514 taum:
1609 3463 1716 3533 agnos
1748 3453 1825 3517 tuos
1852 3445 1884 3512 in
1914 3442 2060 3514 docuinis

695 3561 759 3629 tuis
781 3558 951 3648 confirma,
979 3581 1244 3654 unumquemque
1265 3562 1299 3629 in
1318 3558 1425 3650 gradu
1440 3570 1474 3630 et
1492 3557 1609 3630 ordine
1626 3580 1687 3630 suo
1710 3561 1822 3648 visita,
1847 3581 1911 3653 per
1932 3561 2061 3631 miseri-

696 3672 842 3745 cordiam
869 3684 966 3746 tuam.
1019 3674 1092 3747 Nos
1125 3685 1234 3746 antem
1261 3675 1403 3747 Domine
1431 3696 1552 3748 servos
1579 3686 1671 3765 tuos,
1689 3684 1739 3745 'et
1768 3673 1962 3747 sacerdotio
1989 3663 2081 3744 iun-v

695 3800 815 3881 gentes
842 3790 912 3878 tibi,
939 3790 1060 3882 dignos
1089 3791 1182 3863 effice
1208 3793 1339 3863 visione
1372 3794 1437 3863 tui:
1471 3812 1535 3862 nos
1568 3811 1685 3862 ornnes
1717 3790 1825 3863 adduc
1860 3789 1903 3863 ad
1934 3788 2061 3861 hahita-

696 3906 804 3977 culnm
837 3915 945 3978 tuum:
986 3917 1115 3978 mentes
1149 3915 1282 3978 nostras
1317 3905 1429 3978 limnas
1465 3907 1558 3979 effice
1591 3909 1623 3977 in
1657 3905 1834 3978 dilectione
1868 3918 1943 3979 tua:
1984 3903 2062 3979 oculi

695 4025 801 4093 nostri
839 4023 986 4110 videant,
1027 4025 1237 4113 majestatem
1272 4021 1449 4094 timendam
1481 4033 1586 4095 tuam:
1628 4044 1687 4094 ora
1724 4032 1840 4094 nostra
1878 4021 2061 4119 repleantur

696 4137 1009 4210 sanctificationibus
1036 4141 1114 4210 tuis:
1142 4137 1230 4209 labia
1257 4146 1385 4226 nostra,
1412 4138 1567 4228 Domine,
1593 4137 1709 4212 laudes
1737 4148 1810 4210 tuas
1836 4141 2060 4233 pronuncient,

695 4255 870 4348 Patrisque
897 4255 942 4324 tui
968 4251 1135 4325 benedicti
1162 4253 1328 4342 ethead,
1363 4262 1396 4324 et
1422 4254 1565 4348 Spiritus
1592 4258 1655 4342 tui,
1681 4258 1772 4342 vivi,
1799 4256 1924 4344 sancti,
1952 4250 2061 4348 viniti-

691 4367 801 4442 'cantis
829 4379 863 4439 et
889 4367 946 4440 tihi
973 4368 1275 4441 consubstantialis.

799 4485 961 4577 Populea.
999 4486 1135 4556 nmen.

798 4600 985 4672 Diaconue.
1037 4600 1185 4672 Benedic
1210 4600 1364 4672 Domine.

797 4716 982 4789 Sacerdos.
1037 4716 1184 4788 Benedic
1211 4714 1376 4789 omnibus.
