4525 6034
397 1327 406 1346 ·
445 1293 546 1360 Ουενχη
566 1309 611 1356 pra
627 1309 719 1342 πενιατ

730 590 808 666 434
1297 591 1529 672 NOTAE

730 774 814 840 noris
836 775 1003 840 autoritatis
1025 785 1212 860 argumento.
1258 775 1407 842 Habemus
1437 777 1510 841 illud
1533 796 1572 841 ex
1593 776 1748 862 Litargiae
1773 776 1872 842 Basilii
1892 776 2052 859 coptiaaeot

730 877 880 941 Arabicae
903 876 1068 958 exemplari
1090 883 1212 956 nostro,
1247 877 1328 959 quod
1357 878 1436 940 inter
1458 876 1614 957 divorsas,
1644 886 1676 941 et
1706 896 1783 960 quae
1811 877 1847 939 ab
1874 877 2054 957 antiquioribus

732 977 854 1053 absunt;
877 983 910 1040 ut
931 977 1020 1039 etiam
1042 995 1060 1038 a
1081 975 1179 1059 Regio
1199 977 1315 1040 Graeco
1335 977 1466 1041 Arabico
1490 977 1624 1059 ejusdem
1638 976 1791 1062 Lilurgiae
1814 975 1921 1038 Codice
1940 974 2053 1040 iornulas

731 1074 792 1139 τοῦ
814 1063 995 1154 ἀσπασμοῦ
1016 1094 1073 1139 seu
1094 1075 1197 1139 Osculi
1220 1078 1315 1158 pacis,
1338 1096 1403 1140 eam
1433 1094 1511 1157 quae
1540 1075 1627 1158 bajus
1649 1077 1733 1139 initio
1755 1077 1865 1158 legitur
1889 1076 1955 1156 ipsis
1976 1079 2055 1140 verbis

731 1182 949 1257 repraesentat,
972 1194 1038 1237 cunr
1060 1175 1156 1237 titulo.
1208 1173 1314 1238 Oratio
1343 1175 1449 1237 Patria
1476 1176 1575 1237 naabi
1599 1175 1730 1238 Joarmis
1756 1175 1898 1238 Bosana
1919 1194 1971 1254 pro
1989 1179 2056 1255 pacit

733 1276 837 1337 oamalo
863 1276 906 1337 ad
932 1275 1063 1338 Patrem.
1113 1273 1147 1336 ln
1176 1273 1308 1337 Arabico
1346 1292 1515 1357 perperam.
1571 1273 1678 1337 Oratio
1710 1275 1812 1337 Patris
1839 1275 1933 1335 nostri
1954 1272 2056 1336 torma

427 1379 533 1443 romae
550 1381 723 1443 πιβαστρινοι
735 1374 951 1457 Cbrpaoatomi
969 1375 1029 1455 p'ro
1048 1392 1126 1454 pace
1147 1375 1252 1437 darida
1273 1376 1316 1436 od
1335 1374 1466 1437 Palma.
1507 1374 1600 1437 Forte
1622 1374 1689 1455 qaus
1712 1374 1791 1437 loret
1811 1373 1940 1436 toames
1959 1373 2056 1436 Bostra-

428 1469 493 1528 Ode
527 1484 559 1515 πε
587 1483 789 1537 “normanus
812 1475 962 1555 ignoravit
984 1474 1136 1555 interpres
1157 1473 1304 1552 Jacobita,
1327 1482 1378 1536 aut
1403 1473 1433 1536 id
1455 1475 1601 1536 comrnlsit
1623 1473 1703 1554 quod
1725 1492 1785 1536 non
1807 1471 1899 1535 semel
1919 1472 2056 1535 Orientales

427 1568 502 1616 φιωτ.

733 1573 792 1652 alii,
815 1579 866 1635 aut
888 1572 1014 1651 inscitia,
1037 1571 1259 1664 lecerunt,·aut
1281 1572 1351 1636 dolo
1373 1572 1462 1648 malo,
1484 1572 1553 1635 durn
1568 1592 1608 1635 ex
1621 1573 1770 1636 nominum
1783 1570 1965 1635 similitudine
1983 1590 2057 1653 quae-

733 1673 800 1736 dam
823 1672 951 1753 antiquis
974 1670 1109 1734 Patribus
1131 1671 1308 1748 tribuerunt,
1331 1690 1408 1754 quae
1430 1672 1618 1734 recentiores
1649 1679 1769 1735 autores
1797 1671 1948 1733 baberent
1990 1671 2058 1733 luca

731 1792 806 1835 vcro
828 1779 915 1854 parte
937 1789 993 1852 per
1013 1771 1092 1853 piarn
1115 1769 1260 1846 fraudem,
1281 1770 1337 1835 sed
1360 1768 1494 1833 fraudem
1523 1778 1632 1850 tamen,
1655 1788 1732 1852 unae
1754 1769 1835 1833 nulla
1866 1770 1928 1852 tegi
1955 1788 2059 1833 encom-

730 1876 813 1934 tiono
835 1879 946 1954 potest,
968 1879 1171 1953 peccaverunt
1193 1887 1378 1952 magnopere
1399 1870 1565 1933 blaronitae
1587 1873 1617 1933 iu
1639 1869 1770 1934 editione
1787 1870 1917 1933 blissnlis
1939 1869 2058 1933 Chaldaici

730 1973 843 2035 Romae
865 1970 951 2034 lacta.
996 1969 1029 2033 ln
1051 1989 1087 2032 ea
1110 1970 1189 2032 enirn
1210 1969 1388 2032 Atheniensi
1410 1955 1556 2051 Dionpsio
1580 1970 1660 2033 Pauli
1684 1969 1830 2051 discipulo
1851 1968 2002 2054 Liturgiam
2018 1970 2060 2031 tri·

729 2070 869 2144 buerunt,
893 2088 969 2150 quaa
992 2069 1022 2131 in
1044 2069 1132 2133 codd.
1155 2067 1237 2133 blSS.
1259 2087 1368 2131 nornen
1398 2068 1487 2132 babet
1509 2069 1645 2150 Dionysii
1665 2068 1811 2132 Barsalibi
1832 2069 1992 2132 Amidensis
2009 2069 2059 2131 Ιε-

730 2166 891 2249 tropolitae
912 2168 1077 2234 Jacobitae.
1129 2167 1245 2252 ignatio
1274 2167 1464 2231 Antiocheno
1491 2167 1631 2249 ldartyri‚
1660 2185 1737 2249 quae
1765 2167 1891 2231 alterius
1917 2166 2010 2249 lgnui
2031 2185 2060 2229 aa

731 2266 837 2331 eadem
858 2274 942 2330 secta
965 2266 1028 2332 luit.
1072 2267 1180 2330 loanni
1203 2267 1438 2349 chrysostomo,
1466 2285 1543 2348 quae
1571 2267 1695 2330 Joannis
1725 2266 1850 2331 alterius
1881 2275 1911 2330 ει
1938 2267 2059 2329 baeretici
2192 2295 2193 2340 a

730 2367 772 2429 At
792 2367 841 2429 bic
863 2374 969 2430 noster
990 2366 1156 2431 Bostrenos
1179 2369 1307 2444 Graece,
1329 2367 1407 2430 idem
1430 2367 1481 2447 qui
1503 2375 1534 2429 et
1555 2366 1747 2432 Basoreaais.
1798 2355 1876 2430 Nam
1905 2366 1959 2428 etsi
1976 2364 2062 2428 Barba

731 2465 769 2529 dc
793 2484 851 2547 qua
875 2465 1053 2549 Stephanus,
1075 2467 1127 2530 ubi
1150 2466 1276 2530 Colonia
1296 2466 1427 2530 Romana
1455 2465 1520 2545 luit,
1543 2468 1628 2548 cujus
1650 2468 1759 2529 nummi
1781 2474 1888 2530 extant
1909 2466 2001 2547 plures
2017 2465 2062 2526 ba-

731 2567 785 2628 tini
807 2574 838 2629 ει
860 2565 980 2644 Graeci,
1001 2584 1062 2630 uon
1085 2566 1190 2629 cadem
1211 2567 1262 2646 sit,
1285 2586 1362 2649 quae
1385 2584 1464 2629 nunc
1494 2566 1627 2629 Arabum
1648 2564 1786 2645 Baaora,
1817 2567 1940 2630 noviter
1958 2564 1991 2627 ab
2008 2564 2062 2644 ipsis

731 2664 885 2729 aedificata
908 2674 938 2728 et
960 2667 1081 2746 munita,
1112 2666 1219 2730 eodem
1245 2674 1344 2729 tamen
1369 2665 1438 2729 loco
1468 2674 1519 2729 ant
1545 2666 1643 2728 vicino
1672 2683 1739 2730 cum
1769 2664 1879 2745 luerit,
1906 2683 1960 2748 pro
1983 2663 2061 2728 eaden

730 2764 831 2827 babila
852 2773 909 2830 cst.
943 2817 946 2822 4

1173 3027 1208 3098 2.
1248 3026 1369 3098 Oratio
1397 3032 1477 3097 ante
1502 3023 1641 3097 Pacem.

822 3235 932 3315 Naana
954 3247 1059 3312 melior
1079 3246 1168 3330 bujus
1190 3247 1250 3311 loci
1272 3247 1432 3328 explicatio
1454 3246 1518 3309 dari
1540 3254 1651 3328 potest,
1674 3266 1762 3332 mam
1782 3248 1853 3329 ipsa
1877 3248 1970 3311 oratio
1988 3251 2015 3306 nt
2030 3241 2065 3303 b·

732 3352 814 3432 istut
835 3353 914 3433 apud
937 3351 1086 3435 Coptitaa:
1110 3369 1188 3434 qnae
1210 3350 1290 3415 edita
1312 3356 1359 3414 est
1380 3351 1409 3412 in
1431 3352 1572 3415 versione
1594 3349 1748 3434 liturgiae
1771 3349 1921 3432 Copticae
1942 3347 2033 3413 Basili

1263 3699 1297 3771 3.
1343 3699 1464 3770 Oratio
1491 3699 1567 3770 oeli.

821 3906 915 3987 Raro
938 3920 985 3984 bic
1008 3921 1110 3985 titulus
1134 3921 1267 3984 occurrit
1293 3921 1323 3983 in
1346 3919 1478 4002 Syriacis
1500 3919 1660 4001 Litargiis,
1691 3917 1796 3982 cadem
1825 3926 1928 3981 tamen
1949 3924 1992 3979 ast
2010 3930 2065 3994 ann

731 4022 762 4084 in
784 4023 907 4088 Graecis
935 4034 965 4088 ct
987 4024 1118 4107 Copticis
1146 4026 1254 4089 dicitur
1281 4022 1343 4087 τοῦ
1363 4011 1654 4102 καταπετάσματος
1685 4022 1722 4085 dc
1751 4039 1811 4104 qua
1844 4022 1956 4085 dictum
1980 4025 2019 4083 est
2039 4012 2066 4077 ad

732 4122 895 4208 Litargiam
915 4124 1026 4192 Basilii

820 4399 850 4465 d.
894 4388 966 4467 Hoc
989 4400 1056 4464 loco
1079 4408 1166 4462 autor
1188 4399 1255 4463 lause
1277 4399 1452 4482 mysterium
1466 4397 1678 4462 iucarnationis
1701 4398 1847 4480 explicat,
1870 4403 1954 4460 recte
1975 4390 2067 4476 quidun

736 4513 875 4584 quantum
905 4503 943 4567 ad
964 4503 1145 4585 rejiciendas
1167 4511 1288 4566 veteres
1310 4502 1464 4581 haereses,
1487 4504 1664 4584 praesertim
1682 4501 1871 4583 Apollinaris
1895 4496 2066 4578 etliutpcbis:

734 4621 809 4685 unas
830 4604 984 4667 Jacobitae
1006 4620 1094 4666 unam
1116 4612 1148 4666 ει
1169 4603 1302 4666 eamdem
1325 4622 1394 4665 ossa
1417 4601 1612 4685 pertendunt:
1635 4620 1739 4665 verum
1762 4619 1802 4664 ex
1818 4598 2066 4682 Aionopbysitarnn

733 4704 892 4780 sententia,
914 4722 975 4767 non
997 4722 1085 4765 unam
1106 4703 1196 4766 modo
1224 4719 1400 4784 personam,
1431 4702 1487 4765 scd
1515 4720 1602 4764 unnrn
1631 4710 1765 4764 naturam
1793 4700 1946 4782 agnoscit
1991 4696 2068 4773 Alunt

732 4801 810 4864 baec
832 4811 907 4882 crat,
932 4811 1037 4885 estque
1061 4803 1220 4865 etiamnum
1241 4801 1442 4865 Jacobitarum
1455 4801 1600 4880 doctrina,
1622 4802 1680 4865 illis
1694 4799 1948 4865 confessionibus
1968 4792 2068 4858 maxine

734 4902 846 4983 similis,
870 4922 994 4985 quarum
1017 4903 1131 4986 aliquas
1153 4901 1306 4965 retulimus
1336 4903 1364 4965 in
1395 4902 1525 4965 Historia
1546 4901 1781 4964 Patriarcharum
1802 4897 2068 4963 Alexandrinorum:

732 5003 885 5083 variisque
907 5003 1084 5068 testimoniis
1106 5020 1185 5085 qnae
1206 5001 1319 5084 passim
1340 5009 1503 5065 occurrunt
1524 5002 1554 5064 in
1577 5002 1718 5065 'fractam
1740 5003 1791 5082 qui
1811 5000 1985 5064 inscribitur
2001 4990 2069 5056 ntes

733 5099 868 5164 Patrona
