4525 6034
725 539 802 614 468
873 639 881 660 x
1296 537 1527 615 NOTAE

722 723 857 806 quamvis
880 722 918 785 de
942 741 980 785 eo
1005 721 1199 786 doctissimus
1223 725 1374 806 interpres
1397 724 1471 787 satis
1493 725 1618 807 copiose
1634 724 1788 807 praelatus
1812 725 1908 805 luent,
1928 729 2000 809 plura
2017 739 2055 794 ta-

722 843 790 886 men
813 823 851 886 dc
874 842 912 887 eo
934 823 1078 887 habemus
1100 830 1132 886 et
1154 824 1296 887 certiora.
1339 824 1433 886 Natus
1456 832 1503 886 est
1525 823 1694 910 Gregorius
1715 824 1877 904 llelitinae,
1900 846 1978 907 ιιιιιιιιι
1994 830 2057 892 hra-

721 923 776 986 hes
805 923 954 987 llalatiam
985 930 1114 1000 vocant,
1150 938 1229 984 anno
1265 921 1490 986 Seleucidarum
1526 942 1582 987 seu
1608 924 1775 988 Alexandri
1804 925 1993 991 dcxxxvii.
2019 931 2057 1009 qni

720 1024 887 1105 respondet
917 1041 953 1085 an
983 1022 1011 1087 J.
1036 1021 1069 1086 C.
1091 1021 1269 1086 thCXXV.
1298 1022 1475 1104 parentibus
1498 1021 1691 1087 Christianis:
1720 1024 1875 1089 Michaelis
1903 1029 2059 1091 Patriarchae

721 1123 912 1202 Antiocheni,
935 1142 976 1185 ex
998 1121 1092 1184 tratre
1116 1140 1213 1203 nepos
1236 1130 1269 1184 ut
1291 1131 1414 1185 notatur
1436 1123 1466 1185 in
1489 1123 1565 1188 Cod.
1590 1123 1776 1188 Colhertino.
1825 1124 1930 1190 llcdioi
1949 1135 1977 1189 ut
1995 1127 2058 1188 multi

720 1220 841 1283 tradunt
864 1221 940 1284 silius
963 1221 1033 1298 iuit3
1064 1240 1122 1304 qua
1147 1223 1177 1285 in
1200 1230 1265 1285 arte
1287 1239 1349 1283 non
1372 1223 1469 1284 minus
1492 1221 1571 1304 apud
1600 1241 1674 1287 suos
1701 1242 1789 1305 quam
1817 1243 1858 1286 ex
1884 1225 2059 1307 Philosophiae

722 1340 836 1384 summa
858 1322 965 1403 peritia
989 1320 1138 1400 inclaruit,
1170 1319 1258 1384 editis
1290 1320 1327 1383 de
1359 1340 1395 1383 ea
1425 1321 1524 1384 irrultis
1553 1322 1762 1385 voluminibus.
1805 1321 1988 1402 Bor-Hebri,
2010 1325 2060 1386 sire

720 1420 817 1482 Hebri
834 1420 920 1500 silice
943 1428 992 1482 aut
1013 1420 1275 1498 Bor-Hebraeos,
1307 1428 1339 1483 ut
1362 1438 1429 1482 eum
1451 1439 1547 1502 saepe
1569 1424 1690 1485 vocavit
1717 1421 1868 1484 Abraham
1893 1424 2062 1499 Echelleusis,

721 1520 890 1602 appellatus
921 1521 1011 1583 etiam
1044 1527 1108 1596 est,
1140 1521 1226 1601 quus
1261 1521 1450 1602 cognominis
1485 1522 1632 1583 rationem
1662 1540 1702 1583 ne
1728 1522 1926 1602 conjectando
1966 1523 2062 1603 quiden

721 1621 843 1701 assequi
866 1638 901 1682 se
924 1639 1015 1701 posse
1040 1620 1162 1682 allirmat
1185 1619 1362 1684 Pocockius.
1392 1614 1454 1710 Cur
1477 1621 1517 1682 ita
1541 1622 1770 1702 cognominatus
1793 1621 1885 1683 luerit
1906 1640 1993 1703 aeque
2011 1641 2063 1683 coro

722 1737 759 1780 eo
783 1720 943 1797 nescimus,
966 1718 1021 1781 sed
1044 1721 1084 1782 ita
1106 1721 1350 1800 cognominatum
1373 1718 1466 1782 luisse
1490 1727 1605 1781 certum
1622 1728 1680 1795 est,
1703 1739 1769 1783 curn
1782 1722 1811 1782 in
1824 1721 1919 1786 Codd.
1934 1721 2062 1803 plusquam

721 1818 843 1898 triginta
873 1821 938 1901 ejus
967 1837 1093 1899 operum
1115 1819 1230 1902 Regiis,
1259 1818 1414 1897 Mediceis,
1440 1818 1641 1894 Colhertinis,
1671 1821 1710 1880 ita
1738 1822 1886 1902 scriptum
1914 1822 2062 1901 reperiatur.

720 1917 807 1979 Alios
838 1917 902 1998 ejus
937 1917 1055 1997 titulos,
1086 1919 1137 2000 qui
1167 1936 1227 1981 non
1255 1918 1314 1981 nisi
1337 1917 1441 1981 laudes
1464 1919 1635 1996 continent,
1669 1938 1794 2000 quarum
1824 1923 1909 1983 arari
1936 1938 1989 1983 non
2012 1928 2063 1982 sunt

720 2016 902 2092 OrientaleS,
924 2019 1136 2099 praeterimus,
1159 2038 1226 2081 cum
1249 2017 1321 2079 nihil
1335 2017 1371 2080 ad
1394 2037 1458 2080 rem
1470 2020 1653 2100 pertineant,
1676 2037 1765 2080 unuin
1781 2018 1947 2099 excipimus
1968 2028 2063 2085 ndito

719 2121 855 2183 hutini
881 2117 1016 2198 Mosrion
1037 2116 1182 2195 Orientis,
1204 2135 1293 2199 quem
1315 2116 1484 2181 Pooockius
1506 2119 1597 2180 vertit
1618 2118 1734 2180 Doctor
1755 2117 1898 2182 Orientis.
1927 2118 1965 2180 At
1985 2116 2064 2179 titolm

720 2224 785 2279 erat
808 2216 960 2301 dignitatis
983 2197 1216 2280 Ecclesiasticus
1239 2217 1318 2278 inter
1338 2216 1491 2279 lacobitas
1517 2218 1612 2299 Syros
1642 2224 1711 2298 post
1739 2216 1967 2279 Patriarchalem
1991 2235 2065 2297 prae-

719 2317 837 2400 cipuae,
860 2326 890 2380 et
913 2317 1136 2398 bletropolitica
1159 2317 1344 2398 superioris:
1368 2316 1443 2379 alias
1457 2316 1630 2380 Catholicos
1653 2334 1708 2379 eos
1731 2316 1935 2398 appellabant.
1956 2315 2065 2378 Saccas·

719 2425 822 2479 serant
852 2435 945 2498 porro
974 2416 1016 2479 illi
1044 2416 1204 2479 Antistites
1234 2414 1399 2479 Catholicis
1422 2415 1581 2479 Seleuciae
1611 2424 1642 2479 et
1671 2415 1894 2497 Ctesiphontis,
1927 2416 1974 2494 qui
1997 2414 2066 2475 aliter

719 2515 790 2578 dicti
812 2525 882 2581 sunt
904 2515 1049 2580 Catholici
1072 2514 1203 2578 Persidis
1237 2522 1269 2577 et
1290 2515 1463 2594 Armeniae,
1487 2533 1565 2596 quae
1587 2534 1674 2578 suum
1696 2515 1804 2578 deinde
1828 2515 1933 2578 hahuit
1954 2512 2065 2577 Catholi-

719 2634 796 2694 curn,
820 2634 888 2678 eum
911 2616 1027 2678 scilicet
1049 2615 1099 2696 qui
1122 2614 1246 2677 honoris
1275 2616 1373 2696 gratia
1397 2614 1568 2678 Patriarcha
1591 2615 1769 2698 appellatur.
1811 2615 1855 2677 At
1887 2634 1953 2676 curn
1973 2614 2065 2675 Necte

718 2715 795 2778 riani
817 2714 920 2778 sedern
944 2715 1100 2780 Seleuciae
1124 2721 1155 2776 et
1178 2712 1383 2795 Ctesiphontis
1405 2714 1462 2776 sub
1485 2714 1594 2777 ultimis
1607 2715 1765 2777 Persarum
1787 2716 1916 2797 regibus
1938 2731 2066 2794 occupes·

718 2822 785 2877 sent
808 2822 839 2877 et
861 2815 891 2877 in
913 2833 950 2878 ea
972 2822 1063 2897 caput
1084 2822 1187 2877 sectae
1217 2831 1306 2890 suae,
1336 2832 1567 2895 supremumque
1590 2814 1762 2878 Antistitem
1785 2806 2021 2889 constituissent,
2042 2820 2065 2873 et

718 2914 898 2996 amplissima
922 2922 991 2977 ante
1014 2914 1088 2977 alios
1111 2911 1300 2976 Christianos
1323 2913 1410 2995 primi
1433 2914 1635 2977 obtinuissent
1648 2913 1808 2996 privilegia
1832 2912 2066 2977 ahluhamedanis

716 3013 916 3095 Principibus,
940 3012 1149 3076 abstinuerunt
1176 3012 1335 3094 aliquando
1365 3014 1433 3095 Syri
1456 3033 1473 3075 a
1497 3014 1614 3077 nominc
1638 3013 1799 3093 Catholici,
1829 3015 1872 3076 ita
1902 3013 1976 3076 loric
2000 3019 2066 3072 sata·

717 3113 859 3196 gentihus
882 3111 1082 3190 Nestorianis,
1104 3132 1144 3176 ne
1167 3131 1277 3176 nomen
1300 3112 1424 3176 honoris
1447 3114 1721 3177 communicaretur
1741 3112 1948 3177 lacobitarum
1960 3113 2067 3175 Antisti-

716 3211 880 3290 tibus,vel
904 3219 1068 3274 exsectae
1091 3211 1171 3275 odio.
1225 3211 1329 3294 ltaque
1356 3211 1491 3291 Mofrion
1519 3221 1645 3275 vocatus
1678 3221 1740 3292 est,
1768 3232 1871 3294 neque
1901 3210 2065 3285 Antiochiae,

716 3311 767 3374 obi
790 3311 960 3373 Patriarcha
983 3313 1131 3394 integram
1157 3314 1350 3375 autoritatem
1377 3310 1516 3389 hahebat,
1539 3311 1594 3374 sed
1617 3311 1757 3375 Takritae
1779 3314 1810 3374 in
1832 3313 1993 3374 Anneniae
2013 3310 2066 3371 oh-

714 3413 783 3488 hus,
806 3411 898 3493 vulgo
921 3409 1025 3474 sedem
1048 3410 1159 3475 hahuit.
1204 3411 1276 3474 Eam
1299 3412 1391 3495 igitur
1421 3411 1595 3492 dignitatem
1617 3414 1755 3474 sustinuit
1776 3414 1806 3474 in
1827 3411 1969 3474 Ecclesia
1989 3408 2064 3470 Jaco-

715 3513 806 3575 hitica
830 3509 1013 3595 Gregorius,
1040 3530 1150 3594 magna
1180 3529 1247 3573 cum
1280 3510 1383 3588 laude,
1412 3510 1500 3573 editis
1528 3512 1670 3592 operibus
1696 3514 1788 3574 variis
1823 3514 1908 3574 circa
1936 3511 2016 3574 fidem
2042 3515 2065 3568 ot

716 3608 900 3693 disciplinam
923 3608 1185 3686 Ecclesiasticam,
1216 3628 1305 3690 quam
1334 3627 1519 3691 magnopere
1548 3610 1715 3674 illustravit.
1770 3610 1852 3674 Obiit
1882 3619 1979 3672 autem
2003 3622 2064 3669 anno

716 3711 901 3774 Graecorum
922 3707 1147 3775 Maxenti.
1171 3707 1205 3774 C.
1228 3707 1457 3773 thCthlllV.
1487 3708 1640 3793 hlaragae,
1663 3728 1741 3792 quae
1764 3717 1811 3773 est
1831 3710 1909 3773 urbs
1931 3711 1960 3772 in
1981 3708 2065 3770 Ado·-

714 3812 814 3893 bijana
837 3809 977 3891 celebris,
1001 3818 1049 3873 est
1071 3816 1170 3871 autern
1194 3809 1377 3890 Aderbijana
1405 3807 1436 3870 in
1466 3810 1563 3870 veteri
1586 3808 1701 3872 llcdia:
1735 3810 1927 3892 relatumque
1955 3807 2065 3870 cadaver

717 3909 755 3975 ad
783 3910 999 3973 hlorrosterium
1030 3909 1060 3972 S.
1091 3909 1232 3987 llathaei,
1259 3909 1300 3971 ihi
1322 3907 1472 3990 sepultum
1501 3915 1557 3971 cst.
1608 3909 1689 3971 llaec
1715 3908 1873 3972 habuimus
1903 3929 1944 3972 ex
1972 3906 2065 3971 Codice

716 4012 827 4094 optimo
849 4008 997 4088 llediceo,
1020 4012 1071 4091 qui
1095 4008 1132 4069 ab
1162 4016 1260 4071 aetate
1290 4009 1404 4070 autoris
1427 4025 1487 4069 non
1510 4006 1632 4070 multum
1655 4007 1766 4071 distare
1797 4008 1887 4071 nohis
1915 4009 1995 4071 risus
2020 4010 2065 4067 est.

716 4111 804 4187 Quod
827 4108 972 4172 dubitavit
994 4108 1163 4172 Pooockius
1186 4126 1223 4170 an
1247 4107 1324 4170 idem
1352 4105 1527 4189 Gregorius,
1550 4108 1619 4188 quia
1640 4107 1834 4188 Abnlseryios
1863 4110 1931 4170 sive
1959 4115 1989 4169 ut
2013 4105 2065 4184 ipse

714 4212 829 4289 scribit,
852 4209 1079 4289 Abolsorapritr,
1102 4209 1190 4270 etiarn
1212 4207 1388 4284 vocabatur,
1410 4206 1488 4269 idem
1510 4205 1600 4270 luerit
1622 4209 1671 4289 qui
1694 4207 1886 4270 Eboel-Taib
1910 4207 2002 4270 dictus
2021 4210 2066 4276 est,

715 4312 830 4392 absque
860 4309 919 4372 alio
950 4314 1127 4390 argumento
1159 4306 1230 4370 iecit
1251 4314 1463 4389 praeterquam
1492 4306 1619 4370 nominis
1649 4307 1857 4383 similitudine3
1893 4310 1919 4370 is
1947 4308 2064 4368 enimet

715 4411 865 4491 antiquior
887 4408 951 4485 luit,
974 4415 1005 4470 ct
1033 4408 1064 4469 in
1084 4406 1265 4470 Nestoriana
1294 4415 1379 4469 secta
1408 4424 1469 4469 non
1498 4408 1594 4469 minus
1623 4407 1772 4486 celebris,
1807 4426 1899 4488 quam
1925 4404 2066 4470 nosterin
2187 4417 2188 4466 ῑ

714 4528 770 4574 sua
791 4508 967 4573 Jacohitica.
1016 4506 1129 4569 Extant
1157 4505 1253 4569 adhuc
1282 4523 1377 4587 opera
1404 4507 1490 4570 istius
1521 4505 1661 4569 nonnulla
1694 4506 1827 4569 Arabice
1856 4507 1898 4570 de
1928 4505 2066 4588 Religione

716 4607 897 4686 Christiana,
920 4615 951 4669 et
977 4606 1014 4669 ad
1042 4614 1146 4668 sectae
1175 4624 1249 4669 suae
1278 4605 1417 4688 dogmata
1440 4605 1628 4670 vindicanda.
1679 4606 1754 4669 Turn
1782 4581 2065 4669 Commentarimin

714 4708 892 4792 Evangelia,
915 4725 1004 4788 quern
1026 4706 1100 4768 tanti
1121 4703 1260 4768 iecerunt
1289 4705 1461 4784 lacobitae,
1490 4713 1537 4786 ut,
1565 4705 1636 4768 licet
1663 4707 1803 4788 perpetui
1831 4705 2076 4770 Nestorianoruu.

712 4808 828 4886 hostes,
851 4806 931 4868 illum
953 4803 1084 4868 Arabice
1114 4804 1331 4884 transtulerint,
1354 4803 1503 4868 nonnullis
1525 4806 1664 4884 resectis,
1688 4814 1721 4868 ut
1743 4812 1872 4868 testatur
1895 4803 2065 4867 Abulhircat

713 4907 804 4971 Extat
827 4908 856 4968 in
878 4904 1062 4967 Bibliotheca
1085 4903 1291 4986 Seguieriana.
1336 4905 1538 4968 Recensuisse
1560 4906 1649 4968 etiam
1672 4905 1780 4969 dicitur
1801 4906 1978 4968 versionem
1998 4903 2065 4964 An·
2186 4939 2188 5006 i

712 5007 811 5070 bicam
832 5022 986 5069 sacrorum
1008 5002 1171 5067 bibliorum
1194 5024 1234 5068 ex
1256 5006 1381 5088 Syriaca
1407 5004 1531 5068 iactam:
1560 5005 1619 5067 imo
1649 5025 1688 5069 ex
1717 4995 1912 5070 Praelation'e
1942 5005 1978 5068 ad
2004 5018 2064 5064 rer·
2186 5009 2188 5028 ¹
