4525 6034
602 588 648 665 IN
673 587 937 667 lluundlun
968 584 1196 665 latescant.
1501 585 1579 661 tet

214 793 288 837 care
314 774 485 851 oobieaon,
514 773 553 837 de
582 774 649 855 ipsa
680 772 800 837 Christo
825 771 1020 857 intelligenda
1046 790 1134 849 esse,
1163 790 1225 836 nan
1253 773 1292 837 de
1318 772 1409 856 Agna
1435 772 1580 838 Paschali.

211 874 399 950 Paccianae,
421 874 528 955 inquit,
550 892 638 937 ruam
659 872 848 954 deamata,
870 874 913 935 od
933 875 1019 952 ocupa
1040 872 1263 934 similitudieem
1284 874 1403 953 accepit
1420 892 1530 953 paoem
1552 881 1583 935 et

208 972 305 1052 [regit
321 974 423 1053 pridie
444 992 534 1054 qaam
552 981 720 1054 poteretur,
742 973 856 1035 docens
877 992 940 1048 eos,
961 992 1000 1034 rte
1022 969 1229 1057 wmdudaeis
1250 990 1361 1053 apuam
1382 972 1581 1050 immolarent,

210 1077 242 1132 et
263 1074 460 1135 comederent.
483 1072 553 1154 lpse
575 1075 654 1134 enim
676 1080 745 1134 erat
764 1073 817 1153 qui
840 1079 984 1153 tuaquom
1006 1089 1103 1152 aprus
1120 1089 1181 1150 pro
1202 1073 1279 1152 ipsis
1299 1072 1480 1134 metandae
1501 1080 1579 1153 erat,

211 1189 251 1232 aa
272 1171 322 1232 die
343 1191 432 1252 quam
453 1172 624 1252 Prophetae
644 1172 683 1233 de
704 1190 741 1233 eo
766 1173 998 1252 praediaerant.
1044 1169 1126 1232 llaec
1156 1177 1255 1232 tamen
1282 1170 1431 1233 sententia
1453 1172 1496 1234 illi
1517 1190 1581 1235 non

210 1269 369 1350 probatur,
392 1271 528 1353 duasque
550 1271 664 1333 idcirco
688 1287 802 1333 coenas
830 1270 973 1352 distingui
991 1269 1094 1352 Jubet:
1128 1270 1254 1351 primam
1284 1287 1362 1351 quae
1392 1271 1579 1334 astantibus

210 1376 335 1451 peracta
358 1378 416 1447 est,
439 1389 526 1452 quam
548 1369 693 1453 Legalem
714 1368 808 1433 luisse
832 1369 938 1445 credit,
961 1370 1093 1451 quodita
1111 1368 1256 1453 exLegis
1269 1370 1460 1451 praescripto
1483 1389 1579 1455 agnus

213 1477 280 1531 erat
304 1469 525 1533 comedendus:
554 1470 679 1532 alteram
701 1469 730 1531 in
759 1487 818 1551 qua
845 1486 955 1532 novum
976 1467 1090 1531 Pascha
1112 1468 1245 1532 instituit
1290 1468 1342 1530 Usi
1371 1477 1442 1532 sunt
1472 1470 1581 1534 eodem

210 1577 389 1648 argumento
413 1569 542 1650 plurimi,
564 1586 626 1631 non
647 1570 835 1632 recentiores
862 1568 953 1631 modo
980 1567 1139 1650 Theologi,
1162 1567 1217 1630 sed
1247 1568 1336 1630 etiam
1363 1576 1580 1651 veteresque

209 1674 311 1730 tamen
332 1667 405 1730 nihil
428 1669 566 1731 allicitur:
590 1676 622 1731 et
644 1668 682 1731 ab
705 1668 771 1730 aliis
794 1677 952 1750 peccatum
975 1677 1021 1731 est
1042 1668 1213 1751 ignorantia
1234 1665 1354 1729 Rituum
1376 1667 1579 1734 ludaicorum.

211 1764 336 1830 Certum
358 1769 438 1831 enim
460 1776 508 1831 est
530 1787 571 1831 ex
593 1768 721 1849 antiquis
742 1767 859 1831 illarum
878 1769 1086 1847 monumentis,
1109 1767 1255 1849 quaedam
1270 1767 1408 1848 inprime
1423 1768 1580 1850 Paschate,

210 1867 293 1947 quod
316 1870 346 1931 in
368 1869 452 1931 exitu
474 1868 513 1930 de
535 1868 678 1951 Aegypto
701 1867 955 1945 celebratumest,
978 1868 1140 1930 observata
1163 1865 1266 1946 luisse,
1290 1885 1367 1947 quae
1389 1870 1581 1949 postmodum

209 1967 324 2029 amasa
346 1974 426 2047 sunt,
449 1976 540 2049 atque
561 1968 640 2030 inter
661 1966 729 2049 alia,
751 1975 866 2031 stantes
889 1974 920 2029 et
941 1966 1064 2029 renibus
1084 1967 1236 2029 accinctos
1260 1966 1433 2046 comedere,
1455 1967 1580 2033 baculos

209 2064 360 2130 habentes
382 2067 414 2129 in
435 2067 584 2144 manibus,
607 2076 638 2130 et
660 2066 806 2149 quaedam
821 2066 909 2147 hujus
925 2067 1060 2151 generis,
1082 2065 1242 2150 diligenter
1264 2072 1366 2129 nauta
1390 2065 1427 2129 ab
1451 2068 1580 2149 antiquis

211 2168 385 2230 autoribus:
418 2168 449 2229 in
471 2166 617 2248 liugadat
637 2167 833 2247 Hoppesaclt,
862 2167 893 2228 in
923 2166 1064 2228 Tractatu
1091 2163 1263 2239 Pesacbim,
1294 2173 1325 2227 et
1352 2167 1465 2247 passim
1499 2167 1579 2234 alibi.

208 2263 319 2346 Neque
340 2267 439 2330 locum
461 2266 510 2330 hic
531 2265 644 2329 habere
666 2274 767 2348 potest
788 2266 923 2348 vulgaris
934 2265 984 2328 illa
1012 2266 1153 2347 exceptio
1177 2264 1215 2327 de
1236 2264 1374 2328 futilitate
1389 2264 1581 2331 ludaicarum

211 2365 435 2443 Traditionum,
464 2373 496 2429 et
524 2365 634 2446 ineptis
663 2363 786 2445 fabulis,
823 2364 931 2446 quibus
958 2372 1078 2428 scatere
1109 2364 1276 2427 Pandectas
1304 2363 1492 2430 'lalmudicos
1519 2385 1582 2431 non

209 2465 389 2544 inficiamur,
411 2465 470 2528 illis
493 2466 672 2545 praesertim
695 2482 769 2546 quas
793 2484 833 2527 ex
856 2465 926 2528 odio
943 2463 1132 2528 Christianae
1155 2463 1321 2547 Religionis
1344 2471 1429 2527 natas
1452 2472 1483 2529 et
1504 2484 1582 2548 prc-

208 2573 339 2649 pagatas
362 2566 564 2646 agnoscimus.
586 2563 628 2627 At
649 2583 727 2646 quae
750 2563 985 2627 consuetudines
1007 2571 1140 2642 veteres,
1164 2562 1410 2646 disciplinamque
1432 2574 1581 2645 spectant,

211 2683 293 2746 quae
320 2664 442 2747 vigeret
471 2671 569 2727 stante
596 2664 724 2744 templo,
750 2682 787 2726 ea
817 2682 917 2745 neque
951 2662 1074 2726 ludaeis
1104 2670 1249 2744 prosunt,
1276 2681 1376 2744 neque
1404 2662 1581 2729 Christianis

210 2772 336 2844 nocent,
360 2765 419 2826 imo
442 2782 537 2845 saepe
559 2763 596 2826 ad
620 2765 789 2845 scripturae
810 2781 928 2842 sacrae,
951 2764 1041 2825 etiam
1054 2761 1133 2825 Novi
1151 2761 1333 2826 Testamenti
1356 2763 1581 2846 intelligentiam

210 2863 372 2945 plurimum
395 2861 471 2925 lucis
495 2862 633 2929 afferunt.
678 2863 843 2944 Plerosque
866 2870 988 2926 autores
1012 2879 1072 2924 nun
1094 2861 1191 2924 minus
1212 2870 1336 2925 veteres
1359 2881 1446 2943 quam
1468 2882 1581 2927 recen-

211 2963 319 3039 tiores,
342 2980 402 3025 non
424 2963 497 3026 satis
520 2970 698 3044 perspectas
716 2962 858 3026 habuisse
876 2962 1092 3042 caeremonias,
1115 2979 1194 3043 quae
1216 2969 1315 3025 stante
1336 2962 1448 3044 templo
1470 2964 1501 3027 in
1523 2983 1581 3028 usu

211 3069 312 3139 erant,
335 3061 436 3125 multis
459 3064 644 3144 argumentis
659 3062 892 3140 demonstratur,
915 3070 946 3124 et
959 3061 1068 3124 Graeci
1090 3060 1156 3124 illas
1167 3063 1331 3142 praecipue
1352 3064 1580 3143 ignoraverunt.

210 3161 320 3242 Neque
343 3161 373 3223 id
396 3162 512 3240 mirum,
536 3181 603 3224 cum
625 3163 705 3225 inter
731 3161 866 3225 ludaeos
894 3161 1073 3224 Hellenistas
1103 3160 1293 3224 doctissimus
1315 3161 1417 3239 Philo,
1440 3182 1493 3227 eas
1522 3183 1582 3228 ne-

210 3264 326 3339 sciens,
348 3260 512 3342 plerosque
540 3262 569 3323 in
603 3279 738 3324 errorem
768 3260 929 3324 induxerit
979 3261 1083 3341 ltaque
1118 3259 1226 3324 Graeci
1259 3260 1328 3324 dum
1355 3260 1468 3325 Latinis
1498 3264 1581 3327 cirea

210 3358 328 3442 Azyma
351 3358 431 3422 litem
460 3379 501 3422 ex
526 3360 680 3424 Paschatis
711 3360 884 3423 celebrandi
915 3360 1034 3423 ratione
1067 3367 1244 3438 moverunt,
1273 3361 1303 3422 in
1332 3360 1460 3431 absurda
1489 3364 1581 3428 multa

209 3461 376 3523 incurrisse
398 3459 549 3539 nolentes,
573 3458 849 3541 deprehenduntur,
873 3476 951 3540 quae
979 3459 1048 3541 Syri
1071 3457 1190 3540 quidam
1213 3476 1272 3521 non
1296 3458 1483 3545 effugerunt,
1513 3463 1581 3527 dum

210 3566 246 3620 ut
267 3560 450 3622 Fermentati
473 3562 519 3622 sui
543 3578 629 3623 usum
652 3559 831 3639 stabilirent,
855 3558 1031 3641 adjecerunt
1059 3559 1224 3621 narrationi
1246 3558 1448 3644 Evangelicae
1475 3564 1506 3625 in
1527 3563 1583 3626 Li-

211 3660 324 3742 turgia,
349 3657 500 3721 caream
522 3661 678 3741 accepisse
700 3679 812 3740 ponera
837 3659 1058 3739 [ementatum
1082 3659 1162 3740 quod
1186 3677 1226 3721 ex
1247 3658 1415 3743 Evangelio
1440 3679 1501 3724 non
1522 3661 1581 3723 ha-

210 3758 311 3824 betur.
356 3758 419 3821 llac
449 3760 528 3821 enim
556 3760 587 3821 in
610 3766 697 3840 parte
719 3759 870 3821 Romanae
891 3759 1049 3821 Ecclesiae
1072 3759 1209 3838 traditio,
1243 3759 1340 3843 nragis
1368 3768 1487 3824 constat
1515 3763 1582 3843 ipsa

211 3858 286 3923 sibi:
308 3875 376 3920 nam
398 3876 466 3920 cum
489 3857 628 3939 exemplo
651 3856 763 3921 Christi
784 3876 819 3921 se
842 3865 953 3934 tuetur,
975 3868 1006 3922 et
1027 3859 1109 3921 illum
1131 3859 1306 3922 celebrasse
1328 3860 1443 3923 Pascha
1465 3861 1582 3924 Mosai-

212 3978 280 4021 eum
311 3957 404 4039 vulgo
434 3958 533 4039 docet,
563 3966 648 4021 recte
675 3956 792 4039 Azymo
822 3976 901 4040 pane
934 3958 1041 4037 utitur,
1077 3977 1139 4040 quo
1167 3958 1233 4021 solo
1261 3977 1347 4021 usum
1376 3960 1457 4023 illum
1487 3960 1582 4024 brisso

212 4064 342 4135 constat,
364 4056 453 4119 modo
475 4057 590 4140 Legem
613 4075 700 4139 quam
724 4057 939 4138 adimpleturus
966 4067 1104 4137 venerat,
1132 4058 1350 4123 observaverit.
1400 4059 1581 4124 Fermentali

212 4158 304 4236 enim,
328 4176 345 4219 a
366 4157 462 4238 prima
485 4156 536 4220 illa
557 4175 688 4239 vespera
711 4156 749 4219 ad
777 4165 914 4220 octavam
943 4174 1041 4237 usque
1064 4157 1142 4220 diem
1164 4175 1247 4236 usus,
1270 4158 1326 4220 sub
1350 4159 1459 4222 excidii
1481 4178 1580 4242 poena

213 4263 281 4319 erat
302 4255 482 4337 prohibituS,
506 4276 595 4339 quam
609 4256 710 4341 legem
733 4257 759 4319 si
780 4274 894 4320 summo
913 4257 983 4338 jare
1005 4256 1144 4320 Christus
1166 4257 1327 4335 omisisset,
1349 4259 1468 4339 plenam
1491 4259 1581 4325 dabat

211 4355 348 4434 ludaeis,
370 4356 489 4437 ipsique
510 4356 670 4437 proditori,
694 4357 745 4438 qui
769 4355 889 4419 Coenae
919 4354 1056 4418 Pascbali
1084 4355 1272 4435 interfuerat,
1295 4357 1491 4422 calumniandi
1512 4379 1579 4422 ma-

211 4457 327 4518 teriam.
372 4455 430 4528 Qui
452 4457 531 4519 enim
555 4457 705 4533 dicebant,
728 4474 796 4518 cum
818 4475 875 4538 per
903 4473 1048 4518 summum
1069 4456 1245 4519 miraculum
1271 4455 1419 4521 hominem
1450 4458 1580 4525 Sabbata

213 4560 349 4616 curatum
371 4555 528 4636 vidissent,
556 4558 614 4618 tete
641 4557 730 4619 bomo
758 4575 819 4618 aon
848 4564 894 4618 est
920 4575 941 4617 a
967 4555 1050 4632 Deo,
1079 4559 1131 4637 qai
1158 4555 1324 4619 Sobbatrrrn
1351 4578 1412 4620 non
1440 4562 1580 4638 cuswdit,

212 4652 283 4734 quid
313 4654 352 4716 de
378 4654 502 4736 legitimi
531 4655 684 4718 Paschatis
713 4653 876 4718 violatione
905 4655 1013 4719 dicturi
1042 4673 1102 4718 non
1131 4654 1282 4719 luissent?
1311 4657 1423 4720 Verum
1451 4658 1490 4721 de
1520 4657 1579 4721 hoc

212 4760 392 4834 argumento
414 4754 466 4815 vix
488 4753 658 4819 Orientales
680 4754 790 4836 aliquid
812 4755 1010 4837 scripserunt,
1031 4757 1089 4818 nisi
1112 4757 1143 4817 in
1166 4755 1392 4820 Commentariis
1415 4758 1453 4820 ad
1472 4754 1578 4821 Evan-

211 4850 306 4934 gelia,
330 4860 470 4917 anteum
492 4854 638 4918 adversus
660 4853 810 4917 Armenes
840 4854 1041 4936 disputarent:
1072 4857 1122 4936 qui
1144 4855 1267 4937 Azymis
1292 4864 1431 4936 utuntur,
1460 4857 1516 4922 sed
1538 4860 1579 4922 ita

213 4958 248 5012 ut
270 4949 348 5014 illam
371 4951 710 5035 disciplinamaLatinis
733 4971 793 5016 non
816 4956 990 5036 acceperint
1011 4955 1118 5039 magis,
1142 4970 1229 5036 quam
1250 4974 1374 5036 pravam
1396 4966 1427 5021 et
1449 4959 1579 5022 omnium

214 5048 420 5115 Ecclesiamm
450 5054 602 5118 traditioni
632 5054 811 5118 contrariam
840 5055 1101 5136 consuetudinem,
1139 5071 1246 5136 aquam
1272 5056 1343 5121 vino
1371 5060 1579 5124 consecrando

213 5166 275 5212 non
298 5151 490 5216 admiscendi.
