<?xml version="1.0" encoding="UTF-8"?>
<!DOCTYPE html PUBLIC "-//W3C//DTD XHTML 1.0 Transitional//EN"
    "http://www.w3.org/TR/xhtml1/DTD/xhtml1-transitional.dtd">
<html xmlns="http://www.w3.org/1999/xhtml" xml:lang="en" lang="en">
 <head>
  <title>
</title>
<meta http-equiv="Content-Type" content="text/html;charset=utf-8" />
  <meta name='ocr-system' content='tesseract 3.04.00' />
  <meta name='ocr-capabilities' content='ocr_page ocr_carea ocr_par ocr_line ocrx_word'/>
</head>
<body>
  <div class='ocr_page' id='page_1' title='image "./liturgiarumorie00unkngoog/liturgiarumorie00unkngoog_1270.png"; bbox 0 0 4525 6034; ppageno 0'>
   <div class='ocr_carea' id='block_1_1' title="bbox 722 525 1659 637">
    <p class='ocr_par' dir='ltr' id='par_1_1' title="bbox 722 525 1659 637">
     <span class='ocr_line' id='line_1_1' title="bbox 722 525 1659 637; baseline 0.003 -5"><span class='ocrx_word' id='word_1_1' title='bbox 722 557 797 632; x_wconf 77' lang='lat' dir='ltr'>sot</span> <span class='ocrx_word' id='word_1_2' title='bbox 1155 525 1659 637; x_wconf 80' lang='lat' dir='ltr'>utssuarturo</span> 
     </span>
    </p>
   </div>
   <div class='ocr_carea' id='block_1_2' title="bbox 396 743 2052 1193">
    <p class='ocr_par' dir='ltr' id='par_1_2' title="bbox 396 743 2051 1077">
     <span class='ocr_line' id='line_1_2' title="bbox 430 743 2048 845; baseline 0.001 -25"><span class='ocrx_word' id='word_1_3' title='bbox 430 760 489 820; x_wconf 70' lang='lat' dir='ltr'>Aa.</span> <span class='ocrx_word' id='word_1_4' title='bbox 505 759 672 817; x_wconf 69' lang='lat' dir='ltr'>eumue.</span> <span class='ocrx_word' id='word_1_5' title='bbox 685 765 707 830; x_wconf 71' lang='lat' dir='ltr'>s.</span> <span class='ocrx_word' id='word_1_6' title='bbox 720 747 753 818; x_wconf 90' lang='lat' dir='ltr'>in</span> <span class='ocrx_word' id='word_1_7' title='bbox 779 743 919 843; x_wconf 73' lang='lat' dir='ltr'>synodo</span> <span class='ocrx_word' id='word_1_8' title='bbox 946 745 1187 842; x_wconf 86' lang='lat' dir='ltr'>Diamperauu:</span> <span class='ocrx_word' id='word_1_9' title='bbox 1214 745 1275 819; x_wconf 88' lang='lat' dir='ltr'>sed</span> <span class='ocrx_word' id='word_1_10' title='bbox 1301 768 1376 818; x_wconf 87' lang='lat' dir='ltr'>cum</span> <span class='ocrx_word' id='word_1_11' title='bbox 1403 745 1510 834; x_wconf 88' lang='lat' dir='ltr'>addit,</span> <span class='ocrx_word' id='word_1_12' title='bbox 1537 743 1677 819; x_wconf 86' lang='lat' dir='ltr'>Diodori</span> <span class='ocrx_word' id='word_1_13' title='bbox 1690 745 1867 820; x_wconf 82' lang='lat' dir='ltr'>Tarsensis</span> <span class='ocrx_word' id='word_1_14' title='bbox 1881 745 1969 820; x_wconf 84' lang='lat' dir='ltr'>alian</span> <span class='ocrx_word' id='word_1_15' title='bbox 1982 750 2048 845; x_wconf 87' lang='lat' dir='ltr'>apud</span> 
     </span>
     <span class='ocr_line' id='line_1_3' title="bbox 396 846 2049 962; baseline 0.004 -29"><span class='ocrx_word' id='word_1_16' title='bbox 396 846 440 900; x_wconf 76' lang='lat'>²⁸·</span> <span class='ocrx_word' id='word_1_17' title='bbox 458 847 506 899; x_wconf 58' lang='lat' dir='ltr'><em>M</em></span> <span class='ocrx_word' id='word_1_18' title='bbox 523 847 600 900; x_wconf 55' lang='grc' dir='ltr'>Μ*</span> <span class='ocrx_word' id='word_1_19' title='bbox 720 884 781 934; x_wconf 90' lang='lat' dir='ltr'>eos</span> <span class='ocrx_word' id='word_1_20' title='bbox 814 864 970 958; x_wconf 87' lang='lat' dir='ltr'>reperiri,</span> <span class='ocrx_word' id='word_1_21' title='bbox 1003 861 1145 936; x_wconf 84' lang='lat' dir='ltr'>confusa</span> <span class='ocrx_word' id='word_1_22' title='bbox 1179 860 1263 935; x_wconf 83' lang='lat' dir='ltr'>baec</span> <span class='ocrx_word' id='word_1_23' title='bbox 1295 865 1382 935; x_wconf 82' lang='lat' dir='ltr'>inter</span> <span class='ocrx_word' id='word_1_24' title='bbox 1406 885 1446 936; x_wconf 92' lang='lat' dir='ltr'>se</span> <span class='ocrx_word' id='word_1_25' title='bbox 1471 866 1606 937; x_wconf 88' lang='lat' dir='ltr'>nomina</span> <span class='ocrx_word' id='word_1_26' title='bbox 1637 864 1819 935; x_wconf 80' lang='lat' dir='ltr'>uerisimile</span> <span class='ocrx_word' id='word_1_27' title='bbox 1850 874 1911 937; x_wconf 84' lang='lat' dir='ltr'>ost</span> <span class='ocrx_word' id='word_1_28' title='bbox 1956 864 2049 962; x_wconf 87' lang='lat' dir='ltr'>Neque</span> 
     </span>
     <span class='ocr_line' id='line_1_4' title="bbox 720 977 2051 1077; baseline 0.005 -27"><span class='ocrx_word' id='word_1_29' title='bbox 720 982 807 1050; x_wconf 89' lang='lat' dir='ltr'>enim</span> <span class='ocrx_word' id='word_1_30' title='bbox 835 979 979 1056; x_wconf 77' lang='lat' dir='ltr'><strong>Codices</strong></span> <span class='ocrx_word' id='word_1_31' title='bbox 1005 979 1145 1073; x_wconf 77' lang='lat' dir='ltr'>legitimi</span> <span class='ocrx_word' id='word_1_32' title='bbox 1170 981 1204 1051; x_wconf 90' lang='lat' dir='ltr'>iu</span> <span class='ocrx_word' id='word_1_33' title='bbox 1231 978 1369 1052; x_wconf 85' lang='lat' dir='ltr'>Oriente</span> <span class='ocrx_word' id='word_1_34' title='bbox 1401 983 1516 1077; x_wconf 87' lang='lat' dir='ltr'>scripti</span> <span class='ocrx_word' id='word_1_35' title='bbox 1545 977 1632 1052; x_wconf 91' lang='lat' dir='ltr'>illius</span> <span class='ocrx_word' id='word_1_36' title='bbox 1666 983 1897 1053; x_wconf 87' lang='lat' dir='ltr'>meminerunt:</span> <span class='ocrx_word' id='word_1_37' title='bbox 1929 988 2051 1077; x_wconf 78' lang='lat' dir='ltr'>pamm</span> 
     </span>
    </p>

    <p class='ocr_par' dir='ltr' id='par_1_3' title="bbox 720 1095 2052 1193">
     <span class='ocr_line' id='line_1_5' title="bbox 720 1095 2052 1193; baseline 0.004 -27"><span class='ocrx_word' id='word_1_38' title='bbox 720 1118 739 1166; x_wconf 88' lang='lat' dir='ltr'>a</span> <span class='ocrx_word' id='word_1_39' title='bbox 766 1095 975 1169; x_wconf 87' lang='lat' dir='ltr'>Nestorianis</span> <span class='ocrx_word' id='word_1_40' title='bbox 1001 1095 1091 1168; x_wconf 91' lang='lat' dir='ltr'>illum</span> <span class='ocrx_word' id='word_1_41' title='bbox 1117 1098 1203 1167; x_wconf 92' lang='lat' dir='ltr'>inter</span> <span class='ocrx_word' id='word_1_42' title='bbox 1228 1095 1368 1169; x_wconf 88' lang='lat' dir='ltr'>coelites</span> <span class='ocrx_word' id='word_1_43' title='bbox 1395 1096 1461 1168; x_wconf 92' lang='lat' dir='ltr'>coli</span> <span class='ocrx_word' id='word_1_44' title='bbox 1487 1118 1555 1169; x_wconf 91' lang='lat' dir='ltr'>non</span> <span class='ocrx_word' id='word_1_45' title='bbox 1582 1098 1786 1188; x_wconf 70' lang='lat' dir='ltr'>ignoremus,</span> <span class='ocrx_word' id='word_1_46' title='bbox 1813 1121 1887 1170; x_wconf 90' lang='lat' dir='ltr'>cum</span> <span class='ocrx_word' id='word_1_47' title='bbox 1904 1104 1969 1193; x_wconf 86' lang='lat' dir='ltr'>ejm</span> <span class='ocrx_word' id='word_1_48' title='bbox 1991 1123 2052 1171; x_wconf 90' lang='lat' dir='ltr'>me-</span> 
     </span>
    </p>
   </div>
   <div class='ocr_carea' id='block_1_3' title="bbox 396 1209 2059 2008">
    <p class='ocr_par' dir='ltr' id='par_1_4' title="bbox 396 1209 2056 1543">
     <span class='ocr_line' id='line_1_6' title="bbox 718 1209 2052 1300; baseline 0.005 -18"><span class='ocrx_word' id='word_1_49' title='bbox 718 1215 857 1285; x_wconf 89' lang='lat' dir='ltr'>moriam</span> <span class='ocrx_word' id='word_1_50' title='bbox 882 1215 969 1284; x_wconf 88' lang='lat' dir='ltr'>inter</span> <span class='ocrx_word' id='word_1_51' title='bbox 993 1213 1112 1285; x_wconf 90' lang='lat' dir='ltr'>Patres</span> <span class='ocrx_word' id='word_1_52' title='bbox 1140 1209 1292 1285; x_wconf 86' lang='lat' dir='ltr'>Graecos</span> <span class='ocrx_word' id='word_1_53' title='bbox 1325 1211 1513 1300; x_wconf 86' lang='lat' dir='ltr'>celebrent,</span> <span class='ocrx_word' id='word_1_54' title='bbox 1547 1221 1645 1284; x_wconf 85' lang='lat' dir='ltr'>sexta</span> <span class='ocrx_word' id='word_1_55' title='bbox 1680 1210 1763 1285; x_wconf 83' lang='lat' dir='ltr'>feria</span> <span class='ocrx_word' id='word_1_56' title='bbox 1789 1212 2000 1288; x_wconf 86' lang='lat' dir='ltr'>Hebdomadis</span> <span class='ocrx_word' id='word_1_57' title='bbox 2018 1215 2052 1289; x_wconf 83' lang='lat' dir='ltr'>V.</span> 
     </span>
     <span class='ocr_line' id='line_1_7' title="bbox 414 1325 2053 1424; baseline 0.002 -25"><span class='ocrx_word' id='word_1_58' title='bbox 414 1345 552 1399; x_wconf 66' lang='lat' dir='ltr'>masam.</span> <span class='ocrx_word' id='word_1_59' title='bbox 566 1344 638 1399; x_wconf 75' lang='lat' dir='ltr'>rm.</span> <span class='ocrx_word' id='word_1_60' title='bbox 652 1348 705 1401; x_wconf 78' lang='lat' dir='ltr'>its.</span> <span class='ocrx_word' id='word_1_61' title='bbox 718 1337 795 1424; x_wconf 87' lang='lat' dir='ltr'>post</span> <span class='ocrx_word' id='word_1_62' title='bbox 819 1325 1045 1424; x_wconf 81' lang='lat' dir='ltr'>Epiphaniam.</span> <span class='ocrx_word' id='word_1_63' title='bbox 1098 1327 1214 1401; x_wconf 83' lang='lat' dir='ltr'>Tertia</span> <span class='ocrx_word' id='word_1_64' title='bbox 1240 1327 1371 1401; x_wconf 90' lang='lat' dir='ltr'>tandem</span> <span class='ocrx_word' id='word_1_65' title='bbox 1398 1329 1548 1422; x_wconf 85' lang='lat' dir='ltr'>Litnrgia</span> <span class='ocrx_word' id='word_1_66' title='bbox 1575 1337 1628 1401; x_wconf 86' lang='lat' dir='ltr'>ast</span> <span class='ocrx_word' id='word_1_67' title='bbox 1651 1327 1815 1420; x_wconf 91' lang='lat' dir='ltr'>Nestorii,</span> <span class='ocrx_word' id='word_1_68' title='bbox 1842 1332 1932 1422; x_wconf 84' lang='lat' dir='ltr'>cujus</span> <span class='ocrx_word' id='word_1_69' title='bbox 1954 1354 2053 1404; x_wconf 90' lang='lat' dir='ltr'>nomen</span> 
     </span>
     <span class='ocr_line' id='line_1_8' title="bbox 396 1432 2056 1543; baseline 0.004 -29"><span class='ocrx_word' id='word_1_70' title='bbox 396 1432 499 1486; x_wconf 53' lang='grc' dir='ltr'>’Μ</span> <span class='ocrx_word' id='word_1_71' title='bbox 523 1433 600 1503; x_wconf 59' lang='grc' dir='ltr'>Μ’</span> <span class='ocrx_word' id='word_1_72' title='bbox 616 1451 642 1503; x_wconf 75' lang='lat' dir='ltr'>t·</span> <span class='ocrx_word' id='word_1_73' title='bbox 660 1435 704 1487; x_wconf 80' lang='lat'>²⁰·</span> <span class='ocrx_word' id='word_1_74' title='bbox 719 1444 895 1537; x_wconf 85' lang='lat' dir='ltr'>diligenter</span> <span class='ocrx_word' id='word_1_75' title='bbox 921 1447 1141 1540; x_wconf 88' lang='lat' dir='ltr'>supprimunt,</span> <span class='ocrx_word' id='word_1_76' title='bbox 1178 1448 1373 1541; x_wconf 82' lang='lat' dir='ltr'>quicumque</span> <span class='ocrx_word' id='word_1_77' title='bbox 1405 1448 1438 1517; x_wconf 92' lang='lat' dir='ltr'>in</span> <span class='ocrx_word' id='word_1_78' title='bbox 1470 1444 1640 1542; x_wconf 87' lang='lat' dir='ltr'>Europam</span> <span class='ocrx_word' id='word_1_79' title='bbox 1667 1445 1933 1543; x_wconf 84' lang='lat' dir='ltr'>Mesopotameni</span> <span class='ocrx_word' id='word_1_80' title='bbox 1962 1452 2056 1519; x_wconf 85' lang='lat' dir='ltr'>uenire</span> 
     </span>
    </p>

    <p class='ocr_par' dir='ltr' id='par_1_5' title="bbox 718 1557 2057 1654">
     <span class='ocr_line' id='line_1_9' title="bbox 718 1557 2057 1654; baseline 0.002 -20"><span class='ocrx_word' id='word_1_81' title='bbox 718 1562 841 1634; x_wconf 84' lang='lat' dir='ltr'>solent:</span> <span class='ocrx_word' id='word_1_82' title='bbox 876 1570 912 1632; x_wconf 98' lang='grc' dir='ltr'>ιιι</span> <span class='ocrx_word' id='word_1_83' title='bbox 937 1562 971 1631; x_wconf 88' lang='lat' dir='ltr'>in</span> <span class='ocrx_word' id='word_1_84' title='bbox 1005 1557 1131 1632; x_wconf 85' lang='lat' dir='ltr'>Codice</span> <span class='ocrx_word' id='word_1_85' title='bbox 1163 1560 1261 1634; x_wconf 88' lang='lat' dir='ltr'>Eliue</span> <span class='ocrx_word' id='word_1_86' title='bbox 1292 1561 1485 1635; x_wconf 76' lang='lat' dir='ltr'>Sacerdotis</span> <span class='ocrx_word' id='word_1_87' title='bbox 1519 1560 1747 1654; x_wconf 86' lang='lat' dir='ltr'>Bngdadonsis</span> <span class='ocrx_word' id='word_1_88' title='bbox 1780 1563 2057 1648; x_wconf 81' lang='lat' dir='ltr'>animadvertimus,</span> 
     </span>
    </p>

    <p class='ocr_par' dir='ltr' id='par_1_6' title="bbox 717 1674 2059 2008">
     <span class='ocr_line' id='line_1_10' title="bbox 718 1674 2058 1775; baseline 0.001 -27"><span class='ocrx_word' id='word_1_89' title='bbox 718 1687 753 1749; x_wconf 87' lang='lat' dir='ltr'>ot</span> <span class='ocrx_word' id='word_1_90' title='bbox 784 1681 816 1749; x_wconf 93' lang='lat' dir='ltr'>in</span> <span class='ocrx_word' id='word_1_91' title='bbox 853 1675 919 1750; x_wconf 91' lang='lat' dir='ltr'>alio</span> <span class='ocrx_word' id='word_1_92' title='bbox 952 1674 1168 1749; x_wconf 86' lang='lat' dir='ltr'>observatum</span> <span class='ocrx_word' id='word_1_93' title='bbox 1206 1686 1258 1750; x_wconf 89' lang='lat' dir='ltr'>est</span> <span class='ocrx_word' id='word_1_94' title='bbox 1292 1678 1347 1750; x_wconf 87' lang='lat' dir='ltr'>lsa</span> <span class='ocrx_word' id='word_1_95' title='bbox 1378 1676 1572 1752; x_wconf 87' lang='lat' dir='ltr'>Sacerdotis</span> <span class='ocrx_word' id='word_1_96' title='bbox 1607 1677 1762 1768; x_wconf 77' lang='lat' dir='ltr'>alterim,</span> <span class='ocrx_word' id='word_1_97' title='bbox 1796 1682 1853 1775; x_wconf 91' lang='lat' dir='ltr'>qui</span> <span class='ocrx_word' id='word_1_98' title='bbox 1885 1680 1973 1753; x_wconf 89' lang='lat' dir='ltr'>alteri</span> <span class='ocrx_word' id='word_1_99' title='bbox 2001 1691 2058 1752; x_wconf 83' lang='lat' dir='ltr'>erat</span> 
     </span>
     <span class='ocr_line' id='line_1_11' title="bbox 718 1791 2059 1889; baseline 0 -21"><span class='ocrx_word' id='word_1_100' title='bbox 718 1796 851 1868; x_wconf 87' lang='lat' dir='ltr'>omnino</span> <span class='ocrx_word' id='word_1_101' title='bbox 878 1793 1002 1865; x_wconf 86' lang='lat' dir='ltr'>similis.</span> <span class='ocrx_word' id='word_1_102' title='bbox 1058 1791 1142 1866; x_wconf 83' lang='lat' dir='ltr'>Cum</span> <span class='ocrx_word' id='word_1_103' title='bbox 1167 1814 1271 1889; x_wconf 89' lang='lat' dir='ltr'>porro</span> <span class='ocrx_word' id='word_1_104' title='bbox 1305 1804 1340 1866; x_wconf 86' lang='lat' dir='ltr'>et</span> <span class='ocrx_word' id='word_1_105' title='bbox 1377 1797 1529 1887; x_wconf 88' lang='lat' dir='ltr'>germani</span> <span class='ocrx_word' id='word_1_106' title='bbox 1558 1793 1606 1866; x_wconf 91' lang='lat' dir='ltr'>illi</span> <span class='ocrx_word' id='word_1_107' title='bbox 1641 1793 1915 1868; x_wconf 85' lang='lat' dir='ltr'>Nestorianorum</span> <span class='ocrx_word' id='word_1_108' title='bbox 1949 1795 2059 1869; x_wconf 86' lang='lat' dir='ltr'>codices</span> 
     </span>
     <span class='ocr_line' id='line_1_12' title="bbox 717 1909 2059 2008; baseline 0 -26"><span class='ocrx_word' id='word_1_109' title='bbox 717 1913 804 1983; x_wconf 92' lang='lat' dir='ltr'>inter</span> <span class='ocrx_word' id='word_1_110' title='bbox 831 1932 869 1983; x_wconf 90' lang='lat' dir='ltr'>se</span> <span class='ocrx_word' id='word_1_111' title='bbox 895 1913 1113 2001; x_wconf 87' lang='lat' dir='ltr'>conveniant,</span> <span class='ocrx_word' id='word_1_112' title='bbox 1140 1919 1175 1982; x_wconf 87' lang='lat' dir='ltr'>et</span> <span class='ocrx_word' id='word_1_113' title='bbox 1201 1909 1246 1982; x_wconf 95' lang='lat' dir='ltr'>illi</span> <span class='ocrx_word' id='word_1_114' title='bbox 1272 1914 1335 2008; x_wconf 92' lang='lat' dir='ltr'>ipsi</span> <span class='ocrx_word' id='word_1_115' title='bbox 1362 1914 1417 2007; x_wconf 92' lang='lat' dir='ltr'>qui</span> <span class='ocrx_word' id='word_1_116' title='bbox 1448 1909 1637 2007; x_wconf 88' lang='lat' dir='ltr'>interpolati</span> <span class='ocrx_word' id='word_1_117' title='bbox 1672 1909 1804 1984; x_wconf 86' lang='lat' dir='ltr'>luerunt</span> <span class='ocrx_word' id='word_1_118' title='bbox 1839 1911 1984 1984; x_wconf 72' lang='lat' dir='ltr'>mundam</span> <span class='ocrx_word' id='word_1_119' title='bbox 2011 1934 2059 1984; x_wconf 87' lang='lat' dir='ltr'>sa-</span> 
     </span>
    </p>
   </div>
   <div class='ocr_carea' id='block_1_4' title="bbox 396 2024 2073 5023">
    <p class='ocr_par' dir='ltr' id='par_1_7' title="bbox 396 2024 2073 5023">
     <span class='ocr_line' id='line_1_13' title="bbox 718 2024 2062 2124; baseline 0.003 -26"><span class='ocrx_word' id='word_1_120' title='bbox 718 2047 849 2098; x_wconf 88' lang='lat' dir='ltr'>crorum</span> <span class='ocrx_word' id='word_1_121' title='bbox 883 2024 1024 2099; x_wconf 81' lang='lat' dir='ltr'>formam</span> <span class='ocrx_word' id='word_1_122' title='bbox 1062 2029 1267 2099; x_wconf 88' lang='lat' dir='ltr'>contineant:</span> <span class='ocrx_word' id='word_1_123' title='bbox 1307 2027 1424 2100; x_wconf 87' lang='lat' dir='ltr'>eadem</span> <span class='ocrx_word' id='word_1_124' title='bbox 1463 2050 1595 2123; x_wconf 89' lang='lat' dir='ltr'>quoque</span> <span class='ocrx_word' id='word_1_125' title='bbox 1635 2030 1679 2099; x_wconf 89' lang='lat' dir='ltr'>sit</span> <span class='ocrx_word' id='word_1_126' title='bbox 1710 2027 1765 2099; x_wconf 91' lang='lat' dir='ltr'>illa</span> <span class='ocrx_word' id='word_1_127' title='bbox 1799 2051 1898 2124; x_wconf 91' lang='lat' dir='ltr'>qnam</span> <span class='ocrx_word' id='word_1_128' title='bbox 1929 2028 2062 2124; x_wconf 77' lang='lat' dir='ltr'>synodus</span> 
     </span>
     <span class='ocr_line' id='line_1_14' title="bbox 717 2142 2063 2240; baseline 0.001 -26"><span class='ocrx_word' id='word_1_129' title='bbox 717 2142 941 2238; x_wconf 88' lang='lat' dir='ltr'>Diamperana</span> <span class='ocrx_word' id='word_1_130' title='bbox 977 2142 1218 2216; x_wconf 88' lang='lat' dir='ltr'>emendandum</span> <span class='ocrx_word' id='word_1_131' title='bbox 1254 2147 1417 2240; x_wconf 90' lang='lat' dir='ltr'>suscepit:</span> <span class='ocrx_word' id='word_1_132' title='bbox 1453 2143 1584 2217; x_wconf 88' lang='lat' dir='ltr'>tandem</span> <span class='ocrx_word' id='word_1_133' title='bbox 1619 2165 1694 2215; x_wconf 90' lang='lat' dir='ltr'>cum</span> <span class='ocrx_word' id='word_1_134' title='bbox 1730 2144 1808 2217; x_wconf 94' lang='lat' dir='ltr'>libri</span> <span class='ocrx_word' id='word_1_135' title='bbox 1843 2168 1991 2240; x_wconf 87' lang='lat' dir='ltr'>precum,</span> <span class='ocrx_word' id='word_1_136' title='bbox 2019 2142 2063 2215; x_wconf 87' lang='lat' dir='ltr'>abi</span> 
     </span>
     <span class='ocr_line' id='line_1_15' title="bbox 718 2258 2064 2357; baseline 0 -27"><span class='ocrx_word' id='word_1_137' title='bbox 718 2258 896 2331; x_wconf 81' lang='lat' dir='ltr'>nonnullae</span> <span class='ocrx_word' id='word_1_138' title='bbox 927 2258 968 2331; x_wconf 91' lang='lat' dir='ltr'>ad</span> <span class='ocrx_word' id='word_1_139' title='bbox 1003 2258 1187 2352; x_wconf 82' lang='lat' dir='ltr'>Eiturgiam</span> <span class='ocrx_word' id='word_1_140' title='bbox 1217 2263 1421 2356; x_wconf 78' lang='lat' dir='ltr'>pertinentes</span> <span class='ocrx_word' id='word_1_141' title='bbox 1451 2259 1655 2349; x_wconf 84' lang='lat' dir='ltr'>referuntur,</span> <span class='ocrx_word' id='word_1_142' title='bbox 1687 2265 1798 2353; x_wconf 86' lang='lat' dir='ltr'>magis</span> <span class='ocrx_word' id='word_1_143' title='bbox 1831 2265 2064 2357; x_wconf 87' lang='lat' dir='ltr'>perspicuaset</span> 
     </span>
     <span class='ocr_line' id='line_1_16' title="bbox 718 2374 2064 2472; baseline 0.004 -27"><span class='ocrx_word' id='word_1_144' title='bbox 718 2375 912 2469; x_wconf 86' lang='lat' dir='ltr'>exploratas</span> <span class='ocrx_word' id='word_1_145' title='bbox 938 2374 1193 2449; x_wconf 87' lang='lat' dir='ltr'>Nestorianismi</span> <span class='ocrx_word' id='word_1_146' title='bbox 1218 2386 1316 2450; x_wconf 87' lang='lat' dir='ltr'>notas</span> <span class='ocrx_word' id='word_1_147' title='bbox 1343 2376 1547 2472; x_wconf 77' lang='lat' dir='ltr'>praeierant,</span> <span class='ocrx_word' id='word_1_148' title='bbox 1572 2388 1609 2450; x_wconf 90' lang='grc' dir='ltr'>ιιι</span> <span class='ocrx_word' id='word_1_149' title='bbox 1629 2376 1807 2449; x_wconf 86' lang='lat' dir='ltr'>maledicta</span> <span class='ocrx_word' id='word_1_150' title='bbox 1824 2376 1984 2450; x_wconf 84' lang='lat' dir='ltr'>adversus</span> <span class='ocrx_word' id='word_1_151' title='bbox 2003 2375 2064 2471; x_wconf 71' lang='lat' dir='ltr'>Cy·</span> 
     </span>
     <span class='ocr_line' id='line_1_17' title="bbox 717 2489 2064 2588; baseline 0.002 -27"><span class='ocrx_word' id='word_1_152' title='bbox 717 2489 842 2578; x_wconf 82' lang='lat' dir='ltr'>iillum,</span> <span class='ocrx_word' id='word_1_153' title='bbox 868 2489 1049 2587; x_wconf 80' lang='lat' dir='ltr'>laudesque</span> <span class='ocrx_word' id='word_1_154' title='bbox 1074 2492 1240 2566; x_wconf 88' lang='lat' dir='ltr'>Nestorii:</span> <span class='ocrx_word' id='word_1_155' title='bbox 1268 2497 1346 2588; x_wconf 87' lang='lat' dir='ltr'>quin</span> <span class='ocrx_word' id='word_1_156' title='bbox 1372 2493 1520 2587; x_wconf 90' lang='lat' dir='ltr'>legitima</span> <span class='ocrx_word' id='word_1_157' title='bbox 1547 2495 1589 2568; x_wconf 89' lang='lat' dir='ltr'>sit</span> <span class='ocrx_word' id='word_1_158' title='bbox 1614 2497 1699 2584; x_wconf 90' lang='lat' dir='ltr'>ista,</span> <span class='ocrx_word' id='word_1_159' title='bbox 1724 2492 1880 2565; x_wconf 87' lang='lat' dir='ltr'>dubitare</span> <span class='ocrx_word' id='word_1_160' title='bbox 1896 2494 1969 2585; x_wconf 85' lang='lat' dir='ltr'>jure</span> <span class='ocrx_word' id='word_1_161' title='bbox 1984 2511 2064 2564; x_wconf 86' lang='lat' dir='ltr'>uerno</span> 
     </span>
     <span class='ocr_line' id='line_1_18' title="bbox 717 2605 2064 2706; baseline 0.001 -27"><span class='ocrx_word' id='word_1_162' title='bbox 717 2610 836 2702; x_wconf 88' lang='lat' dir='ltr'>possit</span> <span class='ocrx_word' id='word_1_163' title='bbox 888 2607 1006 2704; x_wconf 88' lang='lat' dir='ltr'>Neque</span> <span class='ocrx_word' id='word_1_164' title='bbox 1031 2605 1065 2680; x_wconf 94' lang='lat' dir='ltr'>id</span> <span class='ocrx_word' id='word_1_165' title='bbox 1090 2612 1331 2702; x_wconf 79' lang='lat' dir='ltr'>ignoraverunt</span> <span class='ocrx_word' id='word_1_166' title='bbox 1357 2613 1411 2706; x_wconf 93' lang='lat' dir='ltr'>qui</span> <span class='ocrx_word' id='word_1_167' title='bbox 1436 2619 1504 2682; x_wconf 87' lang='lat' dir='ltr'>tam</span> <span class='ocrx_word' id='word_1_168' title='bbox 1530 2609 1678 2684; x_wconf 89' lang='lat' dir='ltr'>studiose</span> <span class='ocrx_word' id='word_1_169' title='bbox 1703 2612 1838 2682; x_wconf 91' lang='lat' dir='ltr'>nomina</span> <span class='ocrx_word' id='word_1_170' title='bbox 1865 2608 1924 2682; x_wconf 88' lang='lat' dir='ltr'>illa</span> <span class='ocrx_word' id='word_1_171' title='bbox 1948 2631 2064 2705; x_wconf 79' lang='lat' dir='ltr'>expun-</span> 
     </span>
     <span class='ocr_line' id='line_1_19' title="bbox 717 2723 1216 2798; baseline 0 -3"><span class='ocrx_word' id='word_1_172' title='bbox 717 2734 839 2796; x_wconf 85' lang='lat' dir='ltr'>xanmt</span> <span class='ocrx_word' id='word_1_173' title='bbox 865 2747 911 2796; x_wconf 86' lang='lat' dir='ltr'>ex</span> <span class='ocrx_word' id='word_1_174' title='bbox 938 2728 1008 2798; x_wconf 89' lang='lat' dir='ltr'>suis</span> <span class='ocrx_word' id='word_1_175' title='bbox 1035 2723 1216 2798; x_wconf 80' lang='lat' dir='ltr'>codicibus.</span> 
     </span>
     <span class='ocr_line' id='line_1_20' title="bbox 430 2839 2067 2938; baseline -0.002 -23"><span class='ocrx_word' id='word_1_176' title='bbox 430 2844 729 2928; x_wconf 46' lang='lat' dir='ltr'>remaneamus-q</span> <span class='ocrx_word' id='word_1_177' title='bbox 819 2839 876 2914; x_wconf 93' lang='lat' dir='ltr'>Vl.</span> <span class='ocrx_word' id='word_1_178' title='bbox 905 2839 1003 2927; x_wconf 80' lang='lat' dir='ltr'>Quod</span> <span class='ocrx_word' id='word_1_179' title='bbox 1028 2863 1113 2915; x_wconf 83' lang='lat' dir='ltr'>vero</span> <span class='ocrx_word' id='word_1_180' title='bbox 1141 2845 1293 2938; x_wconf 85' lang='lat' dir='ltr'>superius</span> <span class='ocrx_word' id='word_1_181' title='bbox 1320 2839 1441 2915; x_wconf 89' lang='lat' dir='ltr'>dictmu</span> <span class='ocrx_word' id='word_1_182' title='bbox 1469 2851 1533 2932; x_wconf 84' lang='lat' dir='ltr'>est,</span> <span class='ocrx_word' id='word_1_183' title='bbox 1558 2839 1669 2914; x_wconf 84' lang='lat' dir='ltr'>videri</span> <span class='ocrx_word' id='word_1_184' title='bbox 1693 2841 1835 2936; x_wconf 90' lang='lat' dir='ltr'>primam</span> <span class='ocrx_word' id='word_1_185' title='bbox 1869 2840 1959 2914; x_wconf 84' lang='lat' dir='ltr'>ibam</span> <span class='ocrx_word' id='word_1_186' title='bbox 1981 2842 2067 2937; x_wconf 84' lang='lat' dir='ltr'>Apo-</span> 
     </span>
     <span class='ocr_line' id='line_1_21' title="bbox 397 2932 2069 3074; baseline 0 -45"><span class='ocrx_word' id='word_1_187' title='bbox 397 2932 877 3074; x_wconf 49' lang='lat' dir='ltr'>¹2²:5⁰&#39;fqu⁰‚¹0‘⁰&#39;i¹¹¹¹&#39;¹¹¹⁰‘stolorum</span> <span class='ocrx_word' id='word_1_188' title='bbox 902 2956 1097 3051; x_wconf 75' lang='lat' dir='ltr'>liturgiam,</span> <span class='ocrx_word' id='word_1_189' title='bbox 1124 2980 1191 3031; x_wconf 93' lang='lat' dir='ltr'>uon</span> <span class='ocrx_word' id='word_1_190' title='bbox 1218 2961 1291 3030; x_wconf 90' lang='lat' dir='ltr'>sine</span> <span class='ocrx_word' id='word_1_191' title='bbox 1316 2955 1541 3049; x_wconf 78' lang='lat' dir='ltr'>fundamento,</span> <span class='ocrx_word' id='word_1_192' title='bbox 1571 2960 1789 3052; x_wconf 88' lang='lat' dir='ltr'>antiquiorem</span> <span class='ocrx_word' id='word_1_193' title='bbox 1817 2977 1901 3030; x_wconf 83' lang='lat' dir='ltr'>esse</span> <span class='ocrx_word' id='word_1_194' title='bbox 1925 2956 2069 3030; x_wconf 69' lang='lat' dir='ltr'>diusioue</span> 
     </span>
     <span class='ocr_line' id='line_1_22' title="bbox 546 3059 2067 3171; baseline 0 -27"><span class='ocrx_word' id='word_1_195' title='bbox 546 3059 553 3075; x_wconf 68' lang='lat'>⁸</span> <span class='ocrx_word' id='word_1_196' title='bbox 716 3069 942 3146; x_wconf 88' lang='lat' dir='ltr'>Ecclesiarum</span> <span class='ocrx_word' id='word_1_197' title='bbox 973 3097 1036 3171; x_wconf 91' lang='lat' dir='ltr'>per</span> <span class='ocrx_word' id='word_1_198' title='bbox 1065 3074 1300 3149; x_wconf 88' lang='lat' dir='ltr'>Nestorianam</span> <span class='ocrx_word' id='word_1_199' title='bbox 1332 3072 1506 3164; x_wconf 89' lang='lat' dir='ltr'>haeresin,</span> <span class='ocrx_word' id='word_1_200' title='bbox 1541 3083 1676 3168; x_wconf 88' lang='lat' dir='ltr'>praeter</span> <span class='ocrx_word' id='word_1_201' title='bbox 1710 3071 1932 3168; x_wconf 86' lang='lat' dir='ltr'>simplicitatis</span> <span class='ocrx_word' id='word_1_202' title='bbox 1962 3081 2067 3157; x_wconf 81' lang='lat' dir='ltr'>notam,</span> 
     </span>
     <span class='ocr_line' id='line_1_23' title="bbox 718 3185 2068 3286; baseline -0.001 -26"><span class='ocrx_word' id='word_1_203' title='bbox 718 3186 782 3261; x_wconf 91' lang='lat' dir='ltr'>alia</span> <span class='ocrx_word' id='word_1_204' title='bbox 808 3212 942 3286; x_wconf 88' lang='lat' dir='ltr'>quoque</span> <span class='ocrx_word' id='word_1_205' title='bbox 968 3200 1162 3284; x_wconf 89' lang='lat' dir='ltr'>argumenta</span> <span class='ocrx_word' id='word_1_206' title='bbox 1189 3190 1337 3264; x_wconf 81' lang='lat' dir='ltr'>suadent</span> <span class='ocrx_word' id='word_1_207' title='bbox 1367 3190 1474 3265; x_wconf 83' lang='lat' dir='ltr'>Vetus</span> <span class='ocrx_word' id='word_1_208' title='bbox 1501 3192 1624 3286; x_wconf 80' lang='lat' dir='ltr'>quippe</span> <span class='ocrx_word' id='word_1_209' title='bbox 1649 3188 1783 3261; x_wconf 76' lang='lat' dir='ltr'>baditio</span> <span class='ocrx_word' id='word_1_210' title='bbox 1810 3198 1875 3276; x_wconf 85' lang='lat' dir='ltr'>ost,</span> <span class='ocrx_word' id='word_1_211' title='bbox 1903 3210 1970 3261; x_wconf 88' lang='lat' dir='ltr'>non</span> <span class='ocrx_word' id='word_1_212' title='bbox 1987 3185 2068 3258; x_wconf 88' lang='lat' dir='ltr'>modo</span> 
     </span>
     <span class='ocr_line' id='line_1_24' title="bbox 717 3304 2069 3401; baseline 0.004 -25"><span class='ocrx_word' id='word_1_213' title='bbox 717 3316 918 3380; x_wconf 86' lang='lat' dir='ltr'>conservata</span> <span class='ocrx_word' id='word_1_214' title='bbox 945 3305 1070 3380; x_wconf 82' lang='lat' dir='ltr'>alleri</span> <span class='ocrx_word' id='word_1_215' title='bbox 1087 3305 1278 3380; x_wconf 85' lang='lat' dir='ltr'>Salomonis</span> <span class='ocrx_word' id='word_1_216' title='bbox 1303 3306 1371 3381; x_wconf 88' lang='lat' dir='ltr'>tilio</span> <span class='ocrx_word' id='word_1_217' title='bbox 1399 3317 1432 3379; x_wconf 90' lang='lat' dir='ltr'>et</span> <span class='ocrx_word' id='word_1_218' title='bbox 1457 3307 1562 3379; x_wconf 83' lang='lat' dir='ltr'>Amro</span> <span class='ocrx_word' id='word_1_219' title='bbox 1578 3304 1723 3378; x_wconf 75' lang='lat' dir='ltr'>liabaei</span> <span class='ocrx_word' id='word_1_220' title='bbox 1749 3309 1824 3398; x_wconf 87' lang='lat' dir='ltr'>ejus</span> <span class='ocrx_word' id='word_1_221' title='bbox 1845 3304 2069 3401; x_wconf 78' lang='lat' dir='ltr'>Epitomatottt</span> 
     </span>
     <span class='ocr_line' id='line_1_25' title="bbox 717 3419 2070 3519; baseline -0.003 -25"><span class='ocrx_word' id='word_1_222' title='bbox 717 3421 779 3494; x_wconf 88' lang='lat' dir='ltr'>sed</span> <span class='ocrx_word' id='word_1_223' title='bbox 811 3421 853 3494; x_wconf 93' lang='lat' dir='ltr'>ab</span> <span class='ocrx_word' id='word_1_224' title='bbox 890 3425 972 3519; x_wconf 90' lang='lat' dir='ltr'>ipsis</span> <span class='ocrx_word' id='word_1_225' title='bbox 1003 3423 1187 3513; x_wconf 85' lang='lat' dir='ltr'>Jacobitis,</span> <span class='ocrx_word' id='word_1_226' title='bbox 1223 3426 1332 3496; x_wconf 86' lang='lat' dir='ltr'>omnia</span> <span class='ocrx_word' id='word_1_227' title='bbox 1364 3445 1451 3518; x_wconf 89' lang='lat' dir='ltr'>quaa</span> <span class='ocrx_word' id='word_1_228' title='bbox 1482 3422 1526 3494; x_wconf 85' lang='lat' dir='ltr'>nd</span> <span class='ocrx_word' id='word_1_229' title='bbox 1559 3420 1776 3494; x_wconf 75' lang='lat' dir='ltr'>museum</span> <span class='ocrx_word' id='word_1_230' title='bbox 1812 3419 2070 3495; x_wconf 86' lang='lat' dir='ltr'>Ecclesiasticun</span> 
     </span>
     <span class='ocr_line' id='line_1_26' title="bbox 717 3534 2069 3634; baseline -0.004 -24"><span class='ocrx_word' id='word_1_231' title='bbox 717 3541 884 3634; x_wconf 87' lang='lat' dir='ltr'>pertinent</span> <span class='ocrx_word' id='word_1_232' title='bbox 915 3535 1066 3613; x_wconf 90' lang='lat' dir='ltr'>ordinata</span> <span class='ocrx_word' id='word_1_233' title='bbox 1100 3538 1205 3613; x_wconf 83' lang='lat' dir='ltr'>luisse</span> <span class='ocrx_word' id='word_1_234' title='bbox 1231 3543 1264 3612; x_wconf 91' lang='lat' dir='ltr'>in</span> <span class='ocrx_word' id='word_1_235' title='bbox 1289 3538 1533 3634; x_wconf 85' lang='lat' dir='ltr'>Mesopotamia</span> <span class='ocrx_word' id='word_1_236' title='bbox 1554 3537 1597 3611; x_wconf 91' lang='lat' dir='ltr'>ab</span> <span class='ocrx_word' id='word_1_237' title='bbox 1624 3538 1744 3611; x_wconf 85' lang='lat' dir='ltr'>Adueo</span> <span class='ocrx_word' id='word_1_238' title='bbox 1771 3548 1806 3609; x_wconf 86' lang='lat' dir='ltr'>et</span> <span class='ocrx_word' id='word_1_239' title='bbox 1832 3537 1907 3630; x_wconf 85' lang='lat' dir='ltr'>Agi</span> <span class='ocrx_word' id='word_1_240' title='bbox 1934 3542 2002 3630; x_wconf 85' lang='lat' dir='ltr'>ojus</span> <span class='ocrx_word' id='word_1_241' title='bbox 2024 3534 2069 3604; x_wconf 85' lang='lat' dir='ltr'>di·</span> 
     </span>
     <span class='ocr_line' id='line_1_27' title="bbox 719 3650 2071 3751; baseline -0.004 -25"><span class='ocrx_word' id='word_1_242' title='bbox 719 3655 863 3751; x_wconf 90' lang='lat' dir='ltr'>scipulo,</span> <span class='ocrx_word' id='word_1_243' title='bbox 895 3656 1012 3750; x_wconf 85' lang='lat' dir='ltr'>quibus</span> <span class='ocrx_word' id='word_1_244' title='bbox 1038 3654 1143 3728; x_wconf 84' lang='lat' dir='ltr'>blaris</span> <span class='ocrx_word' id='word_1_245' title='bbox 1170 3654 1358 3749; x_wconf 88' lang='lat' dir='ltr'>adjungitur</span> <span class='ocrx_word' id='word_1_246' title='bbox 1384 3678 1404 3727; x_wconf 90' lang='lat' dir='ltr'>a</span> <span class='ocrx_word' id='word_1_247' title='bbox 1430 3655 1657 3730; x_wconf 88' lang='lat' dir='ltr'>Nestorianis:</span> <span class='ocrx_word' id='word_1_248' title='bbox 1682 3653 1770 3727; x_wconf 91' lang='lat' dir='ltr'>illius</span> <span class='ocrx_word' id='word_1_249' title='bbox 1797 3658 1891 3726; x_wconf 89' lang='lat' dir='ltr'>enim</span> <span class='ocrx_word' id='word_1_250' title='bbox 1916 3650 2071 3727; x_wconf 85' lang='lat' dir='ltr'>Jacobitae</span> 
     </span>
     <span class='ocr_line' id='line_1_28' title="bbox 719 3762 2071 3858; baseline -0.005 -17"><span class='ocrx_word' id='word_1_251' title='bbox 719 3793 787 3842; x_wconf 89' lang='lat' dir='ltr'>non</span> <span class='ocrx_word' id='word_1_252' title='bbox 813 3774 1038 3844; x_wconf 87' lang='lat' dir='ltr'>meminerunt.</span> <span class='ocrx_word' id='word_1_253' title='bbox 1089 3772 1210 3846; x_wconf 85' lang='lat' dir='ltr'>Fuisse</span> <span class='ocrx_word' id='word_1_254' title='bbox 1235 3792 1320 3844; x_wconf 84' lang='lat' dir='ltr'>vero</span> <span class='ocrx_word' id='word_1_255' title='bbox 1347 3774 1382 3843; x_wconf 89' lang='lat' dir='ltr'>ia</span> <span class='ocrx_word' id='word_1_256' title='bbox 1405 3769 1581 3845; x_wconf 81' lang='lat' dir='ltr'>Edessena</span> <span class='ocrx_word' id='word_1_257' title='bbox 1613 3771 1751 3858; x_wconf 84' lang='lat' dir='ltr'>ditione,</span> <span class='ocrx_word' id='word_1_258' title='bbox 1784 3780 1822 3841; x_wconf 89' lang='grc' dir='ltr'>ιιι</span> <span class='ocrx_word' id='word_1_259' title='bbox 1859 3773 1960 3841; x_wconf 80' lang='lat' dir='ltr'>edam</span> <span class='ocrx_word' id='word_1_260' title='bbox 1984 3762 2071 3840; x_wconf 86' lang='lat' dir='ltr'>Nisibi</span> 
     </span>
     <span class='ocr_line' id='line_1_29' title="bbox 720 3878 2073 3985; baseline -0.005 -27"><span class='ocrx_word' id='word_1_261' title='bbox 720 3890 905 3984; x_wconf 82' lang='lat' dir='ltr'>vicinisque</span> <span class='ocrx_word' id='word_1_262' title='bbox 934 3887 1200 3985; x_wconf 84' lang='lat' dir='ltr'>Mesopotamiae</span> <span class='ocrx_word' id='word_1_263' title='bbox 1226 3885 1363 3961; x_wconf 89' lang='lat' dir='ltr'>urbibus</span> <span class='ocrx_word' id='word_1_264' title='bbox 1397 3883 1620 3977; x_wconf 79' lang='lat' dir='ltr'>Christimos,</span> <span class='ocrx_word' id='word_1_265' title='bbox 1655 3886 1775 3958; x_wconf 88' lang='lat' dir='ltr'>dudum</span> <span class='ocrx_word' id='word_1_266' title='bbox 1809 3896 1988 3982; x_wconf 88' lang='lat' dir='ltr'>antequam</span> <span class='ocrx_word' id='word_1_267' title='bbox 2012 3878 2073 3952; x_wconf 86' lang='lat' dir='ltr'>lle-</span> 
     </span>
     <span class='ocr_line' id='line_1_30' title="bbox 399 3995 2071 4100; baseline -0.002 -26"><span class='ocrx_word' id='word_1_268' title='bbox 399 4022 463 4074; x_wconf 75' lang='lat' dir='ltr'>nos.</span> <span class='ocrx_word' id='word_1_269' title='bbox 480 4019 650 4076; x_wconf 63' lang='lat' dir='ltr'>mattae</span> <span class='ocrx_word' id='word_1_270' title='bbox 664 4023 707 4076; x_wconf 80' lang='lat' dir='ltr'>ra</span> <span class='ocrx_word' id='word_1_271' title='bbox 721 4007 858 4078; x_wconf 87' lang='lat' dir='ltr'>storiani</span> <span class='ocrx_word' id='word_1_272' title='bbox 883 4003 1056 4077; x_wconf 88' lang='lat' dir='ltr'>Ecclesias</span> <span class='ocrx_word' id='word_1_273' title='bbox 1082 4004 1156 4078; x_wconf 91' lang='lat' dir='ltr'>illas</span> <span class='ocrx_word' id='word_1_274' title='bbox 1183 4013 1398 4100; x_wconf 86' lang='lat' dir='ltr'>occuparent,</span> <span class='ocrx_word' id='word_1_275' title='bbox 1426 4025 1494 4078; x_wconf 92' lang='lat' dir='ltr'>non</span> <span class='ocrx_word' id='word_1_276' title='bbox 1519 4002 1620 4076; x_wconf 92' lang='lat' dir='ltr'>modo</span> <span class='ocrx_word' id='word_1_277' title='bbox 1646 4024 1694 4074; x_wconf 89' lang='lat' dir='ltr'>ex</span> <span class='ocrx_word' id='word_1_278' title='bbox 1719 4000 1877 4076; x_wconf 90' lang='lat' dir='ltr'>omuibus</span> <span class='ocrx_word' id='word_1_279' title='bbox 1906 3995 2071 4074; x_wconf 85' lang='lat' dir='ltr'>Orientali·</span> 
     </span>
     <span class='ocr_line' id='line_1_31' title="bbox 399 4108 2070 4247; baseline -0.005 -53"><span class='ocrx_word' id='word_1_280' title='bbox 399 4108 543 4247; x_wconf 47' lang='grc' dir='ltr'>ὟἭ·</span> <span class='ocrx_word' id='word_1_281' title='bbox 560 4110 584 4163; x_wconf 87' lang='lat'>¹·</span> <span class='ocrx_word' id='word_1_282' title='bbox 598 4109 707 4164; x_wconf 60' lang='grc' dir='ltr'>Μ·</span> <span class='ocrx_word' id='word_1_283' title='bbox 720 4121 782 4195; x_wconf 91' lang='lat' dir='ltr'>bus</span> <span class='ocrx_word' id='word_1_284' title='bbox 808 4125 1039 4210; x_wconf 78' lang='lat' dir='ltr'>monumentis,</span> <span class='ocrx_word' id='word_1_285' title='bbox 1066 4117 1127 4193; x_wconf 90' lang='lat' dir='ltr'>sed</span> <span class='ocrx_word' id='word_1_286' title='bbox 1153 4143 1199 4193; x_wconf 84' lang='lat' dir='ltr'>ex</span> <span class='ocrx_word' id='word_1_287' title='bbox 1225 4120 1366 4195; x_wconf 86' lang='lat' dir='ltr'>Graecis</span> <span class='ocrx_word' id='word_1_288' title='bbox 1393 4122 1492 4193; x_wconf 90' lang='lat' dir='ltr'>etiam</span> <span class='ocrx_word' id='word_1_289' title='bbox 1517 4117 1683 4193; x_wconf 87' lang='lat' dir='ltr'>historicis</span> <span class='ocrx_word' id='word_1_290' title='bbox 1709 4118 1969 4192; x_wconf 88' lang='lat' dir='ltr'>demonstratur.</span> <span class='ocrx_word' id='word_1_291' title='bbox 2002 4114 2070 4186; x_wconf 87' lang='lat' dir='ltr'>Nan</span> 
     </span>
     <span class='ocr_line' id='line_1_32' title="bbox 396 4211 2072 4333; baseline -0.005 -23"><span class='ocrx_word' id='word_1_292' title='bbox 396 4211 425 4264; x_wconf 67' lang='lat'>&#39;⁹&#39;</span> <span class='ocrx_word' id='word_1_293' title='bbox 460 4233 468 4248; x_wconf 71' lang='lat'>⁴</span> <span class='ocrx_word' id='word_1_294' title='bbox 529 4234 537 4250; x_wconf 83' lang='lat'>&#39;</span> <span class='ocrx_word' id='word_1_295' title='bbox 720 4259 806 4332; x_wconf 88' lang='lat' dir='ltr'>quae</span> <span class='ocrx_word' id='word_1_296' title='bbox 832 4236 936 4310; x_wconf 89' lang='lat' dir='ltr'>reiert</span> <span class='ocrx_word' id='word_1_297' title='bbox 961 4235 1126 4311; x_wconf 85' lang='lat' dir='ltr'>Eusebius</span> <span class='ocrx_word' id='word_1_298' title='bbox 1158 4236 1201 4309; x_wconf 90' lang='lat' dir='ltr'>de</span> <span class='ocrx_word' id='word_1_299' title='bbox 1225 4234 1368 4329; x_wconf 83' lang='lat' dir='ltr'>Abgaro</span> <span class='ocrx_word' id='word_1_300' title='bbox 1393 4234 1573 4333; x_wconf 84' lang='lat' dir='ltr'>Toparcba</span> <span class='ocrx_word' id='word_1_301' title='bbox 1598 4234 1794 4323; x_wconf 89' lang='lat' dir='ltr'>Edessena,</span> <span class='ocrx_word' id='word_1_302' title='bbox 1829 4234 1944 4331; x_wconf 88' lang='lat' dir='ltr'>deque</span> <span class='ocrx_word' id='word_1_303' title='bbox 1970 4230 2072 4305; x_wconf 80' lang='lat' dir='ltr'>Obuidi</span> 
     </span>
     <span class='ocr_line' id='line_1_33' title="bbox 720 4349 2070 4449; baseline -0.002 -24"><span class='ocrx_word' id='word_1_304' title='bbox 720 4353 763 4426; x_wconf 88' lang='lat' dir='ltr'>ad</span> <span class='ocrx_word' id='word_1_305' title='bbox 790 4376 864 4426; x_wconf 88' lang='lat' dir='ltr'>eum</span> <span class='ocrx_word' id='word_1_306' title='bbox 889 4352 1059 4449; x_wconf 88' lang='lat' dir='ltr'>Epistola,</span> <span class='ocrx_word' id='word_1_307' title='bbox 1095 4352 1284 4426; x_wconf 87' lang='lat' dir='ltr'>Orientales</span> <span class='ocrx_word' id='word_1_308' title='bbox 1318 4355 1553 4447; x_wconf 83' lang='lat' dir='ltr'>cujuscumque</span> <span class='ocrx_word' id='word_1_309' title='bbox 1583 4360 1698 4426; x_wconf 89' lang='lat' dir='ltr'>sectae</span> <span class='ocrx_word' id='word_1_310' title='bbox 1728 4349 1787 4422; x_wconf 87' lang='lat' dir='ltr'>vel</span> <span class='ocrx_word' id='word_1_311' title='bbox 1818 4349 1975 4444; x_wconf 87' lang='lat' dir='ltr'>linguae,</span> <span class='ocrx_word' id='word_1_312' title='bbox 2006 4363 2070 4422; x_wconf 80' lang='lat' dir='ltr'>suut</span> 
     </span>
     <span class='ocr_line' id='line_1_34' title="bbox 718 4463 2071 4567; baseline -0.004 -27"><span class='ocrx_word' id='word_1_313' title='bbox 718 4473 751 4541; x_wconf 90' lang='lat' dir='ltr'>in</span> <span class='ocrx_word' id='word_1_314' title='bbox 776 4470 880 4543; x_wconf 89' lang='lat' dir='ltr'>libros</span> <span class='ocrx_word' id='word_1_315' title='bbox 907 4470 1154 4558; x_wconf 88' lang='lat' dir='ltr'>transtulerunt,</span> <span class='ocrx_word' id='word_1_316' title='bbox 1181 4479 1217 4541; x_wconf 90' lang='lat' dir='ltr'>ut</span> <span class='ocrx_word' id='word_1_317' title='bbox 1235 4472 1361 4567; x_wconf 87' lang='lat' dir='ltr'>pariter</span> <span class='ocrx_word' id='word_1_318' title='bbox 1380 4468 1540 4542; x_wconf 89' lang='lat' dir='ltr'>miracula</span> <span class='ocrx_word' id='word_1_319' title='bbox 1558 4470 1712 4560; x_wconf 88' lang='lat' dir='ltr'>imaginis</span> <span class='ocrx_word' id='word_1_320' title='bbox 1733 4466 1949 4540; x_wconf 86' lang='lat' dir='ltr'>Edesseuae.</span> <span class='ocrx_word' id='word_1_321' title='bbox 1975 4463 2071 4537; x_wconf 79' lang='lat' dir='ltr'>Omis-</span> 
     </span>
     <span class='ocr_line' id='line_1_35' title="bbox 719 4575 2070 4681; baseline -0.006 -23"><span class='ocrx_word' id='word_1_322' title='bbox 719 4589 766 4658; x_wconf 91' lang='lat' dir='ltr'>sis</span> <span class='ocrx_word' id='word_1_323' title='bbox 793 4596 900 4659; x_wconf 90' lang='lat' dir='ltr'>autem</span> <span class='ocrx_word' id='word_1_324' title='bbox 926 4584 1048 4661; x_wconf 81' lang='lat' dir='ltr'>fabulis</span> <span class='ocrx_word' id='word_1_325' title='bbox 1075 4608 1161 4681; x_wconf 91' lang='lat' dir='ltr'>quae</span> <span class='ocrx_word' id='word_1_326' title='bbox 1191 4590 1319 4658; x_wconf 87' lang='lat' dir='ltr'>incerta</span> <span class='ocrx_word' id='word_1_327' title='bbox 1353 4585 1526 4658; x_wconf 87' lang='lat' dir='ltr'>traditione</span> <span class='ocrx_word' id='word_1_328' title='bbox 1557 4586 1717 4671; x_wconf 87' lang='lat' dir='ltr'>nituntur,</span> <span class='ocrx_word' id='word_1_329' title='bbox 1752 4582 1835 4655; x_wconf 92' lang='lat' dir='ltr'>illud</span> <span class='ocrx_word' id='word_1_330' title='bbox 1868 4583 1978 4657; x_wconf 85' lang='lat' dir='ltr'>solum</span> <span class='ocrx_word' id='word_1_331' title='bbox 2008 4575 2070 4650; x_wconf 84' lang='lat' dir='ltr'>inde</span> 
     </span>
     <span class='ocr_line' id='line_1_36' title="bbox 721 4693 2069 4800; baseline -0.007 -25"><span class='ocrx_word' id='word_1_332' title='bbox 721 4711 875 4775; x_wconf 87' lang='lat' dir='ltr'>constare</span> <span class='ocrx_word' id='word_1_333' title='bbox 901 4705 1141 4791; x_wconf 87' lang='lat' dir='ltr'>existimamus,</span> <span class='ocrx_word' id='word_1_334' title='bbox 1168 4701 1257 4796; x_wconf 89' lang='lat' dir='ltr'>qnod</span> <span class='ocrx_word' id='word_1_335' title='bbox 1283 4725 1303 4775; x_wconf 90' lang='lat' dir='ltr'>a</span> <span class='ocrx_word' id='word_1_336' title='bbox 1328 4703 1443 4800; x_wconf 88' lang='lat' dir='ltr'>primis</span> <span class='ocrx_word' id='word_1_337' title='bbox 1468 4700 1643 4774; x_wconf 85' lang='lat' dir='ltr'>Ecclesiae</span> <span class='ocrx_word' id='word_1_338' title='bbox 1677 4697 1822 4775; x_wconf 88' lang='lat' dir='ltr'>saeculis</span> <span class='ocrx_word' id='word_1_339' title='bbox 1861 4697 1998 4773; x_wconf 85' lang='lat' dir='ltr'>floreret</span> <span class='ocrx_word' id='word_1_340' title='bbox 2018 4693 2069 4766; x_wconf 79' lang='lat' dir='ltr'>ltu</span> 
     </span>
     <span class='ocr_line' id='line_1_37' title="bbox 720 4814 2070 4915; baseline -0.003 -25"><span class='ocrx_word' id='word_1_341' title='bbox 720 4821 753 4890; x_wconf 90' lang='lat' dir='ltr'>iu</span> <span class='ocrx_word' id='word_1_342' title='bbox 780 4817 973 4911; x_wconf 91' lang='lat' dir='ltr'>regionibus</span> <span class='ocrx_word' id='word_1_343' title='bbox 994 4817 1181 4892; x_wconf 81' lang='lat' dir='ltr'>Gbrisdann</span> <span class='ocrx_word' id='word_1_344' title='bbox 1206 4817 1339 4911; x_wconf 84' lang='lat' dir='ltr'>religio,</span> <span class='ocrx_word' id='word_1_345' title='bbox 1365 4815 1407 4890; x_wconf 94' lang='lat' dir='ltr'>ab</span> <span class='ocrx_word' id='word_1_346' title='bbox 1423 4817 1662 4915; x_wconf 83' lang='lat' dir='ltr'>Apostolorum</span> <span class='ocrx_word' id='word_1_347' title='bbox 1689 4814 1863 4911; x_wconf 88' lang='lat' dir='ltr'>discipulis</span> <span class='ocrx_word' id='word_1_348' title='bbox 1892 4818 2070 4890; x_wconf 75' lang='lat' dir='ltr'>amandata</span> 
     </span>
     <span class='ocr_line' id='line_1_38' title="bbox 721 4930 2069 5023; baseline -0.002 -18"><span class='ocrx_word' id='word_1_349' title='bbox 721 4932 772 5005; x_wconf 92' lang='lat' dir='ltr'>llli</span> <span class='ocrx_word' id='word_1_350' title='bbox 797 4958 870 5006; x_wconf 89' lang='lat' dir='ltr'>cum</span> <span class='ocrx_word' id='word_1_351' title='bbox 890 4932 1061 5008; x_wconf 85' lang='lat' dir='ltr'>Eccleslas</span> <span class='ocrx_word' id='word_1_352' title='bbox 1088 4933 1308 5023; x_wconf 84' lang='lat' dir='ltr'>instituebant,</span> <span class='ocrx_word' id='word_1_353' title='bbox 1334 4933 1474 5008; x_wconf 90' lang='lat' dir='ltr'>iormam</span> <span class='ocrx_word' id='word_1_354' title='bbox 1491 4934 1781 5009; x_wconf 75' lang='lat' dir='ltr'>sacramentonum</span> <span class='ocrx_word' id='word_1_355' title='bbox 1808 4930 2069 5006; x_wconf 77' lang='lat' dir='ltr'>celebrandorum</span> 
     </span>
    </p>
   </div>
   <div class='ocr_carea' id='block_1_5' title="bbox 723 5049 2069 5148">
    <p class='ocr_par' dir='ltr' id='par_1_8' title="bbox 723 5049 2069 5148">
     <span class='ocr_line' id='line_1_39' title="bbox 723 5049 2069 5148; baseline 0.001 -28"><span class='ocrx_word' id='word_1_356' title='bbox 723 5049 1010 5146; x_wconf 86' lang='lat' dir='ltr'>praescribebant:</span> <span class='ocrx_word' id='word_1_357' title='bbox 1043 5051 1129 5124; x_wconf 90' lang='lat' dir='ltr'>unde</span> <span class='ocrx_word' id='word_1_358' title='bbox 1160 5050 1225 5125; x_wconf 89' lang='lat' dir='ltr'>buo</span> <span class='ocrx_word' id='word_1_359' title='bbox 1255 5054 1289 5124; x_wconf 93' lang='lat' dir='ltr'>in</span> <span class='ocrx_word' id='word_1_360' title='bbox 1321 5061 1416 5147; x_wconf 85' lang='lat' dir='ltr'>purte</span> <span class='ocrx_word' id='word_1_361' title='bbox 1442 5059 1598 5146; x_wconf 83' lang='lat' dir='ltr'>suspecta</span> <span class='ocrx_word' id='word_1_362' title='bbox 1624 5070 1794 5124; x_wconf 90' lang='lat' dir='ltr'>essenon</span> <span class='ocrx_word' id='word_1_363' title='bbox 1819 5049 2069 5148; x_wconf 79' lang='lat' dir='ltr'>potestoncr·</span> 
     </span>
    </p>
   </div>
   <div class='ocr_carea' id='block_1_6' title="bbox 0 0 2272 6034">
    <p class='ocr_par' dir='ltr' id='par_1_9' title="bbox 0 0 2272 6034">
     <span class='ocr_line' id='line_1_40' title="bbox 0 0 2272 6034; baseline 0 0"><span class='ocrx_word' id='word_1_364' title='bbox 0 0 2272 6034; x_wconf 95' lang='lat' dir='ltr'> </span> 
     </span>
    </p>
   </div>
  </div>
 </body>
</html>
