4525 6034
631 597 1169 678 ALEXANDRINO.
1498 599 1576 674 429

212 792 280 862 ciac
305 790 455 880 assignat
481 787 523 860 ad
550 792 708 861 terminos
734 788 884 880 regionis
911 788 1042 875 Aenon,
1072 786 1285 884 Geographia
1302 786 1492 862 Nnbiensis.
1521 789 1578 860 An

210 905 366 1001 Episcopi
391 903 457 975 illic
483 903 615 995 luerint,
642 905 806 978 affirmare
833 925 901 977 non
927 926 1116 999 possumus.

309 1021 389 1092 lios
420 1024 539 1113 viginti
565 1020 676 1117 pagos
703 1024 864 1094 continet:
892 1018 952 1093 luit
976 1019 1073 1114 hujus
1099 1019 1182 1094 urbs
1199 1016 1412 1117 Episcopelis
1439 1021 1578 1115 ejusque
1680 1060 1684 1067 ·

209 1139 425 1209 meminerunt
450 1135 623 1211 Glossaria
651 1135 975 1233 Coptica-Arabica.

310 1254 411 1324 Eone
441 1265 570 1351 septem
609 1263 733 1326 mamm
769 1275 877 1350 pagos
911 1251 1212 1351 complectebatur:
1240 1250 1417 1344 Dendera,
1444 1256 1573 1345 viginti.

208 1366 256 1440 Ea
292 1379 345 1441 est
377 1391 462 1463 quae
497 1373 531 1440 in
563 1368 823 1442 Nomenclatore
856 1368 996 1464 Coptica
1031 1376 1195 1469 Kanope
1231 1366 1433 1465 appellatur:
1468 1367 1580 1442 babuit

209 1507 341 1580 quoque
367 1484 481 1557 sedem
501 1484 748 1582 Episcopalem.

312 1601 398 1694 Keft
422 1603 541 1692 viginti
577 1601 662 1674 duos
688 1624 798 1696 pagos
826 1600 1095 1697 amplectebatur.
1134 1600 1221 1673 Eam
1247 1623 1325 1675 esse
1353 1601 1486 1695 Copton
1511 1627 1578 1676 an-

207 1720 331 1810 tiquam
358 1725 529 1789 ostensum
555 1728 607 1789 est
634 1721 667 1788 in
694 1717 939 1790 Dissertationc
965 1717 1007 1788 de
1035 1716 1194 1813 Coptitis,
1229 1728 1262 1789 et
1287 1717 1401 1811 lingua
1427 1719 1578 1817 Coptica,

207 1835 238 1903 in
266 1855 331 1927 qua
357 1831 528 1904 retulimus
555 1834 710 1929 quaeda
736 1857 778 1907 ea
804 1834 888 1906 urbe
908 1837 1047 1928 ejusque
1074 1832 1320 1927 antiquitatibus
1335 1839 1468 1931 potiora
1494 1849 1579 1910 sunt

205 1947 253 2021 lbi
279 1948 388 2022 adbuc
414 1961 611 2045 supererant
636 1949 813 2023 Ecclesiae
839 1961 873 2022 et
887 1949 1091 2022 Monosteria
1119 1960 1185 2022 mm
1200 1953 1349 2023 virorum
1376 1975 1473 2046 quem
1499 1976 1579 2026 mu-

204 2064 322 2138 lierum
348 2068 382 2137 in
408 2066 474 2137 line
500 2066 619 2138 decimi
646 2070 733 2138 tertii
759 2066 897 2154 saeculi,
924 2089 997 2138 curn
1025 2067 1189 2159 scriberet
1208 2064 1380 2141 Abuselab
1396 2071 1578 2157 Armatam,

202 2186 254 2277 qui
287 2183 400 2277 aliqua
434 2195 616 2256 enumerat.
669 2183 719 2255 Ea
753 2185 833 2257 urbs
868 2183 1080 2279 Episcopelis
1113 2193 1203 2272 erat,
1241 2195 1341 2278 atque
1372 2187 1458 2255 inter
1491 2183 1577 2256 illius

203 2299 379 2371 Antistites
405 2303 586 2396 praecipue
612 2309 890 2373 commemoratur
925 2299 1137 2386 Vincentius,
1170 2303 1264 2393 cnjus
1296 2298 1457 2373 babemus
1484 2301 1578 2373 Pro-

204 2415 388 2489 lessionem
420 2414 496 2486 fidei
530 2417 710 2489 secundum
741 2414 968 2489 Jacobitarum
994 2421 1209 2504 sententiam,
1240 2427 1274 2487 et
1305 2420 1339 2487 in
1371 2439 1413 2489 ea
1447 2420 1578 2508 insigne

207 2533 428 2605 testimonium
461 2531 503 2603 ‹le
538 2531 754 2605 Eucharistia.
807 2533 968 2605 Memoria
1004 2537 1077 2625 ejus
1117 2535 1263 2604 occurrit
1296 2535 1330 2604 in
1369 2531 1578 2605 Kalendariis

208 2645 357 2742 Copticis
384 2659 484 2743 atque
509 2648 734 2744 Aethiopicis:
761 2649 948 2746 sepulcrum
979 2671 1086 2744 prope
1112 2648 1204 2735 Kus,
1238 2652 1272 2719 in
1305 2652 1476 2745 parietinis
1501 2648 1577 2721 Ec-

207 2762 334 2837 clesiae
360 2764 394 2837 S.
421 2766 563 2855 Mariae,
589 2774 789 2838 attestatur
814 2764 901 2837 idem
927 2764 1109 2837 Abuselab

311 2880 430 2952 Absor
469 2885 611 2977 quinque
645 2891 768 2954 tantum
803 2903 913 2978 pagos
950 2891 1115 2953 numerat:
1168 2884 1202 2951 in
1237 2878 1409 2953 Thebaide
1442 2904 1577 2977 quoque

206 3006 408 3070 memoratur
435 2996 554 3071 alicubi
581 3001 654 3091 ejus
679 2998 879 3094 Episcopus.
1049 2989 1051 2991 ’

312 3115 412 3185 Aac
436 3117 580 3210 quinque
612 3118 738 3210 pariter
763 3114 864 3188 babet
889 3135 1011 3210 pagos:
1045 3113 1088 3185 ad
1115 3123 1244 3208 partem
1276 3112 1343 3186 Nili
1372 3113 1579 3187 Occidenta-

207 3228 285 3313 lem,
314 3233 400 3301 inter
426 3231 600 3303 Assowan
626 3253 688 3304 seu
713 3231 875 3326 Syenem,
902 3241 936 3303 at
960 3230 1085 3303 liusam
1120 3229 1246 3302 media:
1272 3228 1507 3325 Latonopolis,
1544 3240 1581 3303 ut

208 3369 252 3417 ex
279 3345 464 3419 Glossariis
496 3358 643 3434 constat,
675 3370 761 3444 quae
792 3370 864 3420 eam
891 3355 1019 3422 Λατον
1052 3346 1230 3443 appellant.
1282 3335 1488 3442 Episcopatu
1520 3351 1579 3419 in-

207 3465 314 3554 signis
340 3460 410 3533 tuit

310 3581 471 3667 blectent,
505 3591 632 3676 septem
664 3602 776 3675 pagos
810 3585 957 3676 Ερμοντ
989 3579 1137 3654 scribunt
1171 3579 1336 3676 Coptitae.
1389 3580 1579 3654 Secundmn
1682 3613 1689 3627 ·
1744 3614 1750 3626 ·

205 3694 408 3768 Abulfedam
449 3699 483 3766 in
518 3695 583 3768 Nili
621 3696 719 3769 litore
754 3696 969 3784 occidentali,
1007 3700 1040 3767 in
1080 3695 1202 3769 Sabide
1235 3701 1417 3793 superiori,
1451 3698 1577 3772 duabus

208 3812 326 3884 diaetis
353 3812 395 3885 ab
421 3814 595 3885 Asowana
622 3835 683 3885 seu
708 3813 838 3910 Syene,
864 3824 898 3885 et
925 3813 1060 3886 totidem
1088 3813 1218 3885 allusu
1238 3812 1376 3887 dbtans:
1404 3815 1578 3887 Homon-

208 3929 273 4000 tbia
298 3940 461 4001 veterum.
513 3930 558 4002 Et
583 3928 671 4025 quoti
698 3929 904 4002 intervallum
932 3930 1143 4002 Ptolemaeus
1175 3932 1261 4000 inter
1294 3952 1367 4002 eam
1402 3941 1436 4002 et
1467 3930 1579 4002 Lato-

207 4045 296 4137 polin
324 4048 511 4135 constituit,
537 4049 633 4118 unius
660 4068 779 4142 nempe
809 4045 873 4117 diei
894 4050 974 4132 iter,
1001 4046 1089 4118 idem
1115 4049 1202 4117 inter
1220 4047 1347 4120 Asnam
1376 4055 1409 4119 et
1427 4046 1578 4136 Armem,

207 4160 457 4234 Ebu-Jounes
483 4172 518 4234 ct
543 4163 598 4234 alii
626 4161 814 4235 Orientales
841 4171 1000 4234 statuunt:
1027 4162 1087 4234 luit
1111 4160 1324 4257 Episcopelis
1350 4185 1392 4234 ea
1418 4161 1509 4234 urbs.

311 4279 456 4349 Aaottoa
489 4282 522 4350 in
557 4281 722 4375 superiori
756 4301 888 4374 quoque
921 4276 1112 4366 Thebaide,
1146 4281 1284 4373 ejusque
1316 4278 1414 4352 limes
1450 4290 1580 4375 septem

208 4417 342 4489 quoque
367 4416 477 4490 pagos
505 4394 709 4467 continebat:
736 4399 862 4469 Σουαν
882 4404 1025 4467 vocatur
1051 4398 1084 4465 in
1101 4393 1283 4468 Glossatiis
1300 4394 1579 4491 Coptico-Ara-

206 4510 299 4585 bieis.
353 4510 404 4583 Ea
430 4511 544 4604 Sperne
568 4522 721 4583 veterum
749 4520 819 4600 est,
845 4532 912 4582 non
938 4510 1040 4602 longe
1061 4508 1284 4583 acataractis
1307 4510 1392 4598 Nili,
1420 4512 1509 4608 quod
1536 4513 1580 4583 tle

207 4630 270 4700 ista
298 4627 482 4700 Strabo-et
517 4627 570 4700 alii
607 4626 800 4721 Geographi
835 4626 955 4698 Graeci
989 4636 1044 4699 aut
1070 4626 1197 4714 Latini,
1234 4626 1275 4698 de
1309 4627 1364 4700 illa
1399 4628 1579 4715 Aballoda,

207 4741 404 4833 Nubiensis,
430 4743 626 4833 Kanninius,
662 4745 768 4817 Persa
805 4763 1009 4839 anonymus,
1043 4755 1077 4816 et
1111 4743 1168 4815 alii
1201 4743 1339 4816 tradunt.
1392 4746 1468 4817 Fuit
1501 4747 1579 4818 olim

209 4863 308 4932 etiam
333 4861 379 4932 ibi
405 4859 617 4959 Episcopelis
644 4861 810 4935 cathedra
862 4862 974 4957 Atque
999 4860 1050 4935 bis
1076 4858 1231 4932 limitibus
1259 4869 1293 4933 et
1325 4860 1461 4934 urbibus
1490 4885 1580 4935 con-

209 4979 330 5049 tinetur
356 4986 425 5050 tota
451 4983 604 5074 superior
628 4979 832 5075 Aegyptus,
858 5000 918 5050 seu
935 4975 1036 5050 Sabid
1062 4981 1095 5049 in
1117 4999 1181 5073 qua
1197 4999 1307 5071 pagos
1322 4977 1411 5050 mille
1428 4978 1579 5073 quadra-

208 5097 302 5185 ginta
337 5105 405 5167 tres
431 5094 538 5170 luisse
563 5103 699 5190 praeter
724 5098 891 5186 minores,
928 5104 1065 5166 testatur
1097 5092 1286 5167 blabrinius'.
1337 5090 1376 5166 ln
1409 5096 1577 5193 plerisque

1287 5210 1335 5286 to
1349 5212 1368 5248 ⁴*
