<?xml version="1.0" encoding="UTF-8"?>
<!DOCTYPE html PUBLIC "-//W3C//DTD XHTML 1.0 Transitional//EN"
    "http://www.w3.org/TR/xhtml1/DTD/xhtml1-transitional.dtd">
<html xmlns="http://www.w3.org/1999/xhtml" xml:lang="en" lang="en">
 <head>
  <title>
</title>
<meta http-equiv="Content-Type" content="text/html;charset=utf-8" />
  <meta name='ocr-system' content='tesseract 3.04.00' />
  <meta name='ocr-capabilities' content='ocr_page ocr_carea ocr_par ocr_line ocrx_word'/>
</head>
<body>
  <div class='ocr_page' id='page_1' title='image "./liturgiarumorie00unkngoog/liturgiarumorie00unkngoog_0873.png"; bbox 0 0 4525 6034; ppageno 0'>
   <div class='ocr_carea' id='block_1_1' title="bbox 530 605 1555 685">
    <p class='ocr_par' dir='ltr' id='par_1_1' title="bbox 530 605 1555 685">
     <span class='ocr_line' id='line_1_1' title="bbox 530 605 1555 685; baseline -0.002 0"><span class='ocrx_word' id='word_1_1' title='bbox 530 605 1211 685; x_wconf 80' lang='lat' dir='ltr'>LITURGIAPETRIII.</span> <span class='ocrx_word' id='word_1_2' title='bbox 1482 607 1555 683; x_wconf 77' lang='lat'>159</span> 
     </span>
    </p>
   </div>
   <div class='ocr_carea' id='block_1_2' title="bbox 352 913 1391 1012">
    <p class='ocr_par' dir='ltr' id='par_1_2' title="bbox 352 913 1391 1012">
     <span class='ocr_line' id='line_1_2' title="bbox 352 913 1391 1012; baseline -0.002 -24"><span class='ocrx_word' id='word_1_3' title='bbox 352 915 527 989; x_wconf 77' lang='lat' dir='ltr'>Sacerdos</span> <span class='ocrx_word' id='word_1_4' title='bbox 548 920 683 1011; x_wconf 72' lang='lat' dir='ltr'>fronqil</span> <span class='ocrx_word' id='word_1_5' title='bbox 708 916 865 988; x_wconf 81' lang='lat' dir='ltr'>oblatam,</span> <span class='ocrx_word' id='word_1_6' title='bbox 920 913 1041 1012; x_wconf 77' lang='lat' dir='ltr'>Oratio</span> <span class='ocrx_word' id='word_1_7' title='bbox 1068 916 1115 987; x_wconf 88' lang='lat' dir='ltr'>od</span> <span class='ocrx_word' id='word_1_8' title='bbox 1139 915 1241 988; x_wconf 85' lang='lat' dir='ltr'>Pater</span> <span class='ocrx_word' id='word_1_9' title='bbox 1266 925 1391 989; x_wconf 87' lang='lat' dir='ltr'>noster.</span> 
     </span>
    </p>
   </div>
   <div class='ocr_carea' id='block_1_3' title="bbox 156 1122 1556 4112">
    <p class='ocr_par' dir='ltr' id='par_1_3' title="bbox 156 1122 1556 1684">
     <span class='ocr_line' id='line_1_3' title="bbox 156 1122 1555 1220; baseline -0.001 -24"><span class='ocrx_word' id='word_1_10' title='bbox 156 1157 159 1162; x_wconf 17' lang='grc' dir='ltr'><strong>Α</strong></span> <span class='ocrx_word' id='word_1_11' title='bbox 292 1125 521 1220; x_wconf 85' lang='lat' dir='ltr'>Deprecamur</span> <span class='ocrx_word' id='word_1_12' title='bbox 547 1133 581 1195; x_wconf 90' lang='lat' dir='ltr'>te</span> <span class='ocrx_word' id='word_1_13' title='bbox 606 1124 699 1195; x_wconf 89' lang='lat' dir='ltr'>Deus</span> <span class='ocrx_word' id='word_1_14' title='bbox 725 1132 831 1220; x_wconf 86' lang='lat' dir='ltr'>pater,</span> <span class='ocrx_word' id='word_1_15' title='bbox 859 1122 1064 1211; x_wconf 77' lang='lat' dir='ltr'>consolator,</span> <span class='ocrx_word' id='word_1_16' title='bbox 1090 1133 1124 1194; x_wconf 89' lang='lat' dir='ltr'>et</span> <span class='ocrx_word' id='word_1_17' title='bbox 1150 1122 1356 1196; x_wconf 73' lang='lat' dir='ltr'>confortator</span> <span class='ocrx_word' id='word_1_18' title='bbox 1378 1123 1555 1196; x_wconf 83' lang='lat' dir='ltr'>infirmita-</span> 
     </span>
     <span class='ocr_line' id='line_1_4' title="bbox 194 1239 1554 1336; baseline -0.001 -23"><span class='ocrx_word' id='word_1_19' title='bbox 194 1243 233 1313; x_wconf 85' lang='lat' dir='ltr'>n&#39;s</span> <span class='ocrx_word' id='word_1_20' title='bbox 257 1252 415 1329; x_wconf 88' lang='lat' dir='ltr'>nostrae,</span> <span class='ocrx_word' id='word_1_21' title='bbox 446 1239 581 1336; x_wconf 83' lang='lat' dir='ltr'>purifica</span> <span class='ocrx_word' id='word_1_22' title='bbox 608 1261 671 1312; x_wconf 90' lang='lat' dir='ltr'>nos</span> <span class='ocrx_word' id='word_1_23' title='bbox 699 1240 740 1314; x_wconf 87' lang='lat' dir='ltr'>ab</span> <span class='ocrx_word' id='word_1_24' title='bbox 768 1243 857 1312; x_wconf 90' lang='lat' dir='ltr'>omni</span> <span class='ocrx_word' id='word_1_25' title='bbox 882 1239 1081 1312; x_wconf 79' lang='lat' dir='ltr'>immunditia</span> <span class='ocrx_word' id='word_1_26' title='bbox 1115 1241 1310 1334; x_wconf 87' lang='lat' dir='ltr'>iniquitatis,</span> <span class='ocrx_word' id='word_1_27' title='bbox 1345 1251 1378 1313; x_wconf 90' lang='lat' dir='ltr'>et</span> <span class='ocrx_word' id='word_1_28' title='bbox 1410 1243 1554 1336; x_wconf 88' lang='lat' dir='ltr'>peccati,</span> 
     </span>
     <span class='ocr_line' id='line_1_5' title="bbox 195 1353 1554 1453; baseline -0.001 -24"><span class='ocrx_word' id='word_1_29' title='bbox 195 1365 227 1429; x_wconf 84' lang='lat' dir='ltr'>ct</span> <span class='ocrx_word' id='word_1_30' title='bbox 251 1359 384 1453; x_wconf 80' lang='lat' dir='ltr'>suscipe</span> <span class='ocrx_word' id='word_1_31' title='bbox 409 1355 470 1428; x_wconf 90' lang='lat' dir='ltr'>has</span> <span class='ocrx_word' id='word_1_32' title='bbox 498 1354 702 1444; x_wconf 89' lang='lat' dir='ltr'>oblationes,</span> <span class='ocrx_word' id='word_1_33' title='bbox 729 1379 812 1451; x_wconf 86' lang='lat' dir='ltr'>quas</span> <span class='ocrx_word' id='word_1_34' title='bbox 838 1358 1075 1452; x_wconf 84' lang='lat' dir='ltr'>propeccatis</span> <span class='ocrx_word' id='word_1_35' title='bbox 1107 1360 1251 1444; x_wconf 89' lang='lat' dir='ltr'>nostris,</span> <span class='ocrx_word' id='word_1_36' title='bbox 1286 1353 1344 1428; x_wconf 89' lang='lat' dir='ltr'>tibi</span> <span class='ocrx_word' id='word_1_37' title='bbox 1376 1354 1554 1442; x_wconf 83' lang='lat' dir='ltr'>oderimus,</span> 
     </span>
     <span class='ocr_line' id='line_1_6' title="bbox 193 1471 1556 1569; baseline 0.001 -26"><span class='ocrx_word' id='word_1_38' title='bbox 193 1482 227 1543; x_wconf 93' lang='lat' dir='ltr'>ut</span> <span class='ocrx_word' id='word_1_39' title='bbox 250 1494 316 1544; x_wconf 92' lang='lat' dir='ltr'>uno</span> <span class='ocrx_word' id='word_1_40' title='bbox 344 1473 528 1569; x_wconf 89' lang='lat' dir='ltr'>eodemque</span> <span class='ocrx_word' id='word_1_41' title='bbox 556 1475 684 1568; x_wconf 88' lang='lat' dir='ltr'>spiritu,</span> <span class='ocrx_word' id='word_1_42' title='bbox 710 1471 892 1545; x_wconf 87' lang='lat' dir='ltr'>clamemus</span> <span class='ocrx_word' id='word_1_43' title='bbox 919 1472 962 1544; x_wconf 91' lang='lat' dir='ltr'>ad</span> <span class='ocrx_word' id='word_1_44' title='bbox 978 1484 1026 1560; x_wconf 87' lang='lat' dir='ltr'>te,</span> <span class='ocrx_word' id='word_1_45' title='bbox 1053 1494 1199 1563; x_wconf 89' lang='lat' dir='ltr'>cremus,</span> <span class='ocrx_word' id='word_1_46' title='bbox 1226 1483 1259 1544; x_wconf 92' lang='lat' dir='ltr'>et</span> <span class='ocrx_word' id='word_1_47' title='bbox 1278 1472 1436 1560; x_wconf 88' lang='lat' dir='ltr'>dicamus,</span> <span class='ocrx_word' id='word_1_48' title='bbox 1455 1473 1556 1544; x_wconf 84' lang='lat' dir='ltr'>Pater</span> 
     </span>
     <span class='ocr_line' id='line_1_7' title="bbox 192 1590 650 1684; baseline 0.002 -26"><span class='ocrx_word' id='word_1_49' title='bbox 192 1598 304 1662; x_wconf 86' lang='lat' dir='ltr'>noster</span> <span class='ocrx_word' id='word_1_50' title='bbox 331 1592 386 1684; x_wconf 92' lang='lat' dir='ltr'>qui</span> <span class='ocrx_word' id='word_1_51' title='bbox 412 1612 450 1662; x_wconf 90' lang='lat' dir='ltr'>es</span> <span class='ocrx_word' id='word_1_52' title='bbox 476 1593 510 1662; x_wconf 92' lang='lat' dir='ltr'>iu</span> <span class='ocrx_word' id='word_1_53' title='bbox 536 1590 650 1662; x_wconf 90' lang='lat' dir='ltr'>coelis.</span> 
     </span>
    </p>

    <p class='ocr_par' dir='ltr' id='par_1_4' title="bbox 291 1704 745 1800">
     <span class='ocr_line' id='line_1_8' title="bbox 291 1704 745 1800; baseline -0.002 -24"><span class='ocrx_word' id='word_1_54' title='bbox 291 1705 455 1800; x_wconf 78' lang='lat' dir='ltr'>Populus.</span> <span class='ocrx_word' id='word_1_55' title='bbox 507 1704 745 1778; x_wconf 86' lang='lat' dir='ltr'>Sanctificetur.</span> 
     </span>
    </p>

    <p class='ocr_par' dir='ltr' id='par_1_5' title="bbox 191 1820 1555 2360">
     <span class='ocr_line' id='line_1_9' title="bbox 291 1820 1554 1918; baseline 0.002 -26"><span class='ocrx_word' id='word_1_56' title='bbox 291 1820 476 1895; x_wconf 78' lang='lat' dir='ltr'>Sacerdos.</span> <span class='ocrx_word' id='word_1_57' title='bbox 516 1822 609 1894; x_wconf 90' lang='lat' dir='ltr'>Deus</span> <span class='ocrx_word' id='word_1_58' title='bbox 634 1822 792 1915; x_wconf 82' lang='lat' dir='ltr'>benigne,</span> <span class='ocrx_word' id='word_1_59' title='bbox 818 1844 861 1894; x_wconf 88' lang='lat' dir='ltr'>ne</span> <span class='ocrx_word' id='word_1_60' title='bbox 887 1821 1023 1896; x_wconf 88' lang='lat' dir='ltr'>inducas</span> <span class='ocrx_word' id='word_1_61' title='bbox 1049 1843 1113 1894; x_wconf 90' lang='lat' dir='ltr'>nos</span> <span class='ocrx_word' id='word_1_62' title='bbox 1140 1823 1173 1892; x_wconf 91' lang='lat' dir='ltr'>in</span> <span class='ocrx_word' id='word_1_63' title='bbox 1201 1823 1413 1896; x_wconf 87' lang='lat' dir='ltr'>tentationum</span> <span class='ocrx_word' id='word_1_64' title='bbox 1440 1844 1554 1918; x_wconf 84' lang='lat' dir='ltr'>expe-</span> 
     </span>
     <span class='ocr_line' id='line_1_10' title="bbox 191 1937 1555 2034; baseline 0.001 -25"><span class='ocrx_word' id='word_1_65' title='bbox 191 1940 341 2029; x_wconf 89' lang='lat' dir='ltr'>rimenta,</span> <span class='ocrx_word' id='word_1_66' title='bbox 368 1941 445 2034; x_wconf 82' lang='lat' dir='ltr'>quia</span> <span class='ocrx_word' id='word_1_67' title='bbox 471 1940 719 2011; x_wconf 79' lang='lat' dir='ltr'>virtutemnon</span> <span class='ocrx_word' id='word_1_68' title='bbox 745 1938 905 2012; x_wconf 80' lang='lat' dir='ltr'>hahemus</span> <span class='ocrx_word' id='word_1_69' title='bbox 932 1938 973 2010; x_wconf 92' lang='lat' dir='ltr'>ad</span> <span class='ocrx_word' id='word_1_70' title='bbox 1001 1938 1238 2010; x_wconf 84' lang='lat' dir='ltr'>sustinendum:</span> <span class='ocrx_word' id='word_1_71' title='bbox 1266 1937 1327 2010; x_wconf 87' lang='lat' dir='ltr'>sed</span> <span class='ocrx_word' id='word_1_72' title='bbox 1341 1960 1403 2033; x_wconf 90' lang='lat' dir='ltr'>pro</span> <span class='ocrx_word' id='word_1_73' title='bbox 1416 1942 1555 2010; x_wconf 87' lang='lat' dir='ltr'>miseri-</span> 
     </span>
     <span class='ocr_line' id='line_1_11' title="bbox 191 2052 1555 2150; baseline 0.002 -26"><span class='ocrx_word' id='word_1_74' title='bbox 191 2053 302 2127; x_wconf 85' lang='lat' dir='ltr'>cordia</span> <span class='ocrx_word' id='word_1_75' title='bbox 330 2065 387 2126; x_wconf 87' lang='lat' dir='ltr'>tuu</span> <span class='ocrx_word' id='word_1_76' title='bbox 412 2077 552 2147; x_wconf 87' lang='lat' dir='ltr'>magna,</span> <span class='ocrx_word' id='word_1_77' title='bbox 589 2058 702 2150; x_wconf 87' lang='lat' dir='ltr'>eripe,</span> <span class='ocrx_word' id='word_1_78' title='bbox 737 2063 771 2126; x_wconf 87' lang='lat' dir='ltr'>et</span> <span class='ocrx_word' id='word_1_79' title='bbox 797 2055 891 2128; x_wconf 90' lang='lat' dir='ltr'>salva</span> <span class='ocrx_word' id='word_1_80' title='bbox 917 2077 981 2128; x_wconf 89' lang='lat' dir='ltr'>nos</span> <span class='ocrx_word' id='word_1_81' title='bbox 1009 2054 1051 2127; x_wconf 86' lang='lat' dir='ltr'>ub</span> <span class='ocrx_word' id='word_1_82' title='bbox 1084 2053 1236 2127; x_wconf 89' lang='lat' dir='ltr'>omnihus</span> <span class='ocrx_word' id='word_1_83' title='bbox 1271 2052 1380 2149; x_wconf 83' lang='lat' dir='ltr'>plagis</span> <span class='ocrx_word' id='word_1_84' title='bbox 1415 2053 1555 2144; x_wconf 82' lang='lat' dir='ltr'>furoris3</span> 
     </span>
     <span class='ocr_line' id='line_1_12' title="bbox 192 2168 1555 2267; baseline 0.001 -26"><span class='ocrx_word' id='word_1_85' title='bbox 192 2173 264 2265; x_wconf 90' lang='lat' dir='ltr'>quia</span> <span class='ocrx_word' id='word_1_86' title='bbox 292 2181 349 2243; x_wconf 89' lang='lat' dir='ltr'>tua</span> <span class='ocrx_word' id='word_1_87' title='bbox 375 2181 427 2242; x_wconf 87' lang='lat' dir='ltr'>cst</span> <span class='ocrx_word' id='word_1_88' title='bbox 452 2175 616 2267; x_wconf 87' lang='lat' dir='ltr'>potentia,</span> <span class='ocrx_word' id='word_1_89' title='bbox 644 2183 678 2244; x_wconf 92' lang='lat' dir='ltr'>et</span> <span class='ocrx_word' id='word_1_90' title='bbox 703 2193 861 2263; x_wconf 81' lang='lat' dir='ltr'>regnum,</span> <span class='ocrx_word' id='word_1_91' title='bbox 895 2182 929 2243; x_wconf 93' lang='lat' dir='ltr'>et</span> <span class='ocrx_word' id='word_1_92' title='bbox 955 2168 1012 2243; x_wconf 88' lang='lat' dir='ltr'>tibi</span> <span class='ocrx_word' id='word_1_93' title='bbox 1038 2170 1198 2263; x_wconf 76' lang='lat' dir='ltr'>gloriam,</span> <span class='ocrx_word' id='word_1_94' title='bbox 1231 2180 1264 2242; x_wconf 91' lang='lat' dir='ltr'>et</span> <span class='ocrx_word' id='word_1_95' title='bbox 1295 2169 1424 2243; x_wconf 91' lang='lat' dir='ltr'>laudem</span> <span class='ocrx_word' id='word_1_96' title='bbox 1457 2171 1555 2243; x_wconf 84' lang='lat' dir='ltr'>reie-</span> 
     </span>
     <span class='ocr_line' id='line_1_13' title="bbox 191 2289 299 2360; baseline 0.009 -3"><span class='ocrx_word' id='word_1_97' title='bbox 191 2289 299 2360; x_wconf 88' lang='lat' dir='ltr'>rimus.</span> 
     </span>
    </p>

    <p class='ocr_par' dir='ltr' id='par_1_6' title="bbox 290 2403 626 2497">
     <span class='ocr_line' id='line_1_14' title="bbox 290 2403 626 2497; baseline -0.003 -23"><span class='ocrx_word' id='word_1_98' title='bbox 290 2403 455 2497; x_wconf 78' lang='lat' dir='ltr'>Populus.</span> <span class='ocrx_word' id='word_1_99' title='bbox 507 2405 626 2476; x_wconf 88' lang='lat' dir='ltr'>Amen.</span> 
     </span>
    </p>

    <p class='ocr_par' dir='ltr' id='par_1_7' title="bbox 290 2518 1189 2612">
     <span class='ocr_line' id='line_1_15' title="bbox 290 2518 1189 2612; baseline 0.001 -22"><span class='ocrx_word' id='word_1_100' title='bbox 290 2518 476 2592; x_wconf 77' lang='lat' dir='ltr'>Sacerdos.</span> <span class='ocrx_word' id='word_1_101' title='bbox 529 2522 612 2593; x_wconf 82' lang='lat' dir='ltr'>Pax.</span> <span class='ocrx_word' id='word_1_102' title='bbox 821 2520 981 2612; x_wconf 81' lang='lat' dir='ltr'>Populus.</span> <span class='ocrx_word' id='word_1_103' title='bbox 1035 2519 1079 2592; x_wconf 87' lang='lat' dir='ltr'>Et</span> <span class='ocrx_word' id='word_1_104' title='bbox 1105 2543 1189 2593; x_wconf 87' lang='lat' dir='ltr'>cum.</span> 
     </span>
    </p>

    <p class='ocr_par' dir='ltr' id='par_1_8' title="bbox 291 2627 932 2709">
     <span class='ocr_line' id='line_1_16' title="bbox 291 2627 932 2709; baseline 0 0"><span class='ocrx_word' id='word_1_105' title='bbox 291 2637 479 2709; x_wconf 78' lang='lat' dir='ltr'>Diaconos.</span> <span class='ocrx_word' id='word_1_106' title='bbox 533 2636 701 2709; x_wconf 86' lang='lat' dir='ltr'>lnoliuate.</span> <span class='ocrx_word' id='word_1_107' title='bbox 927 2627 932 2632; x_wconf 44' lang='lat'>⁵</span> 
     </span>
    </p>

    <p class='ocr_par' dir='ltr' id='par_1_9' title="bbox 190 2752 1556 3314">
     <span class='ocr_line' id='line_1_17' title="bbox 290 2752 1556 2844; baseline 0.002 -21"><span class='ocrx_word' id='word_1_108' title='bbox 290 2752 475 2824; x_wconf 80' lang='lat' dir='ltr'>Sacerdos.</span> <span class='ocrx_word' id='word_1_109' title='bbox 529 2753 675 2825; x_wconf 88' lang='lat' dir='ltr'>Benedic</span> <span class='ocrx_word' id='word_1_110' title='bbox 702 2754 845 2825; x_wconf 90' lang='lat' dir='ltr'>Domine</span> <span class='ocrx_word' id='word_1_111' title='bbox 871 2755 963 2828; x_wconf 88' lang='lat' dir='ltr'>Dens</span> <span class='ocrx_word' id='word_1_112' title='bbox 997 2775 1140 2842; x_wconf 87' lang='lat' dir='ltr'>servos,</span> <span class='ocrx_word' id='word_1_113' title='bbox 1172 2764 1207 2824; x_wconf 88' lang='lat' dir='ltr'>et</span> <span class='ocrx_word' id='word_1_114' title='bbox 1239 2753 1432 2826; x_wconf 83' lang='lat' dir='ltr'>adoratores</span> <span class='ocrx_word' id='word_1_115' title='bbox 1468 2765 1556 2844; x_wconf 88' lang='lat' dir='ltr'>tuos,</span> 
     </span>
     <span class='ocr_line' id='line_1_18' title="bbox 192 2868 1556 2967; baseline 0 -25"><span class='ocrx_word' id='word_1_116' title='bbox 192 2874 243 2966; x_wconf 89' lang='lat' dir='ltr'>qui</span> <span class='ocrx_word' id='word_1_117' title='bbox 269 2873 464 2956; x_wconf 89' lang='lat' dir='ltr'>animarum,</span> <span class='ocrx_word' id='word_1_118' title='bbox 492 2881 729 2966; x_wconf 87' lang='lat' dir='ltr'>etcorporum</span> <span class='ocrx_word' id='word_1_119' title='bbox 755 2868 840 2941; x_wconf 86' lang='lat' dir='ltr'>colla</span> <span class='ocrx_word' id='word_1_120' title='bbox 868 2891 981 2941; x_wconf 90' lang='lat' dir='ltr'>coram</span> <span class='ocrx_word' id='word_1_121' title='bbox 1010 2880 1042 2941; x_wconf 88' lang='lat' dir='ltr'>te</span> <span class='ocrx_word' id='word_1_122' title='bbox 1069 2869 1282 2958; x_wconf 86' lang='lat' dir='ltr'>demiserunt,</span> <span class='ocrx_word' id='word_1_123' title='bbox 1310 2881 1343 2942; x_wconf 92' lang='lat' dir='ltr'>et</span> <span class='ocrx_word' id='word_1_124' title='bbox 1368 2880 1402 2942; x_wconf 87' lang='lat' dir='ltr'>te</span> <span class='ocrx_word' id='word_1_125' title='bbox 1428 2869 1556 2967; x_wconf 87' lang='lat' dir='ltr'>depre-</span> 
     </span>
     <span class='ocr_line' id='line_1_19' title="bbox 191 2984 1555 3078; baseline 0 -19"><span class='ocrx_word' id='word_1_126' title='bbox 191 2999 315 3060; x_wconf 83' lang='lat' dir='ltr'>cantur.</span> <span class='ocrx_word' id='word_1_127' title='bbox 369 2987 499 3078; x_wconf 80' lang='lat' dir='ltr'>Dignos</span> <span class='ocrx_word' id='word_1_128' title='bbox 526 2986 619 3059; x_wconf 87' lang='lat' dir='ltr'>effice</span> <span class='ocrx_word' id='word_1_129' title='bbox 645 2985 719 3058; x_wconf 84' lang='lat' dir='ltr'>illos</span> <span class='ocrx_word' id='word_1_130' title='bbox 745 2985 908 3074; x_wconf 90' lang='lat' dir='ltr'>Domine,</span> <span class='ocrx_word' id='word_1_131' title='bbox 934 2984 1162 3060; x_wconf 79' lang='lat' dir='ltr'>misericordia</span> <span class='ocrx_word' id='word_1_132' title='bbox 1189 2994 1257 3076; x_wconf 87' lang='lat' dir='ltr'>tua,</span> <span class='ocrx_word' id='word_1_133' title='bbox 1284 2998 1318 3061; x_wconf 92' lang='lat' dir='ltr'>et</span> <span class='ocrx_word' id='word_1_134' title='bbox 1343 2989 1442 3058; x_wconf 87' lang='lat' dir='ltr'>venia</span> <span class='ocrx_word' id='word_1_135' title='bbox 1469 3009 1555 3059; x_wconf 90' lang='lat' dir='ltr'>suo-</span> 
     </span>
     <span class='ocr_line' id='line_1_20' title="bbox 191 3100 1556 3197; baseline 0.001 -21"><span class='ocrx_word' id='word_1_136' title='bbox 191 3126 276 3192; x_wconf 88' lang='lat' dir='ltr'>rum,</span> <span class='ocrx_word' id='word_1_137' title='bbox 304 3111 562 3197; x_wconf 88' lang='lat' dir='ltr'>nostrorumque</span> <span class='ocrx_word' id='word_1_138' title='bbox 588 3113 820 3197; x_wconf 87' lang='lat' dir='ltr'>peccatorum,</span> <span class='ocrx_word' id='word_1_139' title='bbox 852 3105 928 3197; x_wconf 88' lang='lat' dir='ltr'>quia</span> <span class='ocrx_word' id='word_1_140' title='bbox 960 3101 1081 3174; x_wconf 89' lang='lat' dir='ltr'>multae</span> <span class='ocrx_word' id='word_1_141' title='bbox 1107 3100 1357 3175; x_wconf 87' lang='lat' dir='ltr'>misericordiae</span> <span class='ocrx_word' id='word_1_142' title='bbox 1383 3112 1417 3176; x_wconf 88' lang='lat' dir='ltr'>et</span> <span class='ocrx_word' id='word_1_143' title='bbox 1443 3105 1556 3177; x_wconf 88' lang='lat' dir='ltr'>omoi-</span> 
     </span>
     <span class='ocr_line' id='line_1_21' title="bbox 190 3216 1066 3314; baseline -0.002 -22"><span class='ocrx_word' id='word_1_144' title='bbox 190 3228 308 3314; x_wconf 85' lang='lat' dir='ltr'>potens</span> <span class='ocrx_word' id='word_1_145' title='bbox 336 3232 371 3291; x_wconf 88' lang='lat' dir='ltr'>tu</span> <span class='ocrx_word' id='word_1_146' title='bbox 398 3241 452 3309; x_wconf 88' lang='lat' dir='ltr'>es,</span> <span class='ocrx_word' id='word_1_147' title='bbox 479 3230 514 3291; x_wconf 88' lang='lat' dir='ltr'>et</span> <span class='ocrx_word' id='word_1_148' title='bbox 539 3218 596 3291; x_wconf 90' lang='lat' dir='ltr'>tibi</span> <span class='ocrx_word' id='word_1_149' title='bbox 623 3218 763 3311; x_wconf 83' lang='lat' dir='ltr'>gloriam</span> <span class='ocrx_word' id='word_1_150' title='bbox 790 3216 977 3308; x_wconf 81' lang='lat' dir='ltr'>referimus,</span> <span class='ocrx_word' id='word_1_151' title='bbox 1003 3229 1066 3290; x_wconf 89' lang='lat' dir='ltr'>etc.</span> 
     </span>
    </p>

    <p class='ocr_par' dir='ltr' id='par_1_10' title="bbox 292 3330 628 3429">
     <span class='ocr_line' id='line_1_22' title="bbox 292 3330 628 3429; baseline 0.006 -21"><span class='ocrx_word' id='word_1_152' title='bbox 292 3337 454 3429; x_wconf 79' lang='lat' dir='ltr'>Populus.</span> <span class='ocrx_word' id='word_1_153' title='bbox 506 3330 628 3410; x_wconf 83' lang='lat' dir='ltr'>Amen.</span> 
     </span>
    </p>

    <p class='ocr_par' dir='ltr' id='par_1_11' title="bbox 292 3450 1186 3545">
     <span class='ocr_line' id='line_1_23' title="bbox 292 3450 1186 3545; baseline -0.001 -20"><span class='ocrx_word' id='word_1_154' title='bbox 292 3453 478 3526; x_wconf 78' lang='lat' dir='ltr'>Sacerdos.</span> <span class='ocrx_word' id='word_1_155' title='bbox 530 3455 614 3526; x_wconf 86' lang='lat' dir='ltr'>Pax.</span> <span class='ocrx_word' id='word_1_156' title='bbox 821 3450 982 3545; x_wconf 77' lang='lat' dir='ltr'>Populus.</span> <span class='ocrx_word' id='word_1_157' title='bbox 1033 3450 1186 3524; x_wconf 84' lang='lat' dir='ltr'>Etcum.</span> 
     </span>
    </p>

    <p class='ocr_par' dir='ltr' id='par_1_12' title="bbox 293 3568 590 3642">
     <span class='ocr_line' id='line_1_24' title="bbox 293 3568 590 3642; baseline 0 -2"><span class='ocrx_word' id='word_1_158' title='bbox 293 3568 478 3642; x_wconf 69' lang='grc' dir='ltr'>Βαοενάοε.</span> <span class='ocrx_word' id='word_1_159' title='bbox 531 3570 590 3642; x_wconf 89' lang='lat' dir='ltr'>Sit.</span> 
     </span>
    </p>

    <p class='ocr_par' dir='ltr' id='par_1_13' title="bbox 293 3683 775 3757">
     <span class='ocr_line' id='line_1_25' title="bbox 293 3683 775 3757; baseline -0.002 -1"><span class='ocrx_word' id='word_1_160' title='bbox 293 3685 483 3757; x_wconf 79' lang='lat' dir='ltr'>Diaconos.</span> <span class='ocrx_word' id='word_1_161' title='bbox 537 3683 620 3757; x_wconf 85' lang='lat' dir='ltr'>Cum</span> <span class='ocrx_word' id='word_1_162' title='bbox 648 3686 775 3755; x_wconf 84' lang='lat' dir='ltr'>timore.</span> 
     </span>
    </p>

    <p class='ocr_par' dir='ltr' id='par_1_14' title="bbox 293 3800 816 3873">
     <span class='ocr_line' id='line_1_26' title="bbox 293 3800 816 3873; baseline -0.004 -1"><span class='ocrx_word' id='word_1_163' title='bbox 293 3801 479 3872; x_wconf 81' lang='lat' dir='ltr'>Sacerdos.</span> <span class='ocrx_word' id='word_1_164' title='bbox 533 3800 656 3872; x_wconf 82' lang='lat' dir='ltr'>Sancta</span> <span class='ocrx_word' id='word_1_165' title='bbox 683 3803 816 3873; x_wconf 87' lang='lat' dir='ltr'>sanctis.</span> 
     </span>
    </p>

    <p class='ocr_par' dir='ltr' id='par_1_15' title="bbox 294 3919 899 4016">
     <span class='ocr_line' id='line_1_27' title="bbox 294 3919 899 4016; baseline -0.002 -23"><span class='ocrx_word' id='word_1_166' title='bbox 294 3921 456 4016; x_wconf 75' lang='lat' dir='ltr'>Populus.</span> <span class='ocrx_word' id='word_1_167' title='bbox 509 3919 603 3992; x_wconf 89' lang='lat' dir='ltr'>Unus</span> <span class='ocrx_word' id='word_1_168' title='bbox 629 3923 729 3993; x_wconf 87' lang='lat' dir='ltr'>Pater</span> <span class='ocrx_word' id='word_1_169' title='bbox 756 3930 899 3993; x_wconf 82' lang='lat' dir='ltr'>sanctus.</span> 
     </span>
    </p>

    <p class='ocr_par' dir='ltr' id='par_1_16' title="bbox 295 4036 862 4112">
     <span class='ocr_line' id='line_1_28' title="bbox 295 4036 862 4112; baseline 0 -3"><span class='ocrx_word' id='word_1_170' title='bbox 295 4038 483 4112; x_wconf 79' lang='lat' dir='ltr'>Diaconos.</span> <span class='ocrx_word' id='word_1_171' title='bbox 535 4036 668 4111; x_wconf 85' lang='lat' dir='ltr'>Stemus</span> <span class='ocrx_word' id='word_1_172' title='bbox 695 4036 862 4109; x_wconf 89' lang='lat' dir='ltr'>decenter.</span> 
     </span>
    </p>
   </div>
   <div class='ocr_carea' id='block_1_4' title="bbox 497 4362 1250 4458">
    <p class='ocr_par' dir='ltr' id='par_1_17' title="bbox 497 4362 1250 4458">
     <span class='ocr_line' id='line_1_29' title="bbox 497 4362 1250 4458; baseline -0.005 -21"><span class='ocrx_word' id='word_1_173' title='bbox 497 4362 676 4437; x_wconf 85' lang='lat' dir='ltr'>Sacerdos.</span> <span class='ocrx_word' id='word_1_174' title='bbox 729 4365 852 4458; x_wconf 28' lang='lat' dir='ltr'>,Oratio</span> <span class='ocrx_word' id='word_1_175' title='bbox 874 4370 955 4458; x_wconf 83' lang='lat' dir='ltr'>post</span> <span class='ocrx_word' id='word_1_176' title='bbox 981 4366 1250 4435; x_wconf 78' lang='lat' dir='ltr'>communionem,</span> 
     </span>
    </p>
   </div>
   <div class='ocr_carea' id='block_1_5' title="bbox 193 4566 1556 4901">
    <p class='ocr_par' dir='ltr' id='par_1_18' title="bbox 193 4566 1556 4901">
     <span class='ocr_line' id='line_1_30' title="bbox 297 4566 1556 4664; baseline -0.006 -19"><span class='ocrx_word' id='word_1_177' title='bbox 297 4571 502 4646; x_wconf 83' lang='lat' dir='ltr'>Confitemur</span> <span class='ocrx_word' id='word_1_178' title='bbox 529 4571 605 4658; x_wconf 86' lang='lat' dir='ltr'>tibi,</span> <span class='ocrx_word' id='word_1_179' title='bbox 632 4571 791 4658; x_wconf 86' lang='lat' dir='ltr'>Domine,</span> <span class='ocrx_word' id='word_1_180' title='bbox 818 4582 852 4642; x_wconf 86' lang='lat' dir='ltr'>et</span> <span class='ocrx_word' id='word_1_181' title='bbox 876 4574 1003 4664; x_wconf 84' lang='lat' dir='ltr'>gratias</span> <span class='ocrx_word' id='word_1_182' title='bbox 1034 4573 1162 4663; x_wconf 82' lang='lat' dir='ltr'>agimus</span> <span class='ocrx_word' id='word_1_183' title='bbox 1197 4566 1254 4640; x_wconf 89' lang='lat' dir='ltr'>tibi</span> <span class='ocrx_word' id='word_1_184' title='bbox 1284 4567 1380 4660; x_wconf 90' lang='lat' dir='ltr'>hujus</span> <span class='ocrx_word' id='word_1_185' title='bbox 1412 4569 1556 4640; x_wconf 90' lang='lat' dir='ltr'>muneris</span> 
     </span>
     <span class='ocr_line' id='line_1_31' title="bbox 193 4683 1556 4785; baseline -0.004 -24"><span class='ocrx_word' id='word_1_186' title='bbox 193 4711 296 4762; x_wconf 86' lang='lat' dir='ltr'>causa</span> <span class='ocrx_word' id='word_1_187' title='bbox 324 4712 391 4785; x_wconf 82' lang='lat' dir='ltr'>quo</span> <span class='ocrx_word' id='word_1_188' title='bbox 418 4711 480 4762; x_wconf 92' lang='lat' dir='ltr'>nos</span> <span class='ocrx_word' id='word_1_189' title='bbox 507 4686 628 4776; x_wconf 89' lang='lat' dir='ltr'>beasti,</span> <span class='ocrx_word' id='word_1_190' title='bbox 654 4687 732 4760; x_wconf 91' lang='lat' dir='ltr'>licet</span> <span class='ocrx_word' id='word_1_191' title='bbox 756 4687 919 4780; x_wconf 80' lang='lat' dir='ltr'>indignos.</span> <span class='ocrx_word' id='word_1_192' title='bbox 963 4686 1015 4758; x_wconf 87' lang='lat' dir='ltr'>Ne</span> <span class='ocrx_word' id='word_1_193' title='bbox 1042 4690 1193 4782; x_wconf 88' lang='lat' dir='ltr'>imponas</span> <span class='ocrx_word' id='word_1_194' title='bbox 1219 4683 1316 4757; x_wconf 86' lang='lat' dir='ltr'>nobis</span> <span class='ocrx_word' id='word_1_195' title='bbox 1342 4694 1556 4780; x_wconf 89' lang='lat' dir='ltr'>peccatorum</span> 
     </span>
     <span class='ocr_line' id='line_1_32' title="bbox 193 4798 1556 4901; baseline -0.001 -26"><span class='ocrx_word' id='word_1_196' title='bbox 193 4814 382 4878; x_wconf 88' lang='lat' dir='ltr'>nostrorum</span> <span class='ocrx_word' id='word_1_197' title='bbox 407 4805 581 4901; x_wconf 85' lang='lat' dir='ltr'>pudorem,</span> <span class='ocrx_word' id='word_1_198' title='bbox 608 4802 669 4875; x_wconf 88' lang='lat' dir='ltr'>sed</span> <span class='ocrx_word' id='word_1_199' title='bbox 695 4807 788 4899; x_wconf 90' lang='lat' dir='ltr'>eripe</span> <span class='ocrx_word' id='word_1_200' title='bbox 813 4825 877 4876; x_wconf 93' lang='lat' dir='ltr'>nos</span> <span class='ocrx_word' id='word_1_201' title='bbox 897 4826 917 4875; x_wconf 90' lang='lat' dir='ltr'>a</span> <span class='ocrx_word' id='word_1_202' title='bbox 938 4799 1103 4898; x_wconf 87' lang='lat' dir='ltr'>spiritibus</span> <span class='ocrx_word' id='word_1_203' title='bbox 1123 4800 1337 4888; x_wconf 83' lang='lat' dir='ltr'>adversariis,</span> <span class='ocrx_word' id='word_1_204' title='bbox 1364 4802 1419 4896; x_wconf 85' lang='lat' dir='ltr'>qui</span> <span class='ocrx_word' id='word_1_205' title='bbox 1433 4798 1556 4874; x_wconf 88' lang='lat' dir='ltr'>uobis-</span> 
     </span>
    </p>
   </div>
   <div class='ocr_carea' id='block_1_6' title="bbox 193 4916 1372 5133">
    <p class='ocr_par' dir='ltr' id='par_1_19' title="bbox 193 4916 1372 5133">
     <span class='ocr_line' id='line_1_33' title="bbox 193 4916 1372 5012; baseline -0.003 -20"><span class='ocrx_word' id='word_1_206' title='bbox 193 4943 268 4994; x_wconf 89' lang='lat' dir='ltr'>cum</span> <span class='ocrx_word' id='word_1_207' title='bbox 295 4921 526 5008; x_wconf 87' lang='lat' dir='ltr'>colluctantur,</span> <span class='ocrx_word' id='word_1_208' title='bbox 560 4930 595 4992; x_wconf 86' lang='lat' dir='ltr'>et</span> <span class='ocrx_word' id='word_1_209' title='bbox 619 4941 683 4993; x_wconf 87' lang='lat' dir='ltr'>una</span> <span class='ocrx_word' id='word_1_210' title='bbox 709 4942 798 4994; x_wconf 84' lang='lat' dir='ltr'>voce</span> <span class='ocrx_word' id='word_1_211' title='bbox 824 4919 1005 4993; x_wconf 82' lang='lat' dir='ltr'>referemus</span> <span class='ocrx_word' id='word_1_212' title='bbox 1033 4916 1088 4990; x_wconf 89' lang='lat' dir='ltr'>tibi</span> <span class='ocrx_word' id='word_1_213' title='bbox 1115 4918 1274 5012; x_wconf 82' lang='lat' dir='ltr'>gloriam,</span> <span class='ocrx_word' id='word_1_214' title='bbox 1308 4927 1372 4990; x_wconf 87' lang='lat' dir='ltr'>etc.</span> 
     </span>
     <span class='ocr_line' id='line_1_34' title="bbox 296 5037 603 5133; baseline 0.003 -23"><span class='ocrx_word' id='word_1_215' title='bbox 296 5037 456 5133; x_wconf 70' lang='lat' dir='ltr'>Populum.</span> <span class='ocrx_word' id='word_1_216' title='bbox 482 5038 603 5111; x_wconf 87' lang='lat' dir='ltr'>Amen.</span> 
     </span>
    </p>
   </div>
   <div class='ocr_carea' id='block_1_7' title="bbox 0 0 2270 6034">
    <p class='ocr_par' dir='ltr' id='par_1_20' title="bbox 0 0 2270 6034">
     <span class='ocr_line' id='line_1_35' title="bbox 0 0 2270 6034; baseline 0 0"><span class='ocrx_word' id='word_1_217' title='bbox 0 0 2270 6034; x_wconf 95' lang='lat' dir='ltr'> </span> 
     </span>
    </p>
   </div>
  </div>
 </body>
</html>
