4525 6034
579 545 610 621 S.
635 544 805 654 ntulisti
831 546 1067 624 truttmunt
1091 545 1270 625 aratori.
1531 551 1611 626 207

230 731 524 820 Praedicatomm,
555 730 868 823 Evangelistarum,
902 731 1107 829 Martyrum,
1135 731 1393 822 confessorum,
1421 735 1606 814 zelatorum

231 845 339 919 cultus
366 846 478 934 divini,
504 844 741 934 beneficorum,
769 847 1005 943 eleemosynas
1031 848 1235 940 facientium,
1262 872 1379 923 eorum
1406 856 1461 946 qui
1480 874 1608 927 neees-

231 963 385 1036 sitatibus
403 984 586 1058 pauperum
606 967 860 1053 communicant,
888 974 922 1035 et
942 962 984 1035 ab
1001 963 1167 1052 omnibus,
1195 986 1260 1035 una
1285 964 1429 1039 laudatio
1451 970 1493 1040 sit
1509 967 1608 1040 hodie

229 1101 349 1151 coram
374 1088 420 1168 te,
447 1077 490 1150 ad
517 1077 622 1149 altare
647 1078 712 1149 hoc
739 1090 889 1151 sanctum
916 1090 950 1151 et
975 1084 1010 1151 in
1035 1080 1223 1152 Jerusalem
1250 1081 1398 1152 coelesti.

335 1194 486 1264 dilaceras
519 1216 645 1265 vocem.
698 1194 742 1266 Et
768 1205 907 1291 propter
932 1193 1017 1268 baec
1044 1205 1144 1291 atque
1171 1196 1235 1267 alia
1262 1195 1426 1286 ejasmodi
1451 1195 1607 1268 stabilia-

230 1319 285 1381 tur
310 1308 465 1380 Ecclesia
492 1319 548 1381 tua
575 1319 711 1397 sancta,
749 1334 835 1405 quae
869 1321 922 1382 est
956 1332 976 1380 a
1010 1310 1128 1383 tinibus
1162 1333 1268 1406 usqne
1296 1311 1338 1383 ad
1364 1311 1447 1383 fines
1482 1322 1607 1402 terrae,
1649 1321 1652 1328 “

229 1433 522 1519 conserveturque
548 1428 581 1496 in
607 1425 841 1520 tranquillitate
868 1434 902 1497 et
927 1448 1031 1521 pace,
1057 1426 1282 1521 doctrinisque
1308 1427 1546 1520 Evangelicis,
1574 1438 1608 1500 et

229 1539 450 1637 Apostolicis,
476 1564 539 1637 per
564 1542 739 1614 Antistites
767 1542 898 1613 divinos
924 1551 1017 1612 recte
1044 1541 1278 1638 dispensantes
1304 1542 1446 1615 verbum
1472 1545 1606 1616 verita-

228 1661 287 1746 tis,
314 1668 349 1728 et
364 1660 564 1729 instruentes
581 1656 793 1749 dogmatibus
812 1677 917 1727 verae
935 1656 1125 1748 religionis:
1153 1658 1221 1730 Per
1236 1657 1440 1731 Sacerdotes
1457 1669 1607 1748 sanctos,

229 1774 288 1865 qui
315 1772 554 1867 amplectuntur
579 1770 720 1843 verbum
747 1774 849 1857 vitae,
877 1781 911 1843 et
936 1772 1113 1867 praeclare
1141 1796 1180 1844 se
1206 1776 1378 1865 geruntin
1401 1773 1607 1867 dispensan-

230 1885 283 1957 dis
316 1890 486 1982 mysteriis
520 1889 583 1959 tur's
616 1885 837 1960 coelestibus:
875 1909 937 1982 per
968 1887 1140 1960 Diaconos
1173 1888 1363 1975 modestos,
1398 1889 1609 1984 perficientes

227 2004 444 2074 ministeriam
470 2024 589 2097 purum
616 2012 650 2073 et
675 2001 792 2093 regale
819 2000 947 2097 absque
973 2003 1125 2074 macula:
1157 2025 1220 2098 per
1244 2003 1360 2077 fideles
1386 2025 1512 2094 veros,
1549 2006 1606 2098 qui

230 2128 438 2214 occupantur
465 2117 624 2213 operibus
651 2128 685 2189 et
715 2116 843 2189 actibus
871 2116 1060 2190 Christiano
1093 2118 1221 2209 dignis;
1252 2141 1315 2215 per
1347 2117 1489 2190 choreas
1520 2117 1608 2189 Vir-

229 2237 346 2325 ginum
371 2237 544 2328 utriusque
570 2255 694 2322 sexus,
724 2233 1010 2305 mortificationem
1044 2233 1233 2321 vivificam,
1266 2235 1426 2326 unigeniti
1452 2233 1527 2305 Filii
1560 2236 1608 2304 tui

228 2352 264 2420 in
292 2350 450 2423 membris
478 2352 548 2421 suis
575 2348 858 2421 circumferentes.
916 2350 1030 2443 Atque
1064 2348 1139 2420 binc
1174 2371 1241 2421 rmo
1276 2351 1409 2442 agmine
1443 2351 1608 2420 mittamur

229 2486 350 2536 omnes
386 2465 429 2537 ad
459 2463 648 2537 Ecclesiam
680 2463 768 2536 illam
803 2464 1008 2552 Jerusalem,
1040 2468 1337 2561 primogenitorum
1369 2464 1608 2559 descriptorum

227 2582 264 2652 in
291 2578 409 2669 coelis,
437 2590 536 2674 atque
562 2579 631 2652 illic
656 2578 870 2676 spiritualiter
894 2580 1119 2671 glorificemus
1148 2592 1181 2652 te
1207 2582 1300 2653 Deus
1326 2581 1439 2669 Pater,
1466 2591 1501 2650 et
1525 2583 1607 2650 uni-

229 2697 380 2787 genitum
406 2695 525 2767 Filium
550 2705 652 2783 tuum,
678 2703 714 2767 et
739 2694 896 2790 Spiritum
925 2707 1014 2767 tuum
1041 2706 1201 2767 sanonum.

337 2810 500 2903 Populea.
552 2811 672 2884 Amen.

335 2925 512 2997 Sacerdos
547 2927 739 2997 inclinatae.
800 2924 936 3016 Adjuva
977 2934 1086 2997 antem
1123 2923 1268 2997 Domine
1303 2947 1364 2997 eos
1398 2947 1515 2998 omnes
1551 2930 1608 3022 qni

229 3042 393 3134 adjuvant
405 3041 594 3115 Ecclesiam
620 3051 710 3114 tuam
736 3050 897 3129 sanctam,
923 3043 1027 3129 votis,
1054 3039 1204 3128 decimis,
1232 3043 1424 3128 ministerio,
1452 3051 1486 3113 et
1504 3038 1607 3112 obla-

229 3157 395 3230 tionibus:
423 3168 523 3252 atque
550 3156 627 3229 illos
654 3162 752 3229 etiam
782 3160 837 3251 qni
863 3154 1033 3251 postulant
1059 3159 1231 3227 orationes
1258 3160 1424 3229 tenuitatis
1457 3168 1606 3243 nostrae,

231 3273 275 3345 da
302 3273 365 3344 illis
391 3272 491 3345 linem
517 3270 772 3368 postulationum
799 3274 960 3367 ipsorum,
987 3271 1132 3342 Domine
1159 3280 1287 3342 amator
1312 3271 1488 3348 bominum.

333 3386 510 3459 Sacerdos
535 3387 675 3459 eleeaaa
700 3408 825 3457 nocem.
879 3386 974 3459 Mitte
1002 3396 1113 3456 antem
1140 3407 1254 3457 curam
1279 3384 1481 3481 perfectam,
1510 3386 1607 3459 salu-

229 3514 364 3597 temque
390 3504 539 3598 plenam,
573 3500 724 3574 omnibus
751 3500 815 3573 illis
843 3504 898 3597 qui
925 3523 1039 3573 curam
1066 3512 1188 3592 gerunt
1213 3523 1414 3597 pauperum,
1448 3507 1503 3597 qui
1538 3502 1606 3574 ali-

229 3629 342 3690 menta
369 3616 533 3714 praebent
558 3617 715 3714 orphanis
743 3628 777 3688 et
809 3618 938 3704 viduis,
973 3620 1175 3711 visitantque
1207 3615 1356 3689 infirmos
1391 3627 1425 3688 et
1459 3618 1607 3691 afflictos.

230 3733 395 3806 Retribue
421 3733 501 3821 illis,
535 3731 588 3803 bic
621 3731 750 3827 quidem
786 3731 1019 3805 abundantiam
1046 3743 1080 3803 et
1112 3730 1219 3804 bona:
1260 3732 1326 3804 illic
1358 3754 1443 3805 vero
1471 3733 1608 3805 delicias
1692 3790 1698 3804 .

229 3849 514 3947 incorruptibiles
543 3850 618 3943 quia
645 3857 680 3920 tu
699 3847 862 3919 Dominus
890 3870 928 3920 es
955 3851 1126 3943 utriusque
1153 3848 1291 3938 saeculi,
1317 3857 1352 3919 et
1375 3847 1514 3939 largitor
1539 3852 1608 3920 im-

232 3986 375 4037 mensae
401 3965 584 4050 mercedis,
618 3961 743 4057 tibique
770 3968 928 4035 convenit
956 3961 1194 4050 beneficentia,
1229 3972 1295 4035 tam
1320 3962 1373 4034 hic
1400 3985 1497 4056 quam
1530 3960 1609 4051 illic,

229 4089 265 4151 11
290 4083 462 4172 unigenito
488 4079 574 4152 Filio
601 4089 669 4151 tuo.

334 4195 496 4288 Populea.
550 4195 671 4267 Amen.

335 4311 512 4382 Sacerdos
537 4310 730 4380 inclinatas.
783 4309 870 4381 lram
898 4308 1030 4400 Regum
1058 4309 1259 4402 comprime,
1295 4329 1316 4378 o
1350 4308 1429 4380 Rex
1461 4307 1607 4399 Regum,

228 4425 380 4498 iurorem
405 4424 539 4497 militum
567 4446 766 4520 compesce3
792 4423 880 4496 bella
908 4433 941 4494 et
967 4422 1148 4495 seditiones
1175 4421 1290 4512 aufer,
1324 4423 1444 4495 fastum
1480 4420 1607 4492 baere-

230 4546 374 4614 ticorum
402 4540 526 4632 dejice,
559 4551 594 4612 et
626 4543 809 4612 sententias
842 4563 862 4608 a
892 4541 1017 4630 justitia
1044 4549 1099 4610 tua
1126 4547 1243 4610 contra
1270 4559 1333 4609 nos
1359 4538 1606 4632 pronunciatas‚

232 4667 371 4752 superet
398 4677 494 4727 amor
520 4677 603 4749 erga
629 4654 779 4728 homines
806 4664 891 4742 tuus,
919 4663 953 4726 et
979 4663 1156 4725 convertat
1181 4655 1215 4724 in
1230 4652 1514 4725 mansuetudinem
1540 4648 1608 4722 be-

230 4774 403 4864 nignitatis
429 4781 516 4844 tuae.
1189 4843 1191 4848 ,

335 4888 487 4958 Elaeam
511 4909 637 4959 uocem.
690 4884 972 4980 Tranquillitatem
1000 4893 1034 4956 et
1058 4904 1178 4978 pacem
1206 4906 1292 4977 quae
1319 4908 1339 4956 a
1365 4894 1399 4955 te
1426 4891 1490 4970 est,
1517 4901 1607 4951 con-

231 5002 316 5077 oede
342 5011 455 5075 terrae
483 5013 517 5074 11
544 5003 697 5076 omnibus
722 4999 962 5075 habitatoribus
991 5005 1085 5092 ejus,
1119 5001 1222 5071 visita
1256 5021 1331 5071 eam
1357 5021 1419 5094 per
1445 4997 1608 5072 beneficia
