4525 6034
675 553 749 629 198
1027 555 1207 634 ulturum
1233 556 1264 633 S.
1292 553 1503 635 chunutus
1529 556 1686 635 Rotam.

668 745 823 835 corporis
849 753 884 814 et
909 743 1081 833 sanguinis
1108 745 1216 814 sancti
1242 764 1328 836 quae
1361 745 1396 813 in
1428 745 1478 815 eis
1513 753 1608 832 sunt,
1640 765 1847 816 mereremur
1880 747 2044 841 accipere,

669 867 768 950 atque
794 862 1040 930 communicare
1066 860 1164 954 ipsis:
1203 855 1380 973 [mistique
1406 866 1443 928 ut
1468 857 1811 932 essemus'haeredes
1845 860 2043 933 Sanctorum

668 981 817 1060 morum,
846 995 1003 1061 oramus,
1030 971 1248 1045 obsecramus
1275 984 1309 1045 et
1335 972 1555 1069 deprecamur
1580 983 1634 1066 te,
1661 997 1683 1048 o
1710 975 1876 1062 clemens,
1911 987 1949 1048 ut
1979 998 2044 1048 uon

669 1091 828 1182 exquiras
855 1113 875 1160 a
902 1087 1000 1161 uobis
1028 1099 1184 1160 exactam
1210 1087 1297 1160 illam
1326 1089 1599 1162 observationem
1626 1101 1660 1162 et
1686 1092 1929 1182 castimoniam,
1956 1095 2045 1164 circa

668 1202 724 1275 iila
753 1208 925 1299 mysteria,
951 1227 995 1275 ne
1014 1204 1274 1275 condemnemur
1300 1223 1374 1276 cum
1401 1207 1442 1278 iis
1470 1211 1525 1302 qui
1552 1218 1586 1280 te
1611 1228 1679 1280 uon
1693 1217 1873 1297 noveramt,
1899 1208 1942 1279 ad
1962 1230 2044 1279 cru·

670 1321 775 1390 ciatus
802 1322 890 1411 iguis
916 1319 1192 1410 inextinguibilis:
1220 1319 1280 1391 sed
1307 1326 1538 1416 pergratiam
1565 1332 1673 1410 tuam,
1705 1346 1783 1395 cum
1808 1322 1882 1396 filiis
1908 1328 2043 1419 nuptia-

669 1457 741 1506 rum
770 1445 897 1507 tuarum
924 1438 1099 1530 quiescere
1125 1457 1189 1508 nos
1211 1433 1310 1527 jube,
1338 1446 1372 1507 et
1398 1458 1474 1508 cum
1499 1440 1596 1530 agnis
1609 1436 1736 1511 mundis
1763 1441 1797 1508 iu
1817 1438 1976 1534 paradiso
1991 1438 2045 1511 iac

670 1572 733 1622 nos
761 1549 991 1638 discumbere,
1018 1560 1054 1622 ut
1080 1550 1247 1623 cumillis
1275 1563 1308 1623 et
1335 1554 1420 1624 iuter
1453 1574 1513 1625 eos
1547 1551 1723 1625 ciimamus
1759 1551 1818 1625 tibi
1844 1554 1987 1646 gloriam
2013 1563 2046 1625 et

669 1669 851 1758 gratiarum
878 1670 1052 1738 actionem·
1952 1669 1957 1673 ’

774 1781 936 1874 Populus.
988 1783 1110 1855 Amen.

772 1896 958 1971 Sacerdos.
1013 1899 1096 1970 Pax.

772 2012 934 2105 Populus.
987 2012 1031 2085 Et
1058 2035 1134 2084 cum
1160 2014 1275 2107 spiritu
1302 2022 1369 2086 tuo.

773 2127 961 2200 Diaconos.
1015 2129 1107 2202 Post.

678 2271 680 2278 ·
772 2244 934 2337 Populus.
990 2242 1114 2316 Coram
1143 2255 1176 2316 te
1201 2244 1355 2317 Domine.

772 2358 957 2430 Sacerdos.
1012 2359 1137 2432 Coram
1165 2369 1198 2431 te
1225 2360 1368 2432 Domine
1388 2359 1482 2432 Deus
1508 2367 1624 2430 noster
1650 2358 1846 2433 inclinamus
1860 2360 1948 2433 colia
1966 2365 2045 2433 ani-

670 2496 796 2546 marum
824 2485 858 2545 et
884 2497 1063 2571 corporum
1089 2486 1296 2563 nostrorum,
1325 2479 1400 2570 quia
1427 2496 1495 2546 uon
1523 2495 1636 2546 sumus
1663 2475 1879 2563 sufficientes,
1915 2476 1958 2546 ad
1983 2499 2043 2548 re-

668 2589 842 2662 ferendam
869 2595 1051 2682 gratiarum
1079 2595 1245 2664 actionem
1272 2592 1437 2681 majestati
1451 2597 1549 2679 tuac,
1576 2589 1692 2685 quales
1715 2589 1914 2664 deberemus
1941 2595 2043 2664 retri-

667 2702 774 2776 buere
802 2705 845 2777 ad
871 2717 986 2798 grates
1014 2707 1164 2800 agendas
1192 2705 1270 2796 tibi,
1297 2706 1357 2778 sed
1383 2705 1444 2779 has
1470 2705 1708 2796 tautummodo,
1736 2709 1812 2800 quia
1832 2708 2042 2781 omniadoua

670 2842 899 2915 quaecumque
926 2821 1101 2920 habemus,
1130 2833 1236 2894 exte
1263 2830 1347 2893 snut.
1401 2821 1454 2892 Da
1468 2819 1567 2893 nubis
1585 2822 1727 2893 Domine
1746 2843 1854 2894 voces
1881 2826 2042 2895 sermonis

669 2933 829 3027 dignitate
864 2940 1042 3029 animatas,
1074 2948 1111 3009 ut
1144 2937 1303 3011 sufficiant
1334 2935 1376 3008 ad
1411 2936 1611 3028 condignam
1646 2940 1970 3033 convenientemque
2001 2940 2042 3010 tui

667 3051 900 3125 laudationem.
954 3051 1159 3126 Oclemeus
1187 3055 1242 3147 qui
1273 3051 1371 3124 uobis
1404 3050 1483 3122 licet
1516 3056 1616 3123 etiam
1648 3061 1737 3123 terra
1769 3052 1896 3145 indigui
1932 3058 2042 3142 simus,

670 3169 787 3241 claves
815 3169 960 3241 thesauri
987 3171 1033 3240 tui
1060 3168 1312 3257 commendasti,
1339 3177 1373 3239 et
1390 3189 1492 3263 super
1517 3189 1658 3259 regnum
1684 3179 1774 3239 tuum
1789 3189 1852 3240 uos
1878 3191 1954 3240 cum
1980 3191 2042 3241 au-

666 3287 802 3355 toritate
827 3287 1071 3381 praeposuisti,
1098 3296 1235 3380 praesta
1263 3282 1362 3356 uubis
1389 3286 1483 3353 utin
1510 3293 1581 3356 totu
1609 3282 1751 3355 decursu
1778 3287 1871 3355 vitae
1898 3293 2040 3371 nostme,

667 3405 883 3495 punicorum
911 3409 944 3471 te
971 3421 1193 3495 appareamus
1221 3411 1301 3471 eta
1335 3403 1482 3470 vanitate
1518 3398 1701 3486 mundana,
1736 3422 1757 3470 a
1788 3400 2040 3490 cogitationibus

666 3519 833 3602 terrenis,
874 3538 894 3585 a
930 3513 1074 3588 motibus
1108 3518 1322 3611 passionum,
1358 3524 1392 3585 et
1429 3517 1580 3587 remissis
1617 3514 1894 3607 cogitationibus,
1927 3536 2040 3588 seusus

668 3639 804 3702 nostros
832 3629 981 3702 occultos
1009 3641 1044 3702 et
1069 3630 1265 3704 manifestos
1299 3652 1453 3701 remove:
1490 3641 1590 3725 utque
1620 3652 1682 3727 per
1717 3629 1942 3703 fortiurdiuem
1975 3654 2039 3727 po-

668 3748 793 3816 tentiae
819 3753 896 3816 tuae
923 3746 1069 3817 extende
1096 3768 1199 3841 super
1224 3767 1288 3818 uos
1315 3744 1488 3816 dexmram
1517 3754 1604 3817 tuam
1629 3749 1740 3818 omnia
1758 3746 2038 3841 complectentem,

668 3857 877 3953 benedicque
903 3864 1013 3933 servis
1040 3872 1074 3933 et
1101 3859 1333 3935 adoratoribus
1360 3864 1442 3949 tuis,
1471 3864 1526 3956 qui
1558 3860 1699 3933 salutem
1735 3861 1846 3958 adepti
1875 3872 1954 3936 suut
1985 3882 2038 3958 per

667 3996 789 4046 nomeu
816 3983 904 4047 tuum
932 3986 1101 4063 sanctum,
1129 3986 1164 4046 et
1189 3975 1245 4048 iac
1271 3998 1334 4048 nos
1361 3975 1483 4070 templa
1510 3975 1720 4049 habitationis
1747 3986 1840 4066 tuae,
1874 3988 1910 4049 et
1934 3977 2037 4050 locum

667 4087 878 4163 habitationis
904 4091 1034 4184 gloriae
1061 4104 1154 4166 tuae:
1189 4102 1225 4165 ut
1249 4097 1283 4165 in
1319 4093 1373 4166 die
1399 4092 1456 4165 illu
1490 4115 1582 4166 novo
1610 4105 1644 4166 et
1676 4101 1835 4181 aeterno,
1870 4098 1906 4166 iu
1936 4114 2036 4185 regno

668 4216 724 4277 tuo
751 4205 930 4296 laetemur,
958 4220 993 4280 et
1019 4231 1080 4305 per
1107 4218 1141 4279 te
1167 4207 1354 4295 salvemur,
1381 4219 1416 4279 et
1441 4207 1626 4280 referemus
1654 4209 1712 4283 tibi
1737 4208 1880 4302 gloriam
1902 4219 1937 4281 et
1956 4230 2034 4301 gra-

666 4323 784 4393 tiarum
812 4325 995 4414 actionem,
1022 4335 1056 4395 et
1080 4325 1172 4396 Patri
1199 4333 1256 4396 tuo
1283 4334 1317 4395 et
1342 4323 1479 4419 Spiritui
1505 4333 1640 4413 sancto,
1667 4347 1772 4414 nunc,
1799 4335 1862 4396 etc.

772 4436 933 4530 Populus.
985 4439 1106 4512 Amen.

771 4552 961 4628 Diucouua.
987 4554 1134 4628 Benedic
1161 4556 1323 4643 Domina,
1350 4564 1413 4628 etc.
