4525 6034
555 610 586 688 S.
613 610 780 689 DlONYSll
806 611 1044 688 ATHENARUM
1069 610 1249 691 nocant
1511 614 1590 689 209

216 796 452 893 spiritualium,
489 808 523 870 et
558 818 674 869 eorum
699 818 762 893 pro
797 796 916 891 quihus
949 806 984 869 et
1022 820 1162 893 qnorum
1192 801 1320 892 gratia,
1354 797 1479 874 oblatio
1506 799 1592 874 haec

216 923 334 984 sancta
364 910 476 985 oblata
503 922 564 985 est.

321 1028 472 1100 ffleaaas
495 1050 622 1099 nocem.
673 1028 833 1122 Adjunge
858 1029 1003 1102 Domine
1035 1032 1170 1101 nomina
1203 1028 1334 1102 illorum
1369 1053 1444 1103 cnm
1477 1036 1593 1105 norni-

215 1141 315 1215 nibus
342 1153 533 1216 sanctorum
559 1152 690 1216 tuorum
715 1147 748 1214 in
775 1142 979 1217 habitatione
1004 1144 1104 1216 beata
1132 1167 1249 1217 eorum
1276 1148 1331 1240 qui
1345 1145 1465 1218 iestrm
1492 1156 1596 1241 agunt

217 1268 252 1331 et
275 1260 441 1332 lactantur
465 1261 499 1331 iu
527 1269 578 1348 te3
603 1282 671 1331 non
697 1281 867 1333 revocans
893 1260 957 1331 illis
984 1264 1179 1331 memoriam
1204 1272 1420 1355 peccatorum
1447 1284 1594 1352 suorum,

218 1396 329 1469 neque
357 1397 623 1447 commemorans
651 1378 732 1471 ipsis
760 1397 847 1471 quae
872 1378 1065 1471 insipienter
1092 1387 1254 1467 egerunt3
1289 1380 1365 1471 quia
1398 1377 1506 1452 nullus
1542 1387 1596 1452 est

114 1549 123 1570 ,
219 1495 313 1564 carni
339 1491 510 1583 alligatus,
538 1501 571 1562 ct
597 1494 757 1564 innocens
784 1514 899 1564 coram
925 1501 974 1562 te:
1002 1513 1086 1562 uuus
1114 1495 1201 1563 enim
1234 1493 1461 1566 tantummodo
1494 1517 1597 1590 super

218 1617 343 1678 terram
369 1609 464 1678 visus
498 1617 551 1678 est
585 1605 731 1701 absque.
752 1619 911 1703 peccato,
944 1607 1046 1679 lesus
1082 1607 1233 1680 Christum
1268 1611 1457 1700 unigenitus
1490 1609 1596 1684 Filius

217 1732 312 1794 tuus:
343 1717 358 1756 ⁶
385 1721 528 1818 simplex
556 1726 611 1816 qui
637 1722 680 1793 ad
706 1726 980 1818 compositionem
1006 1725 1115 1811 venit,
1142 1745 1206 1819 per
1231 1745 1328 1817 qoem
1364 1746 1429 1796 nos
1463 1746 1596 1821 quoque

220 1837 472 1910 misericordiae
499 1837 757 1932 consequendae
784 1860 877 1934 spem
905 1837 1074 1910 habemus.
1190 1833 1210 1867 '

324 1953 485 2046 Populus.
540 1954 693 2040 Quietem
718 1964 863 2050 praesta.

324 2068 501 2140 Sacerdos
526 2068 719 2141 inclinatus.
755 2070 900 2141 Peccata
917 2078 1033 2140 nostra
1061 2079 1096 2141 et
1108 2066 1239 2141 illomm
1252 2068 1454 2155 voluntaria,
1480 2070 1597 2141 scicn-

221 2196 273 2258 ter
302 2197 336 2258 et
361 2189 559 2278 ignoranter
585 2187 763 2258 commissa
789 2189 979 2274 remittens,
1005 2187 1168 2281 propitius
1195 2195 1269 2257 esto
1285 2185 1441 2276 Domine,
1469 2194 1599 2256 amator

221 2300 401 2373 homiuum.

325 2416 476 2491 mam
501 2440 626 2489 cacam.
678 2415 724 2487 Et
747 2425 884 2511 praesta
911 2414 1011 2489 nobis
1038 2414 1138 2487 finem
1153 2415 1345 2510 pacificum,
1373 2416 1497 2488 exitum
1525 2439 1599 2489 cnm

222 2532 467 2604 misericordia:
493 2546 594 2629 utque
621 2543 746 2604 stemus
780 2530 936 2627 inculpati
963 2530 1006 2601 ad
1033 2530 1224 2619 desimam,
1261 2541 1294 2602 et
1320 2554 1396 2601 cum
1421 2529 1509 2603 facie
1535 2553 1599 2603 re·

221 2647 335 2719 velata
362 2656 396 2718 et
420 2647 551 2737 fidncia,
579 2670 794 2721 occurramus
822 2646 865 2718 ad
891 2655 999 2717 ortum
1025 2649 1186 2738 unigeniti
1212 2646 1286 2718 Filii
1312 2648 1370 2736 tui,
1397 2647 1494 2718 etad
1520 2669 1600 2719 ma-

222 2760 468 2834 nifestationem
495 2768 568 2856 ejus
594 2761 775 2836 secundam
802 2772 837 2833 et
862 2761 1045 2853 gloriosam
1073 2763 1116 2833 de
1143 2760 1258 2834 coelo:
1292 2761 1530 2856 audiamusque
1557 2761 1600 2835 ab

222 2900 265 2950 eo
292 2899 417 2950 vocem
444 2880 536 2951 illam
562 2879 707 2966 beatam,
735 2900 833 2973 quam
860 2877 968 2950 hands
994 2881 1028 2948 in
1055 2877 1121 2949 tine
1147 2875 1398 2973 pronunciabit,
1430 2877 1602 2950 benedicti

223 2993 347 3065 Patris
371 2997 457 3086 mei,
485 2997 655 3087 capessite
680 2992 929 3065 haereditatem
953 2997 1054 3085 repsi
1080 2993 1258 3084 coelata,
1284 3004 1320 3065 nt
1351 2985 1386 3065 in
1418 2993 1485 3066 hoc
1517 2998 1603 3066 sicut

222 3120 256 3181 ct
288 3112 322 3180 in
357 3109 525 3199 omnihus,
562 3109 767 3202 glorificetur
802 3119 836 3181 et
868 3107 1019 3181 laudetur
1045 3129 1170 3180 nomen
1196 3118 1287 3180 uuum
1312 3111 1460 3182 maxime
1485 3131 1600 3181 vene-

223 3225 374 3296 randum.

328 3340 490 3434 Populus.
545 3339 597 3412 Ut.

330 3453 517 3527 Sacerdos.
570 3456 652 3527 Pax.

332 3569 495 3663 Populus.
548 3569 592 3641 Et
618 3592 693 3642 cum
720 3572 837 3666 spiritu
863 3580 929 3642 tuo.

255 3885 432 3967 Sacerdos
454 3897 588 3987 sraapit
614 3893 775 3974 tortiaco,
803 3900 838 3965 et
863 3894 949 3964 dicit
976 3894 1193 3982 Orationem,
1220 3899 1301 3965 ante
1327 3894 1429 3965 Pater
1454 3902 1580 3964 noster.

336 4101 437 4171 Pater
463 4102 608 4173 omnium
635 4108 670 4169 et
695 4101 890 4194 priucipium
918 4097 1006 4192 quod
1033 4109 1084 4170 est
1111 4119 1213 4193 super
1239 4101 1367 4184 omnia,
1393 4097 1453 4169 lux
1471 4106 1607 4168 aeterna

234 4227 268 4288 et
294 4215 371 4289 lons
398 4215 498 4302 lucis,
532 4237 619 4309 quae
654 4212 813 4286 illumina
849 4236 966 4287 omnes
1001 4225 1137 4286 naturas
1169 4216 1299 4285 ratione
1333 4213 1517 4309 praeditas,
1554 4214 1609 4307 qui

235 4353 343 4404 vocas
371 4354 416 4402 ex
442 4330 584 4426 pulvere
609 4332 758 4425 inopem,
785 4340 819 4401 et
846 4329 888 4401 de
920 4339 1071 4402 stercore
1105 4331 1209 4421 erigis
1244 4350 1444 4425 pauperem,
1480 4338 1513 4400 et
1545 4349 1610 4400 nos

233 4451 398 4540 jactatos,
432 4447 580 4535 reJectos
617 4453 651 4516 et
683 4445 829 4518 infirmos
862 4445 904 4516 ad
935 4443 1120 4517 libertatem
1156 4454 1191 4516 et
1225 4444 1438 4517 domesticam
1470 4444 1612 4518 filiorum

238 4573 369 4635 tuorum
396 4563 588 4653 dignitatem
614 4564 763 4649 vocasti,
790 4583 851 4656 per
877 4560 994 4633 Filium
1022 4570 1110 4632 mum
1139 4560 1308 4631 dilectum:
1344 4570 1480 4655 praesta
1513 4559 1612 4633 nobis

240 4689 276 4750 ut
301 4677 358 4750 lilii
385 4680 489 4750 sancti
516 4688 550 4748 et
574 4676 638 4748 hoc
665 4679 866 4768 cognomine
900 4699 966 4749 non
999 4676 1124 4778 indigni
1161 4696 1383 4771 appareamus
1418 4696 1533 4747 eoram
1567 4682 1614 4766 te,

242 4816 342 4867 omne
369 4814 501 4888 quoque
528 4795 742 4864 ministerium
768 4802 937 4880 nostrum,
964 4792 1144 4864 secundum
1170 4812 1284 4865 mores
1316 4790 1502 4885 inculpatos
1528 4811 1615 4885 per-

243 4909 410 4997 ficiamus,
451 4917 484 4980 et
518 4931 593 4980 cum
632 4911 775 5003 puritate
808 4911 957 4998 animae,
994 4906 1180 4979 intellectus
1221 4905 1396 4998 munditia,
1437 4905 1616 5000 divinaque

245 5034 375 5114 mente,
403 5046 608 5121 quacumque
633 5023 717 5096 hora
742 5026 939 5097 invocamus
972 5034 1005 5095 te
1038 5023 1148 5095 Deum
1179 5021 1311 5095 Patrem
1347 5023 1617 5120 omnipotentem,
