4525 6034
462 603 510 681 or
528 601 783 680 rauranum
802 599 1056 681 orannim
1073 600 1224 681 orrum
1242 603 1291 680 ar
1312 568 1559 682 turoniam.
1586 588 1694 676 mm

284 794 406 895 apud
445 791 553 887 Syros
579 793 673 887 ipsos
690 796 766 862 'non
794 793 859 863 nisi
893 787 1017 880 studio,
1051 800 1086 862 ut
1121 790 1209 887 apud
1239 813 1304 864 nos
1335 790 1470 880 Latina,
1505 796 1694 890 comparari

280 916 433 987 solet:
459 929 568 1004 ueqrre
593 907 718 979 idcirco
746 910 880 1002 antiqua
905 905 1089 1002 disciplina,
1114 907 1297 1000 liturgiam
1324 906 1466 1003 Syriaca
1491 910 1693 999 celebrandi,

276 1035 452 1102 natata
480 1033 541 1095 est.
1126 1105 1131 1127 ¹

432 1138 560 1212 Eadem
586 1142 671 1212 ratio
698 1136 904 1235 Coptitanrm
930 1138 1234 1215 Alexandrinorum
1266 1137 1342 1227 tuit,
1374 1142 1460 1211 inter
1494 1163 1579 1235 quos
1613 1143 1692 1213 Ae·
1729 1130 2016 1234 Utcpudcopauane-

271 1259 487 1354 pptiaca
514 1253 640 1348 lingua,
666 1279 741 1328 cum
768 1266 845 1328 ante
870 1254 1109 1328 blobamedana
1137 1265 1287 1353 tempora
1313 1255 1463 1348 vulgaris
1490 1256 1594 1346 ioret,
1623 1258 1692 1331 ob·
1705 1231 1834 1292 “pm

268 1373 442 1447 irioni
474 1374 593 1447 tradita
625 1381 694 1460 est,
728 1381 762 1443 et
792 1373 825 1442 in
858 1370 951 1443 libris
981 1381 1106 1443 matum
1131 1370 1379 1447 Ecclesiasticis
1410 1385 1628 1460 conservata,
1664 1377 1693 1448 si

265 1490 490 1582 quosdam
516 1490 612 1564 locos
638 1490 822 1583 excipimus
849 1489 939 1559 circa
966 1487 1134 1561 Ossiatam
1162 1491 1254 1560 etin
1280 1487 1468 1578 Thebaide,
1502 1490 1575 1577 ubi,
1610 1500 1695 1565 teste

261 1603 503 1693 lakrinio,
529 1609 639 1699 viguit
663 1606 749 1677 inter
765 1602 970 1676 Christianos
991 1601 1078 1713 illius
1103 1626 1184 1677 usus
1211 1603 1393 1695 familiaris,
1419 1629 1493 1678 cum
1520 1607 1598 1680 alibi
1625 1616 1737 1679 ex-ln
1752 1617 1874 1688 Ducat·
1889 1618 1998 1690 dame

259 1721 428 1796 iacta
449 1734 550 1797 esset
577 1724 625 1796 At
640 1720 868 1794 Alexandriae
889 1731 924 1792 et
943 1718 1097 1811 Cuhirae,
1116 1731 1152 1793 ut
1174 1722 1250 1793 olim
1274 1721 1453 1794 vernacula
1470 1733 1543 1795 erat
1563 1720 1694 1796 Graeca

254 1831 459 1927 liguas,
492 1843 537 1911 ita
571 1838 691 1911 dudum
716 1838 863 1912 Arabica
889 1838 1000 1911 locum
1027 1839 1099 1928 ejus
1125 1841 1321 1933 occupavit,
1355 1847 1525 1910 ettamen
1554 1837 1694 1935 Coptica

254 1955 452 2028 tutum
487 1959 574 2028 mter
607 1953 778 2028 dacobitus
816 1975 914 2026 sacra
949 1952 1062 2027 Officia
1097 1952 1324 2042 celebrantur,
1358 1977 1455 2049 φιιιιι
1490 1955 1695 2029 Sacerdotes

252 2063 365 2155 lsi,
431 2076 498 2144 nisi
523 2071 659 2144 multum
686 2093 812 2166 operae
839 2068 880 2141 ad
907 2090 980 2140 eam
1000 2069 1255 2166 comparandam
1276 2074 1459 2166 posuerint,
1486 2093 1552 2144 non
1567 2071 1695 2145 intelli-

253 2195 413 2265 runt.
479 2188 598 2284 Neque
634 2186 759 2261 idcirco
798 2188 892 2257 venit
930 2184 988 2258 ulli
1024 2184 1287 2259 Patriurcharunr
1322 2186 1623 2261 Alexandrinorum
1662 2192 1696 2260 in

253 2310 487 2396 tentem,
513 2309 607 2377 utin
633 2302 740 2400 plebis
766 2302 942 2375 illiteratae
967 2306 1108 2395 gratiam
1136 2307 1268 2398 antiqua
1287 2303 1492 2377 consuetudo
1512 2304 1696 2395 tolleretur,

258 2408 281 2469 ιι
330 2421 523 2513 vulgari
547 2420 695 2494 Arabica
722 2438 854 2492 sacrum
879 2418 982 2491 lieret.
1021 2418 1111 2493 lllius
1138 2419 1267 2491 utilitati
1293 2420 1475 2493 consultum
1503 2425 1584 2494 satis
1611 2424 1694 2493 cxi-

263 2516 495 2608 bimatum
522 2547 590 2623 est,
622 2540 650 2608 si
676 2534 900 2631 Epistolarum
918 2545 966 2607 'et
991 2533 1169 2626 Evangelii
1200 2535 1361 2607 lectiones
1386 2534 1534 2607 Arabice
1567 2535 1695 2627 fierent,

258 2637 506 2750 {Ostqaam
521 2651 661 2749 Coptioe
687 2653 924 2747 pronunciatae
950 2662 1063 2724 eraut:
1089 2661 1157 2723 ιιιιιι
1173 2650 1410 2724 Sacerdotibus
1432 2653 1601 2745 juvandis,
1628 2654 1695 2725 ad-

280 2755 438 2840 lilltcta
467 2779 519 2840 est
545 2766 712 2864 plerisque
744 2767 968 2860 Litangiarum
1000 2767 1171 2842 codicibus
1206 2770 1432 2865 interpretatio
1463 2767 1629 2859 Arabica,
1661 2779 1697 2843 ut

311 2882 383 2947 θῦε
415 2883 569 2956 meditari
596 2894 630 2956 et
654 2883 839 2975 intelligere
864 2895 1015 2980 possent,
1040 2905 1106 2955 non
1133 2894 1170 2955 ιιι
1195 2883 1405 2957 versionibus
1431 2883 1494 2957 illis
1520 2888 1606 2956 inter
1626 2908 1695 2982 pu-

326 2980 416 3071 blica
442 3000 558 3073 Officia
583 3000 679 3074 locus
705 3010 805 3073 esset.
860 3001 1021 3088 Quamvis
1054 3004 1141 3072 enim
1173 3023 1193 3071 u
1225 3000 1331 3072 multis
1364 2999 1535 3073 autoribus
1560 3023 1695 3076 memo-

277 3140 281 3145 *
344 3110 405 3186 rire
426 3114 593 3213 proditum
620 3119 679 3203 sit,
706 3115 854 3189 Arabico
880 3117 967 3213 apud
993 3117 1175 3213 Syrianos,
1201 3116 1266 3189 hoc
1292 3127 1344 3188 est
1369 3116 1541 3190 Jacobitas
1568 3117 1695 3189 Orien-

345 3230 430 3321 talcs‚
467 3243 502 3305 et
535 3232 695 3327 quosdam
723 3231 916 3322 blelchitas,
951 3232 1173 3306 Psahuodiam
1207 3243 1241 3305 et
1266 3233 1483 3306 Sacramenta
1518 3234 1694 3323 celebrari,

338 3347 407 3421 nihil
433 3360 546 3421 tumen
571 3352 679 3422 minus
705 3372 832 3422 verum.
884 3349 1071 3443 Adjunctae
1099 3361 1175 3425 sunt
1201 3348 1394 3444 quibusdam
1420 3350 1579 3443 Liturgiis
1606 3373 1694 3423 ver-

334 3468 444 3538 siones
472 3463 659 3554 Arabicae,
694 3469 789 3538 utin
816 3489 857 3539 aa
885 3448 971 3561 (prae
997 3464 1126 3561 Cyrillo
1153 3465 1320 3555 tribuitur,
1353 3464 1499 3540 blissalis
1526 3465 1695 3540 Chaldaici

327 3582 463 3655 Romae
489 3554 593 3670 editi3
624 3592 659 3654 et
685 3586 718 3653 in
743 3580 830 3656 libro
856 3582 1019 3672 blinistri,
1052 3604 1113 3655 seu
1147 3581 1318 3655 Ministerii
1349 3583 1540 3669 Diaconici,
1573 3581 1694 3656 ibidem

327 3698 430 3771 edito.
467 3699 623 3771 Attamen
649 3701 842 3773 versionum
867 3699 996 3772 illarum
1022 3722 1102 3773 usus
1128 3703 1163 3771 in
1188 3698 1329 3795 publicis
1356 3699 1469 3771 officiis
1495 3697 1602 3771 nullus
1630 3708 1694 3789 est,

327 3838 405 3887 cum
432 3817 601 3887 institutae
627 3818 693 3888 sint
718 3814 761 3888 ud
784 3814 951 3907 juvandos
978 3814 1180 3888 Sacerdotes
1207 3825 1241 3888 et
1265 3814 1448 3903 Diaconos,
1469 3813 1603 3905 linguae
1617 3814 1693 3910 Sy-

327 3933 445 4003 riacae
472 3934 579 4003 minus
604 3935 743 4028 peritos.
784 3930 909 4003 Extant
933 3936 968 4004 in
994 3935 1099 4005 variis
1125 3930 1296 4006 codicibus
1322 3933 1551 4025 manuscriptis
1575 3930 1695 4004 Horo-

327 4045 425 4139 logii,
453 4049 528 4120 sive
553 4046 628 4120 libri
654 4071 791 4144 precum
818 4048 1088 4144 quotidianarum,
1114 4052 1291 4122 versiones
1315 4046 1496 4133 Arabicae,
1523 4056 1557 4120 et
1582 4069 1695 4118 aarum

330 4184 395 4234 unu
422 4185 512 4236 anno
541 4163 652 4238 lblli.
679 4165 763 4237 Fani
788 4163 942 4238 fortunae
968 4165 1055 4239 edita
1082 4175 1146 4254 est,
1173 4164 1234 4238 sed
1259 4163 1343 4238 haec
1369 4162 1412 4236 ad
1437 4168 1589 4260 privatae
1615 4167 1696 4260 pie-

331 4282 406 4352 tatis
436 4280 543 4353 officia
569 4284 746 4378 pertinent,
772 4302 840 4354 non
867 4280 910 4352 ad
934 4279 1076 4378 publica.

434 4395 618 4492 Aethiopes
653 4407 802 4470 veterem
834 4397 995 4490 linguam,
1029 4422 1094 4494 qua
1127 4401 1250 4496 scripta
1283 4409 1336 4473 est
1372 4397 1501 4471 illorum
1534 4396 1695 4487 Liturgia,
1733 4398 2017 4499 appaneuttopesne-

336 4513 396 4584 nisi
422 4536 497 4584 earn
524 4513 687 4587 studendo
715 4518 1001 4611 comparaverint,
1034 4537 1101 4587 non
1133 4519 1241 4609 magis
1267 4515 1470 4608 intelligunt,
1504 4535 1600 4608 quam
1626 4485 1828 4583 tlh-⁸¹¹¹⁰¹’¹⁰³·

336 4633 428 4702 tereti
462 4629 543 4725 Syri
580 4628 638 4702 vel
670 4631 832 4728 Aegyptii
866 4631 1043 4727 Syriacam
1078 4630 1136 4704 vel
1169 4630 1363 4727 Copticum:
1402 4654 1478 4704 nam
1511 4651 1571 4717 ea,
1611 4648 1697 4721 quae

338 4744 514 4818 Anharica
548 4746 685 4836 dicitur,
720 4747 811 4843 loqui
846 4746 966 4821 solent.
1015 4746 1090 4821 Nec
1114 4749 1254 4821 Armeni
1286 4746 1392 4841 vulgo
1419 4748 1596 4844 peritiores
1623 4753 1699 4817 sunt

340 4863 457 4956 antiqui
490 4865 541 4936 sui
574 4867 756 4951 sermonis,
791 4885 857 4959 quo
884 4860 997 4937 Officia
1024 4867 1147 4959 scripta
1179 4874 1274 4937 sunt:
1305 4867 1371 4937 imo
1400 4862 1552 4937 Graecos
1579 4862 1697 4934 idiotas

339 4981 564 5070 conaverit,
599 4983 684 5052 sciet
710 5001 770 5052 cos
802 4978 939 5053 literalis
972 4980 1123 5073 linguae,
1159 5002 1245 5075 quae
1275 4983 1309 5051 in
1341 4980 1498 5073 Litargiis
1532 4988 1567 5052 et
1594 4975 1698 5050 Psal-

303 5081 307 5085 ’
339 5093 444 5166 nodia
469 5105 657 5191 usurpatur,
681 5094 782 5192 plane
806 5098 977 5194 imperitos
1005 5117 1101 5185 esse,
1127 5094 1215 5169 unde
1242 5093 1468 5187 catecheses,
1495 5094 1697 5184 Conciones,

1446 5211 1490 5285 6*
