4525 6034
687 562 762 635 302
1260 564 1493 642 NOTAE

686 746 833 807 menlario
857 744 896 807 ad
918 743 1019 807 Basilii
1042 745 1217 830 liturgiam.
1262 745 1310 809 Ex
1332 747 1390 810 hac
1413 750 1502 811 etiam
1525 757 1684 814 constante
1705 750 1794 812 trium
1817 747 2011 831 Copticarum
2033 762 2064 816 et

643 904 649 921 ,
685 844 774 905 trium
798 844 982 906 Graecarum
1005 844 1081 906 ritus
1105 844 1242 925 ejusdem
1265 844 1462 908 Alexandrini
1484 847 1632 928 lectione,
1656 847 1792 926 Arcadii,
1814 848 2063 931 Neophytillho-

685 942 746 1004 diui
771 949 802 1004 et
824 944 1028 1005 recentiorum
1050 942 1211 1006 multorum
1234 944 1429 1026 conjecturae
1452 947 1535 1009 circa
1558 947 1695 1010 Graecae
1717 947 1918 1010 {evocationis
1948 949 2062 1011 iutelli-

684 1042 816 1121 gentiam
839 1040 1028 1104 refelluntur.
1075 1042 1225 1124 Quidquid
1248 1061 1342 1124 porro
1366 1043 1550 1107 credideriut
1572 1045 1759 1125 Orientales,
1788 1045 1861 1107 nihil
1885 1044 2004 1108 confert
2025 1046 2062 1108 ad

684 1140 918 1202 Protestantium
941 1158 1076 1216 causam;
1100 1159 1168 1203 cum
1191 1144 1256 1204 sive
1279 1142 1382 1204 verbis
1414 1142 1527 1206 Christi
1557 1144 1749 1208 consecratio
1780 1143 1968 1225 perliciatur,
1998 1147 2061 1208 sive

687 1238 885 1320 subsequenti
907 1237 1119 1318 invocatione,
1142 1241 1270 1320 perinde
1293 1241 1346 1303 sit:
1369 1258 1437 1303 uam
1461 1249 1546 1306 certo
1570 1243 1700 1306 credere
1724 1242 1896 1305 Orientales
1924 1261 2061 1322 pronun-

686 1336 765 1397 ciata
786 1336 997 1417 invocatione,
1021 1346 1166 1401 mutatum
1188 1356 1259 1402 esse
1281 1357 1391 1420 panem
1413 1341 1443 1401 in
1467 1354 1579 1422 corpus
1609 1340 1722 1405 Christi
1744 1349 1776 1403 et
1804 1342 1907 1404 vinum
1935 1343 1966 1403 in
1995 1344 2059 1424 ejus
2133 1334 2136 1339 ¹
2237 1360 2238 1413 l

686 1437 880 1518 sauguinem,
904 1438 1074 1501 testimonia
1099 1437 1137 1500 ad
1159 1436 1261 1500 Basilii
1282 1437 1449 1521 liturgiam
1471 1441 1567 1503 relatu
1589 1442 1662 1504 satis
1685 1440 1901 1504 demonstrant.

1042 1697 1165 1768 Oratio
1188 1701 1375 1791 fractionis
1402 1699 1449 1769 od
1470 1707 1616 1792 patrant,
1643 1707 1708 1772 etc.

787 1902 860 1980 lsm
885 1924 917 1979 et
938 1923 1103 1997 sequentes
1127 1916 1305 1993 Orationes,
1340 1918 1479 1981 diversae
1509 1928 1579 1981 sunt
1609 1919 1646 1981 ab
1668 1918 1728 1981 illis
1757 1936 1835 1999 quae
1865 1919 2009 2001 leguntur
2029 1920 2059 1981 in

682 2014 802 2080 Graeco
826 2014 957 2079 Codice:
981 2017 1051 2097 quia
1074 2016 1160 2078 utin
1182 2016 1312 2078 rubricis
1334 2024 1456 2080 notatur
1477 2026 1549 2098 post
1566 2018 1792 2080 luvocationem
1808 2017 1937 2099 Spiritus
1953 2020 2057 2097 sancti,

680 2116 798 2198 reliqua
820 2116 884 2196 peti
902 2115 1049 2197 jubentur
1071 2133 1111 2177 ex
1134 2112 1270 2197 Liturgia
1300 2117 1396 2178 sancti
1418 2116 1529 2179 Basilii.
1574 2115 1609 2177 ln
1631 2134 1668 2178 ea
1698 2118 1891 2197 reperiuntur
1914 2116 2058 2197 quaedam

679 2216 730 2277 isti
752 2213 888 2277 Orationi
911 2213 1067 2277 fractionis
1097 2214 1220 2289 similia,
1254 2213 1327 2289 sed,
1351 2221 1384 2276 ut
1411 2214 1482 2277 alibi
1510 2216 1695 2293 monuimus,
1725 2215 1878 2278 orationes
1901 2217 2057 2297 quaedam,

681 2323 715 2378 ut
737 2324 806 2379 sunt
828 2316 898 2378 illae
922 2331 1001 2394 quae
1023 2313 1165 2375 dicuutur
1187 2312 1225 2374 ad
1247 2310 1425 2376 tractionem
1452 2313 1589 2392 hostiae,
1621 2312 1659 2375 ad
1687 2313 1782 2375 Pater
1809 2322 1930 2393 noster,
1962 2324 1993 2378 et
2021 2315 2057 2377 ad

682 2414 852 2477 Gratiarum
876 2414 1041 2487 actionem,
1064 2410 1245 2492 multiplices
1268 2418 1337 2473 sunt
1360 2419 1391 2473 et
1412 2413 1533 2491 variae,
1558 2411 1757 2492 dicunturque
1786 2430 1845 2474 una
1875 2413 1926 2475 vel
1955 2414 2056 2494 pluras

681 2512 718 2575 ad
743 2511 919 2575 Sacerdotis
942 2510 1107 2573 arbitrium.
1154 2509 1267 2574 Subicit
1289 2509 1370 2591 quod
1392 2511 1522 2572 omnium
1544 2510 1694 2573 sententia
1717 2509 1823 2573 eadem
1850 2513 1900 2576 sit.
1944 2512 1978 2574 ln
2001 2515 2056 2575 ista

680 2614 795 2674 mentio
818 2620 866 2674 est
888 2610 1083 2690 metaphorae
1107 2609 1317 2672 usitatissimae
1340 2608 1420 2690 apud
1443 2609 1615 2673 Orientales
1637 2609 1816 2673 etCraecos
1836 2611 1920 2691 ipsos
1943 2629 2057 2674 secuu-

682 2710 751 2772 dum
775 2728 864 2790 quam
885 2727 1000 2773 vocare
1024 2709 1123 2772 solent
1146 2725 1258 2788 corpus
1282 2706 1393 2770 Christi
1415 2709 1447 2770 in
1470 2706 1680 2785 sacramento,
1711 2709 1875 2772 carbonem
1903 2710 2005 2773 viuum
2026 2711 2056 2771 in

681 2808 777 2872 Isaiae
800 2810 919 2872 visione
942 2808 1142 2891 designatum.
1187 2806 1273 2869 Unde
1297 2807 1439 2870 cochlear
1461 2826 1521 2889 quo
1545 2809 1714 2871 communio
1732 2808 1854 2871 inducta
1870 2808 2055 2871 distribuitur

680 2904 796 2989 Λαβὶς
818 2926 874 2971 seu
894 2907 1019 2989 forceps
1042 2908 1073 2970 iu
1095 2905 1262 2968 Ritualibus
1286 2905 1411 2969 Graecis
1435 2906 1611 2988 appellatur.

765 3006 911 3088 Reliquae
933 3007 1021 3089 hujus
1045 3006 1199 3087 liturgiae
1222 3012 1325 3086 partes
1348 3004 1421 3067 nihil
1442 3004 1569 3081 habeut,
1592 3002 1674 3086 quod
1697 3001 1767 3067 alibi
1789 3003 1973 3083 explicatum
1993 3023 2052 3069 non
2119 3046 2127 3059 .
2237 2974 2238 3055 ἶ

678 3106 778 3172 luerit.

841 3730 956 3846 ab
1028 3725 1898 3863 BENEDIOTIONES

1101 3964 1338 4051 ansanum
1374 3964 1640 4044 sncnuuuu

1268 4150 1495 4247 nortl(

772 4382 865 4475 Quae
886 4391 1029 4473 liturgiis
1052 4389 1186 4472 Copticis
1209 4388 1387 4470 subjunctae
1415 4396 1486 4451 suut
1507 4386 1751 4466 benedictiones,
1783 4394 1888 4449 extant
1910 4387 1941 4449 in
1962 4387 2052 4449 variis

682 4496 845 4560 Codicibus
868 4495 1091 4575 manuscriptis,
1115 4501 1147 4556 et
1167 4492 1226 4555 illis
1248 4491 1429 4572 praesertim
1459 4493 1510 4573 qui
1532 4490 1679 4572 descripti
1702 4496 1772 4553 sunt
1802 4489 1839 4552 ad
1861 4506 1967 4552 eorum
1989 4489 2052 4552 lor-

679 4615 775 4675 mam,
807 4613 885 4676 quos
915 4594 1069 4657 recensuit
1097 4600 1129 4656 et
1150 4591 1272 4673 publica
1301 4594 1461 4655 autoritate
1491 4592 1616 4653 munivit
1646 4590 1767 4653 Gabriel
1795 4588 1987 4667 Patriarcha‚
2017 4588 2052 4651 da

680 4713 740 4775 quo
764 4695 875 4757 dictum
899 4701 947 4757 est
969 4694 1100 4773 saepius.
1144 4692 1192 4754 Ex
1214 4690 1272 4754 illis
1294 4699 1394 4753 autem
1421 4689 1616 4772 intelligitur,
1646 4695 1757 4771 quanta
1780 4686 1859 4769 apud
1883 4686 2051 4750 Orientales
2164 4756 2171 4769 ,
2237 4732 2238 4747 r

679 4812 831 4869 vasorum,
855 4813 933 4876 quae
957 4792 994 4854 ad
1016 4810 1135 4855 sacrum
1158 4791 1260 4853 altaris
1289 4790 1484 4853 ministerium
1512 4789 1660 4853 destinata
1682 4795 1762 4867 sunt,
1786 4805 1858 4850 cura
1882 4789 1921 4850 sit
1944 4794 1975 4849 et
1996 4806 2050 4849 re-

680 4896 808 4971 ueratio,
832 4895 861 4955 ei
884 4911 945 4956 nou
968 4890 1109 4954 absimilis
1141 4908 1229 4972 quam
1257 4898 1345 4953 vetus
1373 4889 1510 4952 Ecclesia
1540 4907 1660 4969 semper
1687 4888 1798 4951 habuit.
1848 4886 1966 4949 Dudum
1996 4892 2049 4961 est,

680 5010 747 5054 cum
769 4993 924 5073 pretiosae
947 4992 1090 5055 materiae
1113 5006 1197 5069 arasa,
1228 4986 1417 5052 celebrandis
1446 4988 1542 5051 sacris
1570 4988 1722 5069 mysteriis
1745 4986 1923 5065 destinavit,
1953 4994 1984 5048 ut
2013 5002 2049 5045 cx
