4525 6034
583 601 623 677 ΙΝ
648 597 853 676 LIl'llllGlAld
879 595 1018 674 sancit
1045 595 1198 674 tibull.
1501 594 1577 670 285

221 788 260 851 ita
281 786 356 849 baec
377 784 480 848 versio
501 782 602 846 Laicis
624 791 675 846 aut
694 783 769 864 ipsis
791 781 999 846 sacerdotibus
1022 789 1053 844 et
1073 780 1215 844 Diaconis
1238 788 1343 863 parata
1365 788 1423 859 est,
1445 788 1478 844 ut
1499 798 1577 861 quae

222 885 342 967 Syriaca
363 884 477 965 lingna,
500 882 596 945 doctis
623 882 698 945 solis
727 890 810 961 nota,
832 889 978 944 canuntur
1008 888 1038 944 et
1063 882 1240 958 recitantur,
1267 879 1444 963 intelligant.
1494 878 1578 944 lllam

221 984 388 1046 versionem
428 981 528 1044 nullus
563 980 662 1044 codex
692 990 795 1068 vetus,
827 984 906 1044 inter
933 980 1041 1043 multos
1070 997 1146 1062 quos
1176 979 1321 1059 vidimus,
1349 986 1579 1061 repraesentat:

221 1078 297 1143 unde
320 1081 555 1144 recentissimam
578 1099 647 1143 esse
665 1079 800 1163 judicare
824 1097 994 1161 possumus.
1044 1079 1078 1141 ln
1099 1077 1232 1142 Romana
1254 1079 1386 1142 editione
1408 1080 1506 1142 varias
1529 1079 1579 1140 in-

221 1179 435 1259 terpolationes
458 1180 598 1242 sustinuit
621 1181 650 1241 in
666 1179 767 1243 dorma
790 1178 959 1242 Verborum
988 1178 1108 1256 Christi,
1131 1185 1162 1240 el
1184 1179 1216 1240 in
1236 1176 1428 1241 lnvocatione
1452 1178 1580 1258 Spiritus

219 1273 323 1357 sancti,
346 1288 379 1341 nt
402 1298 505 1342 omnes
535 1276 630 1341 ferme
661 1279 748 1343 aliae.
798 1279 978 1342 Versionem
1007 1276 1044 1340 ad
1074 1280 1203 1359 optimae
1231 1285 1321 1340 notae
1350 1276 1478 1340 Codices
1507 1275 1579 1338 lllss.

221 1379 388 1461 exegimus.
433 1378 522 1453 Quod
543 1378 710 1441 llaronitae
731 1378 810 1439 illam
832 1378 995 1461 liturgiam
1026 1377 1112 1458 quasi
1140 1377 1297 1440 Ecclesiae
1326 1395 1399 1439 suae
1428 1376 1580 1456 propriam

218 1476 275 1539 sibi
295 1478 444 1540 vindicant
466 1486 498 1540 ut
521 1476 691 1557 complures
714 1476 799 1554 elias,
820 1477 931 1539 irustra
948 1484 1031 1540 sunt:
1054 1495 1121 1538 nam
1135 1474 1308 1540 lacobiticis
1331 1476 1397 1538 allis
1421 1474 1580 1556 conjuncta

219 1582 277 1654 est,
300 1584 331 1638 et
351 1578 505 1658 reperitur
526 1577 557 1638 in
580 1573 740 1638 Codicibus
762 1576 966 1639 lacobitarum
995 1576 1132 1654 sinceris,
1156 1574 1349 1654 colbertinis,
1373 1574 1580 1657 Seguierianis

136 1687 137 1690 ’
220 1683 251 1737 et
274 1674 348 1737 aliis.

484 1954 518 2024 2.
558 1953 736 2025 Diaconos
762 1953 848 2024 dicit
873 1953 1043 2025 maman
1065 1956 1220 2047 primurn,
1250 1958 1315 2024 ele.

309 2145 385 2223 Vox
407 2156 513 2219 Conon
533 2156 592 2221 boc
613 2157 684 2221 loco
706 2157 886 2239 Diplycbum
907 2158 1064 2239 significat,
1087 2167 1119 2221 ut
1142 2157 1230 2221 docel
1251 2157 1415 2239 Dionysius
1436 2156 1582 2220 Barsalibi

216 2260 441 2325 Commentario
468 2259 610 2323 adhunc
647 2261 677 2324 S.
707 2260 811 2323 Jacobi
841 2261 994 2342 liturgiae
1026 2260 1137 2336 locum,
1173 2262 1238 2323 sine
1271 2278 1331 2341 quo
1361 2260 1471 2322 frustra
1502 2260 1581 2323 illius

213 2360 397 2443 significatio
424 2360 503 2441 apud
532 2359 778 2442 lexicograpbos
806 2369 1012 2442 quaereretur.
1058 2360 1208 2423 Observat
1230 2376 1322 2440 porro
1353 2358 1403 2422 ille
1433 2359 1585 2452 Diptycba'

214 2479 232 2522 a
256 2461 322 2522 suis
345 2460 429 2541 Syris
452 2458 545 2541 vulgo
561 2457 700 2521 Uonones
722 2459 881 2540 appellari:
905 2479 1021 2541 sexque
1044 2478 1129 2535 esse3
1153 2477 1260 2539 nempe
1283 2457 1405 2521 totidem
1427 2461 1582 2522 orationes

214 2578 273 2622 seu
299 2560 608 2638 commemorationes,
632 2577 756 2639 quarum
779 2565 841 2622 tres
865 2578 920 2641 pro
933 2559 1102 2623 viventibus
1124 2566 1210 2622 sunt:
1235 2565 1296 2620 tres
1319 2558 1394 2621 aliae
1418 2578 1474 2639 pro
1496 2577 1580 2621 mor-

213 2659 289 2722 tuis.
335 2655 420 2729 Quae
441 2675 517 2720 vero
539 2657 678 2721 dicuntur
706 2657 891 2737 aDiacono,
914 2667 945 2721 et
972 2659 1076 2723 Canon
1105 2660 1154 2721 bic
1183 2657 1381 2739 appellantur,
1404 2660 1526 2740 primus,
1549 2662 1582 2720 et

212 2755 371 2820 secundus
393 2774 489 2837 usque
512 2755 550 2818 ad
571 2766 700 2834 sextum,
723 2756 966 2822 denunciationes
990 2757 1109 2822 suntad
1127 2758 1272 2821 orandum
1293 2775 1349 2838 pro
1372 2757 1490 2820 iisdem:
1513 2776 1581 2821 nam

215 2857 309 2937 ipsae
332 2857 485 2920 orationes
509 2876 526 2918 a
549 2846 714 2919 Sacerdote
727 2859 901 2934 recitantur,
925 2877 984 2921 non
1004 2858 1181 2921 alliacono:
1204 2856 1291 2938 plebs
1313 2856 1385 2918 nibil
1409 2857 1487 2920 aliud
1510 2858 1582 2920 dicit

213 2956 275 3018 nisi
299 2955 392 3037 llyrie
414 2955 540 3035 eleison,
564 2954 690 3036 Graece,
714 2964 763 3018 aut
784 2956 911 3019 Domine
940 2959 1084 3019 mamere
1106 2957 1239 3039 syriace.
1284 2949 1409 3036 Reliqua
1431 2954 1502 3018 nibil
1525 2954 1584 3017 ba-

211 3053 291 3118 bent
315 3054 516 3119 obscuritatis.

611 3391 1195 3446 w*-

460 3786 850 3904 nrluncrl
899 3804 924 3869 ι.
982 3707 1368 3905 orosoonr

568 4024 884 4104 Pllullacflli
924 4025 1242 4103 ALllllrlllllRllll.

618 4280 768 4351 Primnum
795 4281 917 4351 Oratio
943 4286 1023 4350 onte
1049 4280 1185 4351 Pacem.

289 4477 406 4582 Dans
439 4502 516 4576 lons
551 4503 788 4600 tranquillitatis
822 4512 856 4576 et
892 4504 1033 4600 pelagus
1070 4502 1243 4593 bonitatis,
1282 4508 1337 4600 qui
1380 4527 1418 4578 es
1460 4508 1581 4578 caritas

206 4644 307 4693 vera
342 4644 428 4717 quae
460 4642 528 4693 non
560 4620 757 4694 aemulatur:
791 4631 926 4716 praesta
960 4619 1056 4694 nobis
1091 4620 1322 4716 peccatoribus
1356 4623 1465 4694 servis
1496 4623 1582 4710 tuis,

206 4749 250 4811 ut
280 4740 417 4834 purgati
443 4735 484 4808 ab
513 4741 601 4809 omni
626 4740 796 4832 iniquitate
822 4744 856 4807 et
881 4736 1010 4810 macula
1041 4741 1188 4833 peccati,
1222 4737 1457 4833 amplectamur
1489 4740 1583 4811 invi·

205 4876 298 4927 cem
323 4857 357 4925 in
383 4855 538 4942 caritate,
565 4864 599 4926 et
623 4875 709 4950 pace
735 4862 790 4923 tua
816 4851 1022 4927 mdivtsibtliz
1055 4861 1155 4947 utque
1189 4873 1286 4924 omne
1321 4853 1430 4925 odium
1463 4864 1498 4925 et
1529 4855 1582 4925 si-

204 4969 390 5044 multatem
418 4970 561 5044 anobis
596 4969 809 5062 abjicientes,
842 4972 875 5039 in
909 4992 975 5042 uno
1010 4968 1146 5042 vinculo
1172 4971 1318 5041 caritatis
1348 4966 1582 5043 indissolubilia

205 5088 509 5179 constringamur,
537 5096 635 5182 atque
661 5095 698 5158 ut
721 5107 788 5157 uno
815 5095 850 5156 et
876 5085 1005 5182 aequali
1032 5088 1147 5184 spiritu
1160 5084 1314 5158 lideinon
1331 5090 1459 5182 pigrae,
1486 5083 1582 5157 rele-

1306 5203 1381 5279 39*
