4525 6034
479 604 1317 688 Jonnnrsnrsonnusrs.
1453 569 1576 687 'aaa

213 805 247 868 ct
271 792 448 888 magnidco
472 794 507 865 in
533 792 723 868 muneribus
755 794 867 885 Deus,
901 793 1045 891 hymnos
1077 797 1260 889 gratimum
1290 796 1430 869 actionis
1457 797 1576 872 oderi-

213 929 297 998 mus,
323 930 524 1006 oramusque
548 919 584 982 to
609 921 645 983 ut
674 932 742 985 non
774 921 953 985 convertas
985 910 1074 984 fosta
1100 921 1216 985 nostra
1241 914 1276 983 in
1300 911 1440 1002 luctum,
1466 935 1577 1011 neque

211 1046 352 1123 pompas
378 1036 512 1100 nostras
538 1029 572 1098 in
598 1030 729 1100 cantica
754 1025 916 1116 luctuosa,
943 1028 1075 1123 quando
1106 1030 1251 1122 justitias
1276 1028 1368 1123 ipsas
1395 1036 1576 1106 examina·

210 1138 284 1233 tis,
316 1152 351 1214 et
381 1144 509 1216 nmanra
542 1165 589 1215 ex
622 1140 720 1217 nobis
753 1143 909 1238 colliges,
950 1155 1086 1241 propter
1123 1146 1368 1241 susceptionem
1406 1147 1576 1241 indignam

210 1261 455 1355 mysteriorum.
506 1257 577 1334 Sed
602 1259 852 1333 misericordem
878 1258 1005 1357 praebe
1030 1270 1065 1332 to
1091 1282 1175 1353 erga
1200 1281 1275 1350 nos,
1301 1282 1405 1358 parce
1430 1262 1574 1359 pusilla-

209 1376 346 1447 nimitati
372 1386 510 1449 namrae
535 1385 688 1449 nostram:
722 1379 885 1473 propitius
910 1386 984 1450 esto
1010 1386 1045 1449 et
1069 1379 1241 1466 miserere,
1266 1397 1333 1449 non
1359 1380 1393 1449 in
1415 1377 1573 1470 judicium

209 1492 324 1562 autin
350 1491 658 1565 condemnationem
683 1503 842 1589 reputans
868 1491 966 1568 nobis
991 1511 1128 1566 munera
1154 1505 1225 1566 tna:
1251 1492 1313 1567 sed
1339 1492 1382 1565 ad
1407 1499 1573 1569 sanctita-

209 1615 289 1697 tem‚
315 1617 349 1680 et
374 1607 598 1702 ogdoadam,
624 1618 659 1681 et
683 1611 837 1683 viaticum
864 1609 978 1685 salutis
1004 1620 1154 1702 nostrae,
1179 1633 1242 1707 per
1259 1607 1432 1683 'Christum
1457 1611 1574 1685 Jesum

209 1719 385 1798 Dominum
411 1734 561 1799 nostrum
587 1747 661 1797 cnm
689 1747 754 1823 quo
782 1736 815 1798 te
842 1724 939 1799 docet
964 1725 1086 1820 gloria,
1113 1735 1177 1799 etc.

312 1839 474 1935 Popador.
525 1841 646 1915 Amen.

311 1954 497 2031 Sacerdos.
547 1957 631 2031 Pau

311 2071 473 2167 Populus.
524 2072 668 2147 Etcum
695 2076 810 2170 spiritu
836 2083 903 2147 tno.

311 2188 498 2262 Diocosur.
550 2190 641 2279 Post,
676 2200 740 2263 etc.

313 2303 473 2400 Populos.
526 2304 648 2380 Coram
675 2315 719 2394 te,
746 2314 810 2378 etc.

310 2419 494 2495 Sacerdos.
547 2422 622 2496 Titi
648 2418 916 2497 commendamus
941 2421 1044 2492 dmm
1069 2429 1225 2518 nostram¹
1243 2419 1385 2493 Domine
1411 2422 1571 2519 omnip-o-

207 2544 297 2611 tens:
331 2535 529 2635 ubicumque
558 2537 718 2613 fuerimus
754 2536 884 2611 custodi
913 2557 976 2610 nos
1008 2538 1271 2636 inpoenitentia
1303 2558 1389 2633 qnae
1414 2539 1449 2609 in
1473 2537 1571 2614 nobis

207 2662 272 2742 cst,
297 2676 359 2749 per
384 2657 582 2746 orationem,
608 2665 644 2732 et
668 2662 794 2728 certam
819 2653 1072 2750 persuasionem
1103 2655 1197 2727 vitae
1221 2661 1314 2726 recte
1339 2653 1572 2746 instituendae,

207 2789 375 2843 conserva
400 2793 463 2846 nos
481 2775 643 2847 immunes
670 2780 704 2844 et
719 2769 870 2845 iilaesos:
896 2771 990 2841 utin
1012 2791 1220 2866 quocumque
1245 2778 1397 2865 ternpore
1422 2778 1457 2841 et
1481 2768 1571 2861 loco,

206 2889 413 2979 majestatem
439 2896 528 2960 tuam
553 2891 738 2978 intuentes,
773 2896 808 2959 ct
839 2907 881 2958 ea
916 2907 1003 2981 quae
1034 2883 1094 2958 tibi
1125 2884 1248 2983 placita
1279 2892 1375 2976 sunt,
1409 2895 1443 2958 et
1474 2895 1571 2979 mata

207 3012 397 3097 operantes,
423 3025 491 3077 non
516 3003 756 3076 confundamur
788 3004 824 3074 in
849 3001 903 3074 dio
925 3001 1059 3094 judicii,
1089 3005 1124 3075 in
1158 3024 1224 3099 quo
1256 3002 1481 3098 unusquisque
1506 3025 1570 3076 re-

206 3116 416 3192 tihudonem
443 3122 597 3218 accipiet,
623 3142 697 3193 cnm
711 3117 836 3213 Angeli
862 3113 995 3192 stabunt
1020 3126 1055 3190 et
1078 3128 1114 3192 tu
1137 3116 1320 3211 judicabis:
1348 3121 1401 3191 cui
1416 3119 1568 3213 gloriam,

205 3232 349 3323 laudem,
374 3233 536 3312 honorem
563 3246 598 3309 et
623 3235 850 3309 adorationem
876 3231 1052 3323 oderimus,
1079 3256 1155 3307 cum
1179 3234 1280 3307 Patre
1305 3244 1362 3309 tuo
1389 3245 1424 3308 et
1443 3234 1569 3333 Spiritu

205 3359 262 3424 tuo
289 3361 415 3424 sancto.

309 3466 471 3561 Popotm.
523 3469 643 3542 Amen.

307 3582 495 3658 Diocoom
547 3584 695 3658 Benedic
720 3584 872 3659 Domine.

307 3698 483 3775 Sacerdos
510 3702 689 3775 dmedicit.

544 3999 1183 4052 ψ

234 4405 299 4497 ΙΝ
346 4403 729 4500 ultontltd
781 4405 1068 4504 tonniis
1118 4404 1533 4503 rosenensis

796 4616 970 4702 dotti.

296 4908 326 4976 i.
369 4897 422 4977 Dr
443 4909 560 4975 Joanne
574 4909 737 4978 Basorenst
758 4920 864 4978 autore
885 4914 952 4997 ejns
966 4911 1119 4996 Liurgtm
1141 4911 1272 4977 nondum
1294 4912 1453 4996 quitquam
1475 4911 1563 4977 notis

203 5015 345 5094 occurrit,
367 5012 424 5078 nisi
446 5014 526 5098 quod
546 5014 712 5082 Jacobitam
741 5036 811 5082 oum
831 5014 946 5098 tuisse,
974 5025 1006 5082 et
1033 5015 1160 5099 alicuius
1188 5017 1220 5080 in
1248 5034 1304 5082 stra
1329 5024 1413 5082 sacta
1434 5016 1563 5081 nominis

203 5113 416 5200 intelligamus,
438 5131 500 5182 non
520 5116 610 5185 modo
632 5136 673 5184 er
693 5116 782 5204 hujus
796 5116 951 5201 Litnrgu'ae
971 5116 1179 5203 inscriptione,
1201 5114 1257 5183 sed
1278 5133 1320 5181 ex
1340 5115 1399 5183 alio
1420 5134 1481 5183 non
1501 5115 1564 5181 mi·
