4525 6034
359 2665 556 2733 Undepetcnda
570 2667 603 2719 ait
615 2665 657 2719 di·

344 2753 472 2820 sciplinae
495 2752 657 2805 Eucharisti-

318 2841 392 2893 'eae
411 2841 534 2909 cognitio.

668 510 782 582 LXVI
1170 507 1559 586 DISSERTATIO

667 700 746 771 sine
760 699 1051 771 commiseratione
1065 697 1278 789 ignorantiae
1295 693 1566 769 adversariorum
1581 717 1729 785 suorum,
1754 707 1918 788 negasset
1943 696 2055 768 ullum

673 813 869 909 discipinae
903 816 1091 909 praesentis
1130 810 1217 907 apud
1249 821 1385 885 vetares
1419 834 1497 885 esse
1523 815 1725 903 vestigium,
1756 812 1844 884 unde
1889 835 1965 884 eam
2003 834 2057 883 ex

672 928 1048 1001 'lransubstantiationis
1077 930 1235 1023 opinione
1260 936 1372 999 natam
1399 938 1433 1001 et
1458 938 1680 1024 propagatam
1707 951 1786 1001 esse
1812 927 2057 1019 concludebat,

672 1047 883 1135 ignoraverit
915 1048 989 1140 ipse
1023 1047 1058 1115 in
1083 1042 1255 1116 Theodori
1283 1041 1546 1133 cantuariensis,
1572 1042 1700 1134 Bedae,
1726 1042 1926 1136 Reginonis,
1953 1043 2057 1115 Bur-

672 1159 806 1249 ohardi,
838 1158 968 1232 Yvonis
1003 1169 1038 1233 et
1069 1161 1207 1233 aliorum
1234 1158 1464 1247 collectaneis,
1497 1182 1576 1232 esse
1601 1159 1868 1254 quamplurima
1897 1160 2057 1252 ejusdem

672 1274 873 1369 disciplinae
898 1279 1097 1349 testimonia.
1151 1275 1204 1347 De
1232 1274 1372 1347 Graecis
1398 1274 1570 1347 autoribus
1596 1274 1676 1345 nihil
1703 1275 1854 1365 dicimus,
1881 1297 1959 1348 nam
1988 1296 2057 1348 eos

674 1412 738 1461 nec
765 1389 807 1461 de
834 1390 926 1462 titulo
955 1390 1097 1485 quidem,
1128 1390 1286 1463 claudius
1313 1398 1476 1478 noverat3
1504 1388 1692 1462 Orientales
1719 1390 1966 1463 multominus.
2007 1391 2057 1462 Et

671 1514 784 1576 tamen
820 1529 906 1601 quae
939 1515 1013 1577 erat
1043 1504 1187 1579 hominis
1209 1505 1440 1593 confidentia,
1472 1508 1567 1600 quasi
1599 1503 1739 1579 Latinos
1779 1527 1895 1579 omnes
1927 1504 2054 1593 libros,

673 1619 837 1711 Graecos,
863 1621 1044 1717 Syriacos,
1070 1620 1262 1713 Arabicas,
1296 1618 1470 1716 cepticos,
1502 1618 1700 1715 Athiopicos
1728 1622 1932 1712 evolvisset,
1969 1619 2056 1693 nihil

670 1740 705 1807 in
740 1736 804 1810 illis
832 1759 911 1811 esse
944 1737 1031 1809 unde
1065 1736 1216 1810 adoratio
1250 1740 1462 1824 sacramenti,
1495 1743 1552 1807 aut
1576 1735 1738 1827 religiosa
1766 1736 1928 1809 donorum
1956 1760 2053 1810 con-

671 1862 878 1926 secratormn
905 1875 986 1924 cura
1012 1850 1151 1949 probari
1176 1862 1305 1947 posset,
1334 1850 1516 1924 affirmavit.
1542 1850 1675 1945 Reliqui
1691 1851 1777 1923 hanc
1792 1859 2054 1927 controversiae

673 1978 802 2064 partem
835 1971 898 2039 vix
933 1973 1129 2060 attigemnt:
1167 1977 1291 2040 tautum
1318 1967 1427 2056 abest,
1453 1976 1490 2037 ut
1515 1969 1598 2037 novi
1624 1966 1816 2061 quidquam,
1843 1990 1908 2063 quo
1936 1966 2053 2041 Clau-

673 2082 772 2156 diana
799 2082 971 2155 affirmatio
994 2086 1182 2176 juvaretur,
1209 2084 1438 2178 produxerint.
1464 2083 1580 2175 ltaque
1607 2085 1637 2153 si
1651 2104 1779 2155 summo
1796 2085 1873 2173 jure
1889 2097 2055 2177 ageretur

669 2198 903 2295 postulandum
922 2209 1031 2288 esset,
1058 2198 1267 2273 solummodo
1293 2209 1330 2270 ut
1355 2193 1567 2297 παράδοξον
1591 2196 1671 2269 illud
1697 2202 1899 2289 argumentis
1927 2202 2051 2273 saltem

670 2312 901 2410 probabilibus
927 2314 1191 2404 confirmaretur,
1218 2314 1279 2388 sed
1306 2318 1477 2409 quianon
1503 2312 1735 2401 contendendi,
1749 2335 1866 2385 verum
1893 2319 2050 2386 veritatis

671 2434 705 2500 in
732 2429 824 2501 clara
839 2430 914 2501 luce
930 2429 1147 2502 collocandae
1174 2429 1296 2519 studio,
1322 2430 1407 2501 haec
1433 2438 1578 2501 tractare
1605 2432 1737 2520 agressi
1756 2450 1881 2519 summ,
1908 2431 2050 2503 ulterius

669 2546 932 2640 progrediemur.
1662 2612 1672 2630 ,

776 2661 871 2746 Quae
898 2665 941 2735 sit
953 2659 1172 2750 Graecorum,
1198 2660 1392 2733 Latinorum
1420 2671 1454 2731 et
1466 2660 1681 2733 Orientalium
1708 2659 1880 2755 disciplina
1905 2660 2050 2734 Eucha-

670 2780 795 2865 ristica,
822 2799 891 2848 non
908 2800 954 2847 ex
980 2775 1183 2866 rumoribus,
1210 2786 1266 2847 aut
1287 2800 1376 2849 vana
1388 2776 1552 2849 relatione
1574 2775 1741 2847 hominum
1760 2775 1847 2847 aliud
1864 2780 2049 2868 agentium,

671 2915 782 2987 neque
810 2896 891 2966 satis
923 2892 990 2963 lide
1022 2891 1216 2983 dignorum,
1253 2901 1399 2963 statuere
1426 2901 1580 2986 oportet,
1615 2914 1689 2961 cum
1722 2890 1778 2962 illa
1811 2913 1857 2961 ex
1892 2889 2050 2986 publicae

671 3010 857 3081 autoritatis
883 3005 977 3079 libris
1005 3006 1148 3103 petenda
1174 3009 1225 3080 sit.
1252 3006 1344 3079 Illam
1372 3016 1480 3078 autem
1498 3005 1621 3078 habent
1636 2995 2048 3103 mtuaes'eujuscunque

670 3124 824 3216 linguae,
861 3146 907 3195 ex
940 3120 1058 3217 quihus
1091 3121 1282 3214 intelligitur
1317 3122 1394 3217 quid
1429 3120 1677 3195 observandum
1707 3120 1861 3193 Ecclesia
1895 3145 2050 3218 quaeque

671 3242 935 3334 praescripserit.
987 3238 1025 3312 Si
1052 3237 1130 3332 quid
1156 3247 1273 3310 conha
1299 3249 1472 3332 peccatum
1499 3259 1578 3310 esse
1611 3235 1899 3327 animadvertitur,
1934 3237 2048 3329 legem

669 3376 738 3427 non
763 3353 855 3444 iacit,
881 3356 1080 3449 praesertim
1100 3375 1175 3424 cum
1202 3374 1334 3447 poenae
1361 3353 1525 3427 adversus
1553 3351 1745 3447 disciplinae
1759 3362 2045 3446 transgressores,

672 3469 862 3564 etquidem
897 3472 1121 3561 gravissimae
1157 3478 1351 3539 statuantur.
1386 3468 1509 3541 lama
1543 3470 1658 3563 primis
1685 3465 1862 3539 Ecclesiae
1897 3470 2045 3542 socordis

671 3583 804 3656 horrori
829 3581 890 3654 luit
917 3605 1090 3655 sacrorum
1115 3592 1287 3655 munemm
1312 3581 1515 3679 profanatio,
1543 3583 1631 3677 quod
1653 3585 1782 3654 etiamsi
1807 3587 2045 3657 vetustissimis

672 3701 869 3771 testimoniis
895 3720 963 3771 non
990 3696 1212 3794 probaretur,
1229 3698 1415 3787 Athanasii,
1443 3696 1567 3793 Optati,
1594 3696 1732 3769 Palladii
1760 3708 1794 3769 et
1812 3695 2045 3793 chrysostomi

673 3818 849 3886 autoritate
876 3825 1001 3885 certum
1029 3824 1090 3885 est.
1116 3812 1235 3907 Neque
1263 3813 1363 3887 valde
1388 3811 1607 3885 laborandum
1632 3824 1670 3885 ut
1695 3812 1737 3884 ad
1752 3835 1912 3886 summam
1937 3836 2046 3908 usque

676 3938 875 4001 vetustatem
904 3938 1007 4003 testes
1035 3928 1090 3999 alii
1117 3932 1365 4024 conquirantur,
1392 3952 1466 4001 cum
1493 3933 1522 4002 si
1553 3939 1672 4024 quarto
1711 3929 1847 4001 saeculo
1875 3929 1960 4000 haec
1986 3930 2045 4009 di-v

673 4042 814 4140 sciplina
839 4047 990 4136 viguisse
1006 4042 1219 4135 intelligatur,
1247 4048 1467 4140 antiquiorem
1483 4043 1589 4116 fuisse
1615 4066 1759 4117 necesse
1785 4048 1836 4117 sit.
1866 4043 2047 4117 Gravissi-

671 4181 760 4229 mum
788 4164 876 4230 enim
903 4163 1028 4230 crimen
1053 4158 1250 4249 Donatistis,
1282 4164 1417 4234 Arianis
1451 4169 1485 4230 et
1511 4160 1746 4255 chrysostomi
1772 4161 2046 4255 persecutoribus

673 4274 908 4366 objiciebatur:
937 4274 1026 4371 qnod
1052 4275 1176 4347 nullum
1201 4276 1330 4363 luisset,
1357 4279 1421 4347 nisi
1447 4296 1620 4347 sacrorum
1634 4275 1743 4367 leges,
1771 4274 1934 4347 adversus
1962 4297 2047 4370 quas

673 4390 715 4462 ah
743 4394 827 4487 ipsis
855 4402 1029 4487 peccahnn
1056 4399 1141 4480 erat,
1167 4403 1326 4486 receptae
1353 4390 1474 4485 ubique
1500 4390 1652 4479 iniissent,
1684 4412 1750 4461 non
1776 4392 1909 4461 noviter
1934 4394 2047 4461 intro-

674 4506 803 4579 ductae.
844 4508 912 4580 lllis
939 4529 1025 4580 vero
1053 4505 1259 4602 temporibus
1287 4518 1475 4603 eonuptam
1499 4510 1568 4598 jam
1591 4505 1697 4578 iuisse
1716 4505 1919 4593 Ecclesiam,
1946 4527 2046 4577 nemo

672 4621 772 4693 facile
808 4621 940 4713 credet,
982 4626 1135 4717 quamvis
1163 4634 1297 4696 sanctos
1329 4623 1405 4695 illos
1432 4621 1551 4695 Patres
1577 4623 1794 4716 importunius
1822 4620 1985 4710 sacrificii,
2014 4632 2048 4693 et

675 4733 748 4808 aliis
776 4738 941 4828 ejusmodi
966 4737 1109 4810 vocibus
1147 4737 1271 4812 abusos
1307 4760 1387 4812 csse
1413 4737 1575 4811 calvinus
1603 4737 1716 4809 dicere
1741 4760 1810 4809 non
1837 4736 2046 4809 dubitaverit

674 4849 750 4922 Hoc
776 4873 843 4922 non
871 4857 999 4945 agitur,
1036 4854 1096 4926 sed
1127 4853 1207 4925 illud
1234 4854 1460 4927 tantummodo
1488 4858 1668 4950 quaeritur,
1695 4876 1737 4924 an
1764 4851 1926 4941 eamdem,
1961 4874 2047 4945 quae

603 5024 607 5031 .
672 4966 706 5033 in
744 4969 886 5061 antiquis
923 4968 987 5042 illis
1025 4967 1198 5043 autoribus
1230 4974 1426 5064 consignata
1460 4981 1531 5061 est,
1565 4973 1790 5045 reverentiam
1825 4972 1915 5041 circa
1948 4990 2047 5041 sacra
