4525 6034
358 569 409 645 DE
421 567 676 647 thUllGlhRUM
687 567 940 646 ORlENTllhIUll
952 567 1103 645 etiams
1120 570 1168 646 ET
1185 568 1432 646 aaronitas.
1536 564 1582 640 111

218 767 280 847 tur,
306 764 341 828 ot
365 766 484 852 postca
510 754 741 854 praesentibus
767 754 1050 833 distribuerentur.
1101 754 1147 827 Et
1172 766 1282 828 tamen
1313 760 1346 827 in
1372 778 1433 829 ore
1458 755 1581 830 habere

217 894 278 945 uon
305 858 469 966 desinunt,
494 877 702 970 primaevum
728 871 808 944 illud
833 871 1008 968 exemplar
1020 870 1159 946 Coeum
1168 872 1408 965 Evangelicae,
1430 874 1473 946 ad
1493 874 1581 970 quod

218 1011 292 1061 suas
320 1011 502 1083 expressas
529 1012 608 1064 esse
633 988 755 1061 frustra
781 988 974 1081 gloriantur.
1001 989 1125 1062 Verum
1153 1012 1227 1060 cum
1249 998 1298 1060 tot
1317 989 1469 1062 diversas
1493 1013 1581 1086 pro-

219 1109 388 1200 posuerint
420 1106 556 1180 Coeuae
588 1105 675 1179 illius
709 1127 791 1178 suae
822 1102 967 1195 formas,
1000 1130 1087 1201 quae
1117 1110 1205 1178 inter
1241 1127 1280 1177 se
1311 1104 1481 1179 conciliari
1514 1130 1581 1179 non

219 1233 366 1317 possunt,
398 1223 472 1295 illas
507 1222 550 1295 ad
579 1244 695 1318 pamm
722 1219 862 1294 verbum
893 1221 970 1311 Dei,
1004 1224 1092 1318 quod
1124 1233 1234 1295 tamen
1261 1245 1308 1294 ex
1339 1221 1468 1294 illorum
1497 1246 1582 1296 sen-

218 1341 315 1409 tcntia
349 1344 562 1436 perspicuum
596 1336 749 1410 omnibus
781 1347 851 1427 cst,
889 1361 1083 1434 expressas,
1118 1350 1243 1411 temere
1282 1342 1415 1411 omnino
1447 1341 1580 1431 jactant.

217 1453 375 1527 Fateatur
407 1460 549 1552 quippe,
582 1478 650 1527 non
683 1457 764 1527 satis
798 1463 954 1527 constare
982 1476 1046 1551 quo
1072 1478 1160 1553 pane
1187 1450 1337 1530 Christus
1364 1477 1444 1529 usus
1469 1454 1580 1550 luerit,

217 1594 334 1667 azymo
365 1595 407 1644 an
433 1571 648 1663 fermentato,
683 1581 782 1665 atque
813 1569 899 1642 adeo
930 1574 964 1642 in
991 1570 1185 1667 quibusdam
1211 1571 1311 1659 locis,
1344 1582 1380 1643 ut
1406 1571 1580 1668 Gencvae,

217 1710 351 1784 azymus
387 1688 430 1761 ad
457 1686 606 1762 Coenam
634 1688 688 1760 diu
715 1684 875 1758 adhibitas
902 1697 972 1760 est:
999 1711 1042 1760 an
1069 1711 1154 1783 aqua
1190 1692 1269 1761 vino
1306 1688 1443 1761 admista
1469 1688 1578 1780 luerit,

215 1808 345 1877 nescire
374 1827 413 1879 se
438 1809 563 1901 puriter
588 1812 792 1898 agnoscunt:
818 1804 921 1878 multo
957 1810 1065 1899 magis
1092 1805 1210 1901 quibus
1245 1804 1361 1878 verbis
1397 1806 1439 1878 ad
1468 1802 1579 1879 bene-

216 1920 402 2014 dictionem,
436 1945 497 1995 seu
530 1923 837 2012 consecrationem,
870 1922 1025 2017 Apostoli
1064 1925 1116 1994 usi
1157 1922 1293 1994 fuerint:
1334 1921 1421 1994 unde
1456 1921 1578 1996 Christi

214 2035 339 2128 verba,
366 2039 443 2109 Hoc
476 2045 528 2111 cst
552 2059 677 2132 corpor
701 2059 825 2125 mewa,
855 2038 922 2109 Hic
948 2044 1001 2111 cat
1024 2042 1163 2134 coapata
1187 2061 1289 2128 neca,
1316 2038 1465 2133 plerique
1491 2043 1578 2112 reti·

214 2153 322 2226 nenda
358 2155 607 2247 judicaverunt,
639 2154 694 2225 alii
726 2175 794 2226 uon
827 2156 921 2225 item:
956 2154 999 2226 de
1037 2153 1156 2250 quibus
1186 2164 1297 2227 tamen
1331 2153 1577 2227 Eucharisticae

215 2270 407 2368 disciplinae
433 2269 594 2366 capitibus
620 2281 718 2343 venis
744 2269 898 2343 Ecclesia
925 2293 1093 2366 nunquam
1118 2270 1289 2344 dubitavit.
1439 2273 1446 2286 ’

318 2386 453 2460 Certam
490 2387 545 2459 illa
575 2410 696 2483 nempe
735 2398 769 2460 et
802 2396 1008 2460 constantem
1042 2385 1155 2459 hebuit
1188 2386 1416 2460 Eucharistiae
1450 2409 1579 2461 couse-
1592 2399 1900 2456 tornamentorum

1594 1416 1705 1485 dlapdeb.
1723 1416 1791 1469 Cena
1811 1418 1835 1469 l.

214 2504 359 2577 orandae
389 2504 547 2593 formam,
580 2509 687 2575 statim
721 2501 762 2575 ab
790 2505 900 2599 initio,
928 2526 1002 2575 cum
1029 2502 1152 2599 ubique
1179 2502 1355 2576 Christiani
1381 2507 1579 2596 congregati
1592 2487 1901 2624 “Pldfl?“‘“⁰l‘⁵⁸¹³¹·

214 2644 287 2693 mm
303 2616 513 2694 celebrarent
532 2619 687 2715 quotidie
715 2623 865 2719 pauoris
893 2622 1015 2716 scripto
1042 2624 1242 2713 consignata
1262 2643 1329 2692 non
1355 2628 1464 2695 esset:
1491 2621 1578 2694 unde
1592 2590 1640 2627 ω’
1669 2583 1714 2626 αἰ

213 2740 326 2833 primis
351 2736 527 2809 Ecclesiae
553 2736 696 2810 sacculis
728 2759 843 2810 sacros
878 2735 954 2810 illes
986 2739 1068 2809 ritus
1103 2737 1176 2812 sola
1210 2737 1386 2809 traditione
1416 2739 1578 2829 rignisse,

214 2863 309 2924 extra
336 2856 600 2926 controversiam
626 2875 705 2926 esse
732 2852 840 2925 debet
892 2853 1136 2949 Hierosolymis
1155 2852 1325 2950 Apostoli,
1352 2853 1441 2949 qaod
1466 2856 1500 2924 in
1526 2858 1577 2927 sui
1685 2892 1691 2899 ·

214 2973 407 3042 memoriam
435 2968 584 3043 Christus
617 2967 687 3040 lieri
712 2979 950 3065 praeceperat,
985 2967 1172 3059 iaciebant3
1207 2980 1241 3041 et
1276 2971 1352 3042 inde
1387 2992 1449 3065 per
1476 2979 1578 3040 totum

215 3085 331 3157 orbem
359 3086 511 3182 dispersi,
538 3094 573 3156 ut
599 3086 715 3158 cadem
743 3108 840 3163 sacra
863 3084 1123 3176 celebrarentur,
1150 3088 1369 3176 instituemnt,
1395 3107 1578 3179 eorumque

214 3200 355 3275 formam
388 3204 668 3298 praescipeerunt,
701 3224 789 3297 quae
821 3205 856 3274 in
887 3200 1039 3275 omnibus
1078 3201 1242 3275 Ecclesiis
1282 3210 1483 3274 conservata
1516 3213 1577 3274 est.

214 3318 315 3413 lgitur
340 3342 388 3392 ex
414 3317 488 3393 sola
515 3319 689 3391 traditione
703 3318 911 3415 Apostolica,
938 3341 1006 3393 uon
1032 3342 1079 3391 ex
1105 3321 1229 3415 scripta
1256 3321 1444 3409 autoritate,
1470 3317 1577 3392 lorma

214 3435 267 3507 illa
303 3435 390 3531 apud
426 3456 542 3507 omnes
574 3433 746 3510 Ecclesias
778 3445 914 3532 recepta
951 3446 1019 3527 est,
1053 3458 1129 3507 cum
1155 3458 1220 3507 una
1253 3445 1288 3507 et
1313 3435 1431 3508 eadem
1458 3433 1579 3529 ubique

214 3551 326 3625 luerit:
359 3574 469 3647 neque
502 3555 601 3643 enim,
634 3562 670 3624 ut
703 3552 745 3624 de
776 3551 892 3625 ritihus
926 3551 1120 3648 quibusdam
1152 3551 1309 3641 dedamis,
1337 3551 1379 3624 de
1407 3550 1577 3648 disciplina

215 3667 441 3742 Eucharistiae
472 3667 694 3741 celebrandae
725 3672 978 3758 controversia,
1011 3671 1125 3766 primis
1157 3668 1240 3759 illis,
1272 3678 1328 3740 aut
1363 3666 1577 3763 sequentibus

217 3786 358 3858 saecuhs
392 3785 458 3856 ulla
492 3788 578 3857 inter
605 3783 811 3859 Christianos
836 3783 905 3858 fuit.
960 3787 1067 3875 Quam
1105 3787 1206 3879 igitur
1237 3783 1476 3880 Apostolomm
1503 3794 1579 3857 tra-

217 3901 292 3974 ditio
319 3905 354 3974 in
378 3898 541 3974 Ecclesiis
567 3912 702 3973 servata
729 3901 992 3994 commendabat,
1025 3902 1142 3975 cadem
1171 3900 1364 3997 Apostolica
1399 3911 1432 3974 et
1457 3902 1579 3974 Eran-

218 4018 323 4109 gelica
350 4015 624 4090 celebrandorum
638 4021 871 4114 mysteriorum
880 4018 987 4092 forma
1014 4042 1092 4094 esse
1119 4016 1379 4093 existimabatur.
1405 4019 1479 4090 lam
1493 4040 1578 4113 quae

216 4133 268 4206 illa
301 4134 410 4207 lomna
443 4132 542 4206 luerit
576 4134 798 4228 quaerendum
825 4145 895 4208 cst:
921 4159 999 4211 num
1032 4135 1086 4207 illa
1114 4135 1252 4225 scilicet,
1281 4157 1377 4230 qaam
1403 4132 1579 4207 Ecclesiae

217 4251 467 4324 Reformatores
501 4254 781 4343 excogitaverunt
814 4262 891 4348 post
927 4275 1031 4326 annos
1064 4251 1154 4325 mille
1188 4254 1406 4347 peringentos,
1444 4271 1487 4321 an
1523 4249 1578 4319 illa

218 4391 300 4463 quae
325 4366 449 4463 ubique
475 4367 656 4441 observata
682 4367 757 4460 brit,
785 4368 904 4440 dudum
937 4380 1014 4441 ante
1040 4392 1138 4465 pram
1172 4371 1357 4464 perscripta
1382 4366 1519 4458 lasset,
1546 4367 1578 4435 in

218 4484 397 4557 Occidente
423 4483 480 4555 vel
506 4487 540 4555 in
566 4483 715 4573 Oriente,
742 4488 926 4557 orationum
953 4495 988 4557 et
1013 4488 1296 4558 caeremoniarum
1324 4482 1474 4554 ordinata
1501 4480 1577 4555 dis-

220 4604 350 4696 positio,
378 4623 464 4696 quae
489 4600 638 4693 Liturgia
665 4601 790 4673 dicitur.

320 4714 500 4814 Splendida
514 4740 597 4791 sane
613 4716 669 4788 illa
691 4717 868 4814 appellatio
892 4716 1110 4814 Apostohcee
1133 4726 1167 4788 et
1181 4714 1409 4809 Evangelicac
1429 4712 1578 4807 Coenae,
1592 4736 1699 4789 Formae
1720 4737 1900 4789 arroasian-

224 4837 256 4905 ia
279 4857 354 4906 eam
378 4833 519 4906 tonnam
546 4856 633 4928 quae
660 4856 680 4904 a
705 4833 969 4908 Pretestautibus
995 4843 1183 4930 usurpatur,
1217 4831 1341 4903 cadere
1372 4854 1579 4927 nequaquam
1592 4820 1900 4922 abundandanltpesro-

221 4960 337 5045 potest,
364 4950 421 5022 vel
448 4973 489 5022 ea
502 4947 575 5023 sola
601 4952 741 5041 ratione,
767 4951 855 5047 qued
882 4953 1063 5025 communis
1079 4954 1165 5022 inter
1191 4970 1250 5021 eos
1277 4949 1363 5021 nulla
1386 4948 1449 5021 huc
1475 4973 1580 5045 usque
1594 4910 1900 4978 ''mm“Evange'm

1593 5013 1644 5050 non
1663 5014 1691 5050 rc
1712 5004 1865 5050 mesentant.

220 5065 332 5156 luerit3
363 5089 483 5140 verum
518 5088 633 5139 omues
661 5068 706 5139 ita
746 5066 942 5159 dissimllos,
976 5076 1012 5139 at
1045 5066 1134 5138 nulla
1168 5069 1374 5161 quantumvis
1408 5066 1580 5140 commoda
1693 5014 1708 5064 p

1290 5181 1351 5254 μ
