<?xml version="1.0" encoding="UTF-8"?>
<!DOCTYPE html PUBLIC "-//W3C//DTD XHTML 1.0 Transitional//EN"
    "http://www.w3.org/TR/xhtml1/DTD/xhtml1-transitional.dtd">
<html xmlns="http://www.w3.org/1999/xhtml" xml:lang="en" lang="en">
 <head>
  <title>
</title>
<meta http-equiv="Content-Type" content="text/html;charset=utf-8" />
  <meta name='ocr-system' content='tesseract 3.04.00' />
  <meta name='ocr-capabilities' content='ocr_page ocr_carea ocr_par ocr_line ocrx_word'/>
</head>
<body>
  <div class='ocr_page' id='page_1' title='image "./liturgiarumorie00unkngoog/liturgiarumorie00unkngoog_0509.png"; bbox 0 0 4525 6034; ppageno 0'>
   <div class='ocr_carea' id='block_1_1' title="bbox 416 1094 1453 1578">
    <p class='ocr_par' dir='ltr' id='par_1_1' title="bbox 416 1094 1453 1578">
     <span class='ocr_line' id='line_1_1' title="bbox 416 1094 1453 1304; baseline -0.004 0"><span class='ocrx_word' id='word_1_1' title='bbox 416 1130 559 1304; x_wconf 82' lang='lat' dir='ltr'><strong>DE</strong></span> <span class='ocrx_word' id='word_1_2' title='bbox 653 1094 1453 1303; x_wconf 52' lang='lat' dir='ltr'><strong>P‘llltlllthl</strong></span> 
     </span>
     <span class='ocr_line' id='line_1_2' title="bbox 722 1458 1151 1578; baseline 0.002 -2"><span class='ocrx_word' id='word_1_3' title='bbox 722 1458 1151 1578; x_wconf 80' lang='lat' dir='ltr'><strong>mummulo.</strong></span> 
     </span>
    </p>
   </div>
   <div class='ocr_carea' id='block_1_2' title="bbox 243 1702 1943 4505">
    <p class='ocr_par' dir='ltr' id='par_1_2' title="bbox 243 1702 1943 3342">
     <span class='ocr_line' id='line_1_3' title="bbox 291 1702 1618 1826; baseline -0.004 -20"><span class='ocrx_word' id='word_1_4' title='bbox 291 1734 316 1806; x_wconf 93' lang='lat'><strong>1.</strong></span> <span class='ocrx_word' id='word_1_5' title='bbox 356 1702 450 1813; x_wconf 72' lang='lat' dir='ltr'><strong>Ona</strong></span> <span class='ocrx_word' id='word_1_6' title='bbox 479 1743 549 1806; x_wconf 92' lang='lat' dir='ltr'><strong>toto</strong></span> <span class='ocrx_word' id='word_1_7' title='bbox 581 1730 646 1802; x_wconf 89' lang='lat' dir='ltr'><strong>hoc</strong></span> <span class='ocrx_word' id='word_1_8' title='bbox 682 1751 788 1825; x_wconf 89' lang='lat' dir='ltr'><strong>opere</strong></span> <span class='ocrx_word' id='word_1_9' title='bbox 821 1740 938 1803; x_wconf 87' lang='lat' dir='ltr'><strong>nostro</strong></span> <span class='ocrx_word' id='word_1_10' title='bbox 973 1718 1243 1826; x_wconf 81' lang='lat' dir='ltr'><strong>frequentissima</strong></span> <span class='ocrx_word' id='word_1_11' title='bbox 1276 1731 1320 1803; x_wconf 90' lang='lat' dir='ltr'><strong>sit</strong></span> <span class='ocrx_word' id='word_1_12' title='bbox 1353 1727 1618 1803; x_wconf 86' lang='lat' dir='ltr'><strong>Patriarclrarum</strong></span> 
     </span>
     <span class='ocr_line' id='line_1_4' title="bbox 243 1843 1942 1946; baseline -0.003 -23"><span class='ocrx_word' id='word_1_13' title='bbox 243 1849 551 1923; x_wconf 82' lang='lat' dir='ltr'><strong>Alexandrinorum</strong></span> <span class='ocrx_word' id='word_1_14' title='bbox 576 1845 804 1921; x_wconf 86' lang='lat' dir='ltr'><strong>Jacobitarum</strong></span> <span class='ocrx_word' id='word_1_15' title='bbox 828 1850 1012 1937; x_wconf 90' lang='lat' dir='ltr'><strong>memoria,</strong></span> <span class='ocrx_word' id='word_1_16' title='bbox 1040 1858 1140 1941; x_wconf 85' lang='lat' dir='ltr'><strong>atque</strong></span> <span class='ocrx_word' id='word_1_17' title='bbox 1165 1848 1199 1918; x_wconf 92' lang='lat' dir='ltr'><strong>in</strong></span> <span class='ocrx_word' id='word_1_18' title='bbox 1224 1868 1266 1918; x_wconf 91' lang='lat' dir='ltr'><strong>ea</strong></span> <span class='ocrx_word' id='word_1_19' title='bbox 1292 1856 1401 1935; x_wconf 89' lang='lat' dir='ltr'><strong>secta,</strong></span> <span class='ocrx_word' id='word_1_20' title='bbox 1435 1868 1521 1942; x_wconf 94' lang='lat' dir='ltr'><strong>quae</strong></span> <span class='ocrx_word' id='word_1_21' title='bbox 1551 1868 1620 1918; x_wconf 92' lang='lat' dir='ltr'><strong>ne-</strong></span> <span class='ocrx_word' id='word_1_22' title='bbox 1653 1843 1821 1946; x_wconf 61' lang='lat' dir='ltr'><strong>d¹⁰¹⁸¹¹ltif¹i</strong></span> <span class='ocrx_word' id='word_1_23' title='bbox 1837 1844 1942 1900; x_wconf 75' lang='lat' dir='ltr'><strong>tacom-</strong></span> 
     </span>
     <span class='ocr_line' id='line_1_5' title="bbox 246 1931 1943 2072; baseline -0.002 -33"><span class='ocrx_word' id='word_1_24' title='bbox 246 1989 315 2061; x_wconf 90' lang='lat' dir='ltr'><strong>que</strong></span> <span class='ocrx_word' id='word_1_25' title='bbox 340 1971 374 2039; x_wconf 93' lang='lat' dir='ltr'><strong>in</strong></span> <span class='ocrx_word' id='word_1_26' title='bbox 400 1964 602 2051; x_wconf 79' lang='lat' dir='ltr'>Occidente,</span> <span class='ocrx_word' id='word_1_27' title='bbox 628 1985 739 2058; x_wconf 90' lang='lat' dir='ltr'><strong>neque</strong></span> <span class='ocrx_word' id='word_1_28' title='bbox 765 1962 1069 2059; x_wconf 65' lang='lat' dir='ltr'><strong>Constantinopoli,</strong></span> <span class='ocrx_word' id='word_1_29' title='bbox 1104 1972 1161 2037; x_wconf 90' lang='lat' dir='ltr'><strong>ant</strong></span> <span class='ocrx_word' id='word_1_30' title='bbox 1193 1966 1227 2034; x_wconf 90' lang='lat' dir='ltr'><strong>in</strong></span> <span class='ocrx_word' id='word_1_31' title='bbox 1254 1960 1397 2034; x_wconf 87' lang='lat' dir='ltr'><strong>Graecia</strong></span> <span class='ocrx_word' id='word_1_32' title='bbox 1429 1961 1620 2035; x_wconf 73' lang='lat' dir='ltr'><strong>cathedram</strong></span> <span class='ocrx_word' id='word_1_33' title='bbox 1630 1931 1943 2072; x_wconf 47' lang='grc' dir='ltr'><strong>ἵζῗοῖᾚζῗέζ</strong></span> 
     </span>
     <span class='ocr_line' id='line_1_6' title="bbox 245 2034 1942 2179; baseline 0.001 -23"><span class='ocrx_word' id='word_1_34' title='bbox 245 2083 484 2179; x_wconf 87' lang='lat' dir='ltr'><strong>Episcopalem</strong></span> <span class='ocrx_word' id='word_1_35' title='bbox 508 2080 626 2170; x_wconf 89' lang='lat' dir='ltr'><strong>habet,</strong></span> <span class='ocrx_word' id='word_1_36' title='bbox 652 2082 790 2175; x_wconf 89' lang='lat' dir='ltr'><strong>primam</strong></span> <span class='ocrx_word' id='word_1_37' title='bbox 815 2079 862 2151; x_wconf 89' lang='lat' dir='ltr'><strong>illi</strong></span> <span class='ocrx_word' id='word_1_38' title='bbox 888 2078 1080 2172; x_wconf 88' lang='lat' dir='ltr'><strong>dignitatem</strong></span> <span class='ocrx_word' id='word_1_39' title='bbox 1107 2075 1293 2166; x_wconf 80' lang='lat' dir='ltr'><strong>obtineant,</strong></span> <span class='ocrx_word' id='word_1_40' title='bbox 1326 2098 1454 2174; x_wconf 86' lang='lat' dir='ltr'><strong>operae</strong></span> <span class='ocrx_word' id='word_1_41' title='bbox 1478 2080 1619 2173; x_wconf 91' lang='lat' dir='ltr'><strong>pretium</strong></span> <span class='ocrx_word' id='word_1_42' title='bbox 1632 2034 1766 2157; x_wconf 61' lang='lat' dir='ltr'><strong>clauda</strong></span> <span class='ocrx_word' id='word_1_43' title='bbox 1801 2105 1942 2171; x_wconf 67' lang='lat' dir='ltr'><strong>ordinans,</strong></span> 
     </span>
     <span class='ocr_line' id='line_1_7' title="bbox 245 2190 1943 2293; baseline -0.004 -21"><span class='ocrx_word' id='word_1_44' title='bbox 245 2204 359 2272; x_wconf 84' lang='lat' dir='ltr'><strong>visum</strong></span> <span class='ocrx_word' id='word_1_45' title='bbox 385 2210 438 2272; x_wconf 89' lang='lat' dir='ltr'><strong>est</strong></span> <span class='ocrx_word' id='word_1_46' title='bbox 463 2221 529 2271; x_wconf 90' lang='lat' dir='ltr'><strong>uno</strong></span> <span class='ocrx_word' id='word_1_47' title='bbox 557 2200 651 2293; x_wconf 90' lang='lat' dir='ltr'><strong>quasi</strong></span> <span class='ocrx_word' id='word_1_48' title='bbox 677 2206 860 2292; x_wconf 89' lang='lat' dir='ltr'><strong>conspectu</strong></span> <span class='ocrx_word' id='word_1_49' title='bbox 886 2195 1016 2268; x_wconf 81' lang='lat' dir='ltr'><strong>referre</strong></span> <span class='ocrx_word' id='word_1_50' title='bbox 1042 2217 1270 2291; x_wconf 87' lang='lat' dir='ltr'><strong>quaecumque</strong></span> <span class='ocrx_word' id='word_1_51' title='bbox 1297 2194 1339 2268; x_wconf 90' lang='lat' dir='ltr'><strong>ad</strong></span> <span class='ocrx_word' id='word_1_52' title='bbox 1373 2193 1504 2267; x_wconf 92' lang='lat' dir='ltr'><strong>illorum</strong></span> <span class='ocrx_word' id='word_1_53' title='bbox 1536 2196 1619 2266; x_wconf 91' lang='lat' dir='ltr'><strong>titu-</strong></span> <span class='ocrx_word' id='word_1_54' title='bbox 1632 2191 1820 2244; x_wconf 66' lang='lat' dir='ltr'>⁸⁰⁰⁰⁰⁸⁸i⁰¹¹0¹¹¹</span> <span class='ocrx_word' id='word_1_55' title='bbox 1838 2190 1943 2247; x_wconf 73' lang='lat' dir='ltr'><strong>onoma</strong></span> 
     </span>
     <span class='ocr_line' id='line_1_8' title="bbox 245 2310 1621 2409; baseline -0.002 -21"><span class='ocrx_word' id='word_1_56' title='bbox 245 2317 321 2403; x_wconf 90' lang='lat' dir='ltr'><strong>los,</strong></span> <span class='ocrx_word' id='word_1_57' title='bbox 357 2319 585 2404; x_wconf 65' lang='lat' dir='ltr'><strong>autoritatem,</strong></span> <span class='ocrx_word' id='word_1_58' title='bbox 624 2313 888 2408; x_wconf 79' lang='lat' dir='ltr'><strong>electionemque</strong></span> <span class='ocrx_word' id='word_1_59' title='bbox 922 2316 1105 2409; x_wconf 89' lang='lat' dir='ltr'><strong>pertinent,</strong></span> <span class='ocrx_word' id='word_1_60' title='bbox 1146 2316 1233 2385; x_wconf 84' lang='lat' dir='ltr'><strong>sicut</strong></span> <span class='ocrx_word' id='word_1_61' title='bbox 1270 2310 1314 2383; x_wconf 92' lang='lat' dir='ltr'><strong>de</strong></span> <span class='ocrx_word' id='word_1_62' title='bbox 1344 2310 1621 2385; x_wconf 89' lang='lat' dir='ltr'><strong>Nestorianorum</strong></span> 
     </span>
     <span class='ocr_line' id='line_1_9' title="bbox 248 2428 1622 2527; baseline -0.002 -22"><span class='ocrx_word' id='word_1_63' title='bbox 248 2431 432 2506; x_wconf 85' lang='lat' dir='ltr'><strong>Catholicis</strong></span> <span class='ocrx_word' id='word_1_64' title='bbox 458 2430 636 2527; x_wconf 80' lang='lat' dir='ltr'><strong>aliquando</strong></span> <span class='ocrx_word' id='word_1_65' title='bbox 661 2431 727 2503; x_wconf 88' lang='lat' dir='ltr'><strong>liet.</strong></span> <span class='ocrx_word' id='word_1_66' title='bbox 780 2428 876 2502; x_wconf 89' lang='lat' dir='ltr'><strong>Hanc</strong></span> <span class='ocrx_word' id='word_1_67' title='bbox 902 2434 990 2503; x_wconf 91' lang='lat' dir='ltr'><strong>enim</strong></span> <span class='ocrx_word' id='word_1_68' title='bbox 1015 2451 1098 2527; x_wconf 91' lang='lat' dir='ltr'><strong>prae</strong></span> <span class='ocrx_word' id='word_1_69' title='bbox 1130 2430 1267 2525; x_wconf 91' lang='lat' dir='ltr'><strong>reliquis</strong></span> <span class='ocrx_word' id='word_1_70' title='bbox 1293 2431 1412 2519; x_wconf 90' lang='lat' dir='ltr'><strong>sectis,</strong></span> <span class='ocrx_word' id='word_1_71' title='bbox 1447 2452 1534 2524; x_wconf 91' lang='lat' dir='ltr'><strong>quae</strong></span> <span class='ocrx_word' id='word_1_72' title='bbox 1563 2428 1622 2502; x_wconf 89' lang='lat' dir='ltr'><strong>vel</strong></span> 
     </span>
     <span class='ocr_line' id='line_1_10' title="bbox 247 2543 1621 2645; baseline -0.003 -23"><span class='ocrx_word' id='word_1_73' title='bbox 247 2553 384 2622; x_wconf 91' lang='lat' dir='ltr'><strong>omnino</strong></span> <span class='ocrx_word' id='word_1_74' title='bbox 412 2546 666 2634; x_wconf 89' lang='lat' dir='ltr'><strong>interciderunt,</strong></span> <span class='ocrx_word' id='word_1_75' title='bbox 692 2546 756 2638; x_wconf 90' lang='lat' dir='ltr'><strong>vel</strong></span> <span class='ocrx_word' id='word_1_76' title='bbox 777 2544 882 2619; x_wconf 91' lang='lat' dir='ltr'><strong>adhuc</strong></span> <span class='ocrx_word' id='word_1_77' title='bbox 908 2556 1102 2641; x_wconf 83' lang='lat' dir='ltr'><strong>supersunt,</strong></span> <span class='ocrx_word' id='word_1_78' title='bbox 1128 2547 1402 2643; x_wconf 88' lang='lat' dir='ltr'><strong>praerogativam</strong></span> <span class='ocrx_word' id='word_1_79' title='bbox 1428 2543 1529 2645; x_wconf 78' lang='lat' dir='ltr'><strong>halet</strong></span> <span class='ocrx_word' id='word_1_80' title='bbox 1553 2546 1621 2618; x_wconf 87' lang='lat' dir='ltr'><strong>Ja-</strong></span> 
     </span>
     <span class='ocr_line' id='line_1_11' title="bbox 247 2660 1621 2759; baseline -0.004 -20"><span class='ocrx_word' id='word_1_81' title='bbox 247 2664 411 2756; x_wconf 79' lang='lat' dir='ltr'><strong>colritico,</strong></span> <span class='ocrx_word' id='word_1_82' title='bbox 438 2664 527 2759; x_wconf 91' lang='lat' dir='ltr'><strong>quod</strong></span> <span class='ocrx_word' id='word_1_83' title='bbox 552 2663 798 2759; x_wconf 87' lang='lat' dir='ltr'><strong>Episcoporum</strong></span> <span class='ocrx_word' id='word_1_84' title='bbox 824 2684 892 2735; x_wconf 91' lang='lat' dir='ltr'><strong>non</strong></span> <span class='ocrx_word' id='word_1_85' title='bbox 917 2666 1134 2759; x_wconf 88' lang='lat' dir='ltr'><strong>interruptam</strong></span> <span class='ocrx_word' id='word_1_86' title='bbox 1160 2666 1410 2737; x_wconf 83' lang='lat' dir='ltr'><strong>succesatonan</strong></span> <span class='ocrx_word' id='word_1_87' title='bbox 1426 2660 1489 2735; x_wconf 91' lang='lat' dir='ltr'><strong>lmo</strong></span> <span class='ocrx_word' id='word_1_88' title='bbox 1514 2682 1621 2757; x_wconf 90' lang='lat' dir='ltr'><strong>usqne</strong></span> 
     </span>
     <span class='ocr_line' id='line_1_12' title="bbox 246 2776 1622 2874; baseline -0.002 -20"><span class='ocrx_word' id='word_1_89' title='bbox 246 2791 448 2872; x_wconf 85' lang='lat' dir='ltr'><strong>conservat,</strong></span> <span class='ocrx_word' id='word_1_90' title='bbox 482 2779 525 2853; x_wconf 89' lang='lat' dir='ltr'><strong>ab</strong></span> <span class='ocrx_word' id='word_1_91' title='bbox 561 2780 625 2852; x_wconf 90' lang='lat' dir='ltr'><strong>illis</strong></span> <span class='ocrx_word' id='word_1_92' title='bbox 661 2779 887 2852; x_wconf 81' lang='lat' dir='ltr'><strong>ordinatorum</strong></span> <span class='ocrx_word' id='word_1_93' title='bbox 920 2783 975 2874; x_wconf 91' lang='lat' dir='ltr'><strong>qui</strong></span> <span class='ocrx_word' id='word_1_94' title='bbox 1009 2783 1043 2850; x_wconf 93' lang='lat' dir='ltr'><strong>in</strong></span> <span class='ocrx_word' id='word_1_95' title='bbox 1074 2778 1229 2853; x_wconf 85' lang='lat' dir='ltr'><strong>Ecclesia</strong></span> <span class='ocrx_word' id='word_1_96' title='bbox 1265 2776 1436 2852; x_wconf 88' lang='lat' dir='ltr'><strong>Catholica</strong></span> <span class='ocrx_word' id='word_1_97' title='bbox 1467 2800 1622 2851; x_wconf 89' lang='lat' dir='ltr'><strong>manuum</strong></span> 
     </span>
     <span class='ocr_line' id='line_1_13' title="bbox 244 2893 1621 2994; baseline -0.001 -24"><span class='ocrx_word' id='word_1_98' title='bbox 244 2900 493 2994; x_wconf 84' lang='lat' dir='ltr'><strong>impositionem</strong></span> <span class='ocrx_word' id='word_1_99' title='bbox 520 2905 739 2991; x_wconf 89' lang='lat' dir='ltr'><strong>acceperant,</strong></span> <span class='ocrx_word' id='word_1_100' title='bbox 767 2893 883 2990; x_wconf 91' lang='lat' dir='ltr'><strong>quales</strong></span> <span class='ocrx_word' id='word_1_101' title='bbox 910 2904 1007 2967; x_wconf 87' lang='lat' dir='ltr'><strong>erent</strong></span> <span class='ocrx_word' id='word_1_102' title='bbox 1030 2895 1216 2968; x_wconf 88' lang='lat' dir='ltr'><strong>Dioscoms</strong></span> <span class='ocrx_word' id='word_1_103' title='bbox 1243 2903 1279 2967; x_wconf 85' lang='lat' dir='ltr'><strong>et</strong></span> <span class='ocrx_word' id='word_1_104' title='bbox 1293 2897 1450 2969; x_wconf 88' lang='lat' dir='ltr'><strong>Dioscori</strong></span> <span class='ocrx_word' id='word_1_105' title='bbox 1476 2918 1621 2969; x_wconf 90' lang='lat' dir='ltr'><strong>sncces-</strong></span> 
     </span>
     <span class='ocr_line' id='line_1_14' title="bbox 246 3010 1622 3109; baseline -0.004 -21"><span class='ocrx_word' id='word_1_106' title='bbox 246 3036 358 3088; x_wconf 90' lang='lat' dir='ltr'><strong>sores.</strong></span> <span class='ocrx_word' id='word_1_107' title='bbox 410 3013 459 3084; x_wconf 90' lang='lat' dir='ltr'><strong>lta</strong></span> <span class='ocrx_word' id='word_1_108' title='bbox 487 3014 637 3109; x_wconf 88' lang='lat' dir='ltr'><strong>quamvis</strong></span> <span class='ocrx_word' id='word_1_109' title='bbox 664 3010 823 3085; x_wconf 89' lang='lat' dir='ltr'><strong>haeretici</strong></span> <span class='ocrx_word' id='word_1_110' title='bbox 850 3022 884 3083; x_wconf 90' lang='lat' dir='ltr'><strong>et</strong></span> <span class='ocrx_word' id='word_1_111' title='bbox 910 3010 1051 3084; x_wconf 84' lang='lat' dir='ltr'><strong>abscissi</strong></span> <span class='ocrx_word' id='word_1_112' title='bbox 1079 3011 1121 3084; x_wconf 89' lang='lat' dir='ltr'><strong>ab</strong></span> <span class='ocrx_word' id='word_1_113' title='bbox 1149 3010 1318 3102; x_wconf 83' lang='lat' dir='ltr'><strong>Ecclesia,</strong></span> <span class='ocrx_word' id='word_1_114' title='bbox 1343 3010 1490 3084; x_wconf 86' lang='lat' dir='ltr'><strong>validam</strong></span> <span class='ocrx_word' id='word_1_115' title='bbox 1511 3020 1622 3083; x_wconf 78' lang='lat' dir='ltr'><strong>mmen</strong></span> 
     </span>
     <span class='ocr_line' id='line_1_15' title="bbox 248 3127 1620 3225; baseline -0.002 -22"><span class='ocrx_word' id='word_1_116' title='bbox 248 3130 491 3203; x_wconf 88' lang='lat' dir='ltr'><strong>ordinationem</strong></span> <span class='ocrx_word' id='word_1_117' title='bbox 530 3127 713 3216; x_wconf 89' lang='lat' dir='ltr'><strong>habebant,</strong></span> <span class='ocrx_word' id='word_1_118' title='bbox 755 3150 829 3200; x_wconf 83' lang='lat' dir='ltr'><strong>etun</strong></span> <span class='ocrx_word' id='word_1_119' title='bbox 863 3130 1108 3222; x_wconf 87' lang='lat' dir='ltr'><strong>impositionem</strong></span> <span class='ocrx_word' id='word_1_120' title='bbox 1145 3151 1300 3201; x_wconf 88' lang='lat' dir='ltr'><strong>manuum</strong></span> <span class='ocrx_word' id='word_1_121' title='bbox 1335 3131 1546 3225; x_wconf 87' lang='lat' dir='ltr'><strong>accepissent</strong></span> <span class='ocrx_word' id='word_1_122' title='bbox 1578 3127 1620 3202; x_wconf 82' lang='lat' dir='ltr'><strong>alr</strong></span> 
     </span>
     <span class='ocr_line' id='line_1_16' title="bbox 244 3243 1620 3342; baseline -0.001 -23"><span class='ocrx_word' id='word_1_123' title='bbox 244 3246 427 3342; x_wconf 87' lang='lat' dir='ltr'><strong>Episcopis</strong></span> <span class='ocrx_word' id='word_1_124' title='bbox 453 3243 599 3337; x_wconf 82' lang='lat' dir='ltr'><strong>legitime</strong></span> <span class='ocrx_word' id='word_1_125' title='bbox 625 3248 718 3341; x_wconf 92' lang='lat' dir='ltr'><strong>prius</strong></span> <span class='ocrx_word' id='word_1_126' title='bbox 744 3243 925 3333; x_wconf 88' lang='lat' dir='ltr'><strong>ordinatis,</strong></span> <span class='ocrx_word' id='word_1_127' title='bbox 952 3254 1127 3339; x_wconf 89' lang='lat' dir='ltr'><strong>antequam</strong></span> <span class='ocrx_word' id='word_1_128' title='bbox 1163 3247 1197 3315; x_wconf 90' lang='lat' dir='ltr'><strong>in</strong></span> <span class='ocrx_word' id='word_1_129' title='bbox 1229 3244 1385 3317; x_wconf 87' lang='lat' dir='ltr'><strong>haeresin</strong></span> <span class='ocrx_word' id='word_1_130' title='bbox 1411 3244 1620 3318; x_wconf 88' lang='lat' dir='ltr'><strong>cecidissent.</strong></span> 
     </span>
    </p>

    <p class='ocr_par' dir='ltr' id='par_1_3' title="bbox 243 3357 1620 3783">
     <span class='ocr_line' id='line_1_17' title="bbox 245 3357 1620 3458; baseline 0.001 -24"><span class='ocrx_word' id='word_1_131' title='bbox 245 3361 370 3456; x_wconf 87' lang='lat' dir='ltr'><strong>Neque</strong></span> <span class='ocrx_word' id='word_1_132' title='bbox 394 3364 480 3433; x_wconf 89' lang='lat' dir='ltr'><strong>inter</strong></span> <span class='ocrx_word' id='word_1_133' title='bbox 506 3371 556 3434; x_wconf 90' lang='lat' dir='ltr'><strong>tot</strong></span> <span class='ocrx_word' id='word_1_134' title='bbox 580 3360 785 3433; x_wconf 83' lang='lat' dir='ltr'><strong>calamitates</strong></span> <span class='ocrx_word' id='word_1_135' title='bbox 813 3383 899 3455; x_wconf 90' lang='lat' dir='ltr'><strong>quae</strong></span> <span class='ocrx_word' id='word_1_136' title='bbox 927 3384 947 3432; x_wconf 91' lang='lat' dir='ltr'><strong>a</strong></span> <span class='ocrx_word' id='word_1_137' title='bbox 974 3359 1116 3433; x_wconf 89' lang='lat' dir='ltr'><strong>Concilii</strong></span> <span class='ocrx_word' id='word_1_138' title='bbox 1147 3357 1431 3435; x_wconf 89' lang='lat' dir='ltr'><strong>Calchedonensis</strong></span> <span class='ocrx_word' id='word_1_139' title='bbox 1458 3371 1620 3458; x_wconf 88' lang='lat' dir='ltr'><strong>tempore,</strong></span> 
     </span>
     <span class='ocr_line' id='line_1_18' title="bbox 243 3475 1620 3572; baseline 0.001 -24"><span class='ocrx_word' id='word_1_140' title='bbox 243 3500 356 3572; x_wconf 90' lang='lat' dir='ltr'><strong>usque</strong></span> <span class='ocrx_word' id='word_1_141' title='bbox 384 3476 425 3549; x_wconf 95' lang='lat' dir='ltr'><strong>ad</strong></span> <span class='ocrx_word' id='word_1_142' title='bbox 451 3475 736 3565; x_wconf 82' lang='lat' dir='ltr'><strong>Euhemedanos,</strong></span> <span class='ocrx_word' id='word_1_143' title='bbox 761 3475 949 3550; x_wconf 84' lang='lat' dir='ltr'><strong>Ecclesiam</strong></span> <span class='ocrx_word' id='word_1_144' title='bbox 983 3476 1246 3549; x_wconf 83' lang='lat' dir='ltr'><strong>Alexandrinam</strong></span> <span class='ocrx_word' id='word_1_145' title='bbox 1279 3477 1516 3569; x_wconf 86' lang='lat' dir='ltr'><strong>turbaverunt,</strong></span> <span class='ocrx_word' id='word_1_146' title='bbox 1551 3476 1620 3549; x_wconf 94' lang='lat' dir='ltr'><strong>ali-</strong></span> 
     </span>
     <span class='ocr_line' id='line_1_19' title="bbox 246 3592 1615 3690; baseline 0.002 -26"><span class='ocrx_word' id='word_1_147' title='bbox 246 3592 342 3689; x_wconf 90' lang='lat' dir='ltr'><strong>quod</strong></span> <span class='ocrx_word' id='word_1_148' title='bbox 368 3596 498 3684; x_wconf 91' lang='lat' dir='ltr'><strong>insigne</strong></span> <span class='ocrx_word' id='word_1_149' title='bbox 524 3595 683 3690; x_wconf 89' lang='lat' dir='ltr'><strong>temporis</strong></span> <span class='ocrx_word' id='word_1_150' title='bbox 710 3592 918 3665; x_wconf 89' lang='lat' dir='ltr'><strong>intervallum</strong></span> <span class='ocrx_word' id='word_1_151' title='bbox 944 3593 1084 3683; x_wconf 86' lang='lat' dir='ltr'><strong>effluxit,</strong></span> <span class='ocrx_word' id='word_1_152' title='bbox 1111 3596 1146 3665; x_wconf 94' lang='lat' dir='ltr'><strong>in</strong></span> <span class='ocrx_word' id='word_1_153' title='bbox 1172 3616 1238 3688; x_wconf 94' lang='lat' dir='ltr'><strong>quo</strong></span> <span class='ocrx_word' id='word_1_154' title='bbox 1266 3617 1313 3667; x_wconf 84' lang='lat' dir='ltr'><strong>ex</strong></span> <span class='ocrx_word' id='word_1_155' title='bbox 1339 3617 1400 3668; x_wconf 89' lang='lat' dir='ltr'><strong>sua</strong></span> <span class='ocrx_word' id='word_1_156' title='bbox 1426 3605 1520 3669; x_wconf 85' lang='lat' dir='ltr'><strong>secta</strong></span> <span class='ocrx_word' id='word_1_157' title='bbox 1535 3595 1615 3666; x_wconf 87' lang='lat' dir='ltr'><strong>An-</strong></span> 
     </span>
     <span class='ocr_line' id='line_1_20' title="bbox 245 3708 665 3783; baseline -0.005 -1"><span class='ocrx_word' id='word_1_158' title='bbox 245 3714 386 3782; x_wconf 86' lang='lat' dir='ltr'><strong>tistitem</strong></span> <span class='ocrx_word' id='word_1_159' title='bbox 411 3732 479 3783; x_wconf 90' lang='lat' dir='ltr'><strong>non</strong></span> <span class='ocrx_word' id='word_1_160' title='bbox 505 3708 665 3783; x_wconf 83' lang='lat' dir='ltr'><strong>hebuerit</strong></span> 
     </span>
    </p>

    <p class='ocr_par' dir='ltr' id='par_1_4' title="bbox 245 3824 1941 4505">
     <span class='ocr_line' id='line_1_21' title="bbox 353 3824 1941 3935; baseline 0.004 -37"><span class='ocrx_word' id='word_1_161' title='bbox 353 3826 393 3898; x_wconf 91' lang='lat' dir='ltr'><strong>ll.</strong></span> <span class='ocrx_word' id='word_1_162' title='bbox 422 3825 580 3914; x_wconf 85' lang='lat' dir='ltr'><strong>Graecis,</strong></span> <span class='ocrx_word' id='word_1_163' title='bbox 605 3825 684 3898; x_wconf 89' lang='lat' dir='ltr'><strong>licet</strong></span> <span class='ocrx_word' id='word_1_164' title='bbox 710 3824 932 3916; x_wconf 86' lang='lat' dir='ltr'><strong>Orthodoxis,</strong></span> <span class='ocrx_word' id='word_1_165' title='bbox 965 3826 1053 3898; x_wconf 92' lang='lat' dir='ltr'><strong>idem</strong></span> <span class='ocrx_word' id='word_1_166' title='bbox 1084 3849 1152 3900; x_wconf 95' lang='lat' dir='ltr'><strong>non</strong></span> <span class='ocrx_word' id='word_1_167' title='bbox 1188 3828 1318 3899; x_wconf 83' lang='lat' dir='ltr'><strong>evenit:</strong></span> <span class='ocrx_word' id='word_1_168' title='bbox 1354 3849 1485 3935; x_wconf 86' lang='lat' dir='ltr'><strong>cuma</strong></span> <span class='ocrx_word' id='word_1_169' title='bbox 1520 3836 1618 3923; x_wconf 89' lang='lat' dir='ltr'><strong>capta</strong></span> <span class='ocrx_word' id='word_1_170' title='bbox 1666 3834 1811 3904; x_wconf 64' lang='lat' dir='ltr'><strong>inculpa</strong></span> <span class='ocrx_word' id='word_1_171' title='bbox 1828 3832 1875 3887; x_wconf 75' lang='lat' dir='ltr'><strong>rut</strong></span> <span class='ocrx_word' id='word_1_172' title='bbox 1889 3830 1941 3887; x_wconf 71' lang='lat'><strong>0¹·</strong></span> 
     </span>
     <span class='ocr_line' id='line_1_22' title="bbox 247 3920 1940 4062; baseline 0.002 -47"><span class='ocrx_word' id='word_1_173' title='bbox 247 3942 413 4038; x_wconf 75' lang='lat' dir='ltr'><strong>Aegypto</strong></span> <span class='ocrx_word' id='word_1_174' title='bbox 441 3945 518 4013; x_wconf 90' lang='lat' dir='ltr'><strong>anni</strong></span> <span class='ocrx_word' id='word_1_175' title='bbox 544 3952 672 4037; x_wconf 89' lang='lat' dir='ltr'><strong>septem</strong></span> <span class='ocrx_word' id='word_1_176' title='bbox 698 3953 733 4014; x_wconf 88' lang='lat' dir='ltr'><strong>et</strong></span> <span class='ocrx_word' id='word_1_177' title='bbox 757 3944 939 4035; x_wconf 82' lang='lat' dir='ltr'><strong>nonaginta</strong></span> <span class='ocrx_word' id='word_1_178' title='bbox 963 3941 1050 4039; x_wconf 88' lang='lat' dir='ltr'><strong>lapsi</strong></span> <span class='ocrx_word' id='word_1_179' title='bbox 1074 3942 1213 4029; x_wconf 80' lang='lat' dir='ltr'><strong>tuerint,</strong></span> <span class='ocrx_word' id='word_1_180' title='bbox 1241 3944 1358 4039; x_wconf 86' lang='lat' dir='ltr'><strong>quibus</strong></span> <span class='ocrx_word' id='word_1_181' title='bbox 1383 3943 1506 4016; x_wconf 91' lang='lat' dir='ltr'><strong>nullum</strong></span> <span class='ocrx_word' id='word_1_182' title='bbox 1527 3945 1618 4018; x_wconf 84' lang='lat' dir='ltr'><strong>Ale-</strong></span> <span class='ocrx_word' id='word_1_183' title='bbox 1630 3920 1801 4062; x_wconf 63' lang='lat' dir='ltr'><strong>:pproxorum</strong></span> <span class='ocrx_word' id='word_1_184' title='bbox 1834 3936 1940 3974; x_wconf 58' lang='lat' dir='ltr'><strong>‘m&#39;</strong></span> 
     </span>
     <span class='ocr_line' id='line_1_23' title="bbox 247 4048 1678 4158; baseline 0.003 -27"><span class='ocrx_word' id='word_1_185' title='bbox 247 4057 434 4147; x_wconf 84' lang='lat' dir='ltr'><strong>xandriae,</strong></span> <span class='ocrx_word' id='word_1_186' title='bbox 461 4068 517 4131; x_wconf 91' lang='lat' dir='ltr'><strong>aut</strong></span> <span class='ocrx_word' id='word_1_187' title='bbox 542 4060 576 4129; x_wconf 91' lang='lat' dir='ltr'><strong>in</strong></span> <span class='ocrx_word' id='word_1_188' title='bbox 601 4061 675 4155; x_wconf 83' lang='lat' dir='ltr'><strong>ipsa</strong></span> <span class='ocrx_word' id='word_1_189' title='bbox 700 4062 842 4151; x_wconf 81' lang='lat' dir='ltr'><strong>regione</strong></span> <span class='ocrx_word' id='word_1_190' title='bbox 867 4057 1305 4132; x_wconf 88' lang='lat' dir='ltr'><strong>habueruntPatriarcham:</strong></span> <span class='ocrx_word' id='word_1_191' title='bbox 1331 4083 1452 4157; x_wconf 92' lang='lat' dir='ltr'><strong>nempe</strong></span> <span class='ocrx_word' id='word_1_192' title='bbox 1478 4085 1525 4134; x_wconf 85' lang='lat' dir='ltr'><strong>ex</strong></span> <span class='ocrx_word' id='word_1_193' title='bbox 1552 4085 1617 4158; x_wconf 89' lang='lat' dir='ltr'><strong>quo</strong></span> <span class='ocrx_word' id='word_1_194' title='bbox 1671 4048 1678 4063; x_wconf 71' lang='grc'><em>’</em></span> 
     </span>
     <span class='ocr_line' id='line_1_24' title="bbox 247 4172 1617 4272; baseline 0.003 -27"><span class='ocrx_word' id='word_1_195' title='bbox 247 4174 422 4265; x_wconf 83' lang='lat' dir='ltr'><strong>Georgius</strong></span> <span class='ocrx_word' id='word_1_196' title='bbox 462 4175 675 4265; x_wconf 86' lang='lat' dir='ltr'><strong>Patriarcha,</strong></span> <span class='ocrx_word' id='word_1_197' title='bbox 714 4173 922 4248; x_wconf 85' lang='lat' dir='ltr'><strong>Alexandria</strong></span> <span class='ocrx_word' id='word_1_198' title='bbox 963 4172 1273 4272; x_wconf 80' lang='lat' dir='ltr'><strong>Constantinopolin</strong></span> <span class='ocrx_word' id='word_1_199' title='bbox 1305 4174 1407 4269; x_wconf 89' lang='lat' dir='ltr'><strong>lugit,</strong></span> <span class='ocrx_word' id='word_1_200' title='bbox 1443 4199 1530 4251; x_wconf 88' lang='lat' dir='ltr'><strong>anno</strong></span> <span class='ocrx_word' id='word_1_201' title='bbox 1565 4174 1617 4250; x_wconf 88' lang='lat'><strong>3⁰.</strong></span> 
     </span>
     <span class='ocr_line' id='line_1_25' title="bbox 245 4288 1616 4381; baseline 0.003 -18"><span class='ocrx_word' id='word_1_202' title='bbox 245 4288 414 4363; x_wconf 82' lang='lat' dir='ltr'><strong>Calliams</strong></span> <span class='ocrx_word' id='word_1_203' title='bbox 441 4288 555 4362; x_wconf 92' lang='lat' dir='ltr'><strong>0mari</strong></span> <span class='ocrx_word' id='word_1_204' title='bbox 580 4289 818 4381; x_wconf 81' lang='lat' dir='ltr'><strong>Elrnelketabi3</strong></span> <span class='ocrx_word' id='word_1_205' title='bbox 845 4290 953 4364; x_wconf 87' lang='lat' dir='ltr'><strong>donec</strong></span> <span class='ocrx_word' id='word_1_206' title='bbox 980 4295 1234 4364; x_wconf 87' lang='lat' dir='ltr'><strong>constitueretur</strong></span> <span class='ocrx_word' id='word_1_207' title='bbox 1265 4291 1418 4381; x_wconf 84' lang='lat' dir='ltr'><strong>Cosmus,</strong></span> <span class='ocrx_word' id='word_1_208' title='bbox 1447 4316 1534 4366; x_wconf 87' lang='lat' dir='ltr'><strong>anno</strong></span> <span class='ocrx_word' id='word_1_209' title='bbox 1563 4294 1616 4369; x_wconf 81' lang='lat'><strong>7⁰.</strong></span> 
     </span>
     <span class='ocr_line' id='line_1_26' title="bbox 246 4404 1616 4505; baseline 0.004 -26"><span class='ocrx_word' id='word_1_210' title='bbox 246 4404 414 4479; x_wconf 87' lang='lat' dir='ltr'><strong>Caliiatus</strong></span> <span class='ocrx_word' id='word_1_211' title='bbox 452 4404 637 4495; x_wconf 86' lang='lat' dir='ltr'><strong>Hisolrami,</strong></span> <span class='ocrx_word' id='word_1_212' title='bbox 676 4407 736 4479; x_wconf 87' lang='lat' dir='ltr'><strong>luit</strong></span> <span class='ocrx_word' id='word_1_213' title='bbox 776 4407 943 4481; x_wconf 87' lang='lat' dir='ltr'><strong>Cathedra</strong></span> <span class='ocrx_word' id='word_1_214' title='bbox 978 4407 1216 4497; x_wconf 76' lang='lat' dir='ltr'><strong>JAlexandrina</strong></span> <span class='ocrx_word' id='word_1_215' title='bbox 1257 4407 1385 4505; x_wconf 86' lang='lat' dir='ltr'><strong>absque</strong></span> <span class='ocrx_word' id='word_1_216' title='bbox 1424 4409 1616 4484; x_wconf 84' lang='lat' dir='ltr'><strong>Patriarcha</strong></span> 
     </span>
    </p>
   </div>
   <div class='ocr_carea' id='block_1_3' title="bbox 247 4519 1618 4623">
    <p class='ocr_par' dir='ltr' id='par_1_5' title="bbox 247 4519 1618 4623">
     <span class='ocr_line' id='line_1_27' title="bbox 247 4519 1618 4623; baseline 0.004 -29"><span class='ocrx_word' id='word_1_217' title='bbox 247 4519 470 4612; x_wconf 83' lang='lat' dir='ltr'><strong>Ortlrodoxo,</strong></span> <span class='ocrx_word' id='word_1_218' title='bbox 496 4545 557 4620; x_wconf 91' lang='lat' dir='ltr'><strong>per</strong></span> <span class='ocrx_word' id='word_1_219' title='bbox 583 4545 689 4599; x_wconf 81' lang='lat' dir='ltr'><strong>minos</strong></span> <span class='ocrx_word' id='word_1_220' title='bbox 715 4528 895 4617; x_wconf 88' lang='lat' dir='ltr'><strong>nonaginta</strong></span> <span class='ocrx_word' id='word_1_221' title='bbox 922 4533 1060 4620; x_wconf 89' lang='lat' dir='ltr'><strong>septem.</strong></span> <span class='ocrx_word' id='word_1_222' title='bbox 1110 4526 1161 4598; x_wconf 87' lang='lat' dir='ltr'><strong>lta</strong></span> <span class='ocrx_word' id='word_1_223' title='bbox 1186 4524 1387 4623; x_wconf 71' lang='lat' dir='ltr'><strong>Eutychiae,</strong></span> <span class='ocrx_word' id='word_1_224' title='bbox 1423 4530 1478 4622; x_wconf 89' lang='lat' dir='ltr'><strong>qui</strong></span> <span class='ocrx_word' id='word_1_225' title='bbox 1503 4536 1618 4623; x_wconf 87' lang='lat' dir='ltr'><strong>utpote</strong></span> 
     </span>
    </p>
   </div>
   <div class='ocr_carea' id='block_1_4' title="bbox 1666 4248 1891 4318">
    <p class='ocr_par' dir='ltr' id='par_1_6' title="bbox 1666 4248 1891 4318">
     <span class='ocr_line' id='line_1_28' title="bbox 1666 4248 1891 4318; baseline 0.009 -18"><span class='ocrx_word' id='word_1_226' title='bbox 1666 4248 1730 4301; x_wconf 83' lang='lat' dir='ltr'><strong>Tem.</strong></span> <span class='ocrx_word' id='word_1_227' title='bbox 1748 4250 1772 4300; x_wconf 86' lang='lat'><strong>2.</strong></span> <span class='ocrx_word' id='word_1_228' title='bbox 1788 4267 1814 4318; x_wconf 83' lang='lat' dir='ltr'><strong>p.</strong></span> <span class='ocrx_word' id='word_1_229' title='bbox 1828 4250 1891 4303; x_wconf 80' lang='lat'><em>387.</em></span> 
     </span>
    </p>
   </div>
   <div class='ocr_carea' id='block_1_5' title="bbox 245 4638 1617 4852">
    <p class='ocr_par' dir='ltr' id='par_1_7' title="bbox 245 4638 1617 4852">
     <span class='ocr_line' id='line_1_29' title="bbox 245 4638 1617 4741; baseline 0.005 -31"><span class='ocrx_word' id='word_1_230' title='bbox 245 4643 283 4710; x_wconf 91' lang='lat' dir='ltr'><strong>in</strong></span> <span class='ocrx_word' id='word_1_231' title='bbox 311 4661 353 4709; x_wconf 90' lang='lat' dir='ltr'><strong>ea</strong></span> <span class='ocrx_word' id='word_1_232' title='bbox 381 4638 540 4731; x_wconf 88' lang='lat' dir='ltr'><strong>dignitate</strong></span> <span class='ocrx_word' id='word_1_233' title='bbox 567 4643 778 4737; x_wconf 84' lang='lat' dir='ltr'><strong>constitutus,</strong></span> <span class='ocrx_word' id='word_1_234' title='bbox 810 4663 867 4713; x_wconf 88' lang='lat' dir='ltr'><strong>res</strong></span> <span class='ocrx_word' id='word_1_235' title='bbox 898 4639 1072 4715; x_wconf 84' lang='lat' dir='ltr'><strong>Ecclesiae</strong></span> <span class='ocrx_word' id='word_1_236' title='bbox 1105 4664 1187 4715; x_wconf 86' lang='lat' dir='ltr'><strong>snae</strong></span> <span class='ocrx_word' id='word_1_237' title='bbox 1221 4646 1309 4716; x_wconf 91' lang='lat' dir='ltr'><strong>scire</strong></span> <span class='ocrx_word' id='word_1_238' title='bbox 1338 4652 1484 4739; x_wconf 88' lang='lat' dir='ltr'><strong>poterat:</strong></span> <span class='ocrx_word' id='word_1_239' title='bbox 1518 4654 1617 4741; x_wconf 91' lang='lat' dir='ltr'><strong>atque</strong></span> 
     </span>
     <span class='ocr_line' id='line_1_30' title="bbox 248 4752 901 4852; baseline 0 -25"><span class='ocrx_word' id='word_1_240' title='bbox 248 4777 368 4827; x_wconf 85' lang='lat' dir='ltr'><strong>exeo</strong></span> <span class='ocrx_word' id='word_1_241' title='bbox 394 4752 592 4843; x_wconf 69' lang='lat' dir='ltr'><strong>Matrinius,</strong></span> <span class='ocrx_word' id='word_1_242' title='bbox 619 4756 809 4852; x_wconf 91' lang='lat' dir='ltr'><strong>etquidem</strong></span> <span class='ocrx_word' id='word_1_243' title='bbox 836 4757 901 4829; x_wconf 88' lang='lat' dir='ltr'><strong>elii.</strong></span> 
     </span>
    </p>
   </div>
   <div class='ocr_carea' id='block_1_6' title="bbox 357 4867 1938 4970">
    <p class='ocr_par' dir='ltr' id='par_1_8' title="bbox 357 4867 1938 4970">
     <span class='ocr_line' id='line_1_31' title="bbox 357 4867 1938 4970; baseline 0.001 -27"><span class='ocrx_word' id='word_1_244' title='bbox 357 4871 412 4943; x_wconf 85' lang='grc' dir='ltr'><strong>ΙΙΙ.</strong></span> <span class='ocrx_word' id='word_1_245' title='bbox 439 4870 638 4945; x_wconf 85' lang='lat' dir='ltr'><strong>Antiocheui</strong></span> <span class='ocrx_word' id='word_1_246' title='bbox 663 4872 889 4945; x_wconf 87' lang='lat' dir='ltr'><strong>Jacobitamm</strong></span> <span class='ocrx_word' id='word_1_247' title='bbox 923 4873 1151 4963; x_wconf 87' lang='lat' dir='ltr'><strong>Patriarchae,</strong></span> <span class='ocrx_word' id='word_1_248' title='bbox 1184 4877 1336 4970; x_wconf 90' lang='lat' dir='ltr'><strong>quamvis</strong></span> <span class='ocrx_word' id='word_1_249' title='bbox 1368 4879 1617 4951; x_wconf 84' lang='lat' dir='ltr'><strong>successionem</strong></span> <span class='ocrx_word' id='word_1_250' title='bbox 1663 4867 1938 4924; x_wconf 54' lang='lat' dir='ltr'><strong>”immula-</strong></span> 
     </span>
    </p>
   </div>
   <div class='ocr_carea' id='block_1_7' title="bbox 248 4955 1937 5099">
    <p class='ocr_par' dir='ltr' id='par_1_9' title="bbox 248 4955 1937 5099">
     <span class='ocr_line' id='line_1_32' title="bbox 248 4955 1937 5099; baseline 0 -42"><span class='ocrx_word' id='word_1_251' title='bbox 248 4985 375 5059; x_wconf 88' lang='lat' dir='ltr'><strong>habent</strong></span> <span class='ocrx_word' id='word_1_252' title='bbox 400 4990 607 5083; x_wconf 90' lang='lat' dir='ltr'><strong>propriorum</strong></span> <span class='ocrx_word' id='word_1_253' title='bbox 635 5011 682 5061; x_wconf 85' lang='lat' dir='ltr'><strong>ex</strong></span> <span class='ocrx_word' id='word_1_254' title='bbox 712 5011 772 5062; x_wconf 86' lang='lat' dir='ltr'><strong>sna</strong></span> <span class='ocrx_word' id='word_1_255' title='bbox 802 4988 935 5063; x_wconf 85' lang='lat' dir='ltr'><strong>haeresi</strong></span> <span class='ocrx_word' id='word_1_256' title='bbox 965 4992 1174 5083; x_wconf 88' lang='lat' dir='ltr'><strong>Antistitum,</strong></span> <span class='ocrx_word' id='word_1_257' title='bbox 1213 5015 1255 5064; x_wconf 92' lang='lat' dir='ltr'><strong>ea</strong></span> <span class='ocrx_word' id='word_1_258' title='bbox 1289 5002 1400 5065; x_wconf 88' lang='lat' dir='ltr'><strong>tamen</strong></span> <span class='ocrx_word' id='word_1_259' title='bbox 1431 5016 1499 5066; x_wconf 91' lang='lat' dir='ltr'><strong>non</strong></span> <span class='ocrx_word' id='word_1_260' title='bbox 1531 4993 1616 5067; x_wconf 90' lang='lat' dir='ltr'><strong>adeo</strong></span> <span class='ocrx_word' id='word_1_261' title='bbox 1629 4955 1795 5098; x_wconf 54' lang='lat' dir='ltr'><strong>ffhffl</strong></span> <span class='ocrx_word' id='word_1_262' title='bbox 1780 4956 1937 5099; x_wconf 42' lang='lat' dir='ltr'><strong>‘⁸1:¹5¹&#39;ss</strong></span> 
     </span>
    </p>
   </div>
   <div class='ocr_carea' id='block_1_8' title="bbox 249 5105 1845 5197">
    <p class='ocr_par' dir='ltr' id='par_1_10' title="bbox 249 5105 1845 5197">
     <span class='ocr_line' id='line_1_33' title="bbox 249 5105 1845 5197; baseline 0.008 -23"><span class='ocrx_word' id='word_1_263' title='bbox 249 5113 344 5175; x_wconf 88' lang='lat' dir='ltr'><strong>certa</strong></span> <span class='ocrx_word' id='word_1_264' title='bbox 372 5114 443 5196; x_wconf 88' lang='lat' dir='ltr'><strong>est,</strong></span> <span class='ocrx_word' id='word_1_265' title='bbox 469 5126 543 5176; x_wconf 91' lang='lat' dir='ltr'><strong>cum</strong></span> <span class='ocrx_word' id='word_1_266' title='bbox 569 5105 719 5179; x_wconf 82' lang='lat' dir='ltr'><strong>Severus</strong></span> <span class='ocrx_word' id='word_1_267' title='bbox 750 5107 995 5197; x_wconf 87' lang='lat' dir='ltr'><strong>Antiochenus,</strong></span> <span class='ocrx_word' id='word_1_268' title='bbox 1031 5116 1064 5180; x_wconf 86' lang='lat' dir='ltr'><strong>et</strong></span> <span class='ocrx_word' id='word_1_269' title='bbox 1093 5105 1240 5184; x_wconf 82' lang='lat' dir='ltr'><strong>tacotus</strong></span> <span class='ocrx_word' id='word_1_270' title='bbox 1275 5108 1466 5186; x_wconf 85' lang='lat' dir='ltr'><strong>Baradaeue</strong></span> <span class='ocrx_word' id='word_1_271' title='bbox 1497 5111 1614 5190; x_wconf 89' lang='lat' dir='ltr'><strong>multas</strong></span> <span class='ocrx_word' id='word_1_272' title='bbox 1627 5130 1693 5184; x_wconf 78' lang='lat' dir='ltr'><strong>aneo</strong></span> <span class='ocrx_word' id='word_1_273' title='bbox 1711 5139 1781 5186; x_wconf 74' lang='lat' dir='ltr'><strong>cera</strong></span> <span class='ocrx_word' id='word_1_274' title='bbox 1799 5139 1845 5186; x_wconf 72' lang='lat' dir='ltr'><strong>aaa</strong></span> 
     </span>
    </p>
   </div>
   <div class='ocr_carea' id='block_1_9' title="bbox 0 0 2268 6034">
    <p class='ocr_par' dir='ltr' id='par_1_11' title="bbox 0 0 2268 6034">
     <span class='ocr_line' id='line_1_34' title="bbox 0 0 2268 6034; baseline 0 0"><span class='ocrx_word' id='word_1_275' title='bbox 0 0 2268 6034; x_wconf 95' lang='lat' dir='ltr'><strong> </strong></span> 
     </span>
    </p>
   </div>
  </div>
 </body>
</html>
