4525 6034
325 590 373 666 ut
388 588 642 666 LITURGlhRUll
657 586 910 665 ORlENThLlUll
928 586 1084 691 OlthOll⁸
1093 589 1142 665 ET
1155 587 1401 665 hUTORllhlli.
1462 585 1554 659 LVII

205 780 269 853 suis
291 779 457 868 inserere,
483 777 625 872 quaein
651 797 750 847 unam
777 782 811 847 et
835 774 920 848 ultra
946 776 1111 849 hominum
1138 778 1328 847 memoriam
1360 778 1554 872 antiquissi-

202 918 285 968 mam
307 893 445 965 formam
472 891 698 964 conveniunt?
731 891 780 964 At
804 892 1033 988 quodcumque
1065 891 1197 964 tandem
1227 892 1482 964 Protestantium
1513 894 1555 965 sit

202 1012 244 1084 de
265 1010 417 1102 Iliturgin
440 1007 613 1101 judicium,
639 1010 718 1102 quin
744 1030 791 1079 ex
816 1008 879 1081 illis
893 1008 975 1081 fides
998 1007 1211 1081 Orientalium
1223 1007 1447 1080 Ecclesiamm
1463 1017 1554 1080 certo

200 1127 341 1200 eliciatur
365 1128 481 1218 negari
508 1147 575 1196 non
601 1133 729 1221 potest,
757 1126 856 1196 etiam
884 1129 912 1197 si
937 1128 1104 1198 nesciatur
1130 1149 1150 1197 a
1177 1124 1294 1220 quibus
1309 1127 1453 1221 scriptae
1479 1129 1552 1199 sint

199 1243 320 1316 Vermn
347 1251 383 1314 ut
413 1240 630 1330 Lutheranis,
655 1239 858 1331 Helveticis,
883 1242 1098 1334 Anglicanis,
1127 1241 1380 1316 Genevensibus
1416 1241 1553 1315 Coenae

199 1359 414 1433 celebrandae
439 1356 571 1447 formis,
596 1378 664 1428 non
690 1379 736 1429 ex
761 1367 911 1431 antonum
937 1361 1069 1431 nomine
1085 1371 1296 1454 comparatur
1313 1362 1483 1448 autoritas,
1511 1356 1554 1429 ad

135 1568 140 1577 ῃ
197 1476 397 1573 probandam
422 1474 553 1547 illorum
578 1477 634 1568 qui
659 1472 722 1547 illis
747 1483 895 1565 utuntur,
920 1474 1038 1566 fidem,
1065 1475 1126 1549 sed
1159 1497 1205 1546 ex
1229 1497 1292 1547 usu
1318 1485 1352 1547 et
1378 1473 1553 1571 approba-

197 1598 299 1685 tione,
323 1596 367 1665 ita
389 1592 431 1665 de
447 1592 669 1666 Orientalibus
680 1592 840 1684 Litargiis
860 1590 1064 1664 statuendum
1090 1601 1160 1680 est3
1187 1614 1260 1663 eum
1286 1591 1430 1664 habeant
1447 1613 1553 1686 prae-

198 1721 289 1783 terea
322 1710 629 1784 commendatricem
663 1708 834 1805 longinqui
864 1709 1020 1806 temporis
1054 1709 1295 1803 antiquitatem,
1335 1731 1431 1803 quam
1470 1706 1555 1779 aliae

198 1849 263 1900 non
287 1825 416 1898 hubent

298 1942 473 2016 Orationes
508 1964 610 2038 porro
636 1941 731 2032 ibae,
759 1964 855 2036 quam
881 1942 1057 2036 perspicue
1083 1939 1220 2013 faveant
1255 1938 1447 2013 Catholicae
1478 1939 1553 2013 Ec·
1582 1961 1874 2019 ontioneconnmnt

199 2060 318 2133 clesiae
350 2058 495 2154 placitis,
525 2059 582 2130 vel
615 2079 658 2130 eo
691 2058 765 2131 solo
793 2056 1047 2147 demonstratur,
1073 2056 1161 2152 quod
1188 2056 1230 2129 dc
1255 2055 1319 2129 illis
1345 2079 1389 2128 ne
1414 2054 1553 2129 verbum
1566 2050 1698 2104 3⁰⁰¹⁰⁸¹⁸⁰
1716 2051 1871 2106 ⁰⁸¹¹¹⁰¹⁵⁰⁸⁰·

200 2177 324 2270 quidem
355 2175 497 2247 fecerint
521 2175 768 2265 Protestantes,
802 2196 876 2246 cum
902 2176 1070 2245 tamenin
1106 2172 1246 2248 Graecis
1273 2182 1307 2245 et
1332 2175 1365 2244 in
1393 2170 1553 2270 Copticis,

199 2292 464 2388 Aethiopicisque
496 2290 653 2383 Litnrgiis
687 2313 773 2387 quae
805 2299 881 2362 ante
913 2290 1025 2385 plures
1053 2312 1158 2363 annos
1184 2290 1305 2363 Latine
1331 2288 1439 2362 editae
1466 2297 1552 2379 sunt,

198 2408 324 2501 legatur
350 2406 529 2480 Confessio
564 2406 659 2499 fidei,
691 2407 733 2480 de
768 2431 832 2503 qua
867 2429 949 2479 mox
983 2405 1143 2497 diximus,
1170 2416 1245 2478 ante
1273 2415 1553 2479 sacramentorum

200 2525 453 2620 susceptionem:
489 2533 589 2619 atque
623 2523 708 2596 adeo
748 2526 895 2617 ignorari
928 2544 995 2593 non
1029 2525 1195 2618 potuerint
1237 2522 1387 2615 abillis,
1422 2526 1476 2620 qui
1508 2545 1555 2594 ex

200 2638 388 2736 quibusdam
414 2639 542 2712 illarum
568 2640 651 2712 locis
682 2643 827 2735 pessime
853 2643 1094 2736 interpretatis,
1127 2637 1386 2732 objectiunculas
1414 2642 1553 2736 quaesi-

199 2765 321 2829 verunt
356 2754 508 2829 Officium
541 2759 615 2829 sive
647 2753 850 2831 ἀκολουθία
883 2762 943 2853 τῆς
967 2752 1069 2856 ἁγίας
1093 2752 1338 2855 porcilacae,
1371 2761 1404 2829 in
1436 2756 1554 2829 Horo-

199 2870 286 2965 logio
316 2871 522 2945 Graecorum
548 2901 568 2945 a
596 2873 744 2945 ducentis
772 2876 866 2946 annis
891 2873 1055 2945 multoties
1081 2873 1203 2945 editum
1230 2882 1292 2964 est,
1318 2877 1352 2945 in
1378 2896 1443 2969 quo
1459 2872 1555 2968 plura

200 2992 293 3061 etiam
320 2993 540 3080 continentur,
567 2999 600 3062 et
627 2989 669 3062 de
685 3012 727 3062 eo
755 3011 886 3086 quoque
903 3013 1058 3083 magnum
1074 3001 1126 3063 est
1149 2991 1321 3065 silentium.
1348 2992 1395 3062 At
1420 2991 1554 3081 ingenio

200 3115 231 3177 et
254 3104 431 3179 subtilitate
465 3129 563 3179 nemo
597 3109 677 3179 satis
711 3106 833 3198 valuit,
860 3115 894 3179 ut
921 3130 1006 3202 quae
1031 3111 1207 3203 perspicua
1242 3117 1318 3180 sunt
1349 3109 1383 3179 in
1415 3105 1556 3178 alienam

199 3244 332 3316 prorsus
359 3222 631 3315 significationem
659 3232 861 3295 avertamtur.
888 3222 974 3296 Nam
1001 3225 1030 3297 si
1051 3224 1094 3296 de
1120 3227 1254 3319 antiqua
1270 3223 1410 3295 formula
1426 3222 1556 3315 Corpus

202 3338 330 3412 Chr-isti.
358 3341 484 3427 Amen,
521 3361 620 3411 ausus
655 3348 707 3411 est
731 3361 860 3431 negare
885 3337 1096 3430 hibertinus,
1132 3362 1205 3412 eam
1233 3339 1274 3411 ad
1301 3346 1555 3428 sacramentum,

202 3456 283 3551 qnod
315 3455 410 3530 simul
443 3453 684 3551 praebebatur,
719 3478 796 3530 esse
821 3454 1051 3546 referendam,
1078 3459 1158 3529 satis
1184 3477 1350 3553 superque
1376 3479 1423 3528 ex
1449 3454 1554 3525 disci-

200 3571 283 3666 plina
317 3570 495 3663 refellitur,
528 3595 602 3644 cum
636 3571 797 3668 Aegyptii
829 3575 863 3642 in
896 3570 1027 3643 Graeca
1060 3594 1132 3663 sua,
1167 3582 1203 3645 ut
1229 3575 1327 3645 etiarn
1352 3576 1387 3645 in
1414 3566 1553 3666 Coptica

201 3689 362 3781 Liturgia,
403 3711 443 3760 ea
475 3687 582 3761 verba
614 3692 881 3784 pronuntiantes,
914 3688 1089 3760 ostendant
1123 3689 1218 3761 simul
1256 3692 1290 3760 in
1329 3689 1420 3762 disco
1457 3708 1554 3761 sacro

201 3803 420 3877 Eucharistiae
468 3804 676 3901 particulam,
721 3807 787 3877 imo
831 3807 864 3875 in
912 3803 1177 3878 Ordinationihus
1214 3803 1488 3896 sacerdotalibus,
1522 3811 1556 3875 et

201 3919 462 4018 Episcopalibus,
498 3943 570 3992 eam
595 3924 628 3992 in
658 3943 756 3992 manu
790 3921 1010 3993 ordinatorum
1050 3920 1229 4013 collocant,
1266 3922 1341 3994 dnm
1376 3921 1554 3995 Confessio

203 4034 385 4133 syllabatim
411 4034 452 4108 ab
481 4035 662 4109 Ordinante
688 4040 885 4130 suggeritur.

299 4152 428 4248 Nempe
463 4156 614 4248 quanvis
658 4152 733 4226 talis
773 4152 966 4228 Orationem
1005 4158 1222 4253 perspicuitas
1257 4160 1316 4249 sit,
1350 4170 1386 4229 ut
1416 4155 1458 4230 ab
1491 4156 1554 4228 illis
1586 4174 1874 4244 superseminatum-

203 4272 422 4362 pronunciari,
449 4273 504 4363 qui
529 4268 654 4342 realem
680 4273 983 4345 transmutationem
1013 4276 1176 4365 rejiciunt,
1208 4273 1390 4347 nullatenus
1416 4275 1555 4370 possint,
1567 4262 1657 4361 ΜΨ
1673 4264 1789 4365 ‚imm
1810 4268 1874 4317 '¹⁸⁰⁸

205 4386 468 4478 significationem
486 4396 614 4496 ‘minen
645 4385 774 4459 illarum
808 4385 1001 4459 determinat
1034 4388 1226 4486 disciplinae
1257 4394 1353 4479 ratio,
1389 4413 1430 4462 ea
1456 4412 1553 4485 quarn
1568 4350 1688 4417 '‘lm“

204 4499 368 4595 biturgiae
393 4512 650 4598 repraesentant.
677 4503 796 4599 Neque
821 4507 855 4575 in
880 4504 936 4576 illa
951 4504 1057 4578 solnm
1075 4516 1170 4603 parte
1184 4531 1269 4604 quae
1284 4505 1554 4582 communionem

206 4629 337 4713 spectat,
364 4618 424 4690 sed
450 4622 484 4690 in
510 4619 660 4693 omnihus
688 4619 773 4711 aliis,
799 4619 873 4693 tahs
905 4619 960 4691 illa
987 4632 1056 4712 est,
1082 4633 1118 4695 ut
1145 4623 1306 4698 adversus
1333 4632 1467 4697 coactas
1495 4625 1552 4693 ia-

206 4740 453 4831 terpretationes
487 4758 602 4809 omncs
642 4736 713 4810 sola
756 4736 903 4810 sufficiat
955 4736 1169 4835 Praeparatio
1200 4743 1295 4835 panis
1328 4738 1555 4831 Eucharistici,

206 4868 423 4946 vasorumque
457 4874 644 4944 sacrorum,
675 4857 848 4927 venerah'o
875 4854 1110 4927 elementorum
1138 4858 1235 4926 etiam
1267 4865 1438 4952 antequam
1466 4880 1555 4931 con-

208 4978 383 5060 secrentur,
411 4972 486 5065 quia
511 4991 591 5041 mox
616 4969 863 5043 uansmucanda
889 4980 964 5044 sunt
984 4973 1017 5042 in
1037 4993 1159 5067 corpus
1177 4981 1211 5044 et
1225 4976 1417 5066 sanguinem
1434 4974 1555 5049 Christi

207 5080 349 5157 Domini:
381 5086 540 5180 rehgiosa
573 5089 792 5182 pronuntiatio
827 5089 900 5180 ejus
934 5085 1133 5180 verborum,
1173 5111 1248 5161 cum
1281 5092 1555 5165 circumstantium

253 5223 364 5268 ramma
1324 5207 1350 5281 8
