4525 6034
556 576 806 655 BEATORUM
843 577 1184 657 APOSTOLORUM
1224 594 1276 656 dc.
1515 580 1590 654 587

640 852 721 922 Tum
735 831 831 922 ¹dicit
856 850 945 923 douc
973 853 1179 925 Orationem.
1259 823 1265 830 ⁴

326 1040 458 1115 christe
483 1064 553 1138 pax
580 1043 797 1137 superiorum,
824 1049 858 1112 et
890 1040 1107 1137 tranquillitas
1142 1065 1264 1135 magna
1290 1042 1503 1133 inferiorum,
1536 1043 1591 1118 lac

222 1168 257 1230 nt
281 1157 409 1231 habitet
434 1155 652 1253 tranquillitas
679 1165 713 1228 et
737 1178 807 1251 pax
833 1166 889 1229 tua
915 1159 948 1228 in
975 1167 1117 1252 qoatmr
1143 1157 1292 1255 partibus
1319 1159 1450 1250 mnndi,
1484 1183 1592 1256 prae-

222 1278 319 1371 cipue
346 1283 456 1345 autem
481 1277 516 1344 in
541 1272 696 1345 Ecclesia
732 1282 787 1344 tua
815 1284 929 1344 sancta
958 1272 1146 1347 catholica:
1178 1273 1234 1346 iac
1266 1287 1301 1347 ut
1326 1299 1444 1372 pacem
1469 1276 1593 1350 habeat

222 1390 473 1478 Sacerdotium,
509 1412 584 1461 cum
618 1390 779 1485 lmperio:
824 1412 963 1462 cessare
995 1389 1051 1462 iac
1081 1390 1170 1464 bella
1203 1415 1223 1463 a
1257 1390 1376 1464 linibus
1410 1404 1533 1484 terrae,
1560 1402 1594 1465 et

222 1506 348 1603 dissipa
375 1516 495 1599 gentes
523 1528 609 1602 qnae
635 1504 724 1577 bella
750 1506 881 1578 volunt:
909 1516 943 1578 nt
968 1505 1173 1579 habitatione
1194 1508 1368 1604 tranquilla
1396 1519 1429 1582 et
1454 1509 1594 1606 pacifica

221 1622 380 1711 fruamur,
407 1625 440 1693 in
467 1624 558 1694 omni
584 1625 814 1718 temperantia,
841 1633 875 1694 et
902 1624 1019 1695 timore
1045 1623 1119 1696 Dei.
1159 1625 1267 1696 Parce
1290 1623 1418 1699 delictis
1445 1636 1480 1698 et
1504 1647 1593 1721 pec-

222 1741 305 1812 catis
331 1738 558 1812 defunctorum
584 1761 647 1835 per
673 1743 815 1832 gratiam
842 1749 876 1811 et
901 1741 1135 1812 miserationes
1162 1750 1238 1812 tuas
1263 1744 1297 1813 in
1323 1741 1469 1814 saecula.
1688 1724 1696 1733 ”

330 1855 378 1926 Et
404 1857 451 1926 cd
476 1855 554 1927 illoc
577 1859 638 1949 qui
663 1862 742 1926 suot
767 1857 865 1926 circa
890 1855 1003 1927 altare
1030 1857 1124 1927 dicit.
1170 1856 1316 1928 Benedic
1342 1856 1494 1928 Domine.
1520 1856 1595 1927 Be-

222 1971 320 2043 nedic
346 1974 497 2045 Domine.
551 1971 763 2066 imponitque
788 1974 979 2061 iuuencum,
1009 1967 1039 2007 ¹⁵
1065 1995 1131 2067 quo
1158 1996 1196 2043 ce
1218 1976 1325 2067 iprum
1345 1975 1534 2065 perfundit,
1562 1980 1596 2044 et

223 2088 317 2159 dicit.
344 2087 493 2161 Saavem
520 2086 576 2160 iac
602 2086 745 2159 Domine
771 2089 864 2160 Deus
891 2099 1017 2175 noster,
1044 2089 1184 2163 odorem
1207 2088 1385 2184 jucundum
1412 2093 1594 2162 animarum
1672 2085 1674 2088 ’

221 2215 427 2293 nostrarum,
458 2227 521 2301 per
555 2208 753 2277 suavitatem
784 2208 1055 2296 caritensium,
1088 2214 1123 2277 et
1147 2228 1211 2301 per
1237 2229 1311 2279 eam
1337 2205 1458 2278 munda
1484 2228 1539 2278 me
1573 2228 1593 2276 a

221 2318 359 2393 maculis
386 2323 536 2415 peccati,
569 2331 603 2391 et
628 2342 730 2415 parce
762 2319 842 2392 mihi
877 2320 997 2393 delicta
1033 2331 1067 2393 et
1102 2325 1242 2417 peccata
1273 2344 1368 2411 mea,
1407 2331 1472 2394 tarn
1507 2344 1593 2417 qnae

222 2440 307 2523 scio,
335 2459 432 2531 quam
460 2459 547 2532 quae
577 2440 710 2529 ignoro.

299 2554 426 2625 lterum
452 2555 582 2645 accipit
607 2557 778 2624 irreeucum
804 2553 966 2625 melodus
991 2552 1161 2642 marcidus,
1189 2560 1224 2625 ct
1240 2557 1396 2624 incensat
1410 2555 1592 2645 capiterio:

220 2693 302 2742 moc
328 2670 421 2740 dicit.
474 2670 661 2741 Accessum
688 2667 744 2741 dat
775 2667 875 2741 nobis
902 2668 1078 2742 clementia
1113 2673 1244 2763 gratiae
1276 2679 1350 2742 tuae
1382 2670 1526 2741 Domine
1559 2675 1594 2739 et
1714 2651 1717 2658 ⁴

220 2787 315 2859 Deus
341 2795 466 2874 noster,
495 2785 537 2858 ad
564 2788 724 2880 mysteria
750 2784 835 2857 hacc
860 2786 1056 2882 praeclara,
1074 2777 1215 2875 ¹sancta,
1247 2784 1447 2858 vivificantia
1475 2795 1509 2856 et
1535 2783 1592 2854 di-

221 2905 302 2975 vina
329 2903 481 2997 quamvis
507 2899 633 2993 indigni
660 2903 773 2973 simus.
1605 2888 1683 3029 0¹3³
1700 2899 1769 2945 0¹²¹st
1785 2893 1812 2945 1¹¹
1833 2892 1914 2946 ⁸¹‘0‘0

328 3019 427 3089 Haec
452 3017 561 3088 cerba
585 3014 761 3088 Sacerdos
786 3015 889 3087 remed
914 3023 1017 3112 atque
1049 3021 1171 3089 iterum
1196 3020 1339 3112 repetit,
1379 3025 1413 3089 et
1444 3015 1491 3087 od
1515 3018 1592 3087 ciu-
1662 3015 1669 3029 ‘

221 3136 304 3232 pulo
339 3133 523 3205 interualla
551 3137 669 3225 juupit
699 3156 817 3204 mauuc
852 3156 934 3204 arma
966 3157 1070 3228 cuper
1101 3140 1224 3227 pectuc
1252 3156 1347 3207 ouum
1380 3135 1417 3203 iu
1446 3135 1594 3226 farriam

224 3254 347 3324 crucia.
402 3249 582 3322 occulatur
614 3249 728 3322 altare
753 3251 803 3320 'iu
840 3251 970 3322 aredio:
1007 3254 1203 3345 accipitque
1241 3247 1404 3321 mududur
1441 3248 1595 3320 marcidae
1661 3283 1668 3292 1

225 3368 375 3440 oblatam
400 3369 629 3459 superiecere,
658 3372 848 3438 etruriam
874 3369 1046 3459 aspiciere
1072 3367 1164 3466 dicit.

238 3503 251 3520 ⁴
326 3482 418 3555 Laus
444 3482 568 3555 nomini
595 3491 651 3555 tuo
678 3493 794 3555 sancto
821 3483 965 3555 Domine
991 3482 1074 3556 Jesn
1096 3482 1250 3575 Christe,
1276 3493 1311 3556 et
1337 3481 1488 3555 adoratio
1514 3504 1594 3554 rna-

219 3603 333 3695 jestati
365 3609 443 3672 tuae
475 3620 608 3694 semper
643 3608 676 3670 et
706 3598 912 3671 insaecula.
948 3600 1067 3671 Arnen.
1112 3599 1213 3671 Panis
1240 3602 1327 3671 enim
1351 3601 1451 3670 vivus
1478 3604 1593 3669 estet
1623 3604 1693 3657 naec
1711 3601 1837 3658 eumn
1852 3603 1914 3660 cor.

222 3716 398 3790 vivificans
435 3716 489 3809 qui
525 3714 697 3787 descendit
732 3713 774 3785 de
808 3714 935 3801 coelis,
971 3725 1004 3787 et
1037 3713 1093 3786 dat
1126 3716 1230 3788 vitam
1260 3713 1381 3787 mundo
1420 3716 1593 3805 universo,
1606 3693 1914 3832 ‘zifnssffr'gaffiffi'

224 3854 322 3927 qoem
350 3833 405 3926 qni
432 3829 531 3902 edum
556 3851 624 3903 non
647 3832 847 3902 moriuntur:
875 3838 908 3902 et
933 3834 989 3927 qni
1015 3829 1105 3903 illum
1130 3833 1295 3928 recipiunt
1320 3853 1382 3927 per
1407 3828 1496 3902 illurn
1518 3794 1623 3902 sal·p
1906 3817 1914 3833 ’

221 3957 354 4034 vantur,
381 3967 444 4018 nec
471 3948 717 4041 corruptionem
744 3949 907 4035 sentiunt,
939 3955 973 4018 et
998 3951 1117 4019 vivunt
1141 3969 1204 4044 per
1219 3946 1319 4019 illum
1344 3949 1378 4018 in
1405 3957 1593 4019 aeternnm:

222 4072 324 4159 tuque
350 4084 389 4134 es
415 4060 581 4134 antidotus
608 4060 815 4135 mortalitatis
841 4072 995 4153 nostrae,
1030 4072 1065 4135 et
1089 4067 1292 4137 resurrectio
1320 4065 1420 4137 totius
1446 4063 1595 4157 figmenti

223 4183 341 4252 nostri.
1371 4220 1375 4228 ·

326 4295 367 4366 lu
394 4294 465 4366 alic
502 4295 622 4366 codice
654 4295 757 4367 aliter
787 4295 875 4368 luuec
911 4296 1076 4392 tepenter.
1129 4295 1246 4370 Gloria
1282 4294 1339 4367 tilri
1373 4295 1467 4367 Dens
1492 4295 1593 4367 Peter

224 4416 280 4508 qni
305 4414 424 4485 misisti
450 4411 569 4483 Filium
595 4421 685 4484 tuum
712 4414 912 4504 unigenimm
940 4411 982 4485 ad
1008 4411 1148 4486 salutem
1175 4422 1334 4503 moenam,
1362 4419 1396 4483 et
1421 4414 1494 4507 ipse
1516 4416 1592 4507 pri-

222 4550 361 4624 usquam
387 4537 569 4623 pateretur,
596 4507 689 4618 etc]

304 4628 366 4678 ¹⁶
392 4646 434 4716 lu
463 4643 591 4715 Codice
615 4643 719 4715 Elide
745 4667 841 4740 quun
865 4646 974 4717 secuti
998 4666 1117 4738 eumue,
1144 4644 1391 4739 desertorem,
1418 4670 1492 4718 cum
1517 4653 1592 4719 tota
1653 4643 1655 4648 ’

222 4760 403 4832 uerborum
437 4760 566 4831 Curiati
594 4763 757 4832 recitatio
789 4762 1086 4855 praetermittatur
1120 4761 1345 4856 descriptoris
1375 4762 1492 4857 culpo,
1532 4770 1593 4835 aut

224 4878 315 4973 quad
339 4877 427 4949 lraec
454 4877 602 4966 aliuudc,
629 4899 748 4971 nempe
773 4900 821 4949 ec
854 4876 1025 4950 Theodori
1059 4883 1121 4949 aut
1146 4878 1303 4950 Nestorii
1327 4877 1487 4972 liturpiu
1515 4883 1591 4974 peti

224 4992 396 5065 dederent.
449 4992 490 5063 lu
518 5013 559 5064 eo
587 5015 683 5088 quem
708 4996 848 5087 acriprit
869 4994 1003 5065 Romae
1030 4992 1144 5066 1697.
1171 4993 1338 5088 Joreplrur
1364 4994 1588 5088 Patriarcdo,

224 5116 313 5182 tatur
338 5107 397 5179 ille
422 5108 519 5181 torm
542 5113 750 5203 reformatur
775 5115 828 5182 ert
857 5109 904 5180 ad
927 5109 1069 5182 Mireaie
1095 5110 1315 5183 Chaldaicum
1347 5112 1481 5184 Romae
1507 5114 1587 5184 edi-

278 5246 400 5290 romusn
1332 5230 1381 5302 77
