4525 6034
236 556 534 637 obtutitibus
548 554 780 633 numanum
797 555 1021 632 dalmatini
1030 555 1061 632 S.
1070 554 1278 632 mundun
1290 553 1461 631 AETHIOP.
1495 553 1572 627 497

209 745 316 809 Bonam
338 742 426 804 fidem
448 742 474 804 si
496 739 665 818 habuisset,
696 741 851 803 orationes
874 740 1006 822 aliquot,
1036 738 1142 822 quales
1165 746 1234 802 sunt
1258 736 1419 827 lnvocandi
1444 736 1573 821 Spiritus

209 845 313 921 sancti,
347 849 398 904 aut
426 842 590 924 gratiarum
618 840 745 903 actionis
775 839 920 903 formulas
946 841 1075 902 maxime
1098 838 1330 902 Confessionem
1353 838 1424 901 fidei
1445 839 1485 901 de
1506 837 1574 901 Eu-

209 942 342 1006 charistia
370 959 429 1003 non
452 942 642 1016 reticuisset,
664 948 697 1002 ut
718 939 875 1021 ambiguas
896 939 1056 1022 Aethiopis
1078 942 1125 1003 sui
1147 940 1363 1021 responsiones
1386 939 1573 1002 obtruderct.

207 1042 384 1121 Disciplinae
407 1038 570 1102 Orientalis
593 1040 708 1119 peritus
730 1038 899 1114 siluisset,
921 1039 1051 1103 absurda
1073 1039 1175 1117 multa,
1197 1047 1229 1102 et
1250 1058 1328 1121 quae
1349 1058 1391 1100 ex
1412 1057 1574 1121 compara-

207 1142 283 1203 tione
305 1138 423 1203 Rituum
446 1138 718 1202 Alexandrinorum
741 1137 929 1215 refelluntur,
952 1157 1013 1202 non
1034 1141 1257 1221 proposuisset,
1281 1158 1321 1202 ex
1343 1138 1451 1220 quibus
1474 1147 1574 1202 tamen

207 1259 263 1304 non
285 1239 375 1302 modo
398 1238 596 1319 Aethiopicae
618 1238 794 1312 Ecclesiae,
823 1238 879 1301 sed
908 1226 1072 1320 primorum
1103 1238 1294 1301 saeculorum
1324 1237 1412 1300 fidem
1440 1246 1471 1301 et
1498 1239 1573 1301 ritus

208 1340 327 1422 agnosci
352 1339 447 1420 jubet.
493 1340 592 1401 Voces
629 1340 718 1400 etiam
747 1339 869 1419 antiquo
898 1356 956 1400 usu
985 1340 1114 1402 omnium
1143 1337 1349 1401 Ecclesiamm
1376 1345 1573 1401 consecratas

208 1439 285 1502 falsis
308 1441 608 1523 interpretationibus
631 1460 691 1504 non
714 1441 914 1523 corrupisset,
936 1442 976 1502 ita
999 1447 1031 1500 ut
1053 1440 1105 1521 qui
1127 1457 1167 1501 cx
1189 1439 1254 1520 ejus
1277 1437 1399 1501 Lexicis
1421 1436 1574 1521 Liturgias

206 1541 397 1623 Aethiopicos
421 1542 614 1622 interpretari
636 1540 849 1623 aggrediatur,
879 1558 896 1601 a
924 1556 1000 1601 vero
1022 1537 1140 1600 illarum
1162 1556 1256 1601 seusu
1277 1536 1366 1600 abeat
1387 1537 1574 1622 longissime.

205 1639 324 1702 Miratus
346 1641 386 1703 sit
408 1638 553 1703 Ludollus
576 1640 756 1722 elegantiam
778 1640 901 1723 liuguae
924 1638 1015 1716 illius,
1038 1637 1170 1699 canniaa
1182 1634 1326 1713 Galatica,
1348 1635 1519 1716 Ambarica,
1543 1644 1575 1699 et

208 1739 261 1800 alia
283 1739 448 1803 Pindaricis
471 1739 663 1821 praetulerit,
687 1757 748 1802 non
770 1739 871 1820 magni
892 1736 1000 1800 refert:
1023 1736 1166 1813 simiolis,
1189 1736 1409 1816 cercopithecis
1432 1744 1463 1799 et
1484 1754 1574 1799 mon-

205 1840 271 1900 stris
301 1841 425 1919 saepius
452 1839 570 1901 delicati
599 1839 735 1902 homines
766 1837 969 1901 delectantur:
1008 1836 1119 1899 Verum
1147 1836 1178 1896 in
1206 1835 1345 1897 obscura
1359 1834 1462 1916 lingua
1485 1853 1573 1916 quam

206 1938 390 2018 explicabat,
420 1956 514 2001 novas
537 1947 568 2001 et
591 1938 737 2001 inauditas
759 1937 995 2021 significationes
1019 1953 1126 1998 vocum
1150 1935 1311 2012 inducere,
1340 1943 1373 1997 ut
1394 1934 1574 2016 Aethiopes,

205 2037 250 2099 vel
273 2039 368 2115 inriti,
386 2037 549 2101 Lutberani
571 2038 688 2116 herent,
711 2038 842 2120 pessimo
866 2035 1018 2117 exemplo,
1042 2043 1074 2097 et
1085 2034 1197 2099 infelici
1216 2052 1362 2098 successu
1381 2034 1418 2097 ab
1441 2053 1479 2098 eo
1502 2042 1574 2096 ten-

206 2144 293 2199 tatum
316 2156 399 2215 esse,
423 2138 515 2200 certis
539 2138 724 2219 argumentis
747 2134 1025 2199 demonstrabimus.

287 2235 519 2299 Observandum
549 2245 596 2299 est
618 2238 716 2299 statim
739 2236 869 2299 canonis
891 2233 1071 2297 universalis
1093 2232 1210 2296 titulum
1232 2252 1322 2315 quem
1343 2232 1448 2296 Latina
1469 2232 1573 2296 Litur-

206 2337 269 2418 giae
291 2337 396 2399 versio
418 2334 564 2418 praefert,
586 2354 646 2399 non
670 2343 776 2399 extare
799 2336 830 2398 in
852 2333 1040 2414 Aethiopicis
1062 2333 1295 2413 exemplaribus.
1341 2332 1573 2396 Kadatvocant

206 2435 385 2517 Aethiopes,
416 2454 494 2498 voce
522 2437 596 2517 ipsis
620 2453 686 2499 cum
709 2435 794 2517 Syris
817 2442 848 2497 et
869 2433 1021 2496 Arabibus
1050 2434 1214 2512 communi,
1246 2432 1379 2495 Officium
1401 2430 1572 2516 Liturgias:

206 2535 281 2614 quod
303 2538 419 2616 pariter
441 2544 472 2597 et
495 2533 683 2618 frequentius
705 2534 871 2614 Anapboaa
899 2550 1021 2615 quoque
1050 2539 1176 2595 vocant:
1208 2540 1239 2595 et
1267 2531 1296 2593 id
1325 2549 1433 2594 nomen
1462 2551 1479 2594 a
1509 2532 1575 2595 Co-

205 2635 281 2714 ptitis
310 2642 513 2716 acceperunt,
544 2643 576 2697 ut
607 2635 722 2716 reliqua
752 2616 846 2696 terme
878 2633 990 2709 omnia,
1019 2649 1086 2694 nam
1109 2639 1172 2694 tres
1194 2649 1265 2694 suas
1287 2630 1439 2715 Liturgias
1461 2632 1574 2713 Basilii,

206 2733 342 2817 Gregorii
366 2734 525 2816 theologi,
547 2742 579 2797 et
591 2733 695 2815 Cyrilli
717 2750 776 2795 non
799 2732 886 2795 aliter
908 2731 1071 2812 appellant,
1095 2737 1127 2792 ut
1140 2730 1209 2812 Syri
1230 2748 1311 2793 suas.
1352 2730 1456 2812 ltaque
1478 2752 1572 2797 voces

205 2831 271 2895 illae
292 2834 464 2915 significant
486 2833 607 2896 blissam
628 2835 693 2895 sive
709 2832 884 2915 Liturgiam,
908 2839 939 2893 et
961 2830 988 2892 si
1009 2829 1106 2909 aliter,
1129 2831 1228 2892 rarius
1251 2837 1350 2892 tamen
1374 2832 1573 2912 appellantur,

206 2939 236 2995 ut
248 2932 412 2996 Orationes
434 2933 483 2995 vel
505 2931 614 2995 Oratio
635 2932 859 3009 Eucharistiae,
882 2930 920 2993 ad
943 2929 1079 2993 eumdem
1102 2928 1300 3011 significatum
1321 2928 1430 2993 referri
1453 2931 1573 2995 debent.

207 3032 245 3092 At
276 3034 399 3110 mirum,
434 3039 623 3113 quantopere
657 3030 711 3094 has
742 3049 836 3093 voces
867 3029 1016 3113 refugerit
1044 3028 1189 3092 Ludolfus
1222 3031 1252 3091 in
1282 3032 1367 3111 cujus
1397 3029 1511 3094 Lexico
1543 3040 1575 3095 et

192 3130 351 3209 Historia,
375 3150 470 3194 sama
492 3130 606 3206 Caetra,
628 3131 828 3210 Partieipatio
851 3148 962 3192 ramae
985 3128 1120 3205 Caeciae,
1142 3128 1297 3191 &canam
1315 3131 1574 3210 participationis,

207 3231 379 3309 totaliter,
401 3248 460 3293 nec
483 3232 578 3313 magis
601 3231 757 3311 apposite,
779 3246 886 3291 vocem
908 3228 1017 3290 hadas
1038 3236 1069 3291 et
1090 3227 1276 3308 Anapborae
1298 3228 1523 3309 interpretatur.

287 3330 394 3410 Neque
405 3328 522 3392 fidelius
535 3348 600 3392 rem
613 3330 706 3411 ipsam
725 3328 888 3410 explicavit
902 3346 990 3408 quam
1013 3331 1144 3405 nomina,
1168 3346 1234 3390 cum
1246 3326 1408 3411 Liturgias,
1431 3329 1573 3393 Homilias

207 3447 271 3491 esse
294 3428 380 3505 dixit,
403 3447 464 3491 nou
486 3445 546 3490 uno
569 3428 654 3491 loeo:
676 3447 754 3509 quae
776 3429 985 3509 interpretatio
1007 3430 1034 3492 si
1056 3446 1129 3489 vera
1153 3426 1247 3504 ioret,
1270 3445 1327 3509 pro
1349 3446 1409 3491 una
1433 3427 1572 3511 Chryso-

207 3530 289 3591 stomi
311 3536 363 3591 aut
385 3527 487 3590 Basilii
517 3527 669 3612 Linugia,
697 3527 821 3591 totidem
850 3526 1044 3603 haberemus,
1075 3534 1148 3608 quot
1175 3545 1333 3591 sermones
1362 3527 1399 3590 ad
1428 3529 1574 3611 populum

206 3625 384 3705 habueruut,
415 3646 483 3689 cum
511 3628 688 3709 plerumque
717 3627 982 3706 pronuntiarentur
1008 3626 1088 3689 inter
1116 3626 1275 3690 Missurum
1302 3627 1450 3691 solennia.
1493 3629 1574 3692 Nihil

207 3743 296 3805 porro
318 3729 417 3790 minus
440 3727 586 3802 Homiliae
607 3727 704 3789 simile
726 3744 813 3807 quam
835 3726 987 3809 Liturgia,
1016 3729 1047 3789 in
1075 3744 1135 3809 qua
1158 3743 1219 3789 non
1241 3728 1326 3791 solus
1349 3728 1500 3792 Sacerdos
1522 3729 1574 3792 lo·

207 3827 317 3906 quitur:
348 3827 403 3889 sed
432 3826 601 3901 macomus,
629 3834 660 3888 ct
687 3826 818 3907 populus
847 3828 1053 3890 circumstans.
1099 3826 1242 3889 Homilias
1265 3827 1459 3908 dramaticus,
1483 3846 1572 3892 nemo

207 3933 272 3987 ante
294 3924 452 3989 Ludolhmr
475 3932 618 4003 noverat,
642 3932 673 3988 et
695 3944 749 3988 eas
771 3943 850 4007 quae
871 3944 947 3988 vere
967 3926 1113 3989 llomiliae
1135 3934 1263 4006 possunt
1284 3927 1440 4007 appellari,
1462 3927 1574 3991 habent

208 4024 288 4105 Syri,
317 4024 476 4106 Coptitae,
499 4042 664 4105 omnesque
686 4024 857 4088 Orientales
880 4024 1058 4105 Christiani,
1089 4042 1202 4107 easque
1226 4025 1365 4105 Tafassir
1385 4035 1510 4108 vocant,
1541 4036 1573 4092 et

207 4122 316 4186 similes
339 4124 446 4205 procul
470 4124 561 4187 dubio
585 4126 616 4186 in
638 4123 797 4205 Aethiopia
818 4125 992 4187 extiterunt.

288 4223 372 4285 lllam
393 4241 487 4304 porro
509 4223 664 4305 Liturgias
686 4224 848 4286 eommunis
871 4222 997 4287 forman
1011 4221 1164 4286 Caaaaem
1178 4225 1389 4303 massalem,
1412 4243 1473 4289 non
1495 4225 1573 4287 male

209 4323 449 4403 appellaverunt,
478 4323 568 4405 primi
597 4323 675 4386 illius
704 4323 889 4404 lnterpretes
911 4342 977 4386 cum
1000 4340 1105 4386 omnes
1127 4324 1207 4386 sacri
1229 4322 1323 4385 Officii
1346 4333 1448 4405 partes
1472 4325 1573 4387 conti-

207 4429 283 4499 neat,
306 4423 396 4485 etiam
411 4424 665 4504 praeparatoriae,
688 4430 720 4486 et
741 4441 783 4485 ex
804 4423 854 4486 illa
876 4424 940 4505 peti
962 4421 1102 4496 debeant,
1126 4441 1204 4504 quae
1226 4421 1363 4486 omnibus
1386 4424 1452 4486 aliis
1474 4442 1572 4505 aeque

208 4521 398 4597 conveniunt,
421 4520 459 4583 de
482 4539 541 4601 qua
563 4521 754 4584 distinctione
777 4521 887 4584 dictum
910 4522 1016 4585 estad
1039 4520 1139 4585 Basilii
1154 4521 1309 4604 Copticam
1330 4522 1503 4607 Liturgiarn
1525 4523 1574 4587 Ex

208 4635 243 4678 ea
270 4621 435 4702 composita
471 4628 518 4683 est
551 4621 646 4702 prima
676 4620 725 4683 illa
754 4620 936 4703 Aethiopum
964 4621 1114 4705 Liturgia,
1142 4629 1175 4684 ut
1204 4623 1388 4703 comparanti
1415 4632 1573 4704 utramque

208 4720 302 4780 statim
325 4728 462 4801 apparet,
485 4728 517 4783 et
538 4722 568 4782 iu
590 4720 669 4782 notis
691 4720 876 4803 probabitur.
908 4721 1281 4798 Talissancessedebuit,
1303 4722 1420 4784 cumab
1434 4722 1574 4786 Alexan-

209 4813 291 4880 drina
321 4818 474 4895 Ecclesia,
504 4821 684 4901 praesertim
711 4829 782 4902 post
811 4816 974 4903 benjamini
1003 4820 1194 4885 Patriarcbae
1224 4829 1375 4901 tempora,
1405 4822 1571 4905 Aethiopes

210 4933 411 5000 quaecumque
434 4920 472 4983 ad
495 4918 625 4983 divinum
647 4919 758 4983 cultum
780 4921 986 5002 pertinebant,
1017 4923 1200 5004 acceperint.
1245 4919 1330 4984 Unda
1352 4924 1379 4985 si
1401 4921 1470 5004 quid
1494 4923 1572 4986 dilli-
