4525 6034
547 554 590 609 ·.
690 535 766 610 346
1196 534 1554 612 dilutura

690 719 828 782 omnibus
863 719 1003 801 antiquae
1036 719 1115 799 legis
1148 718 1303 781 sacrilioiis
1331 719 1425 800 louge
1453 725 1612 797 praestare
1644 719 1835 801 agnoscitur,
1866 737 1884 780 a
1911 717 2049 798 plebeiu

688 816 818 899 publicis
846 817 1032 899 privatisque
1064 817 1226 897 precibus,
1265 824 1296 880 et
1325 817 1363 879 eb
1397 818 1534 880 omuibus
1564 816 1738 900 Theologis.
1789 817 1831 879 At
1865 816 1939 879 nibil
1966 817 2050 879 simile

688 917 817 1001 cogitari
840 925 956 998 posset,
980 918 1006 979 si
1030 917 1115 996 panis
1139 916 1354 996 tantummodo,
1378 922 1410 978 et
1431 917 1533 978 viuum
1555 915 1623 978 Deo
1645 915 1843 979 offerrentur:
1872 916 1912 978 ita
1934 931 2050 975 necesse

689 1020 737 1075 est
758 1016 961 1094 praestantius
983 1014 1123 1096 quiddam
1147 1013 1251 1077 offerri
1272 1014 1347 1096 Deo,
1369 1013 1461 1094 idque
1483 1014 1554 1077 nihil
1578 1014 1657 1076 aliud
1680 1032 1750 1077 esse
1772 1021 1891 1094 potest,
1922 1031 2006 1093 quom
2024 1012 2050 1074 id

689 1111 771 1193 quod
802 1131 842 1175 ex
868 1131 948 1194 pane
976 1120 1006 1176 et
1028 1114 1099 1177 vino
1130 1132 1187 1194 per
1214 1131 1304 1176 sacra
1332 1112 1426 1175 verba
1454 1120 1485 1174 et
1513 1115 1721 1194 operationem
1749 1111 1877 1193 Spiritus
1908 1111 1999 1174 saneti
2024 1111 2049 1171 in

690 1210 850 1289 elementa,
873 1213 940 1274 sieri
962 1212 1090 1274 credunt
1112 1211 1293 1274 Orientales.
1349 1208 1423 1272 illud
1448 1218 1546 1274 autem
1568 1218 1616 1274 est
1638 1210 1757 1291 Corpus
1782 1210 1911 1286 Christi,
1945 1227 2006 1271 nam
2025 1208 2051 1270 id

689 1308 803 1389 ubique
825 1317 975 1372 testantur
997 1311 1028 1371 in
1050 1310 1205 1391 liturgiis,
1229 1312 1260 1373 in
1283 1308 1511 1388 Catecbesibus,
1533 1312 1565 1372 in
1580 1309 1725 1373 llomiliis.
1749 1308 1806 1371 Ubi
1827 1312 1924 1391 porro
1945 1308 2050 1369 victima

691 1414 749 1482 est,
772 1405 812 1468 ibi
836 1425 957 1488 qnoque
980 1407 1160 1470 sacrificium
1183 1416 1231 1471 est
1253 1407 1494 1489 intelligendum:
1518 1407 1569 1472 illa
1592 1408 1713 1489 inipso
1737 1408 1887 1470 sacrificio
1911 1406 2052 1470 eonsumi-

690 1512 753 1566 tur:
790 1515 882 1587 atque
920 1525 957 1568 ea
984 1507 1101 1568 ratione
1131 1506 1251 1587 Corpus
1289 1505 1400 1569 Christi
1434 1506 1615 1569 immolatum
1643 1517 1674 1569 et
1702 1505 1901 1569 sacrificatum
1931 1506 2051 1567 existere

691 1611 908 1685 agnoscentes,
931 1603 1064 1685 illudque
1087 1623 1161 1667 vere
1184 1605 1297 1685 suscipi
1328 1624 1345 1667 a
1369 1603 1563 1682 Christianis,
1594 1614 1764 1688 agnoscunt
1791 1605 1878 1667 simul
1907 1603 2051 1665 verumiu

690 1700 826 1783 Liturgia
850 1703 995 1784 Corporis
1019 1703 1129 1766 Christi
1152 1704 1350 1782 sacrificium,
1380 1712 1471 1784 atque
1502 1704 1579 1767 adeo
1607 1704 1799 1767 oblationem.
1852 1704 1937 1765 llaec
1967 1701 2052 1763 omnia

689 1801 860 1881 perspicuis
884 1809 914 1864 et
936 1802 1120 1883 simplicibus
1144 1802 1246 1865 verbis
1275 1802 1424 1864 docentur
1447 1802 1619 1867 Orientales
1643 1802 1802 1865 Christiani
1833 1800 2052 1881 perorationes

690 1898 861 1980 Liturgicas
885 1918 971 1963 suas:
1004 1900 1222 1963 Eucharistiom
1246 1919 1316 1965 esse
1343 1901 1521 1964 sacrificium
1550 1902 1706 1981 spirituale
1735 1908 1766 1963 et
1795 1902 1999 1973 incruentum,
2027 1896 2053 1957 in

691 2016 753 2078 quo
776 1998 895 2061 victima
917 1999 957 2061 sit
980 1998 1099 2079 Corpus
1122 2007 1154 2061 et
1176 1999 1306 2081 Sanguis
1329 1998 1451 2077 Christi,
1475 2002 1583 2080 quise
1606 2001 1704 2081 ipsum
1727 1999 1834 2062 obtulit
1855 1999 1984 2061 bostiam
2004 1999 2053 2057 im·

690 2097 867 2160 maculatam
896 2097 976 2159 Deo:
1005 2098 1036 2159 in
1070 2116 1162 2160 cruce
1189 2100 1315 2162 scilicet.
1372 2097 1556 2162 Sacrificium
1584 2116 1658 2161 vero
1690 2100 1721 2160 in
1751 2116 1844 2160 cruce
1875 2097 2003 2159 oblatum
2029 2095 2053 2155 iu

690 2194 791 2259 multis
813 2195 1011 2258 Orientalium
1021 2195 1244 2259 Ecclesiasticis
1266 2198 1419 2279 precibus,
1442 2197 1522 2260 idem
1538 2215 1610 2260 esse
1631 2197 1751 2274 dicitur,
1774 2204 1866 2277 atque
1889 2195 1963 2257 illud
1985 2192 2054 2273 quod

690 2295 722 2356 iu
745 2292 832 2356 alteri
855 2293 991 2357 offertur.
1037 2294 1069 2357 Si
1091 2295 1167 2357 haec
1190 2297 1277 2375 quasi
1298 2313 1360 2358 non
1381 2298 1453 2358 satis
1480 2294 1630 2376 explicata
1652 2295 1893 2357 Protestantibus
1917 2309 1976 2354 non
1997 2290 2054 2354 sul-

689 2391 802 2464 lieinnt,
823 2392 926 2455 licebit
947 2392 1005 2454 illis
1028 2393 1199 2474 inscriptis
1223 2392 1448 2474 'theologorum
1477 2395 1563 2475 plura
1584 2395 1740 2475 reperire,
1769 2401 1799 2455 et
1823 2393 1946 2473 quidem
1968 2408 2054 2471 quan

691 2498 754 2552 tum
783 2492 858 2553 satis
888 2493 955 2555 erit.
1011 2490 1163 2574 Quidquid
1198 2493 1276 2555 enim
1313 2492 1351 2554 ad
1389 2493 1621 2556 confirmandam
1652 2492 1860 2555 Eucharistiae
1891 2491 1981 2553 fidem
2005 2489 2055 2552 diei

691 2597 806 2670 potest,
829 2588 941 2651 dictum
963 2590 1001 2652 ab
1024 2590 1083 2653 illis
1106 2599 1164 2669 est,
1193 2609 1290 2671 eaque
1320 2598 1478 2654 tractatum
1501 2591 1661 2669 methodo,
1689 2610 1767 2672 quae
1796 2608 1864 2651 cum
1896 2597 2054 2653 nostrarum

691 2687 866 2752 scholarum
901 2687 1083 2772 Tbeologia,
1110 2698 1236 2772 praeter
1263 2689 1334 2752 fidei
1361 2690 1528 2770 perlectam
1555 2690 1774 2753 similitudinem
1808 2706 1969 2751 commune
1994 2686 2057 2749 nbi

691 2785 795 2863 habet,
818 2786 985 2850 etidcirco
1008 2806 1027 2849 a
1048 2789 1162 2852 nostris
1184 2788 1365 2866 bominibus,
1388 2796 1421 2850 ut
1443 2789 1618 2852 Albertiuus
1641 2797 1671 2852 et
1687 2788 1832 2852 Claudius
1855 2787 1970 2851 frustra
1991 2802 2055 2867 pro-

691 2884 767 2946 bare
790 2886 890 2947 conati
912 2893 993 2964 sunt,
1016 2887 1074 2949 illis
1098 2886 1234 2949 instillari
1257 2905 1317 2950 non
1340 2887 1454 2968 potuit:
1477 2888 1532 2951 sed
1554 2888 1630 2950 baec
1652 2888 1810 2953 sulllciunt.

1081 3599 1686 3777 illontia

818 3928 1952 4046 nnllflnulinsloals

1103 4231 1254 4302 Primam
1282 4230 1404 4302 Oratio
1430 4237 1511 4302 unte
1536 4232 1672 4302 Pacem.

773 4421 1118 4534 Transumenum
1134 4472 1301 4540 securam,
1327 4461 1362 4521 et
1381 4472 1499 4545 paoem
1514 4447 1789 4522 indissolubilem:
1818 4452 1994 4523 caritatem
2007 4468 2064 4519 nou

695 4565 1004 4655 defervescentem‚
1045 4563 1086 4636 da
1126 4575 1161 4636 el
1199 4565 1348 4638 concede
1388 4565 1510 4638 ovibus
1550 4563 1766 4637 rationalibus
1804 4589 1960 4661 pascuae
1998 4576 2063 4639 bueo

695 4679 848 4754 Domine.

801 4794 964 4888 Populus.
1017 4795 1137 4866 Amen.

801 4910 986 4982 Sacerdos
1007 4914 1011 4923 ’
1040 4909 1126 4981 Pax.

804 5012 964 5106 Populus.
1016 5011 1061 5083 Et
1086 5032 1172 5083 cum.
