4525 6034
128 2566 132 2572 .
229 2517 292 2575 rius
316 2514 458 2579 6666616.
489 2514 544 2576 Est
566 2514 645 2575 enim
667 2514 763 2594 prium
785 2514 880 2575 vestis
904 2529 982 2592 quae
1003 2528 1066 2572 non
1087 2510 1186 2573 solum
1207 2509 1367 2591 Episcopis
1395 2516 1427 2570 61
1454 2504 1609 2571 Sacerdo-

567 610 619 685 tu
641 605 1056 685 1666666661616
1071 606 1102 684 S.
1122 606 1268 684 nusuu.
1533 606 1605 680 161

232 793 406 877 cingulum,
435 794 591 872 manicae,
621 801 652 855 61
679 792 802 875 6611166
831 811 887 856 666
914 809 1010 873 eappa
1040 791 1182 855 eserico
1205 789 1343 856 6666166.
1388 789 1555 853 Ahusebah
1576 791 1608 851 in

231 895 375 957 16661616
396 892 434 957 66
458 893 590 957 Scientia
605 893 838 972 Ecclesiastico,
862 910 928 972 cap.
948 891 1000 956 61.
1029 890 1210 953 Vestimenta
1229 890 1445 953 Sacerdotalia
1467 898 1536 952 sunt
1555 909 1611 951 se-

225 1003 317 1074 ptem,
331 996 428 1072 jacta
440 1012 596 1054 nonarum
612 993 751 1053 ordinm
766 992 933 1054 Ecclesiae.
958 989 1004 1054 1⁰.
1034 990 1130 1051 Vestis
1142 991 1232 1069 longa
1246 991 1311 1051 sine
1324 990 1434 1051 tunica.
1451 988 1497 1052 2⁰.
1520 987 1610 1068 Epo-

229 1094 288 1155 ntis
310 1095 377 1154 sioe
399 1093 574 1166 66166166,
597 1092 697 1152 instar
717 1091 852 1153 Aaronis
873 1089 1068 1164 Sacerdotis,
1091 1108 1178 1170 quem
1199 1087 1281 1150 Dests
1300 1090 1333 1149 in
1350 1087 1547 1150 tabernaculo
1562 1087 1612 1148 te-

228 1191 311 1270 poh',
333 1192 573 1271 superbamserali
593 1192 736 1253 6616166
757 1210 825 1253 esse
839 1190 942 1269 jessit.
958 1186 1005 1253 3⁰.
1029 1187 1117 1250 Zona
1138 1206 1199 1268 666
1213 1187 1368 1249 Sacerdos
1382 1187 1500 1248 medias
1510 1204 1613 1265 prae-

230 1291 374 1369 61661166.
397 1289 444 1354 11.
467 1298 499 1352 61
521 1292 568 1353 5⁰.
590 1290 733 1353 11661666
754 1288 862 1371 661666
883 1287 1063 1350 Sacerdotis
1090 1305 1199 1348 mamm
1226 1286 1270 1348 ad
1294 1286 1489 1366 6661616166
1515 1302 1610 1345 sacra

229 1392 379 1470 mysteria
399 1392 578 1452 mentientur.
601 1371 1218 1471 66116666666616666666666
1240 1405 1282 1447 em
1310 1385 1387 1447 collo
1415 1402 1470 1447 sae
1493 1384 1615 1446 Sacer-

230 1488 289 1549 dos
311 1490 465 1568 appendit.
490 1487 536 1550 71.
560 1486 711 1565 0661616,
734 1489 799 1549 sice
820 1486 915 1562 Alba,
937 1504 1030 1566 qaae,
1056 1486 1086 1547 si
1111 1483 1209 1564 feerit
1233 1484 1421 1565 Episcopus,
1450 1484 1539 1545 limbo
1568 1482 1614 1543 ad

230 1604 379 1649 menam
398 1591 534 1668 pretioso
554 1594 769 1667 praeteaetm,
792 1603 881 1647 secus
902 1604 938 1646 eo
961 1584 1086 1648 carebit.
1111 1583 1220 1645 induet
1236 1592 1336 1646 aotam
1347 1583 1502 1645 Sacerdos
1511 1590 1611 1643 oestes

229 1694 395 1766 66166666
416 1688 459 1749 ad
479 1688 578 1749 altare
599 1687 747 1748 accedat:
769 1686 799 1746 si
817 1683 914 1764 faerit
933 1683 1119 1763 Episcopus,
1149 1703 1186 1746 eo
1208 1691 1322 1745 tasstnm
1345 1691 1478 1761 tempore
1499 1682 1613 1742 indoe-

231 1794 297 1863 ass,
319 1806 379 1867 666
402 1786 583 1848 oblationem
605 1785 732 1865 aderet,
755 1793 825 1846 ante
846 1782 1088 1857 Absolutionem
1110 1789 1145 1844 ut
1165 1783 1210 1844 ita
1232 1782 1355 1862 6116666
1376 1781 1539 1842 discrimen
1558 1781 1613 1840 in-

230 1887 371 1947 tercedat
391 1887 510 1948 satione
531 1886 706 1966 dignitatis,
729 1886 809 1946 inter
829 1883 1000 1963 Episcopos
1021 1888 1052 1943 et
1071 1880 1264 1943 Sacerdotes.
1291 1880 1395 1942 Partes
1419 1895 1523 1941 omnes
1542 1876 1611 1938 11166

229 1985 276 2045 rei
298 1986 463 2047 vestiariae
475 1982 710 2047 Ecclesiasticus
733 1990 875 2044 accurate
898 1981 1054 2061 explicare
1077 1997 1139 2041 non
1162 1978 1321 2042 admodum
1344 1977 1432 2040 166116
1455 1984 1520 2040 est:
1542 1992 1611 2037 nam

229 2100 328 2145 voces
352 2083 463 2164 quibus
486 2083 685 2165 designantur
708 2082 864 2178 singulae,
886 2083 940 2143 vix
962 2078 1188 2160 Lencograpni
1212 2078 1393 2162 intelligunt.
1460 2091 1476 2119 ⁰

320 2217 419 2279 Prima
447 2234 535 2297 quam
557 2214 722 2278 hbusebah
751 2221 841 2276 vocat
863 2211 975 2288 Jahat,
1001 2213 1060 2275 hoc
1086 2218 1135 2274 est
1156 2210 1249 2294 longa
1271 2209 1437 2291 talarisque
1459 2210 1570 2288 vestis,
1594 2227 1612 2271 a
1747 2221 1809 2284 my

232 2315 376 2378 Gabriele
398 2316 571 2378 Patrimeha
595 2315 723 2377 Totmiat
743 2312 929 2395 appellatur,
958 2318 1068 2392 estque
1098 2312 1223 2392 proprie
1247 2310 1434 2372 Graecorum
1452 2294 1611 2388 χιτώνιον,
1737 2307 1824 2371 mern

231 2415 280 2476 rel
302 2416 405 2496 potius
427 2402 596 2501 στιχᾶριον
610 2421 642 2476 61
656 2420 741 2476 recte
757 2431 824 2475 666
839 2419 930 2475 vocat
945 2409 1077 2493 Cyrillus
1091 2409 1265 2473 Patriarcha
1283 2411 1314 2471 16
1328 2408 1500 2472 1661166616
1514 2426 1611 2487 6666-
1624 2387 1827 2545 attingimus
1828 2391 1865 2455 116
1889 2406 1936 2444 ⁸⁰¹¹

1658 2497 1666 2525 l
1721 2497 1729 2525 t
1763 2510 1769 2523 ι

230 2613 328 2692 tibus,
359 2613 580 2676 66611166οηί6
603 2610 883 2693 611166661666616
906 2611 1071 2673 66666616
1100 2617 1162 2685 est,
1190 2609 1324 2672 strictior
1351 2607 1468 2671 scilieet
1498 2607 1610 2684 tunica,

230 2730 328 2792 eaque
352 2712 439 2791 alba,
462 2719 495 2774 61
518 2712 686 2774 Germanus
710 2708 1060 2791 Constantinopohtanus
1083 2709 1115 2771 16
1127 2708 1274 2788 Thouria,
1288 2707 1460 2785 Cahasilas,
1478 2706 1610 2788 Symeon
1670 2770 1672 2773 .

233 2811 514 2876 Thessalonicensis
543 2820 575 2874 61
604 2811 654 2873 6111
685 2810 864 2887 observant,
895 2824 1022 2889 querum
1052 2815 1083 2870 61
1105 2807 1233 2869 aliorum
1255 2808 1415 2869 multorum
1440 2804 1610 2868 testimonia

232 2910 363 2973 collecta
384 2911 580 2991 reperiuntur
601 2910 632 2972 in
655 2909 811 2973 Glossario
836 2906 1109 2971 Graeco-Rarbero
1132 2906 1291 2969 clarissimi
1315 2905 1417 2969 Caroli
1440 2903 1557 2985 Gangii.

321 3037 462 3103 Secunda
491 3037 625 3102 Arabica
654 3045 783 3100 vocatur
805 3037 922 3114 lilsan,
951 3037 1001 3099 eui
1028 3035 1060 3097 in
1088 3034 1250 3099 Glossariis
1279 3033 1415 3116 Copticis
1444 3031 1611 3114 respondet

232 3129 439 3216 6666616666
454 3146 599 3221 corrupte
615 3139 728 3219 scripta
746 3130 901 3216 canonic,
915 3138 945 3200 16
960 3136 1109 3217 aliquibus
1127 3124 1289 3218 66166166,
1302 3134 1362 3197 hoc
1371 3141 1418 3196 est
1428 3132 1592 3195 Rationale
1596 3152 1610 3206 ;

232 3244 263 3299 61
283 3237 334 3299 hic
356 3226 485 3320 intelligi
507 3237 599 3300 dehet
620 3238 715 3299 vestis
738 3244 788 3299 aut
812 3244 1020 3299 ornamentum
1041 3235 1174 3298 humeris
1198 3235 1310 3314 166661
1339 3232 1478 3311 6611166,
1509 3233 1550 3294 116
1577 3238 1610 3293 61

231 3338 271 3400 611
293 3337 558 3418 superhumerali,
582 3355 671 3418 quam
695 3336 843 3399 Rationali
866 3334 1000 3399 similius.
1025 3332 1084 3398 Sed
1108 3332 1256 3414 explicari
1277 3350 1372 3414 66666
1401 3348 1461 3393 666
1491 3332 1610 3393 incom-

232 3436 320 3499 mode
342 3436 463 3499 videtur
485 3454 543 3516 per
567 3425 766 3512 6166611166
788 3437 883 3499 vestis
906 3443 1005 3497 66166
1028 3442 1075 3498 661
1095 3433 1198 3496 talaris
1218 3432 1333 3515 absque
1344 3432 1487 3507 manicis,
1511 3437 1610 3493 6116-

232 3542 293 3597 166
316 3553 429 3616 eorpus
452 3536 606 3612 ambiens,
629 3535 668 3597 ita
691 3542 724 3597 ut
745 3535 919 3597 Latinorum
942 3537 1082 3616 antiquae
1106 3532 1235 3596 Casulae
1259 3533 1379 3594 omnine
1407 3528 1609 3610 respondeat;

233 3643 266 3697 ut
287 3642 374 3697 reete
398 3633 516 3717 Congie
540 3634 744 3698 observatum.
765 3634 804 3697 Et
827 3634 905 3714 6666
927 3634 1047 3698 Arabes
1069 3651 1132 3696 vox
1155 3651 1233 3713 quae
1261 3631 1320 3693 hoe
1349 3630 1418 3693 loce
1447 3635 1612 3708 usurpatur

233 3740 334 3817 togam
357 3734 515 3815 quamdam
536 3735 625 3816 hujus
648 3735 771 3816 generis
794 3732 957 3818 Religiosis
979 3734 1134 3814 propriam
1157 3732 1330 3816 significat,
1354 3748 1394 3792 ex
1416 3727 1567 3791 Camusio.

320 3867 405 3929 Zona
435 3867 508 3929 66116
536 3865 730 3949 intelligitur,
761 3884 839 3947 quae
868 3874 993 3947 praeter
1019 3882 1205 3928 communem
1235 3882 1338 3941 6666,
1373 3878 1433 3944 que
1463 3861 1500 3923 ab
1531 3860 1611 3923 omni

234 3974 317 4029 retro
340 3968 518 4046 antiquitate
541 3966 782 4044 commendatur,
812 3965 973 4046 multisque
996 3965 1131 4046 mysticis
1155 3961 1424 4043 significationibus
1447 3966 1611 4024 exornatur

235 4065 315 4147 6666
339 4073 462 4128 auteres
484 4065 735 4142 Ecclesiasticus,
766 4065 817 4146 qui
845 4065 883 4128 de
913 4065 1009 4127 sacris
1031 4062 1146 4126 Officiis
1175 4062 1381 4141 scripserunt,
1411 4060 1503 4122 hahet
1532 4059 1612 4121 inter

234 4165 423 4229 Christianos
446 4163 618 4227 Orientales
640 4163 825 4248 singularem
848 4163 1151 4241 commendationem,
1175 4180 1216 4223 err
1230 4163 1349 4223 ratione
1366 4177 1444 4242 quae
1462 4158 1520 4222 illis
1535 4173 1612 4237 pro-

230 4267 296 4345 pria
319 4272 383 4341 est,
408 4283 448 4326 ex
470 4282 530 4345 quo
553 4263 609 4327 sub
633 4263 919 4327 Muhamedanorum
940 4262 1068 4344 imperio
1089 4262 1205 4326 vivunt.
1228 4260 1304 4322 Ν66
1326 4257 1440 4321 Calidae
1463 4256 1610 4335 nonnulli,

231 4371 261 4427 61
284 4365 334 4427 6111
356 4364 513 4444 Principes
535 4365 715 4445 praesertim
737 4366 766 4425 in
789 4362 951 4447 Aegypte,
974 4362 1065 4424 multa
1087 4368 1275 4437 statuerunt,
1298 4367 1331 4421 ut
1346 4357 1508 4421 Christiani
1531 4356 1611 4416 66116

232 4464 437 4526 exterioribus
460 4482 478 4525 6
500 4463 726 4525 hiuhamedanis
749 4464 1028 4545 distinguerentur,
1050 4468 1112 4524 tum
1135 4460 1239 4523 colore
1253 4458 1398 4535 vestium,
1423 4456 1611 4539 cogebantur

233 4564 311 4625 enim
333 4562 434 4644 661166
456 4569 569 4625 166166
591 4562 733 4625 induere:
758 4570 820 4625 tum
842 4564 987 4642 maxime,
1012 4562 1082 4643 quia
1104 4577 1183 4622 zona
1204 4566 1413 4640 supertegam
1426 4557 1610 4621 exteriorem

233 4662 393 4745 praecingi
423 4679 477 4724 666
501 4662 671 4743 oportebat.
713 4662 746 4726 16
775 4664 969 4726 severissime
998 4663 1036 4723 ab
1062 4661 1137 4743 ipsis
1167 4666 1305 4722 exactum
1334 4664 1381 4720 661
1408 4657 1445 4719 ab
1475 4656 1610 4735 1161666

234 4758 328 4824 cuna
363 4760 499 4842 Aegypti
529 4762 692 4840 Eutimida,
723 4770 754 4825 et
783 4781 800 4824 a
831 4762 1032 4827 Salaheddino
1061 4753 1243 4822 1611166666
1275 4756 1467 4825 Sullanorum
1497 4757 1611 4838 prime:

235 4878 311 4941 quae
343 4861 498 4924 distinctio
521 4880 589 4924 cum
612 4861 741 4943 aliquam
763 4861 957 4943 ignominiam
983 4862 1172 4941 conjunctam
1194 4857 1308 4920 habere
1333 4855 1505 4933 videretur,
1536 4874 1612 4937 gra·

233 4960 355 5022 sissima
385 4958 564 5024 Christianis
589 4960 792 5043 J'udicabatur.
823 4962 855 5026 si
884 4961 951 5042 quis
978 4958 1058 5041 apud
1086 4957 1244 5038 Principes
1271 4957 1369 5039 gratia
1400 4964 1431 5020 et
1452 4955 1612 5019 autoritate

232 5058 381 5138 polleret,
404 5078 443 5123 66
463 5060 621 5141 elebatum,
654 5068 688 5124 ut
709 5061 921 5124 immunitatem
943 5059 1046 5124 Ζ666
1066 5055 1212 5121 ferendae
1235 5056 1396 5120 obtineret.
1431 5055 1514 5121 16166
1535 5072 1611 5119 vero

1322 5193 1404 5268 36*

1624 4622 1935 4693 nmrnnespses.
2036 4648 2039 4657 «

1624 4709 1901 4764 mmmm
1995 4744 2001 4757 ,
