4525 6034
593 538 646 670 ,’
703 560 776 637 aa
1206 561 1562 688 annuncia

802 747 986 821 Sacerdos.
1037 750 1130 821 Deus
1155 747 1301 841 benigne
1327 772 1371 821 ne
1403 749 1541 825 inducas
1567 773 1630 823 nos
1664 751 1697 822 in
1730 752 1942 823 tentationem
1972 771 2052 844 pro-

698 864 855 955 bationis,
888 888 986 961 quem
1013 868 1177 940 sustinere
1209 888 1277 937 non
1309 868 1492 961 possimus:
1528 866 1588 940 sed
1621 865 1801 940 secundum
1832 868 2051 938 miserationes

698 991 773 1054 tuas
800 983 918 1054 multas
945 981 1066 1075 adjuva
1092 1003 1169 1071 nos,
1196 982 1278 1054 dans
1303 983 1402 1056 nobis
1429 986 1554 1056 exitum
1573 981 1792 1079 tranquillum,
1819 986 1874 1078 qui
1898 1003 1960 1054 nos
1985 984 2053 1053 eri·
2194 973 2199 1002 ‘

698 1101 769 1195 piat
800 1109 833 1171 et
867 1097 987 1171 liberet
1021 1097 1063 1170 ab
1099 1098 1250 1171 omnibus
1283 1097 1392 1194 plagis
1424 1100 1563 1188 furoris,
1603 1111 1638 1172 et
1668 1124 1688 1172 a
1719 1099 1852 1172 foetore
1886 1096 2053 1184 diabolico,

698 1219 774 1311 quia
800 1226 889 1288 tuum
917 1226 970 1288 est
996 1218 1189 1311 imperium,
1223 1225 1258 1286 et
1284 1209 1437 1311 potestas
1468 1238 1674 1313 regnumque
1705 1227 1795 1288 tuum
1825 1225 1996 1312 permanet
2023 1216 2055 1286 in

697 1333 832 1406 saecula
857 1330 1078 1422 saeculorum,
1105 1340 1140 1403 et
1165 1330 1224 1404 tibi
1249 1330 1367 1424 gloria.
1521 1333 1683 1427 Papulae.
1738 1334 1857 1405 Amen.

800 1449 985 1521 Sacerdos.
1039 1449 1122 1522 Pana

801 1565 962 1659 Papulae.
1015 1565 1060 1637 Et
1085 1588 1161 1636 cum
1187 1567 1302 1662 spiritu
1330 1575 1395 1639 tuo.

800 1682 987 1753 Diaconos.
1039 1683 1139 1754 Ante.

800 1797 961 1891 Papulae.
1016 1797 1140 1871 Coram
1164 1807 1208 1870 te.

800 1913 984 1987 Sacerrloa.
1036 1913 1204 2005 Benedic,
1247 1916 1390 1987 Domine
1422 1916 1531 2004 Deus,
1567 1919 1677 1989 servis
1708 1918 1771 1988 tuis
1803 1919 1891 2003 istis,
1925 1937 2056 2011 quorun

697 2029 878 2104 collatam
900 2034 1081 2104 animarum
1108 2054 1206 2127 quam
1233 2054 1409 2127 corpomm
1436 2031 1590 2105 inclinata
1615 2042 1700 2121 sunt,
1727 2036 1848 2128 quique
1873 2041 1908 2104 te
1935 2032 2055 2129 depre-

695 2160 820 2221 cantur.
872 2149 943 2221 Fac
968 2171 1032 2223 nos
1058 2160 1092 2221 et
1118 2148 1193 2221 illo‘s
1206 2150 1360 2238 Domine,
1387 2147 1505 2241 dignos
1519 2147 1802 2222 benedictionibus
1828 2151 2056 2245 mysteriorum

694 2276 825 2338 tuorum
853 2277 1043 2338 sanctorum
1069 2274 1103 2337 et
1127 2265 1422 2354 immaculatorum,
1450 2275 1483 2336 et
1510 2269 1609 2338 venia
1623 2277 1837 2361 peccatorum
1863 2274 2056 2351 nostrerum,

696 2393 731 2454 et
755 2379 903 2455 illorum:
938 2390 975 2453 ut
1005 2405 1089 2479 pure
1123 2391 1157 2454 et
1188 2391 1304 2455 sancte
1344 2387 1623 2456 communicemus
1661 2386 1796 2478 corpori
1835 2395 1869 2455 et
1909 2381 2056 2473 sanguini

695 2501 856 2590 unigeniti
880 2497 955 2570 Filii
980 2503 1035 2570 toi.
1087 2496 1182 2570 Educ
1209 2521 1255 2571 ex
1280 2499 1377 2572 nobis
1403 2496 1542 2570 odorem
1565 2520 1703 2595 operum
1728 2500 1913 2589 honorum,
1940 2506 1974 2570 et
1997 2519 2055 2567 re·

695 2613 841 2688 feremus
867 2615 925 2688 tihi
953 2612 1105 2707 gloriam,
1133 2626 1197 2687 etc.
1352 2615 1513 2709 Papulae.
1564 2616 1684 2690 Amen

799 2730 984 2804 Sacerdos.
1035 2730 1119 2803 Pan

799 2847 960 2942 Papulae.
1012 2847 1056 2919 Et
1082 2871 1158 2921 eum
1184 2850 1300 2945 spiritu
1325 2857 1392 2920 tuo.

799 2962 983 3036 Sacerdos.
1036 2964 1089 3038 Sit
1114 2967 1237 3057 gratia,
1264 2973 1327 3037 etc.

798 3081 987 3152 Diaconos.
1040 3081 1174 3153 Stemus
1200 3079 1365 3152 decenter.

798 3197 960 3292 Popaloa.
1011 3196 1211 3270 Laudamus,

919 3523 1093 3596 Sacerdos
1119 3524 1205 3595 elicit
1233 3521 1428 3595 Orationem
1454 3523 1653 3595 Gratiarum
1679 3524 1835 3594 actionis.

801 3730 939 3803 Omnem
972 3753 1091 3804 veram
1122 3733 1302 3823 gratiarum
1336 3733 1517 3820 actionem,
1551 3738 1584 3801 et
1622 3732 1766 3801 maxime
1800 3733 1966 3802 sinceram
1998 3727 2051 3800 uti

696 3847 863 3922 offerimus
890 3850 1047 3936 Domine,
1074 3858 1213 3945 propter
1239 3847 1360 3920 donum
1385 3839 1464 3921 illul
1490 3845 1578 3942 quod
1604 3844 1700 3918 nohis
1733 3849 1887 3941 quamvis
1919 3845 2050 3937 indignis

696 3965 824 4039 dedisti.
876 3965 929 4039 Ne
956 3974 1082 4037 statuas
1108 3987 1185 4054 nos,
1211 3965 1363 4052 Domine,
1390 3986 1465 4034 cum
1490 3963 1618 4060 pudore
1633 3972 1848 4059 peccatorum
1862 3972 2051 4044 nostrorum,

694 4105 803 4179 neque
829 4093 956 4154 reatum
983 4086 1188 4153 incurramus
1215 4081 1258 4154 ob
1287 4063 1531 4176 susceptionem
1564 4081 1797 4176 mysteriorum
1829 4077 1949 4151 horum
1974 4098 2050 4149 san-

695 4209 840 4289 ctorum,
873 4198 932 4271 sed
958 4197 1124 4291 refugium
1152 4206 1185 4269 et
1219 4197 1349 4288 adjutor
1383 4206 1456 4269 esto
1483 4193 1598 4286 nobis,
1625 4205 1659 4266 et
1685 4219 1705 4267 a
1729 4194 1897 4291 spiritibus
1923 4194 2050 4266 numicis

695 4320 751 4413 qui
777 4315 940 4387 luctantur
964 4312 1138 4388 nobiscum
1164 4312 1269 4386 libera
1295 4336 1378 4402 nos,
1404 4336 1466 4409 per
1493 4335 1607 4386 eorum
1634 4315 1915 4400 commistionem,
1947 4320 1979 4383 et
1999 4311 2049 4381 si-

694 4432 761 4505 mul
787 4431 974 4504 referemus
1001 4430 1058 4504 tihi
1085 4431 1226 4522 gloriam
1244 4440 1277 4503 et
1294 4429 1435 4502 laudem.

678 4557 683 4570 '
797 4549 959 4642 Popolae.
1010 4549 1130 4619 Amen.

797 4663 981 4737 Sacerdos.
1033 4665 1118 4735 Pax.

798 4780 959 4874 Populea.
1010 4778 1055 4853 Et
1081 4802 1155 4852 cum
1181 4782 1297 4875 spiritu
1323 4788 1390 4850 tuo.

797 4898 984 4970 Diacoaaa.
1037 4896 1119 4970 Post
1145 4898 1398 4992 susceptionem,
1426 4904 1489 4966 etc.
1532 4953 1534 4962 ,

731 5103 736 5114 ἢ
794 5015 956 5110 Populea.
1010 5012 1133 5089 Coram
1160 5023 1194 5086 te
1220 5012 1373 5086 Domine.
