4525 6034
325 578 375 654 DE
396 573 565 654 Sl'ltthlS
586 574 857 651 llElClllTARUll
880 576 927 650 ET
945 572 1211 652 tetensteten
1234 571 1427 649 LITURGllS.
1492 568 1588 641 XVII

224 774 260 836 nt
285 764 372 860 apud
397 763 537 837 Latinos
564 773 719 851 veteres,
747 762 899 849 oblatio,
927 762 1060 849 litatio,
1086 764 1211 847 Actio,
1246 770 1303 832 aut
1335 758 1431 832 aliter
1465 768 1588 831 vocata

225 881 389 975 quondam
415 881 484 953 luit
536 880 742 977 Praeparato
770 879 884 970 altari,
919 877 1085 951 Sacerdos
1118 877 1271 951 diverses
1303 898 1424 972 preces
1458 878 1588 964 recitet,

225 1019 324 1071 sacra
355 1000 553 1071 vestimenta
588 997 709 1086 induit,
742 1004 775 1068 et
809 998 854 1066 ita
886 994 928 1066 ad
961 997 1182 1068 sanctuarium
1216 991 1435 1090 progreditur.
1487 992 1587 1066 Panis

224 1111 472 1186 llucbaristicus
499 1136 572 1185 cum
600 1113 720 1203 calice,
747 1135 768 1183 a
795 1110 964 1202 Protbesi,
991 1110 1046 1183 uhi
1073 1113 1183 1184 statim
1208 1111 1430 1199 collocantur,
1463 1110 1506 1182 ad
1532 1107 1588 1179 al-

223 1238 297 1300 tare
323 1228 532 1320 deteruntur,
559 1229 676 1302 eadem
701 1250 808 1325 prope
834 1232 979 1318 ratione,
1006 1252 1071 1324 qua
1097 1227 1132 1300 fit
1153 1228 1241 1324 apud
1262 1227 1413 1301 Graecos
1439 1248 1588 1322 magnae,

222 1357 260 1418 nt
286 1356 411 1420 vocant
435 1346 617 1421 introitur:
645 1345 687 1418 de
714 1365 779 1440 quo
805 1347 870 1416 ritu
902 1343 1019 1417 dicitur
1049 1348 1083 1416 in
1117 1343 1362 1417 Commentario
1397 1342 1438 1415 ad
1470 1341 1588 1414 bitur-

224 1466 314 1553 giam
341 1462 460 1535 Jacobi
485 1462 678 1558 Syriacam,
705 1472 739 1533 et
765 1460 886 1533 dictum
913 1472 965 1533 est
999 1460 1041 1533 ad
1073 1457 1247 1557 Copticam
1277 1461 1402 1535 Basilii.
1456 1458 1587 1533 blisce-

226 1588 278 1649 tur
305 1602 391 1673 aqua
418 1576 550 1668 vinum,
576 1601 622 1651 ex
648 1581 872 1652 vetustissima
900 1576 1085 1650 traditione:
1113 1576 1200 1649 dona
1226 1576 1282 1650 ubi
1305 1577 1347 1649 ad
1369 1577 1474 1649 altare
1500 1576 1588 1647 illata

225 1704 319 1783 sunt,
346 1694 465 1791 duplici
491 1695 587 1785 velo,
612 1697 733 1786 majori
759 1705 793 1766 et
817 1696 936 1766 minori
953 1704 1126 1787 teguntur,
1148 1704 1182 1766 et
1196 1697 1417 1767 incensantur.
1457 1694 1589 1765 Dicun-

225 1820 278 1881 tur
303 1813 431 1883 interea
463 1815 579 1883 variae
614 1814 804 1903 orationes,
830 1810 1028 1904 Trisagium,
1056 1810 1172 1883 Gloria
1204 1813 1238 1881 in
1273 1810 1434 1882 excelsis:
1467 1808 1589 1881 Psalmi

225 1926 367 2021 aliquot:
392 1926 516 2023 Hymni
543 1927 668 1999 diversi
695 1927 874 1999 secundum
901 1927 992 2019 dies,
1019 1931 1165 2000 carmine
1190 1924 1413 2023 Ephremitico
1440 1926 1498 1997 vel
1521 1926 1589 1998 Jo-

224 2043 387 2116 cobitico:
414 2042 601 2115 Prooemia.
653 2043 783 2115 Deinde
808 2043 962 2136 legumtur
989 2047 1156 2117 sectiones
1184 2066 1230 2116 ex
1246 2042 1406 2141 Epistolie
1425 2041 1530 2131 Pauli,
1557 2052 1591 2114 et

225 2158 425 2248 Catholicis,
452 2159 628 2254 aliquando
656 2183 701 2231 ex
726 2160 821 2233 Actis
845 2161 1083 2256 Apostolorum
1111 2170 1146 2232 et
1171 2183 1218 2232 cx
1234 2161 1351 2234 Veteri
1362 2159 1590 2250 Testamento,

219 2277 319 2367 juxto
346 2272 472 2349 indices
499 2278 553 2370 qui
580 2273 739 2347 habentur
765 2278 798 2346 in
825 2276 984 2369 singulari
1011 2276 1148 2366 codice,
1180 2298 1289 2373 neque
1324 2279 1411 2348 enim
1443 2286 1479 2348 ut
1504 2275 1591 2372 apud

223 2391 387 2479 Latinos,
412 2391 592 2463 Lectiones
617 2390 710 2465 libris
736 2392 926 2467 Missalibus
952 2398 1156 2483 insenmtm,
1183 2391 1243 2467 sed
1269 2402 1424 2487 petuntur
1450 2416 1496 2464 ex
1514 2392 1589 2464 Le-

226 2509 418 2595 ctionariis,
446 2528 532 2602 qnae
559 2507 646 2602 apud
671 2507 797 2604 Syros,
824 2518 858 2581 et
883 2509 1029 2605 reliquos
1045 2509 1232 2582 Orientales
1247 2507 1420 2599 hahentur,
1446 2519 1482 2580 ut
1504 2508 1591 2605 apud

225 2624 379 2697 Graecos
411 2620 799 2725 Ἀποστολοευαγγέλια.
857 2624 1002 2717 Preces,
1035 2625 1350 2721 benedictionesque
1385 2625 1591 2714 Sacerdotis,

223 2740 432 2814 hortationes
457 2739 599 2813 Diaconi
625 2741 668 2813 ad
692 2742 869 2838 populum,
895 2743 1034 2835 singulis
1069 2741 1267 2815 lectionibus
1302 2741 1524 2835 adjunguntur
1560 2752 1595 2814 et

225 2858 347 2930 eodem
374 2866 508 2947 tenore,
542 2868 640 2929 antea
672 2858 729 2929 vel
760 2859 860 2954 paulo
898 2870 976 2954 post
1002 2858 1152 2931 donatur
1191 2860 1357 2930 orationes
1392 2857 1590 2957 Εἰρηνικαί,

224 2978 303 3048 sive
329 2996 392 3071 pro
418 2996 519 3069 pace,
548 2983 582 3046 et
607 2975 680 3047 aliis
706 2973 875 3048 beneficiis
903 2999 988 3071 qnae
1014 2999 1035 3047 a
1060 2974 1137 3048 Deo
1163 2974 1384 3072 postulantur,
1411 2983 1592 3071 praeeunte

223 3091 401 3195 Diacono:
424 3090 610 3164 Sacerdote
636 3102 801 3165 secretam
828 3094 1009 3164 orationem
1035 3096 1163 3165 interea
1188 3093 1435 3187 pronunciante,
1463 3101 1496 3162 et
1520 3112 1591 3187 po·
1648 3112 1653 3121 ·

223 3207 307 3304 pulo
334 3207 538 3279 acclamante
564 3207 673 3300 Kgrie
686 3209 822 3279 eleison.
857 3208 1100 3305 Scripturarum
1120 3208 1218 3281 lectio
1233 3207 1419 3302 fitprimnm
1433 3207 1590 3304 Syriaco:

226 3334 264 3395 et
288 3334 408 3420 postea
433 3324 600 3414 Arabico,
627 3345 714 3419 quae
739 3322 852 3416 lingua
878 3333 929 3397 est
953 3327 1119 3396 maximae
1145 3328 1249 3421 partis
1282 3325 1426 3398 Orientis
1460 3345 1590 3397 verna-
1645 3324 1654 3343 '

226 3441 314 3513 cuda.
366 3440 427 3511 His
453 3443 598 3537 peractis
628 3443 768 3529 canitur·
781 3442 923 3537 Syriace
956 3464 976 3512 a
1008 3440 1130 3537 populo
1163 3440 1345 3515 Nicaenum
1379 3438 1591 3536 Symbolum:

226 3556 400 3629 Sacerdos
425 3578 541 3630 manus
567 3555 675 3631 lavat:
702 3557 910 3630 commendat
935 3579 975 3630 se
1000 3560 1277 3630 circumstantium
1303 3558 1458 3654 precibus
1474 3568 1508 3630 et
1533 3559 1591 3629 in-

227 3676 349 3769 cipitur
373 3672 572 3770 Anapbora,
605 3679 679 3749 sive
706 3697 802 3748 sacra
833 3675 943 3747 Actio.
1002 3673 1092 3746 Illius
1124 3677 1250 3747 initium
1283 3686 1335 3747 est
1369 3677 1475 3747 oratio
1515 3684 1592 3747 ante

228 3791 379 3865 osculum
405 3793 517 3885 pacis,
544 3801 578 3862 et
604 3802 780 3887 antequam
806 3789 933 3862 dicatur
959 3802 1112 3886 superest
1138 3795 1171 3863 in
1197 3792 1368 3865 codicibus
1381 3785 1501 3864 MSSP.
1521 3813 1591 3863 ve-

227 3918 283 3980 tus
309 3904 451 3979 formula
476 3907 626 3999 ejiciendi
653 3906 823 3980 audientes
850 3916 883 3979 et
914 3909 1138 4002 poenitentes,
1172 3912 1267 3983 testis
1300 3912 1452 4002 antiquae
1485 3908 1592 3980 disci·

227 4023 350 4129 plinae.
402 4023 486 4095 Tum
513 4022 700 4096 benedictio
727 4026 967 4117 antiquissima:
995 4023 1132 4096 Coritoc
1164 4024 1234 4096 Dei
1267 4025 1404 4111 Putria,
1440 4029 1503 4094 etc.
1538 4025 1592 4096 si-

229 4161 331 4232 gnnm
359 4140 467 4209 crucis
494 4160 596 4234 super
620 4138 786 4236 populum.

334 4253 417 4327 Post
442 4255 590 4326 osculnm
616 4260 728 4352 pacis,
755 4256 894 4328 Sarrum
921 4256 1028 4327 corda
1061 4267 1095 4329 et
1125 4254 1269 4352 reliqua,
1304 4236 1397 4348 copus
1431 4251 1593 4328 formulae

228 4370 353 4467 ubique
378 4370 537 4467 receptae
562 4375 597 4443 in
623 4371 773 4445 omnibus
800 4375 1035 4468 cujuscumque
1060 4371 1194 4465 hugone
1219 4372 1378 4468 liturgiis
1396 4381 1489 4445 extat
1513 4392 1593 4442 me·

230 4491 349 4560 moria.
401 4485 571 4559 Praelatio
598 4511 684 4584 quae
711 4499 764 4561 est
781 4489 823 4560 de
838 4491 1017 4582 gratiarum
1033 4491 1175 4576 actione,
1193 4488 1409 4585 laudibusque
1426 4489 1469 4561 ad
1485 4490 1593 4559 Deum

230 4602 417 4676 referendis
443 4615 581 4701 propter
608 4608 716 4678 omnia
743 4609 777 4676 in
803 4627 909 4699 genus
934 4604 1106 4677 humanum
1125 4602 1299 4697 beneficia,
1326 4607 1515 4694 creationis,
1535 4602 1593 4674 le-

230 4723 285 4813 gis
310 4719 561 4816 promulgatae,
587 4724 754 4795 missionis
780 4720 1035 4818 Prophetarum,
1063 4722 1194 4794 tandem
1227 4723 1429 4796 liberationis
1461 4719 1592 4792 humani

231 4839 368 4928 generis
394 4859 455 4933 per
480 4838 763 4929 lnoamationem,
790 4837 1033 4934 salutaremque
1060 4837 1339 4935 dispensationem
1366 4836 1486 4910 Christi
1511 4835 1592 4907 Do-

230 4956 319 5023 mini.
386 4953 540 5048 Sequitur
574 4958 607 5025 in
640 4953 858 5026 Praelationis
893 4954 957 5027 line
992 4954 1143 5052 Hymnus
1179 4952 1401 5046 Cherubicus,
1433 4952 1592 5043 Sanctus,

231 5068 392 5159 Sanctae,
417 5070 576 5163 Sanctae,
602 5074 657 5166 qui
684 5073 811 5144 canitur
837 5094 856 5142 o
882 5070 1015 5169 populo.

264 5208 389 5251 romain
1361 5187 1386 5262 3
