4525 6034
470 581 651 660 IGNb'lll
683 577 1006 657 Pnrnlnncnnn
1040 580 1340 661 ANTIOGHENI.
1504 582 1581 659 535

314 768 476 862 Populea.
529 768 572 840 Et
598 792 673 841 cum
699 770 816 864 spiritu
841 779 909 843 nuo.

283 885 502 958 'Diaconos
554 885 675 958 lterum
702 894 802 980 atque
829 887 958 957 iterum.

450 1159 626 1232 Sacerdos
652 1161 737 1231 dicit
764 1154 962 1231 Orationem
987 1165 1068 1231 onte
1093 1159 1195 1232 Pater
1220 1169 1345 1233 noster.

314 1351 407 1423 Dens
433 1351 535 1423 Pater
558 1361 698 1454 *aemma
712 1349 788 1422 Filii
813 1351 973 1443 unigeniti
1000 1353 1138 1437 aeterni,
1167 1353 1222 1445 qui
1248 1350 1290 1423 ab
1318 1360 1469 1443 aeterno,
1495 1352 1581 1428 ultra

210 1477 377 1540 momenta
404 1477 437 1538 et
463 1477 614 1564 tempora
641 1466 803 1538 exaltaris
831 1477 865 1539 et
885 1465 1073 1558 honoraris,
1100 1477 1135 1539 et
1161 1465 1202 1539 ab
1231 1466 1383 1543 omnibus
1410 1467 1581 1542 ordinibus

210 1582 482 1656 immaterialibus
508 1573 716 1656 benediceris
744 1593 778 1654 et
804 1584 1039 1657 sanctificaris:
1067 1588 1161 1677 cujus
1187 1582 1328 1658 bonitati
1354 1586 1487 1659 divium
1512 1607 1581 1661 uon

212 1704 293 1774 satis
327 1698 406 1791 fuit,
445 1710 482 1802 ut
515 1704 647 1795 species
679 1699 850 1772 rationalis
885 1699 1050 1773 bominum
1086 1710 1311 1793 terrenorum,
1344 1724 1412 1775 non
1446 1704 1580 1777 omnino

209 1820 398 1913 privaretur
424 1839 464 1888 ea
492 1814 613 1909 gloria,
641 1839 726 1911 quae
759 1820 884 1889 naturis
916 1814 1140 1911 spiritualibus
1174 1821 1349 1914 competit,
1388 1816 1449 1892 sed
1480 1823 1580 1893 etiam

210 1944 246 2006 ut
272 1932 549 2030 contemplatione
575 1937 673 2025 regni
700 1935 746 2005 tui
773 1934 899 2004 aeterni
919 1931 1118 2023 fruerentur,
1146 1943 1180 2005 et
1200 1933 1297 2006 simul
1312 1932 1469 2031 hymnum
1490 1934 1581 2009 illum

211 2049 396 2143 angelicum
424 2048 585 2121 divinitati
612 2060 689 2122 tuae
715 2071 798 2145 prae
833 2023 1194 2140 omnum‘excelsae,
1228 2049 1326 2124 lobiis
1352 2054 1422 2124 suis
1448 2050 1581 2125 indesi-

209 2177 328 2239 nenter
354 2175 528 2237 canerent:
565 2170 621 2261 qui
648 2188 709 2262 per
735 2168 991 2259 praescientiam
1017 2175 1106 2238 tuam
1134 2165 1328 2257 excelsam,
1361 2167 1451 2263 quod
1476 2167 1580 2240 Filius

208 2294 282 2358 tuus
301 2294 474 2372 petemus,
501 2282 544 2353 ad
572 2285 849 2377 compositionem
874 2280 1049 2354 humanam
1075 2292 1237 2358 venturus
1263 2293 1374 2374 esset,
1413 2283 1581 2357 bominem

209 2403 350 2496 coepisti
376 2422 505 2487 creare,
533 2399 690 2472 citharam
717 2399 834 2472 decem
861 2398 1075 2471 chordarum:
1107 2410 1141 2471 et
1168 2423 1214 2472 ex
1241 2411 1382 2495 quatuor
1407 2400 1580 2474 elementis

210 2539 284 2588 eum
311 2519 537 2612 composuisti,
575 2539 716 2611 eumque
744 2515 918 2590 condidisti
946 2515 989 2587 ad
1015 2517 1193 2609 imaginem
1219 2519 1380 2610 unigeniti
1414 2514 1490 2589 Filii
1523 2519 1581 2606 tui,

209 2643 243 2705 et
267 2631 516 2705 liberiarbitrii
536 2644 723 2728 compotem
749 2631 868 2706 iecisti.
923 2631 1008 2706 Cum
1032 2654 1119 2706 vero
1146 2631 1298 2706 teneus
1325 2643 1389 2723 est,
1416 2644 1450 2705 et
1476 2635 1579 2706 exci-

208 2749 255 2821 dit
281 2772 301 2820 a
327 2747 488 2841 dignitate
509 2753 543 2820 in
571 2772 636 2845 qua
662 2751 802 2844 primum
828 2747 947 2836 iuerat,
975 2771 1042 2821 nou
1070 2748 1247 2822 deseruisti
1273 2771 1362 2841 eum,
1388 2752 1435 2823 ita
1460 2759 1497 2820 ut
1521 2752 1581 2821 iu-

206 2867 367 2938 firmitatis
394 2865 535 2938 stadium
561 2864 743 2938 decurrens
771 2864 814 2938 ad
839 2864 973 2937 nibilum
999 2864 1181 2937 recideret:
1209 2865 1270 2939 sed
1295 2863 1446 2938 Verbum
1470 2867 1580 2939 Deum

207 2984 409 3074 unigenitum
435 2980 555 3054 Filium
581 2990 670 3053 tuum
697 2983 814 3053 misisti
846 2980 890 3054 ad
915 2979 1055 3053 salutem
1080 2984 1236 3074 imaginis
1262 2991 1350 3070 trae,
1376 2980 1467 3054 illum
1493 2982 1579 3054 sim·
1641 3009 1646 3019 ’

206 3096 338 3193 plicam,
366 3099 420 3193 qui
449 3098 491 3170 ad
518 3100 793 3193 compositionem
813 3099 921 3171 venit:
948 3096 1038 3170 illum
1064 3095 1277 3189 invisibilem,
1305 3101 1360 3193 qui
1387 3100 1482 3172 visus
1508 3108 1579 3172 est:

208 3216 375 3310 accipiens
403 3213 645 3287 similitudinem
671 3212 828 3287 servilem
849 3223 1011 3305 nostram,
1038 3216 1092 3309 qui
1114 3213 1286 3287 descendit
1311 3217 1346 3292 in
1372 3213 1474 3289 cbaos
1499 3213 1580 3288 illud

206 3329 417 3419 mundanmu,
444 3333 478 3402 in
503 3341 632 3403 uterum
658 3329 867 3422 virginalem,
901 3330 943 3401 ad
970 3329 1194 3425 quaerendam
1219 3332 1435 3422 margaritam
1460 3332 1579 3404 summi

206 3449 315 3542 pretii,
342 3470 439 3542 quam
467 3446 593 3536 eduxit,
621 3456 655 3518 et
681 3449 828 3519 extraxit
854 3470 900 3517 ex
925 3445 995 3519 luto
1022 3449 1166 3543 peccati,
1192 3458 1226 3519 et
1252 3468 1298 3517 ex
1324 3444 1448 3519 acerba
1472 3455 1600 3543 pote-·

207 3573 296 3635 state
321 3563 457 3655 maligni
483 3561 641 3635 liberavit
667 3573 701 3635 et
727 3563 861 3653 eduxit,
894 3573 928 3635 et
960 3562 1002 3634 ad
1036 3565 1187 3636 semitam
1225 3571 1374 3649 nostram
1407 3566 1578 3660 pristinam

204 3701 268 3752 nos
294 3680 438 3769 reduxit,
467 3679 643 3775 docuitque
670 3703 733 3753 nos
761 3684 944 3752 orationem
967 3680 1010 3752 ad
1035 3681 1168 3753 Patrem
1194 3691 1352 3776 tanquam
1377 3690 1578 3756 armaturam

183 3789 377 3884 'metonae
405 3820 469 3892 qua
497 3797 735 3870 accederemus
762 3796 805 3868 ad
838 3799 1046 3888 majestatem
1072 3805 1174 3887 mam,
1200 3806 1235 3868 et
1259 3800 1472 3870 vinceremus
1498 3818 1577 3868 ma-

184 3909 329 4003 lignum
354 3910 606 3985 iraudulentum.
659 3911 833 4006 Rogamus
866 3924 900 3985 te
924 3913 1070 3986 Domine
1094 3913 1188 3987 Deus
1214 3923 1331 3987 noster
1356 3923 1392 3985 ut
1418 3911 1577 3986 citharam

204 4038 352 4101 nostram
381 4030 604 4125 spiritualem,
638 4052 713 4101 cum
748 4029 863 4101 decem
899 4033 972 4122 ejus
999 4028 1155 4120 cbordis,
1189 4027 1314 4101 liberes
1347 4027 1390 4100 ab
1423 4026 1575 4101 omnibus

202 4145 416 4239 passionibus
443 4144 631 4219 carnalibus
659 4155 692 4219 et
718 4142 978 4238 damnabilibus,
1003 4156 1040 4217 ut
1065 4167 1140 4216 cum
1167 4144 1284 4217 decem
1309 4147 1433 4219 nostris
1460 4146 1576 4218 seusi-

195 4258 267 4346 bus
294 4265 467 4357 corporeis
494 4272 528 4335 et
555 4261 798 4358 spiritualibus,
824 4261 941 4334 decem
967 4271 1149 4357 praecepta
1175 4256 1382 4354 Ev'angebca
1414 4269 1449 4332 et
1480 4262 1575 4351 viva,
1677 4257 1688 4270 '

206 4400 293 4472 quae
318 4377 448 4473 rebquit
474 4378 571 4451 nobis
598 4383 787 4472 unigenitus
821 4378 925 4451 Filius
952 4389 1039 4468 tuus,
1065 4386 1221 4473 tanquam
1247 4377 1486 4450 medicamenta
1511 4398 1575 4472 pro

203 4492 269 4565 illis
296 4494 550 4584 conservandis,
580 4494 756 4568 offeramus
785 4494 845 4568 tibi
867 4496 960 4567 Deus
985 4494 1099 4586 Pater,
1127 4504 1162 4565 et
1188 4494 1351 4568 dicamus:
1377 4494 1479 4566 Pater
1503 4514 1575 4567 no-

204 4621 274 4684 ster
300 4615 355 4706 qui
381 4633 419 4683 es
444 4614 479 4682 iu
505 4610 618 4684 coelis.

306 4727 470 4821 Populus.
523 4727 765 4819 Sanctificetur,
792 4735 855 4799 etc.

308 4844 493 4916 Sacerdos.
546 4844 643 4917 Nunc
669 4843 825 4934 Domine,
849 4866 913 4917 nos
940 4843 1114 4937 indiguos,
1142 4855 1176 4917 et
1201 4853 1368 4935 remotos,
1398 4845 1573 4938 proximos

206 4969 240 5032 et
266 4961 469 5034 domesticos
495 4959 604 5032 iecisti
629 4961 701 5053 tibi,
728 4972 762 5046 et
788 4965 1009 5059 pergratiam
1035 4970 1124 5033 tuam
1149 4959 1350 5049 naturalem,
1370 4959 1574 5032 confirmasti
1601 5031 1603 5036 .

203 5074 395 5151 filiationem
420 5088 583 5170 nostram,
608 5099 676 5150 non
704 5078 900 5174 dedignatus
926 5079 1045 5154 vocari
1070 5077 1172 5151 Pater
1196 5086 1320 5152 noster.
1353 5074 1572 5161 sanctificasti
