4525 6034
296 556 346 631 DE
360 553 617 631 mundilam
634 553 890 633 ORlllllellUll
907 557 1057 634 cnidum
1070 561 1117 635 ΕΤ
1135 559 1387 640 lmdssrrlra
1457 562 1570 639 LXXI

291 740 417 813 Vemm
450 740 699 836 qualiscumque
734 739 867 812 tandem
907 745 1026 813 rituum
1060 743 1277 817 Orientalium
1322 750 1420 840 origo
1454 750 1569 845 luerit,
1581 766 1895 827 castrametamur»

192 877 275 950 quae
301 855 515 948 singulariter
540 858 574 926 in
600 859 688 929 notis
716 854 759 926 ad
784 855 953 947 Liturgias
981 858 1212 954 expendetur,
1241 881 1314 932 cum
1335 884 1416 937 usus
1436 865 1566 938 illorum
1580 863 1690 918 emt,
1703 855 1797 952 'fimf
1809 874 1893 955 ven-

191 980 300 1044 certus
327 974 390 1060 sit,
415 970 540 1045 baana
574 974 786 1066 impugnatur
818 992 934 1042 eorum
966 975 1143 1067 antiquitas
1177 983 1212 1045 et
1243 977 1437 1064 sinceritas,
1473 982 1569 1073 quasi
1581 944 1623 988 ω’
1635 954 1725 991 aarum
1743 949 1884 1011 anaqam·

189 1089 337 1181 primitus
371 1089 521 1181 usur-pati
554 1107 622 1158 non
646 1086 786 1157 moriat:
821 1088 886 1159 nisi
912 1086 1041 1160 idoneis
1076 1087 1327 1183 probationibus
1362 1091 1567 1184 designetur,

190 1201 319 1295 quando
345 1210 549 1273 vetustatem
574 1204 706 1274 novitas
735 1198 930 1272 aboleverit
957 1201 1042 1277 Illud
1068 1205 1097 1275 si
1134 1226 1154 1274 a
1181 1202 1446 1279 Protestantibus
1479 1230 1568 1303 pro·

188 1315 258 1387 bari
284 1338 389 1411 posse
417 1316 577 1388 audacter
601 1338 783 1408 negamus,
810 1314 891 1386 nihil
916 1318 1049 1387 nimium
1077 1315 1225 1389 dicimus.

237 1432 373 1506 Rituum
399 1454 524 1527 porro,
551 1431 594 1503 de
621 1431 739 1526 quibus
766 1430 931 1526 loquimur
966 1430 1092 1526 duplex
1126 1453 1235 1524 genus
1268 1443 1334 1505 est:
1370 1444 1446 1505 sunt
1481 1438 1678 1507 enimssorum
1694 1447 1787 1517 cuprea
1802 1466 1892 1518 genua

190 1548 318 1643 qnidam
346 1547 499 1620 omnibus
534 1547 695 1638 Litrugiis
727 1550 773 1618 ita
810 1567 1022 1635 communes,
1056 1556 1093 1617 ut
1124 1546 1215 1618 nulla
1247 1546 1311 1618 illis
1345 1559 1477 1639 careat3
1513 1550 1569 1621 alii

190 1663 368 1736 secundum
385 1661 615 1735 Ecclesiarum
642 1662 796 1735 diversas
824 1660 1102 1751 consuetudines,
1128 1664 1225 1733 varie
1239 1683 1278 1733 se
1295 1660 1427 1735 babent
1467 1663 1569 1736 Primi

190 1782 322 1871 generis
350 1786 427 1851 sunt
453 1799 683 1873 quaecumque
709 1776 752 1849 ad
778 1771 1071 1871 praeparationem
1089 1780 1243 1871 corporis
1261 1785 1295 1846 et
1310 1780 1442 1848 animae
1460 1801 1569 1873 prac-

191 1894 378 1967 scribuntur
403 1896 439 1964 in
464 1896 570 1965 variis
595 1890 801 1980 Ritnalibus,
827 1900 896 1962 tum
923 1914 1009 1985 quae
1036 1891 1079 1963 ad
1095 1891 1338 1962 clementorum
1356 1915 1569 1965 consecran-

191 2008 303 2080 dorum
331 2031 464 2097 curam,
490 2016 524 2078 et
550 2007 709 2079 decorem
743 2004 863 2078 domus
888 2005 963 2077 Dei.
1018 2005 1103 2079 Cum
1139 2016 1247 2077 autem
1283 2009 1318 2076 in
1352 2006 1479 2100 aliquot
1512 2008 1569 2080 di-

192 2123 347 2218 sciplinae
371 2122 636 2195 Ecclesiasticae
663 2122 826 2217 capitibus
846 2142 1007 2193 successu
1024 2131 1210 2215 temporum
1228 2119 1391 2215 quaedam
1408 2124 1571 2196 innovata

190 2236 323 2328 luerint,
350 2242 471 2310 mirum
497 2260 576 2310 esse
601 2241 723 2308 nemini
751 2235 869 2325 debet,
896 2235 986 2307 illam
1011 2238 1045 2306 in
1072 2239 1176 2307 variis
1212 2234 1383 2307 codicibus
1420 2234 1463 2307 ad
1495 2259 1571 2309 earn

193 2376 272 2447 quae
298 2353 463 2445 vigebat,
500 2351 632 2446 quando
667 2355 781 2447 scripti
807 2350 958 2439 luerunt,
986 2349 1271 2422 accommodatam
1290 2348 1405 2423 fuisse
1459 2352 1507 2423 lta
1536 2357 1571 2423 in

193 2467 328 2541 Graecis
356 2489 465 2564 prope
492 2467 647 2540 omnibus
673 2475 888 2563 praecaptum
915 2468 1121 2560 reperimus,
1147 2472 1184 2536 ut
1208 2465 1370 2559 sacerdos
1393 2473 1571 2560 antequam

192 2583 231 2655 ad
261 2582 501 2655 celebrandam
531 2581 718 2673 Liturgiam
761 2580 918 2671 accedat,
956 2589 1098 2675 peccata
1137 2602 1198 2653 sua
1236 2579 1412 2655 confessus
1452 2580 1570 2655 luerit:

194 2697 276 2791 quod
305 2720 389 2771 sane
416 2700 450 2768 in
476 2700 713 2790 antiquissimis
729 2699 913 2792 primorum
930 2695 1142 2767 sacculorum
1161 2693 1255 2769 libris
1275 2717 1344 2768 non
1364 2705 1571 2787 occurreret,

192 2816 219 2884 si
241 2812 321 2886 illos
345 2811 556 2885 haberemus.
609 2810 729 2906 Neque
756 2814 842 2884 enim
869 2810 1001 2883 ierebat
1027 2820 1125 2884 vetus
1154 2809 1345 2905 disciplina,
1376 2823 1413 2883 ut
1447 2832 1571 2885 sacer-

192 2925 249 2998 dos
274 2930 411 3022 peccati
437 2927 577 3017 alicujus
604 2925 735 2999 lethalis
763 2925 826 2999 sibi
844 2930 1021 3015 conscius,
1049 2925 1091 2997 ad
1106 2924 1212 2997 altare
1230 2926 1420 3015 accederet,
1448 2950 1571 3021 quam·

193 3046 241 3115 vis
265 3043 348 3115 illud
375 3044 544 3117 sacerdoti
571 3043 749 3116 confessus
775 3042 905 3118 luisset.
958 3041 1086 3113 Verum
1113 3063 1159 3112 ex
1187 3064 1252 3135 quo
1273 3052 1398 3113 mutata
1415 3052 1468 3114 est
1487 3046 1573 3112 inter

194 3155 340 3231 Graecos
373 3157 619 3252 poenitentialis
655 3156 845 3252 disciplina,
879 3169 913 3228 et
947 3180 1064 3229 eorum
1103 3160 1204 3227 etiam
1235 3167 1466 3250 peccatorum¹
1485 3176 1572 3250 quae

193 3277 295 3345 minus
323 3277 445 3365 gravia
472 3284 565 3365 sunt,
592 3271 763 3345 consessio
791 3272 863 3344 lieri
885 3277 1018 3368 coepit,
1043 3270 1124 3343 illud
1141 3292 1274 3365 quoque
1287 3275 1431 3343 monitos
1449 3291 1572 3343 sacer-

195 3387 284 3461 dotes
312 3387 511 3478 voluernnt,
536 3398 574 3460 ut
600 3412 640 3462 se
666 3387 883 3461 confessione
910 3394 1104 3482 purgarent.
1159 3386 1208 3457 lta
1236 3384 1324 3480 apud
1346 3384 1512 3481 Coptitas,
1539 3394 1573 3457 et

197 3527 308 3593 omnes
333 3525 444 3600 prope
471 3503 679 3578 Christianos
715 3503 904 3575 Orientales
936 3501 979 3574 ab
1013 3503 1141 3596 aliquot
1173 3500 1318 3575 saeculis
1350 3500 1571 3575 observatur:

196 3624 251 3691 etsi
286 3625 321 3691 in
356 3619 538 3693 Codicibus
571 3619 754 3711 Liturgicis
789 3617 867 3690 nihil
901 3617 967 3689 tale
999 3616 1269 3712 praescribatur,
1305 3620 1381 3711 quia
1418 3616 1573 3689 Graecae

196 3735 330 3806 similem
363 3757 384 3804 a
419 3734 529 3807 multis
561 3733 706 3808 saeculis
740 3733 1010 3828 poenitentialem
1052 3731 1259 3828 disciplinam
1302 3743 1503 3827 sequuntur,
1538 3740 1575 3802 ut

197 3846 268 3921 alibi
293 3848 402 3923 fusius
430 3872 650 3946 exponemus.
704 3848 893 3921 Discrimen
918 3852 1019 3941 igitur
1051 3847 1131 3921 illnd
1156 3847 1277 3920 nullius
1310 3852 1468 3920 momenti
1503 3855 1572 3919 est:

197 3984 267 4057 nam
303 3965 393 4061 quod
425 3969 459 4036 in
495 3963 692 4061 quibusdam
724 3964 906 4037 Codicibus
941 3964 1076 4036 rubrica
1115 3985 1185 4035 non
1219 3964 1392 4058 exprimit,
1432 3962 1573 4035 babetur

199 4078 334 4152 aliunde.

296 4195 375 4267 Pari
401 4199 532 4268 ratione
559 4206 739 4269 occurrunt
766 4193 944 4289 aliquando
972 4195 1045 4285 illa,
1079 4217 1166 4289 quac
1193 4204 1346 4291 spectant
1379 4213 1572 4289 praepara·
1601 4205 1900 4260 ffirusmorecaeremo-

199 4313 317 4383 tionem
352 4310 511 4384 Oblatae:
544 4311 739 4407 plerumque
773 4319 883 4383 tamen
915 4310 1002 4382 baec
1037 4313 1281 4399 ommittuntur,
1322 4319 1505 4401 extantque
1539 4290 1678 4377 in¹¹5¹¹¹⁰⁸·

199 4423 285 4499 libris
313 4426 555 4518 singularibus:
597 4426 704 4522 qualis
741 4437 795 4500 est
827 4424 915 4522 apud
950 4423 1061 4521 Syros
1101 4425 1280 4497 Tractatus
1315 4426 1371 4518 qui
1405 4423 1573 4516 Dionysio

200 4540 359 4615 Bmsalibi
392 4543 562 4631 tribuitur,
594 4554 804 4636 vocaturque
831 4542 951 4613 Conco
977 4540 1230 4612 Emdcmatiac.
1283 4540 1334 4610 lta
1369 4558 1455 4631 quae
1492 4538 1575 4606 atti-

200 4666 273 4728 nent
299 4656 342 4729 ad
369 4668 522 4730 ornatum
548 4657 815 4748 sacerdotalem,
842 4656 1145 4750 Diaconioumqne,
1179 4662 1236 4726 aut
1266 4650 1513 4740 Pontificalem,
1547 4652 1576 4723 si

201 4767 383 4868 Episcopus
409 4773 593 4865 Liturgiam
621 4772 789 4862 celebret,
815 4775 878 4845 uix
905 4778 1102 4860 occurrunt,
1137 4779 1272 4865 praeter
1299 4789 1399 4861 quam
1425 4768 1459 4836 in
1498 4765 1576 4839 Co-

203 4883 323 4959 dicibns
352 4893 408 4982 qui
434 4891 601 4981 integrum
627 4890 798 4961 continent
825 4890 1112 4960 caeremoniarum
1146 4892 1357 4979 apparatum:
1392 4890 1429 4953 ut
1463 4880 1576 4977 depo-

202 5001 272 5073 sitio
299 5002 441 5076 Oblatae
467 5013 502 5077 et
528 5006 643 5078 calicis
669 5008 704 5077 in
730 5002 904 5092 Protbesi,
932 5013 988 5074 aut
1004 5004 1201 5090 secretario,
1224 5010 1401 5094 antequam
1414 4997 1456 5070 ad
1471 4997 1578 5072 altare
