4525 6034
532 622 893 701 birunain
946 623 1308 701 insubuli.
1529 624 1601 700 621

233 807 400 883 Doctores
426 812 461 881 in
486 807 641 884 Ecclesia
668 809 939 906 explicaverunt:
966 812 1229 907 sacerdotesque
1257 834 1359 908 snper
1386 810 1491 888 altare
1518 835 1605 888 san·
1705 897 1711 912 ¹

234 937 321 999 ctum
348 925 536 999 obtuderunt
563 937 596 998 ct
621 926 895 1000 immolaverunt:
929 927 1071 1000 Levitae
1104 929 1249 1002 brachiis
1277 933 1346 1002 suis
1373 941 1605 1024 portaverunt,

234 1041 348 1139 populi
375 1042 417 1114 ad
444 1043 671 1140 expiationem
698 1043 892 1116 delictorum
920 1067 1055 1118 snorum
1087 1057 1324 1142 susceperunt,
1357 1068 1419 1143 pro
1454 1045 1605 1120 omnibns

234 1162 367 1232 omnino
395 1163 569 1249 creaturis,
595 1162 670 1232 Deo
700 1163 845 1260 omniurn
870 1160 1015 1233 Domino
1044 1161 1189 1235 offertur.

335 1277 566 1371 Respondent.
618 1278 765 1369 Dignum
792 1288 826 1349 et
847 1282 972 1370 justum
999 1288 1059 1348 est.

334 1391 524 1464 Diaconos.
557 1393 794 1465 Recordamini
826 1389 839 1428 ⁶
866 1393 1121 1488 dispensationis
1149 1393 1351 1467 admirabilis
1368 1394 1492 1468 Christi
1520 1393 1605 1467 Sal-

233 1511 361 1581 vatoris
396 1513 521 1600 nostri,
555 1533 641 1605 quae
672 1533 735 1607 pro
771 1509 869 1584 nobis
902 1508 1067 1606 completa
1104 1521 1175 1599 est,
1210 1522 1243 1583 et
1274 1534 1336 1608 per
1371 1523 1478 1584 ortum
1511 1534 1606 1586 suurn

234 1624 368 1698 abstulit
393 1624 575 1718 languores
602 1635 746 1699 nostros.
799 1628 969 1699 Decenter
995 1631 1095 1720 igitur
1121 1637 1207 1702 state
1234 1640 1268 1701 et
1295 1638 1398 1702 orate.
1435 1628 1510 1701 Pax
1536 1650 1607 1699 no-

232 1737 285 1813 bis
312 1740 474 1814 omnibus.

344 1857 529 1931 Sacerdos.
588 1858 732 1930 Domine
770 1860 863 1931 Dens
901 1858 1017 1953 fortis,
1069 1862 1111 1934 da
1151 1860 1250 1935 nobis
1292 1872 1440 1958 apertam
1482 1862 1604 1933 faciem

129 2066 138 2074 p
234 1995 348 2047 coram
374 1984 417 2047 te.

259 2251 307 2321 Et
330 2255 550 2346 prosequitur
577 2252 722 2322 dicendo
749 2252 840 2322 hnnc
862 2252 1060 2324 Orationem
1081 2277 1155 2324 cnm
1181 2253 1406 2325 inclinatione
1432 2260 1579 2325 secreto.

337 2441 388 2512 'le
403 2440 547 2513 Domine
572 2441 681 2532 fortis,
708 2444 871 2531 existens,
899 2452 1048 2533 aeterne,
1068 2443 1162 2517 Dens
1177 2454 1273 2541 pater
1300 2446 1522 2539 omnipotens,
1550 2448 1607 2539 qui

234 2578 271 2629 es
298 2568 460 2653 perpetuo
486 2558 519 2629 id
547 2558 635 2652 quod
662 2580 712 2646 es,
740 2558 874 2651 dignum
901 2570 963 2647 est,
996 2559 1121 2632 decens
1149 2570 1183 2632 et
1205 2563 1341 2652 justum,
1367 2583 1430 2633 nos
1457 2559 1606 2650 laudare,

232 2674 399 2761 confiteri,
436 2674 577 2746 adorare
604 2685 637 2747 ot
663 2677 816 2748 exaltare
842 2698 996 2771 semper,
1032 2686 1066 2748 et
1099 2699 1308 2771 quocumque
1340 2686 1500 2772 tempore.
1553 2677 1605 2748 Tu

233 2793 320 2862 enirn
347 2812 385 2861 es
416 2791 510 2863 Dens
543 2813 664 2879 verus,
700 2791 1056 2887 incomprehensibilis
1083 2793 1237 2882 infinitnS,
1263 2791 1519 2888 inexplicabilis,
1545 2798 1604 2864 in-

231 2905 384 2995 visibilis,
410 2929 479 2979 non
506 2911 723 3003 compositus,
749 2930 813 2979 nec
839 2929 941 2980 sensu
966 2907 1214 3005 perceptibilis,
1247 2910 1459 3012 immortaliS,
1493 2908 1604 2981 subli-

230 3027 293 3094 mis
321 3035 355 3096 et
380 3024 538 3097 excelsus
566 3047 667 3122 snpra
694 3028 933 3118 cogitationem
960 3035 994 3097 et
1019 3024 1268 3118 intelligentiam
1296 3028 1437 3097 omnium
1466 3035 1604 3098 creatu-

228 3162 357 3212 rarum:
386 3143 505 3235 quies
532 3145 566 3212 in
593 3163 802 3236 quocumque
827 3141 924 3232 loco,
959 3164 1024 3214 nec
1055 3152 1167 3213 tamen
1193 3141 1271 3215 loco
1299 3142 1604 3238 comprehenderis,

227 3265 263 3327 tu
289 3267 323 3328 et
356 3257 460 3329 Filius
494 3268 569 3329 tuus
596 3262 784 3350 unigenitus
818 3268 852 3330 et
883 3257 1026 3354 Spiritus
1058 3268 1132 3331 tous
1169 3271 1315 3331 sanctus.
1377 3260 1426 3330 Τιι
1460 3261 1604 3331 Domine

229 3373 271 3444 da
297 3373 394 3446 nobis
420 3372 573 3463 verbnm,
602 3374 644 3446 ad
671 3397 731 3447 ora
758 3387 874 3447 nostra
900 3398 1022 3449 versus
1050 3386 1084 3446 to
1111 3375 1338 3470 aperiendum,
1365 3385 1400 3445 nt
1426 3373 1604 3446 offeramus

227 3489 287 3561 tibi
314 3491 418 3562 eorde
444 3495 599 3580 contrito,
626 3495 719 3563 etin
747 3495 863 3588 spiritu
889 3491 1090 3581 humilitatis,
1116 3491 1243 3564 fructus
1272 3490 1460 3586 spirituales
1486 3490 1603 3564 labio-

229 3629 302 3677 rum
328 3617 531 3698 nostrornm,
557 3610 773 3680 ministerium
799 3608 1009 3682 rationabile:
1046 3619 1080 3680 tn
1115 3629 1154 3679 es
1181 3610 1268 3680 enirn
1295 3609 1389 3679 Deus
1415 3618 1542 3697 noster,
1570 3617 1604 3679 et

231 3732 327 3817 pater
353 3723 488 3795 Domini
513 3728 606 3816 regis
632 3732 666 3795 et
692 3723 878 3797 Salvatoris
906 3728 1010 3797 nostri
1030 3724 1113 3797 iesu
1132 3722 1263 3812 Christi,
1292 3728 1364 3819 spei
1390 3735 1543 3798 nostrae:
1570 3729 1604 3796 in

232 3862 298 3934 quo
327 3836 510 3911 absconditi
545 3849 621 3913 sunt
656 3863 772 3914 omncs
807 3841 952 3914 thesauri
979 3844 1164 3938 sapientiae
1197 3850 1231 3918 et
1265 3843 1446 3930 scientiae3
1479 3852 1512 3913 et
1542 3865 1605 3937 per

232 3978 330 4050 quern
358 3958 547 4051 accepimus
575 3962 799 4051 cognitionem
827 3959 968 4054 Spiritus
996 3961 1126 4047 sancti,
1153 3955 1297 4052 Spiritus
1322 3961 1475 4030 veritatis
1506 3951 1521 3992 ⁶
1548 3962 1603 4053 qui

232 4094 251 4143 a
284 4083 316 4144 te
352 4071 453 4145 Pater
486 4074 654 4170 procedit,
688 4085 722 4146 et
757 4086 808 4147 est
844 4099 890 4148 ex
919 4085 1035 4147 natura
1073 4073 1269 4147 abscondita
1303 4073 1483 4148 divinitatis
1514 4085 1601 4147 tuae.

230 4187 308 4284 lpse
335 4200 387 4262 est
411 4213 474 4287 per
501 4215 599 4286 quem
624 4204 762 4264 naturae
796 4215 912 4267 omnes
938 4191 1120 4264 rationales
1156 4189 1304 4263 visibiles
1337 4201 1371 4263 et
1406 4190 1602 4279 invisibiles,

230 4305 443 4398 roborantur,
470 4307 715 4381 sanctificantur
742 4320 776 4381 et
800 4310 1022 4405 perficiuntur.
1083 4307 1128 4380 Et
1154 4305 1223 4397 tibi,
1249 4305 1402 4402 Filioque
1436 4317 1491 4380 tuo
1524 4311 1603 4379 uni-

230 4425 358 4513 genito,
385 4435 419 4496 et
445 4425 581 4520 Spiritui
610 4436 665 4498 tuo
700 4436 830 4515 sancto,
863 4427 978 4499 landes
1005 4436 1185 4521 perpetuas
1220 4424 1361 4496 offerunt
1393 4446 1603 4519 quocumque

230 4548 394 4634 ternpore,
422 4546 498 4636 quia
527 4565 643 4616 ornnes
680 4565 764 4638 opus
791 4553 881 4615 tuum
908 4553 992 4615 sunt.
1052 4541 1104 4613 'lu
1139 4543 1228 4612 enim
1262 4563 1308 4612 ex
1341 4538 1442 4611 nihilo
1478 4562 1540 4612 nos
1568 4551 1604 4613 nt

103 4695 106 4700 ·
232 4677 383 4727 essemus
417 4658 620 4754 produxisti,
662 4668 696 4731 et
733 4658 903 4732 ordinasti.
969 4657 1171 4731 Oilendimns
1206 4667 1239 4729 et
1271 4657 1470 4745 cecidimus3
1503 4666 1602 4752 atque

229 4783 398 4846 vetustate
429 4786 622 4848 consumtos
658 4779 775 4848 iterum
809 4798 872 4850 nos
907 4776 1097 4863 renovasti,
1140 4775 1281 4845 erexisti
1314 4782 1349 4844 et
1383 4774 1602 4868 acquisivisti,

230 4910 340 4984 neque
375 4895 517 4964 cessasti
554 4896 631 4988 quin
656 4895 813 4966 visitares
846 4914 909 4965 nos
943 4912 1060 4964 omnes
1095 4913 1170 4962 curn
1203 4912 1326 4982 magna
1359 4911 1449 4961 cura.
1502 4888 1600 4960 Adeo

231 5016 267 5076 ut
292 5030 354 5079 nos
382 5009 423 5079 ad
452 5010 582 5081 coelum
609 5009 792 5081 ascendere
817 5007 958 5100 feceris,
990 5018 1024 5080 et
1048 5030 1190 5100 regnum
1215 5016 1390 5077 venturum
1418 5014 1506 5096 tuum
1538 5026 1601 5100 per

230 5125 492 5199 misericordiam
518 5136 606 5198 tuam
633 5126 730 5199 nobis
758 5125 901 5198 dederis.
960 5124 1004 5197 Et
1035 5135 1173 5221 propter
1206 5125 1316 5194 omnia
1348 5120 1510 5194 beneficia
1545 5131 1599 5192 tua

1316 5240 1401 5315 81*
