4525 6034
751 527 803 600 40
1260 524 1618 603 LITURG-ll

856 713 1039 787 Sacerdos.
1093 715 1238 805 Dignum
1266 723 1300 785 et
1322 715 1447 806 justum
1474 722 1543 803 est,
1570 715 1646 809 quia
1673 722 1707 784 tu
1734 735 1818 785 vere
1844 712 1962 805 dignus
1980 735 2036 786 es:
2059 718 2116 807 ju-

749 845 838 907 stum
866 840 900 904 et
926 842 1093 918 sanetum,
1121 833 1328 903 conveniens
1356 841 1390 902 et
1415 836 1663 921 necessarium,
1691 830 1881 920 animabuS,
1914 831 2116 927 corporibus,

749 947 986 1048 spiritibusque
1012 952 1155 1037 uostris,
1187 957 1324 1019 aeterne
1349 949 1510 1037 Domine,
1543 949 1687 1020 Domine
1719 949 1812 1020 Deus
1838 948 1939 1019 Pater
1965 952 2116 1046 omnipo-

752 1076 854 1156 tens,
881 1087 1014 1161 semper
1030 1069 1111 1137 etin
1127 1063 1307 1137 omniloco
1324 1064 1557 1137 dominationis
1575 1074 1670 1155 tuae,
1696 1074 1731 1135 ut
1752 1064 1884 1136 laudem
1904 1074 1958 1154 te,
1985 1066 2117 1161 psallam

750 1183 830 1273 tibi,
857 1180 1054 1254 benedicam
1080 1181 1156 1272 tibi,
1184 1185 1329 1253 serviam
1358 1179 1433 1271 tibi,
1460 1179 1597 1253 adorem
1623 1191 1674 1272 te,
1701 1183 1828 1272 gratias
1842 1203 1942 1273 agam
1957 1179 2014 1252 tibi
2022 1236 2033 1272 ,
2058 1206 2117 1254 ce-

751 1297 880 1370 lebrem
907 1308 940 1369 te
967 1309 1001 1369 et
1027 1298 1188 1370 confitear
1214 1296 1271 1369 tibi
1299 1297 1351 1368 die
1378 1319 1417 1368 ac
1443 1308 1565 1388 nocte,
1590 1296 1688 1369 labiis
1711 1278 1994 1389 iudesiuenlibus,
2022 1299 2118 1372 cordo

752 1438 917 1510 nunquam
946 1414 1072 1505 silenti,
1099 1426 1134 1487 et
1159 1414 1256 1486 laude
1282 1436 1352 1486 non
1378 1418 1568 1509 interrupta.
1603 1414 1655 1485 Tu
1681 1418 1804 1486 creasti
1832 1414 1949 1487 coelos
1977 1425 2011 1486 et
2037 1439 2116 1510 quae

753 1536 786 1603 iu
821 1530 923 1604 coelis
955 1542 1047 1621 sant,
1082 1543 1205 1604 terram
1232 1542 1266 1603 et
1294 1534 1404 1605 omnia
1439 1555 1525 1628 qnae
1557 1534 1590 1602 iu
1622 1553 1664 1602 ea
1694 1542 1789 1623 suut,
1822 1536 1945 1624 maria,
1980 1530 2115 1621 llumina,

753 1649 883 1739 fontes,
909 1658 943 1720 et
968 1644 1125 1745 paludes,
1152 1658 1186 1721 et
1212 1671 1439 1744 quaecumque
1465 1652 1499 1720 in
1525 1651 1574 1722 eis
1602 1657 1685 1722 sunt.
1731 1649 1783 1721 Tu
1810 1652 1933 1721 creasti
1959 1647 2116 1722 bominem

754 1765 798 1837 ad
822 1746 1062 1858 imaginem‘et
1088 1765 1330 1838 similitudinem
1356 1774 1461 1856 tuam,
1488 1775 1522 1838 et
1548 1769 1659 1838 omnia
1686 1769 1808 1838 creasti
1825 1769 1859 1837 iu
1877 1768 2038 1862 sapientia
2054 1776 2116 1856 tua,

754 1879 938 1954 inlumina
972 1892 1029 1955 tuo
1057 1905 1163 1972 vero,
1198 1884 1370 1975 unigenito
1402 1881 1469 1955 filio
1504 1892 1587 1972 tuo,
1622 1883 1786 1973 Domino,
1819 1882 1913 1972 Deo,
1945 1883 2117 1955 Salvatore

753 2009 788 2071 et
817 1998 917 2092 Rege
947 2009 1065 2073 nostro
1097 1998 1180 2073 Jesu
1215 1997 1371 2071 Christo:
1403 2010 1542 2096 propter
1576 1999 1666 2095 quod
1697 2001 1823 2092 gratias
1850 2003 1981 2092 agimus
2008 1999 2063 2072 tibi
2087 2010 2117 2072 et

754 2113 923 2189 offerimus
951 2115 1029 2207 tibi,
1055 2119 1155 2210 eique
1181 2114 1277 2187 simtd
1304 2126 1338 2187 et
1363 2114 1498 2212 Spiritui
1516 2126 1654 2205 saneto,
1681 2115 1831 2187 Trirritati
1853 2126 2010 2205 sauctae,
2035 2139 2116 2190 con-

756 2230 963 2304 substantiali
990 2243 1024 2304 et
1050 2231 1236 2321 indivisae,
1261 2231 1327 2304 hoo
1354 2233 1550 2306 sacrificium
1577 2230 1775 2306 rationabile
1809 2241 1843 2303 et
1874 2232 1940 2306 boc
1972 2235 2117 2304 ministe-

753 2350 838 2419 rium
866 2351 1088 2438 incruentum,
1115 2348 1204 2444 quod
1230 2348 1371 2420 offerunt
1397 2348 1454 2421 tibi
1483 2372 1599 2423 omnes
1626 2349 1740 2445 poptdi
1767 2347 1809 2421 ab
1837 2359 1911 2421 ortu
1927 2349 2116 2443 solisusque

754 2463 797 2535 ad
824 2487 998 2555 occasum3
1026 2489 1045 2536 a
1072 2469 1310 2560 septemtrione
1328 2464 1378 2571 'ad
1407 2476 1572 2557 austrum,
1599 2470 1674 2562 quia
1700 2488 1821 2538 nomen
1844 2475 1953 2556 tuum,
1972 2467 2116 2556 Domine,

753 2605 911 2674 magnum
935 2594 987 2656 est
1014 2587 1047 2654 in
1082 2582 1235 2655 omnibus
1259 2582 1415 2675 gentibus
1442 2592 1476 2654 et
1505 2587 1538 2654 in
1562 2586 1652 2655 omui
1674 2582 1753 2653 loco
1786 2582 1926 2654 offerunt
1956 2585 2115 2653 incensum

753 2701 955 2771 nominituo
979 2708 1117 2789 sancto,
1147 2710 1180 2771 et
1212 2700 1409 2772 sacrificium
1431 2722 1566 2797 purum,
1590 2700 1685 2773 simul
1710 2722 1783 2770 enm
1812 2697 1877 2771 boc
1904 2698 2066 2771 sacrificio
2089 2709 2119 2770 et

750 2812 816 2885 bac
844 2813 1023 2888 oblatione.

954 3063 1131 3135 Sacerdos
1159 3068 1287 3157 accipit
1315 3063 1519 3137 thuribulam
1544 3069 1578 3133 et
1605 3061 1720 3133 adolet
1742 3064 1919 3131 incenatum.

866 3284 1008 3356 Domina
1043 3288 1216 3356 miserere.
1276 3283 1449 3377 Rogamus
1487 3295 1521 3356 et
1559 3284 1774 3356 obsecramus
1809 3279 1992 3353 bonitatem
2027 3290 2119 3371 ιιιιιιιι,

752 3410 883 3472 amator
908 3399 1085 3472 bominum.
1140 3400 1322 3490 Memento,
1349 3401 1492 3473 Domine
1517 3405 1630 3497 pacis,
1663 3401 1777 3488 unius,
1809 3400 1948 3487 unicae,
1982 3409 2119 3486 sanctae,

756 3515 963 3606 Catholicae,
991 3526 1025 3587 et
1050 3515 1269 3611 Apostolicae
1294 3517 1480 3589 Ecclesiae.
1844 3610 1847 3621 k

856 3632 1045 3703 Diaconos.
1101 3631 1204 3704 Orate
1230 3655 1293 3730 pro
1320 3657 1405 3728 pace
1431 3639 1539 3726 unius,
1569 3643 1717 3724 sanctae,
1746 3630 1940 3705 Catholicae
1967 3640 2001 3703 et
2025 3629 2118 3724 Apo-

756 3748 894 3821 stolicae
920 3746 1114 3839 Ecclesiae,
1149 3772 1211 3845 pro
1247 3749 1354 3823 salute
1380 3753 1595 3848 populorum,
1629 3762 1664 3823 et
1689 3735 1868 3823 securitate
1893 3749 2119 3839 cujuscumque

754 3864 833 3954 loci,
860 3873 956 3937 etat
982 3864 1181 3937 dimittantur
1206 3864 1304 3938 nobis
1331 3878 1471 3963 peccata
1497 3879 1621 3940 nostra.

857 3980 1042 4052 Sacerdos.
1097 3981 1193 4068 Quae
1219 3994 1272 4055 est
1299 4008 1318 4055 a
1344 3983 1463 4056 linibus
1490 3985 1641 4057 adfines
1668 3994 1778 4055 terrae
1805 3991 1868 4053 etc.
1895 3987 1933 4050 ot
1959 3983 1994 4049 in
2022 3979 2119 4050 Misso

752 4099 889 4171 Bocittt.

857 4216 1001 4287 Domine
1028 4217 1200 4287 miserere.
1253 4216 1405 4288 Infirmos
1431 4217 1543 4314 populi
1570 4221 1615 4289 tui
1642 4240 1735 4291 sana.

859 4331 1046 4401 Diaconos.
1102 4330 1204 4402 Orate
1230 4355 1293 4429 pro
1320 4331 1467 4428 patribus
1495 4344 1529 4406 et
1553 4333 1708 4407 iratribus
1738 4333 1869 4404 nostris.

858 4446 1042 4518 Sacerdos.
1094 4445 1203 4519 Visita
1230 4470 1291 4522 eos
1314 4451 1347 4519 iu
1369 4451 1607 4523 misericordia.
1650 4452 1698 4522 Et
1713 4452 1957 4544 perficitur‘ee
1972 4445 2119 4516 oratioue

755 4566 887 4636 incensi
913 4561 1059 4633 diluculo
1087 4562 1166 4636 diei.
1220 4563 1337 4638 Patres
1363 4563 1549 4664 fratresque
1575 4578 1709 4639 nostros
1736 4587 1881 4662 peregre
1907 4544 2083 4658 profectos.

859 4679 1047 4750 moeonas.
1101 4678 1204 4750 Orate
1244 4703 1305 4776 pro
1340 4682 1512 4779 patribus,
1552 4684 1776 4779 fratribusque
1821 4683 1943 4754 uostris
1984 4692 2117 4778 peregre

755 4797 924 4895 proiectis.

803 4994 808 5011 Ι
860 4912 1045 4983 Sacerdos.
1098 4911 1143 4985 Et
1167 4936 1230 5010 pro
1258 4913 1322 4987 illis
1350 4921 1405 5011 qui
1442 4919 1703 5011 designaverunt
1735 4915 1778 4989 ad
1805 4933 2041 5009 quemcumque
2065 4909 2117 4979 lo-

750 5054 831 5103 cum
857 5028 1024 5125 proficisci
1051 5038 1113 5099 etc.
1167 5030 1354 5124 Perficitor
1381 5057 1427 5105 ee
1453 5037 1571 5107 eodem
1597 5039 1756 5106 oratione
1782 5036 1921 5105 incensi.
1966 5030 2117 5103 Serenum
