4525 6034
741 569 1135 679 unsronur
1354 590 1364 603 “
1535 596 1609 672 aar

802 840 888 912 Atta
915 841 1048 912 Oratio.

342 1031 486 1107 Domine
511 1031 604 1105 Deus
631 1029 748 1121 fords,
783 1032 982 1125 suscipiatur
1013 1027 1099 1102 baec
1133 1026 1278 1118 oblatio,
1311 1038 1348 1101 ut
1381 1050 1424 1100 ea
1454 1025 1546 1101 Abel
1580 1035 1615 1098 et

239 1148 316 1222 Noe
341 1146 446 1220 beati:
481 1146 718 1244 Abrabamqne
753 1156 788 1219 et
811 1145 877 1220 Job
900 1149 1000 1239 justit
1035 1146 1133 1220 banc
1165 1144 1223 1217 filii
1253 1146 1494 1242 promissionis.
1559 1141 1614 1214 'lu

239 1263 382 1338 benedic
407 1264 493 1336 bunc
517 1285 650 1361 panem,
678 1285 776 1359 quem
803 1260 993 1336 abnuerunt
1018 1262 1119 1335 bodie
1144 1264 1237 1336 servi
1262 1264 1309 1335 tui
1336 1260 1440 1334 corde
1466 1262 1613 1349 sincero,

240 1391 276 1455 et
300 1379 474 1455 voluntate
500 1378 541 1454 ab
570 1382 659 1452 omni
685 1378 787 1453 sorde
820 1377 940 1468 libera,
966 1380 1051 1451 sicut
1076 1380 1250 1474 praecepit
1279 1386 1376 1450 autor
1407 1379 1516 1466 vitae,
1549 1399 1612 1473 per

240 1499 498 1594 promissionem
525 1518 619 1568 snam
645 1518 713 1569 non
739 1493 914 1583 fallacem,
945 1503 981 1566 nt
1012 1491 1218 1568 ambulemus
1245 1515 1358 1567 coram
1393 1516 1437 1568 eo
1470 1516 1519 1566 ex
1550 1492 1616 1566 hac

241 1610 309 1698 die,
335 1619 489 1705 tanquam
516 1609 651 1685 lucerna
677 1614 712 1682 in
739 1609 925 1704 caliginoso
951 1608 1047 1699 loco,
1087 1621 1122 1684 et
1145 1613 1328 1707 pervenire
1353 1629 1417 1682 nos
1443 1607 1545 1682 iaciat
1570 1607 1613 1681 ad

240 1727 330 1799 illam
357 1729 563 1800 mansionem
589 1727 730 1800 lucidam
757 1738 792 1800 et
817 1726 962 1817 beatam,
988 1749 1050 1823 per
1077 1729 1264 1799 orationem
1289 1725 1386 1817 hujus
1413 1735 1614 1819 congrega-

241 1845 359 1918 tionis:
391 1865 479 1915 nnnc
512 1854 547 1915 et
572 1866 715 1941 semper.
768 1844 910 1917 Mensae
935 1854 1072 1917 vestrae
1097 1840 1354 1931 benedicantur,
1388 1845 1509 1916 mortui
1544 1864 1615 1915 ve-

241 1963 302 2033 stri
328 1963 540 2048 suscitentur,
566 1970 602 2032 et
626 1958 724 2033 bonis
751 1960 907 2034 coelestis
940 1961 1038 2053 regni
1064 1958 1157 2052 digni
1183 1960 1374 2033 efficiantur.
1428 1957 1545 2032 Gloria
1571 1959 1615 2029 sit

240 2076 288 2148 illi
314 2079 507 2173 quiomnia
534 2077 723 2173 suppeditat
748 2099 811 2174 per
840 2078 982 2169 gratiam
1017 2084 1052 2149 et
1083 2078 1317 2150 miserationes
1351 2098 1430 2149 suns
1461 2097 1549 2148 nunc
1580 2083 1615 2147 et

242 2214 387 2289 semper,
414 2194 506 2264 etin
533 2192 703 2266 saeculum
728 2201 913 2265 venturum.

809 2467 896 2540 Atta
923 2468 1055 2540 Oratio

346 2656 518 2731 Laudetur
543 2679 665 2731 nomen
691 2655 757 2731 Dei
792 2659 935 2733 omnium
962 2658 1095 2730 Domini
1120 2660 1309 2749 internos,
1336 2659 1456 2753 quique
1483 2656 1615 2731 ordinat

242 2784 395 2870 tempora
423 2785 457 2846 et
483 2777 695 2864 occasiones,
722 2783 756 2845 et
790 2796 892 2869 super
917 2795 981 2847 nos
1014 2775 1161 2848 infirmos
1197 2783 1232 2847 et
1264 2783 1479 2869 peccatores:
1515 2795 1618 2870 super

243 2888 431 2963 Ecclesiam
459 2898 606 2962 sanctam
634 2900 669 2961 et
693 2888 780 2963 filios
808 2891 898 2982 ejus,
925 2913 1028 2986 super
1053 2900 1167 2988 patres
1194 2900 1342 2981 nostros,
1367 2888 1502 2979 iratres,
1529 2890 1616 2963 filios

245 3017 280 3079 et
295 3006 453 3080 doctores
478 3016 626 3092 nostros,
653 3015 687 3077 et
713 3027 814 3102 super
841 3004 1027 3095 defunctos,
1054 3011 1109 3102 qni
1136 3006 1293 3079 emedio
1320 3009 1426 3080 nostri
1452 3005 1617 3094 abierunt,

244 3133 279 3195 et
313 3144 415 3219 super
441 3144 573 3195 omnem
599 3119 838 3195 fraternitatem
871 3130 1018 3196 nostram
1045 3127 1077 3196 in
1106 3122 1252 3213 Christo,
1278 3120 1519 3213 misericordia,
1544 3118 1613 3192 be-

244 3237 463 3329 nedictiones,
490 3248 525 3310 et
549 3242 658 3331 gratia
680 3238 744 3310 Dei
770 3241 876 3310 nostri
890 3238 1061 3329 adorandi,
1073 3243 1223 3328 veniant,
1249 3248 1476 3334 permaneant,
1502 3237 1615 3310 effun-

245 3352 376 3440 dantur,
406 3363 441 3425 et
466 3351 614 3442 induant,
640 3357 771 3449 sintque
797 3377 898 3451 super
923 3377 987 3428 nos
1022 3366 1184 3453 perpetuo
1218 3378 1306 3428 nunc
1333 3359 1547 3451 etsemper,
1582 3364 1617 3426 et

244 3473 279 3542 in
305 3471 442 3544 saecula
469 3467 689 3543 saeculorum.

350 3586 445 3659 Atia.
497 3587 564 3660 Per
590 3585 764 3659 dextoram
790 3596 881 3658 mam
906 3586 1008 3659 Pater
1038 3598 1154 3678 noster
1188 3590 1308 3684 quies
1341 3590 1376 3680 iu
1402 3586 1520 3679 coelis,
1544 3587 1615 3661 be-

246 3702 344 3775 nedic
360 3703 507 3776 Domine
532 3701 631 3777 uobis
658 3701 826 3776 omnibus:
852 3725 1020 3776 conserva
1047 3715 1081 3776 et
1107 3704 1231 3797 adjuva
1256 3727 1320 3778 nos
1354 3726 1488 3777 omnes:
1528 3726 1616 3800 pro-

247 3839 366 3916 speras
392 3818 449 3892 fac
488 3822 638 3892 actiones
683 3823 827 3891 omnium
860 3828 1026 3892 noenum:
1057 3820 1220 3893 alimenta
1257 3820 1385 3918 praebe
1424 3822 1617 3894 necessitati

247 3938 390 4008 omnium
418 3946 577 4023 nostrum,
605 3945 640 4007 et
663 3934 750 4026 laus,
776 3933 895 4024 bonor,
922 3939 1214 4029 gratiarumactio
1242 3947 1276 4009 et
1302 3938 1452 4010 adoratio
1479 3935 1615 4008 relere-

245 4059 298 4122 tur
324 4050 382 4124 tibi
408 4076 455 4125 ex
481 4037 542 4125 ore
568 4055 712 4126 omnium
729 4063 890 4142 nostrum,
916 4063 951 4125 et
967 4054 1199 4127 miserationes
1226 4064 1260 4126 et
1285 4057 1395 4148 gratia
1420 4064 1477 4126 tua
1503 4053 1615 4125 effun-

246 4167 365 4240 dantur
391 4190 492 4264 super
518 4171 642 4258 omnia,
667 4171 701 4239 in
727 4166 824 4242 nobis
852 4167 1016 4258 omninno,
1042 4192 1129 4241 nunc
1155 4181 1190 4242 et
1215 4193 1359 4267 semper.

348 4283 443 4355 Alia.
471 4284 679 4380 Suscipiatur
705 4284 849 4359 Domine
875 4285 969 4360 Deus
1003 4294 1119 4358 noster
1145 4291 1254 4360 oratio
1280 4309 1457 4364 servorum
1484 4295 1616 4360 tuorum

244 4396 424 4473 imbellium
450 4423 565 4474 coram
593 4401 680 4475 solio
700 4401 879 4475 divinitatis
905 4412 995 4490 tuae,
1022 4412 1056 4475 et
1082 4406 1125 4477 sit
1149 4408 1371 4497 congregatio
1389 4404 1474 4477 baec
1489 4412 1615 4492 nostra,

245 4515 367 4610 placita
398 4517 561 4592 voluntati
594 4521 778 4611 majestatis
811 4528 906 4606 tuae,
946 4517 989 4591 ad
1024 4521 1251 4616 accipiendam
1285 4544 1332 4593 ex
1363 4520 1527 4595 beneficio
1558 4530 1616 4592 tuo
1734 4603 1737 4618 Ι

244 4630 501 4704 incolumitatem
529 4638 693 4731 corporis,
719 4643 754 4706 et
778 4637 984 4707 sanationem
1011 4639 1160 4726 animae,
1194 4637 1459 4733 tranquillitatem
1486 4658 1617 4746 perpe-

245 4757 348 4837 tuam,
375 4757 410 4820 et
434 4772 553 4845 pacem
578 4751 745 4847 prolixam
771 4774 845 4824 cum
879 4748 1080 4826 abundantia
1106 4775 1218 4827 rerum
1244 4753 1287 4826 ad
1312 4756 1416 4827 vitam
1449 4774 1617 4826 necessa-

204 4891 214 4898 ·
245 4867 384 4937 riarum:
410 4876 445 4937 et
471 4866 650 4942 concordia
682 4870 830 4942 cantatis
865 4867 1075 4942 immutabilis
1108 4879 1143 4942 et
1176 4869 1430 4958 indissolubilis,
1464 4869 1617 4942 omnibus

247 4977 365 5168 dppbns
392 4980 511 5077 quibus
537 4983 698 5059 subsistet
723 4982 873 5072 muudus,
899 5006 988 5057 nunc
1018 4995 1052 5058 et
1077 5008 1224 5085 semper,
1249 4997 1285 5062 et
1309 4991 1343 5060 in
1369 4985 1506 5061 saecula
1531 5006 1620 5058 sae-

246 5119 266 5169 c
301 5119 406 5171 orum.
