4525 6034
574 605 626 683 lll
657 605 952 684 LlTllllGth
987 604 1270 684 staticus
1532 606 1605 682 105

235 791 308 855 lium
329 791 497 855 Ecclesiam
512 790 658 853 Graecam
680 792 823 871 pervasit,
845 791 898 853 vix
918 807 1048 871 unquam
1070 790 1108 853 ad
1130 790 1311 854 remotiores
1333 790 1401 854 illos
1419 789 1606 855 Christianos
1629 857 1633 864 ,

236 893 406 978 6166611666
429 885 675 972 deprehenditur.

324 990 409 1065 Ouae
431 1007 507 1053 vero
521 987 656 1052 Graecos
679 989 865 1052 recentiores
887 995 1037 1069 spectant,
1060 988 1142 1051 eirca
1164 987 1244 1050 illam
1267 987 1305 1050 de
1327 989 1490 1052 animarum
1511 1007 1606 1070 sepa·
1646 997 1928 1054 Graecorumdeeuim

236 1097 368 1152 ratarum
391 1090 563 1153 conditione
584 1087 766 1166 doctrinam,
796 1089 854 1150 etsi
876 1106 944 1150 cum
966 1089 1144 1168 quaestione
1166 1087 1204 1150 de
1226 1088 1405 1172 Purgatorio
1427 1090 1468 1152 ita
1491 1086 1867 1151 661166-1666616116

235 1197 339 1268 reant,
363 1187 503 1252 61616161
525 1188 684 1251 Fcrrariae
707 1187 931 1251 etFlorentiae
955 1194 1080 1249 tractata
1109 1185 1235 1265 luerint,
1264 1204 1324 1250 non
1352 1196 1410 1251 tam
1440 1206 1481 1250 ex
1509 1188 1604 1269 ipsius

236 1290 422 1370 quaestionis
451 1296 558 1351 natura
587 1287 734 1369 originem
764 1287 890 1365 babent,
924 1305 1012 1367 quam
1040 1306 1080 1349 611
1110 1285 1293 1348 Graecorum
1323 1287 1524 1366 contumacia,
1554 1287 1605 1367 qni

235 1388 305 1451 dum
327 1389 450 1451 Latinos
472 1388 713 1465 insectabantur,
743 1393 776 1448 ut
805 1387 887 1467 quod
910 1385 1035 1463 alicubi,
1065 1385 1249 1448 calumniose
1271 1386 1391 1448 nimium
1413 1395 1443 1448 et
1466 1387 1604 1467 imperite

236 1488 367 1570 Symeon
390 1487 669 1551 Thessalonicensis
691 1487 827 1566 scripsit,
857 1487 887 1547 in
918 1487 1055 1548 omnibus
1083 1503 1214 1566 peccare
1240 1484 1323 1562 illos,
1354 1484 1604 1562 demonstrarent,

234 1589 315 1651 ultra
337 1590 481 1651 terminos
506 1589 643 1669 antiquos
665 1586 833 1668 progressi,
856 1592 947 1647 totam
970 1583 1049 1646 illam
1073 1583 1261 1667 ‘theologiae
1279 1591 1394 1666 partem
1417 1585 1604 1647 contamina-

235 1695 355 1752 verunt.
399 1687 475 1750 lllud
497 1688 571 1749 satis
593 1685 660 1749 1666
683 1704 701 1747 6
723 1685 810 1747 nobis
832 1684 990 1765 probatum
1013 1690 1059 1746 est
1083 1682 1164 1761 alibi,
1187 1701 1244 1745 nec
1267 1702 1303 1745 66
1325 1691 1468 1764 16661616
1490 1701 1605 1763 operae

233 1790 364 1869 pretium
387 1788 475 1865 16161,
498 1806 565 1849 cum
587 1785 626 1849 ad
640 1783 810 1848 0116616166
832 1800 893 1845 666
915 1784 1093 1864 pertineant.
1116 1781 1262 1864 Ignorant
1284 1783 1363 1845 enim
1385 1783 1439 1860 illi,
1462 1781 1604 1864 quidquid

235 1888 324 1951 alteri
346 1887 384 1950 de
406 1888 465 1950 boc
487 1893 664 1969 argumento
686 1883 901 1948 verbosissime
924 1882 1171 1963 disputaverunt,
1194 1881 1232 1944 de
1255 1882 1345 1945 dilata
1367 1900 1465 1963 usque
1488 1883 1524 1944 ab
1547 1900 1604 1944 su-

234 2005 371 2069 premum
397 1987 503 2068 Judicii
531 1986 609 2048 diem
637 1991 808 2047 sanctorum
838 1980 997 2060 felicitate,
1026 1989 1057 2045 et
1086 1982 1246 2063 impiorum
1279 1982 1481 2045 damnatione:
1511 1981 1603 2044 multo

234 2087 332 2166 magis
346 2084 427 2167 quod
449 2086 479 2147 in
501 2084 618 2147 16161116
641 2081 742 2146 161661
764 2082 853 2144 etiam
876 2081 1043 2143 electorum
1056 2081 1182 2160 animae,
1205 2083 1235 2143 in
1257 2080 1382 2165 gemitu,
1405 2081 1532 2159 tristitia,
1554 2087 1605 2142 te-

234 2186 339 2248 nebris
363 2184 530 2265 salutisque
552 2202 608 2265 666
631 2181 730 2258 dubia,
753 2189 784 2243 et
805 2181 874 2243 dum
887 2169 926 2242 de
940 2181 1060 2243 tertium
1071 2180 1153 2242 illum
1164 2179 1274 2260 locum,
1297 2180 1604 2262 quemPurgatorium

236 2283 437 2365 appellamus,
459 2290 637 2368 agnoscant,
659 2288 780 2344 sanctos
796 2280 883 2343 coelo
902 2280 1072 2359 deturbant,
1089 2279 1189 2343 nullus
1202 2281 1277 2343 alins
1290 2281 1443 2344 animabus
1456 2278 1604 2356 fidelibus,

235 2391 361 2465 praeter
381 2381 530 2445 infernum
552 2380 739 2462 relinquitur.
764 2380 812 2442 Ex
828 2399 865 2443 eo
878 2382 967 2443 etiam
981 2399 1037 2463 661
1051 2397 1160 2461 preces
1173 2380 1330 2443 Ecclesiae
1352 2382 1466 2443 animas
1489 2396 1605 2455 eorum,

237 2485 290 2563 qui
317 2483 349 2544 in
376 2490 521 2562 peccato,
553 2480 715 2542 autetiam
735 2480 766 2542 in
787 2478 960 2542 infidelitate
983 2479 1140 2559 obierunt,
1169 2479 1257 2543 educi
1285 2498 1377 2563 posse
1407 2477 1604 2562 pertendunt:

235 2600 296 2645 nec
318 2581 424 2662 puduit
446 2600 511 2660 eos,
534 2582 593 2643 imo
615 2597 672 2641 nec
694 2578 871 2641 Dositheum
893 2588 962 2642 ante
984 2597 1099 2660 paucos
1122 2596 1218 2642 annos
1241 2578 1441 2642 Patriarcham
1455 2578 1605 2640 llierosn-

239 2678 744 2763 1161166616,66116616666111166
767 2679 933 2759 opinionis:
963 2670 1051 2760 quani
1078 2678 1188 2741 tabulis
1210 2676 1391 2741 Falconillae
1422 2685 1452 2740 61
1474 2676 1605 2758 ¹lrajani,

237 2780 281 2841 ita
303 2797 342 2841 ex
364 2781 471 2861 poenis
497 2779 606 2841 1616161
632 2778 844 2857 liberatorum,
872 2776 1036 2842 confirmat.
1081 2778 1124 2841 lta
1154 2777 1223 2840 dnm
1250 2777 1329 2840 illam
1359 2777 1397 2840 de
1427 2777 1605 2860 Purgatorio

238 2881 476 2941 controversiam
488 2879 635 2942 adversus
647 2877 771 2939 Latinos
793 2876 977 2939 ambitiosius
999 2878 1154 2959 prosecuti
1176 2886 1256 2954 sunt,
1279 2884 1310 2939 et
1325 2876 1467 2957 Origcnis
1482 2892 1605 2939 errores

235 2977 295 3041 illis
318 2979 477 3060 objiciunt,
506 2979 537 3040 in
565 2976 690 3041 eosdem
712 2980 797 3040 ivere
820 2976 1017 3058 61666161166,
1045 2983 1078 3040 61
1106 2975 1175 3039 1666
1203 2977 1293 3040 611616
1323 2975 1477 3056 6116116616
1505 2976 1604 3038 666611

236 3096 350 3141 sumus.

1650 2478 1754 2531 Euchir.
1770 2481 1865 2552 111616.
1879 2481 1925 2536 83.

323 3177 430 3240 Omnia
459 3177 535 3239 baec
557 3175 759 3239 Orientalibus
789 3176 892 3259 ignota
921 3182 1005 3253 sunt,
1036 3194 1054 3237 a
1082 3173 1190 3256 quibus
1220 3175 1382 3255 antiquitus
1405 3173 1606 3237 observantur
1636 3167 1807 3223 noeentum
1825 3170 1923 3239 1611011·

170 3343 175 3352 ,
236 3276 297 3339 dno
321 3274 495 3356 discipliuae
518 3276 632 3356 666116,
660 3294 754 3356 quae,
783 3276 810 3336 si
835 3274 914 3335 livor
937 3273 1097 3353 abluisset,
1125 3274 1163 3336 ad
1186 3273 1379 3337 dirimendam
1401 3273 1605 3354 quaestionem

235 3376 302 3438 sola
325 3375 519 3439 sufficiebant.
565 3374 691 3436 Primum
714 3380 777 3450 est,
799 3372 949 3436 invocatio
972 3380 1158 3451 sanctorum,
1182 3373 1220 3435 ad
1243 3392 1320 3453 quos
1342 3390 1451 3455 preces
1473 3372 1606 3453 dirigunt

234 3476 267 3537 in
289 3469 442 3557 Lituigiis,
465 3476 591 3555 aliisque
614 3472 751 3536 omnibus
774 3473 894 3551 Officiis,
917 3479 951 3535 ut
972 3491 1028 3555 per
1051 3473 1204 3535 orationes
1227 3472 1263 3534 ad
1287 3472 1392 3551 Deum,
1420 3471 1469 3534 cui
1492 3472 1521 3533 in
1543 3471 1605 3534 vita

235 3593 292 3636 sue
307 3574 497 3654 placuerunt,
520 3574 646 3656 gratiam
660 3572 937 3635 etmisericordiam
960 3573 1026 3635 aliis
1038 3572 1135 3635 adbuc
1156 3574 1186 3634 in
1209 3579 1290 3636 terra
1304 3573 1422 3653 positis,
1440 3570 1603 3636 obtineant.

234 3673 374 3737 Alterum
396 3690 505 3755 preces
528 3674 558 3734 in
580 3674 646 3753 1666
668 3690 755 3734 66616
778 3673 896 3734 6611666
918 3674 1076 3753 repetitae,
1098 3689 1156 3753 616
1179 3671 1386 3735 damnatorum
1409 3671 1518 3753 quiete.
1564 3670 1605 3733 At

234 3772 430 3852 interpellare
452 3791 508 3853 616
521 3772 647 3835 aliorum
659 3771 756 3834 salute
771 3771 812 3834 illi
824 3790 884 3835 non
898 3780 1035 3852 possunt,
1059 3774 1110 3852 qui
1134 3771 1172 3834 de
1194 3789 1248 3834 sua
1271 3772 1390 3853 plenam
1413 3772 1604 3834 securitatem

234 3887 299 3933 non
316 3871 435 3935 habent.
470 3871 557 3944 Quod
580 3873 695 3953 siquis
718 3871 839 3953 objiciat
862 3870 1017 3934 formulam
1040 3871 1130 3949 illam,
1154 3871 1193 3934 de
1215 3891 1274 3953 qua
1296 3870 1386 3952 paulo
1409 3870 1603 3933 antedictum

235 3979 295 4049 661,
318 3973 348 4033 16
371 3990 428 4052 1166
451 3989 508 4052 616
530 3969 564 4032 Β.
587 3972 723 4053 Virgine,
746 3970 1005 4052 llartgribusque,
1028 3980 1059 4033 et
1080 3973 1192 4034 sanctis
1215 3970 1292 4048 aliis,
1316 3970 1426 4034 similes
1449 3987 1546 4051 prope
1569 3987 1605 4031 66

232 4089 292 4151 616
315 4071 438 4152 reliquis
461 4069 609 4133 defunctis
632 4071 785 4132 orationes
808 4078 982 4148 occurrunt,
1004 4070 1133 4132 videnda
1157 4088 1235 4151 quae
1257 4068 1295 4132 ad
1320 4088 1387 4132 eum
1410 4069 1605 4133 1666161111-

234 4187 317 4231 mns:
339 4188 439 4252 nequa
462 4172 534 4232 tanti
559 4177 605 4232 661
628 4170 713 4233 istius
737 4168 832 4231 Oltlcii
853 4170 948 4232 661166
971 4171 1125 4248 661611166,
1150 4178 1182 4231 61
1205 4188 1271 4231 6616
1294 4169 1431 4231 omnibus
1449 4168 1603 4250 Liturgiis,

236 4288 315 4352 quae
338 4270 435 4332 simile
456 4271 528 4332 nihil
550 4269 675 4348 habent,
699 4271 797 4351 possit
820 4271 998 4351 comparari.
1044 4268 1155 4331 Preces
1184 4287 1258 4331 vero
1289 4287 1346 4350 616
1377 4269 1516 4345 mortuis,
1545 4287 1604 4329 cx-

234 4388 374 4451 pressam
396 4370 507 4433 habent
535 4370 652 4432 illarum
675 4368 813 4448 16116616,
844 4387 922 4449 quae
944 4369 1078 4448 primitus
1101 4369 1130 4429 in
1154 4367 1319 4431 Occidente
1341 4367 1379 4430 ad
1402 4367 1505 4429 6116116
1528 4384 1605 4449 616-

234 4470 389 4533 nuntiatae
412 4477 492 4546 sunt,
515 4487 680 4550 omnesque
711 4488 751 4531 ex
781 4469 887 4531 eodem
908 4467 1112 4548 limpidissimo
1136 4469 1219 4531 16616
1243 4467 1422 4531 Traditionis
1445 4467 1603 4529 1161161661.

234 4569 278 4631 At
299 4588 400 4650 neque
411 4570 507 4632 Latini
529 4576 651 4632 veteres
668 4567 803 4646 Graecis,
826 4586 924 4649 neque
946 4567 1054 4630 Graeci
1076 4568 1189 4632 Latinis
1211 4567 1300 4629 ullam
1323 4567 1360 4629 de
1374 4566 1491 4629 illarum
1505 4565 1604 4646 signi-

234 4667 376 4732 ficatione
398 4667 481 4731 litem
502 4674 669 4747 moverunt,
692 4676 724 4730 et
737 4666 854 4730 eaidem
876 4666 955 4729 illam
965 4668 1044 4748 apud
1061 4676 1208 4750 utrosque
1225 4666 1320 4730 luisse
1341 4665 1603 4730 verisimillmmum

235 4775 294 4832 est.
337 4768 385 4830 Ex
412 4768 528 4831 illarum
555 4768 648 4852 igitur
675 4765 801 4847 simplici
822 4765 1034 4850 intelligentia,
1064 4769 1095 4830 in
1117 4768 1240 4831 Oriente
1262 4785 1321 4831 non
1345 4767 1441 4829 minus
1463 4783 1551 4848 quam
1572 4766 1603 4826 in

234 4865 404 4934 Occidente
417 4868 564 4931 creditum
586 4866 651 4945 fuit,
674 4865 823 4948 prodesse
845 4868 969 4930 mortuis
990 4868 1126 4930 vivorum
1149 4867 1305 4948 suffragia,
1327 4866 1492 4943 orationes,
1514 4865 1601 4928 6166-

236 4984 381 5048 mosynas
404 4968 570 5049 praecipue
593 4984 669 5030 vero
691 4965 867 5028 sacrificium
880 4967 1097 5046 Eucharistiae,
1119 4966 1177 5031 illis
1200 4975 1299 5029 autern
1320 4966 1370 5045 qui
1392 4967 1431 5027 ita
1451 4965 1602 5045 vixissent

235 5075 270 5130 ut
291 5074 419 5149 possent
441 5066 518 5130 haec
540 5068 606 5147 ipsa
627 5065 686 5129 illis
708 5065 791 5128 utilia
814 5084 884 5129 esse
905 5075 977 5148 post
998 5074 1135 5131 mortem.
1178 5066 1285 5146 Neque
1307 5065 1385 5128 enim
1408 5083 1464 5146 616
1482 5066 1600 5146 impoe-
