4525 6034
673 483 725 556 22
1183 486 1544 564 LITURGIA

672 676 787 768 patres
819 681 854 744 et
882 672 1006 747 fratres
1037 675 1104 745 mei
1137 671 1282 746 absoluti
1315 695 1363 744 ex
1395 694 1456 746 ore
1489 696 1586 763 meo,
1622 696 1684 770 per
1717 674 1874 771 Spiritum
1902 685 2062 749 sanctum

671 797 779 880 mum,
806 810 827 860 o
852 787 944 861 bone
970 799 1005 861 et
1029 797 1160 862 amator
1185 786 1363 860 bominum.
1418 786 1511 861 Deus
1544 793 1599 884 qui
1632 789 1721 863 tollis
1754 799 1894 886 peccata
1928 795 2062 886 mundi,

670 907 835 1000 praeveni
862 927 924 978 eos
951 907 1137 1000 suscipiens
1163 907 1402 1000 poenitentiam
1429 926 1608 978 servorum
1633 916 1763 978 morum
1785 906 1827 978 ab
1844 910 1938 1002 ipsis,
1968 932 2063 1007 quae

671 1022 715 1093 sit
740 1019 851 1092 lumen
878 1020 920 1092 ad
952 1024 1197 1112 cognitionem,
1230 1028 1265 1091 et
1294 1023 1448 1093 remissio
1479 1031 1692 1115 peccatomm
1727 1032 1937 1115 nostrorum,
1977 1030 2061 1120 quia

670 1142 707 1206 tu
733 1136 826 1209 Deus
853 1137 1030 1208 miserator
1056 1145 1090 1207 et
1115 1136 1306 1207 misericors
1333 1157 1389 1226 es,
1415 1135 1614 1228 longanimis
1641 1147 1676 1208 et
1700 1133 1828 1235 jomus
1853 1140 2061 1212 numericor-

672 1247 767 1343 diae,
794 1260 829 1323 et
850 1254 969 1343 jusus.
1023 1252 1061 1323 Si
1087 1253 1121 1322 in
1147 1261 1182 1322 te
1208 1253 1464 1347 peccaverimus
1498 1251 1607 1325 verbo
1634 1263 1691 1324 aut
1717 1275 1840 1349 opere,
1879 1277 1986 1349 parce
2025 1266 2062 1327 et

670 1369 802 1437 remitto
826 1365 925 1440 nobis
950 1365 1041 1440 bone
1068 1378 1103 1439 et
1128 1376 1258 1440 amator
1283 1365 1460 1440 bominum.
1514 1367 1544 1439 0
1570 1368 1715 1441 Domine
1742 1367 1884 1441 absolve
1909 1393 1995 1463 nos,
2025 1381 2074 1468 et

671 1482 814 1578 populus
841 1492 916 1555 mus
944 1483 1115 1556 absolutus
1143 1487 1195 1555 sit.

897 1740 966 1811 Hic
991 1738 1169 1813 Sacerdos
1193 1742 1342 1810 merainit
1365 1741 1518 1810 cicorum
1544 1745 1580 1809 et
1603 1745 1819 1810 rnmtaorraa.

773 1944 961 2036 Memento,
987 1945 1155 2031 Domine,
1181 1947 1293 2042 pacis,
1319 1947 1456 2034 meae,
1484 1926 1638 2034 sauctae,
1667 1941 1860 2017 Catholicae
1886 1953 1922 2016 et
1945 1948 2056 2042 Apo-

669 2057 810 2132 stolicae
834 2059 1031 2135 Ecclesiae:
1057 2060 1217 2135 confirma
1244 2063 1277 2131 in
1304 2057 1394 2132 bouo
1421 2060 1465 2133 ad
1491 2070 1677 2132 extremum
1709 2083 1816 2155 usque
1847 2063 1939 2133 vitae
1974 2066 2055 2157 spi-

669 2177 787 2267 ritum,
815 2186 849 2249 et
874 2178 1004 2251 custodi
1030 2182 1064 2250 in
1090 2198 1176 2273 pace
1203 2198 1320 2249 omnes
1346 2175 1464 2249 Paires
1482 2187 1619 2250 nostros
1639 2174 1869 2266 Ortborloxos,
1896 2175 2053 2273 Episco-

668 2311 754 2387 pos,
794 2291 1029 2384 Hegumenos,
1070 2290 1315 2389 Presbyteros,
1354 2292 1546 2384 Diaconos,
1579 2290 1830 2381 subdiaconos,
1870 2291 2054 2384 Lectores,

670 2405 855 2498 cantores,
880 2407 1096 2499 Exercistos,
1121 2406 1320 2499 Monachos,
1342 2407 1517 2501 Virgines,
1544 2407 1691 2498 Viduas,
1718 2406 1906 2504 Orpbauos,
1923 2407 2053 2481 Conti-

666 2533 808 2614 neuies,
833 2522 976 2616 Laicos,
1002 2523 1152 2614 Servos,
1178 2520 1341 2614 Liberos,
1367 2545 1514 2620 peregre
1541 2523 1698 2597 absentes
1720 2533 1755 2594 et
1772 2522 1932 2618 populum
1949 2524 2052 2617 hujus

664 2638 750 2732 loci,
776 2648 842 2711 tam
868 2642 963 2712 viros
991 2663 1089 2735 quam
1115 2639 1294 2729 mulieres,
1320 2661 1421 2713 senes
1447 2651 1482 2712 et
1504 2643 1667 2733 juvenes,
1692 2660 1821 2735 parvos
1838 2649 1873 2710 et
1889 2636 2050 2732 magnos,

664 2758 721 2850 qui
746 2765 932 2846 venerunt,
965 2759 1087 2851 quique
1116 2777 1186 2828 uon
1217 2766 1399 2829 venerunt:
1433 2760 1488 2851 (poi
1522 2757 1679 2827 dixerunt
1707 2752 1824 2845 nobis,
1858 2764 1895 2826 ut
1928 2777 2051 2843 corum

662 2873 946 2964 meminissemus,
973 2881 1007 2943 et
1032 2875 1182 2966 quinon
1209 2870 1380 2943 dixerunt:
1408 2893 1493 2966 quos
1519 2874 1693 2959 novimus,
1720 2881 1754 2942 et
1786 2893 1871 2965 quos
1897 2872 2050 2963 ignora·

662 3010 753 3060 mus:
781 2990 836 3083 qui
863 2986 941 3061 odib
968 3009 1052 3079 nos,
1079 2997 1113 3060 et
1140 2990 1197 3083 qui
1223 3010 1338 3063 amoro
1369 2998 1623 3083 prosequuntur.
1676 2985 1785 3059 Vivos
1817 2987 1948 3059 custodi
1981 3011 2047 3084 per

660 3105 830 3198 Angelum
857 3107 973 3202 pacis,
999 3114 1035 3177 et
1060 3114 1265 3176 mortuorum
1292 3105 1420 3176 auimas
1445 3101 1502 3176 fao
1527 3103 1671 3175 Domino
1698 3105 1873 3197 quiescere
1908 3105 1944 3175 iu
1970 3106 2048 3176 siun

661 3219 797 3295 Patrum
821 3220 1012 3296 nostrorum
1038 3230 1231 3293 sanctorum
1256 3217 1449 3310 Abrabam,
1475 3220 1573 3297 Isaac
1606 3229 1641 3294 et
1665 3215 1793 3306 Jacob,
1825 3220 1860 3288 in
1885 3218 2046 3313 paradiso

661 3338 854 3435 voluptatis.
906 3337 951 3410 Et
976 3357 1094 3410 omnes
1122 3332 1330 3410 Christianos
1364 3334 1597 3425 Ortbodoxos,
1634 3333 1676 3408 ab
1713 3343 1788 3406 ortu
1821 3330 1903 3406 solis
1936 3356 2048 3430 usqne

662 3453 706 3527 ad
732 3475 909 3546 occasum,
943 3464 976 3525 ot
1010 3477 1030 3525 a
1063 3451 1183 3524 dextra
1215 3451 1257 3523 ad
1290 3456 1475 3541 sinistram,
1508 3449 1660 3543 singulos
1694 3449 1839 3520 Domine
1875 3469 2048 3523 conserva

659 3572 696 3641 iu
722 3592 823 3665 pace:
851 3580 886 3643 et
910 3569 1132 3642 infirmitatem
1156 3590 1265 3640 meam
1292 3567 1390 3640 solve
1416 3567 1458 3641 ab
1486 3570 1576 3640 omni
1602 3576 1764 3662 peccato,
1792 3565 1947 3659 omnique
1963 3587 2045 3636 ma-

660 3684 801 3776 ledicto,
827 3688 915 3757 omni
942 3684 1167 3777 abnegatione
1193 3693 1228 3757 et
1252 3686 1421 3780 perjurio,
1448 3687 1604 3777 omnique
1630 3680 1780 3770 stultitia,
1815 3690 1883 3752 tam
1912 3679 2044 3752 baere-

660 3804 821 3893 ticorum,
849 3824 947 3897 quam
958 3800 1184 3874 Ethnicorum.
1238 3797 1398 3874 concode
1414 3800 1512 3873 nobis
1527 3799 1671 3870 Domine
1694 3795 1911 3885 intellectum,
1937 3795 2044 3868 robur

661 3927 696 3989 et
721 3917 989 4011 intelligentiam,
1023 3926 1060 3989 ut
1086 3916 1129 3989 ad
1154 3913 1253 3988 mem
1287 3938 1395 4010 usque
1420 3914 1585 4008 fugiamus
1619 3912 1661 3986 ab
1689 3915 1779 3986 omni
1811 3934 1850 3983 re
1885 3908 1972 3982 mala
2010 3914 2044 3982 in

661 4038 868 4130 oppositam,
895 4045 930 4107 et
955 4034 997 4107 (la
1023 4033 1122 4107 nobis
1147 4042 1185 4105 ut
1210 4032 1371 4105 faciamus
1398 4034 1487 4104 omui
1514 4041 1664 4126 tempore
1691 4028 1726 4100 id
1753 4026 1841 4123 quod
1858 4026 1917 4099 tibi
1932 4048 2042 4098 acce-

660 4161 752 4245 ptum
794 4162 854 4225 est
914 4150 1035 4224 Scribe
1073 4153 1209 4222 nomina
1243 4159 1360 4221 nostra
1394 4171 1468 4220 cum
1504 4144 1655 4219 omnibus
1696 4144 1805 4217 eboris
1839 4136 2042 4215 Sanctorum

658 4276 807 4357 tuorum,
833 4271 869 4340 iu
894 4288 1002 4360 regno
1030 4264 1204 4339 coelorum
1228 4287 1291 4361 per
1321 4263 1438 4336 lesum
1473 4263 1638 4337 Christum
1670 4261 1848 4332 Dominum
1877 4268 2040 4330 nostrum

760 4383 950 4456 Diaconos.
1005 4381 1088 4455 Cum
1114 4384 1236 4454 timore
1261 4380 1337 4452 Deo
1366 4379 1583 4451 attendamus.

350 4502 497 4582 Εῖςπατὴρ
513 4512 593 4582 ἅγιος,
608 4507 644 4573 εἷς
758 4486 913 4594 Populus
939 4499 1040 4571 dicet.
1093 4496 1187 4569 Unus
1214 4495 1316 4568 Pater
1341 4507 1486 4569 sanctus.

329 4593 385 4697 3²⁶⁶
402 4597 481 4665 “lm‘’
497 4598 525 4651 ε’
539 4603 643 4668 ''l‘lt‘l'
765 4617 832 4690 Ubi
857 4617 1037 4688 Diaconos
1064 4614 1204 4684 dicerit.
1233 4610 1317 4684 Cum
1343 4615 1475 4703 timore,
1503 4621 1569 4683 etc.

328 4702 454 4838 ⁰⁷:224,
760 4733 923 4826 Papulas.
976 4731 1083 4827 llyrie
1110 4729 1249 4803 eleison.

761 4847 937 4920 Sacerdos
963 4846 1091 4918 attollit
1122 4845 1337 4939 Despolicors
1369 4841 1523 4914 manibus
1548 4840 1709 4929 sublatis,
1746 4845 1781 4912 et
1810 4839 1954 4910 inclinat
1987 4861 2036 4925 se,

657 4955 726 5036 tarn
751 4964 876 5035 durrat
901 4962 975 5034 alla
1000 4985 1103 5052 ooce,
1130 4960 1256 5035 Sancta
1281 4962 1425 5036 Sanctis.
1481 4960 1666 5053 Omnesque
1685 4955 1848 5050 epopalo
1860 4956 2035 5049 prostrati
