4525 6034
344 596 659 676 cummanum
673 596 927 677 ormnrnnun
941 564 1091 677 mund
1105 600 1153 676 nr
1167 599 1415 678 auronum.
1458 595 1570 672 nnn

208 789 371 860 cmticres
397 787 657 880 exscripserunt,
681 785 821 858 And-ea
853 783 987 858 Riveto.
1038 784 1072 857 ls
1098 808 1174 859 cn
1200 785 1333 860 Graece
1359 792 1461 865 sciret
1485 812 1566 863 ne-

209 903 372 994 diocriter,
385 910 476 977 esset
489 904 522 973 in
536 902 657 994 linguis
673 899 896 975 Orientalibus
910 900 1009 997 plane
1021 899 1156 997 hospes,
1172 902 1307 977 codices
1325 909 1568 1002 manuscriptos

207 1019 315 1093 nullos
337 1019 489 1105 vidisset,
514 1016 570 1090 tali
596 1018 774 1114 supercilio
800 1039 974 1091 censuram
1000 1020 1035 1089 in
1060 1028 1197 1092 veteres
1224 1029 1359 1093 autores
1385 1019 1567 1097 Ecclesia·

207 1139 310 1211 sicos
334 1136 495 1225 exercit,
520 1156 619 1207 nemo
645 1143 681 1206 ut
706 1134 748 1206 de
773 1134 837 1207 illis
868 1144 936 1206 mm
969 1136 1183 1230 imperatorie
1210 1141 1407 1210 sententiam
1434 1138 1567 1227 dixerit,

207 1257 402 1349 praesertim
428 1251 472 1323 de
497 1250 664 1343 Litarrgiis.
718 1248 801 1323 Cum
826 1272 912 1323 vero
938 1273 980 1322 ea
1006 1259 1131 1323 mmmm
1158 1275 1244 1347 quae
1271 1253 1314 1326 ad
1344 1253 1474 1327 illarum
1499 1276 1568 1326 an-

207 1373 398 1465 n‘quitatem,
424 1377 460 1440 et
484 1364 681 1443 ademtae
706 1371 883 1463 pertinent,
897 1377 1043 1439 tractme
1068 1367 1167 1441 nobis
1181 1372 1385 1465 propositum
1412 1374 1466 1459 sit,
1481 1392 1568 1463 qnae

206 1485 249 1559 ad
274 1507 390 1558 omnes
416 1493 567 1581 spectant
592 1488 776 1559 summatim
802 1506 1027 1580 exponemusz
1052 1483 1147 1580 plura
1176 1485 1218 1557 de
1236 1486 1374 1578 singulis
1401 1485 1467 1558 alio
1492 1486 1568 1558 loco

206 1602 334 1675 dcmrt
385 1601 471 1674 Nam
504 1601 547 1673 de
573 1623 614 1673 ea
649 1623 735 1697 quae
760 1599 881 1674 iacobi
905 1599 1030 1672 ctutum
1056 1599 1170 1691 babet,
1197 1624 1335 1694 agemus
1361 1605 1395 1675 iu
1420 1601 1568 1676 Praefa-

205 1722 296 1793 ticne
324 1719 365 1791 ad
390 1718 583 1814 Syriacam:
609 1716 653 1790 de
679 1717 752 1791 aliis
778 1738 910 1814 quoque
936 1718 1006 1789 suia
1030 1715 1125 1789 locis.

312 1897 428 1970 Omnia
454 1919 540 1971 vero
564 1897 690 1987 Riveti,
716 1895 824 1970 cavei
847 1906 881 1969 et
906 1896 1044 1973 aliorum
1058 1896 1221 1971 adversus
1240 1896 1423 1991 Liturgiam
1449 1897 1568 1972 iacobi
1598 1910 1886 1982 ornatarumqu-

208 2013 384 2103 Graecam,
411 2035 498 2110 quae
524 2013 595 2086 sola
613 2015 694 2108 ipsis
720 2023 799 2085 nota
826 2023 911 2102 erat,
938 2023 1132 2106 argumenta
1158 2034 1201 2085 eo
1220 2023 1383 2108 spectant,
1405 2023 1440 2085 nt
1462 2012 1568 2107 qualis
1580 2006 1673 2052 '‘¹⁰¹¹“

208 2141 258 2203 est
281 2134 320 2203 in
345 2130 487 2202 Graecis
522 2128 707 2219 codicibus,
740 2152 760 2200 a
791 2126 920 2201 iacebo
949 2132 1072 2226 scripta
1100 2151 1178 2202 esse
1204 2151 1271 2201 non
1296 2134 1410 2227 possit.
1463 2129 1501 2200 ln
1526 2154 1566 2202 ea

207 2248 334 2321 scilicet
359 2249 512 2341 usurpari
536 2268 642 2317 voces
667 2242 881 2339 Ὀμοουσὶου
906 2255 940 2318 et
968 2242 1155 2334 Θεοτόκου,
1182 2269 1268 2341 qnae
1294 2249 1329 2318 in
1354 2246 1569 2333 Nicaencet

205 2364 374 2461 lipbesinc
410 2361 568 2436 Conciliis
599 2362 829 2458 promulgatae
864 2370 955 2434 sunt:
981 2365 1176 2435 memoriam
1203 2360 1360 2435 Ordinum
1387 2363 1568 2435 Ecclesia-

206 2485 361 2554 sticormn
388 2481 443 2574 qui
468 2475 612 2549 nondum
638 2489 733 2551 erant
757 2477 842 2568 fieri,
869 2488 904 2549 ut
931 2475 1170 2551 confessorum
1204 2489 1238 2550 et
1263 2478 1567 2553 Anacboretarum:

206 2598 394 2690 'l‘risagium
421 2597 566 2684 recitari,
594 2605 628 2667 et
653 2594 781 2668 simssia.
823 2593 904 2668 Inde
931 2594 1128 2667 conficiebat
1153 2594 1306 2688 Rivetus,
1331 2595 1450 2670 falsam
1478 2616 1568 2686 esse,

207 2725 240 2787 et
264 2716 471 2809 suppositam
497 2709 615 2783 iacobi
636 2711 833 2805 Liturgiam,
858 2709 1014 2806 nulloque
1040 2711 1116 2784 loco
1130 2711 1335 2785 habendam:
1362 2711 1478 2808 quibus
1505 2734 1568 2782 ra-

206 2814 347 2903 tionibus
375 2851 451 2900 eam
477 2851 608 2924 quoque
635 2827 810 2900 evertebat
836 2850 922 2924 qrrae
953 2826 1070 2900 Marco
1103 2828 1270 2902 tribuitur:
1302 2828 1393 2901 Petri
1418 2832 1509 2919 item,
1535 2836 1569 2899 et

209 2945 407 3042 Aethiopum
435 2943 626 3036 Cononem,
653 2949 707 3040 qui
741 2944 914 3035 Matbaeo,
948 2953 984 3015 ut
1009 2947 1082 3040 ipse
1115 2949 1181 3036 ait,
1212 2943 1426 3020 tribuebatur.
1477 2945 1570 3017 Pec-

208 3067 294 3137 cavit
321 3060 541 3156 multipliciter
566 3060 630 3133 boc
658 3065 690 3132 in
719 3061 843 3154 judicio
870 3082 931 3133 suc
966 3060 1124 3134 Rivetus:
1152 3085 1244 3151 cum,
1274 3071 1310 3133 ut
1340 3062 1500 3134 Barcnius
1536 3072 1577 3153 et,

207 3179 424 3252 Bellarminus
447 3181 517 3269 jam
544 3175 821 3269 observaverant,
846 3181 954 3274 possit
979 3201 999 3250 a
1024 3176 1153 3250 Jaccbo
1181 3183 1304 3273 scripta
1329 3177 1434 3252 fuisse
1448 3177 1567 3250 Litor-

208 3299 270 3389 gia,
298 3306 334 3368 et
362 3319 403 3367 ca
430 3296 602 3389 recepisse
628 3318 673 3366 ex
699 3298 861 3367 communi
887 3317 950 3366 usn
972 3299 1114 3367 onmium
1126 3294 1365 3385 Ecclesiarmn,
1392 3318 1477 3390 quae
1504 3317 1567 3367 se-

209 3411 381 3508 quentibus
408 3409 550 3483 saeculis
576 3411 759 3484 introducta
786 3419 869 3485 sunt
923 3410 1008 3482 Nam
1034 3415 1090 3501 ita,
1127 3410 1371 3504 Gregorianam
1395 3434 1462 3483 non
1490 3434 1566 3485 csse

208 3527 344 3600 nissam
376 3526 560 3599 Romanam
593 3528 801 3621 probaretur,
836 3550 878 3602 cc
908 3530 983 3623 ipso
1018 3538 1232 3621 argumento,
1267 3551 1340 3599 cum
1368 3537 1568 3621 sanctorum,

210 3648 261 3740 qui
285 3666 356 3716 non
382 3645 446 3715 nisi
471 3655 548 3739 post
580 3666 685 3718 annos
719 3669 738 3716 a
767 3644 933 3736 Gregorio
959 3644 1078 3717 multos
1104 3647 1277 3734 vixerunt,
1312 3647 1444 3717 nomina
1480 3668 1567 3717 con-

208 3765 316 3832 tineat.
360 3758 478 3854 Neque
504 3768 657 3832 veterem·
680 3758 880 3833 Gallicanam
908 3765 1126 3857 antiquiorem
1152 3761 1193 3832 D.
1220 3761 1362 3833 Martinc
1389 3765 1567 3835 existima-

210 3900 337 3965 remus,
374 3879 450 3971 quia
481 3874 619 3949 Missam
655 3875 697 3948 ad
731 3881 802 3970 ejus
833 3877 954 3950 festum
979 3877 1212 3950 celebrandam
1238 3886 1484 3974 repraesentat:
1512 3888 1568 3950 aut

210 3990 452 4068 blosarabicam
478 3990 615 4066 Urbano
642 3992 699 4065 IV.
727 3997 802 4089 quia
829 3991 981 4066 Officium
1006 3993 1083 4066 festi
1110 3992 1270 4090 Corporis
1307 3992 1425 4067 Christi
1457 3995 1568 4083 habet,

208 4107 442 4183 vetustioribus
469 4107 655 4200 adJunctum
683 4132 703 4180 a
730 4108 906 4182 cardinale
931 4110 1099 4202 Ximenio,
1126 4135 1200 4182 cum
1227 4114 1299 4204 ejus
1319 4110 1464 4183 blissalis
1491 4111 1567 4182 edi-

209 4226 328 4297 tionem
355 4228 555 4319 procuravit

308 4390 390 4481 Sed
417 4401 452 4463 nt
476 4414 593 4464 verum
626 4392 805 4481 fateamur,
835 4398 958 4487 justam
998 4395 1150 4491 triumphi
1189 4399 1361 4469 materiam
1395 4394 1568 4467 Ecclesiae
1599 4398 1814 4451 auterannus
1829 4402 1890 4468 qur·

210 4507 410 4581 adversariis
437 4508 585 4581 homines
604 4513 709 4583 nostri
725 4510 959 4607 praebuerunt,
987 4535 1060 4584 cum
1086 4511 1209 4586 bonam
1235 4535 1370 4585 causam
1387 4510 1569 4585 rationibus
1582 4484 1686 4538 b⁰⁸⁶⁰¹¹¹
1705 4484 1852 4538 ⁰⁸¹¹¹⁰¹⁵⁰⁵⁸'

211 4633 243 4695 et
266 4624 494 4700 autoritatibus
520 4649 635 4723 parum
661 4625 781 4701 idoniis
808 4627 988 4701 defendere
1015 4632 1147 4722 agressi
1174 4638 1257 4701 sunt.
1291 4628 1445 4721 Plerique
1472 4631 1570 4719 enim,

213 4743 306 4813 etiam
334 4764 418 4836 quos
445 4752 539 4816 aetas
566 4742 621 4814 illa
653 4742 784 4816 ferebat
810 4744 1039 4838 doctissunos,
1074 4750 1119 4818 ita
1147 4755 1222 4819 sunt
1247 4748 1280 4816 in
1306 4764 1408 4818 causa
1433 4749 1570 4835 versati,

213 4865 247 4926 ut
271 4881 316 4929 ex
341 4857 573 4931 Decretalibus
599 4858 756 4955 Epistolis
782 4864 962 4957 primorum
988 4862 1194 4954 Pontificum,
1220 4884 1267 4934 ex
1287 4862 1440 4959 Dionysii
1465 4862 1569 4955 libris,

214 4981 246 5043 et
270 4973 340 5046 aliis
366 4997 434 5047 non
459 4978 567 5049 minus
594 4978 853 5070 contemnendis,
879 4977 998 5052 iacobi
1023 4978 1207 5072 Liturgiam
1238 4979 1433 5053 confirmare
1460 5002 1569 5052 cona·

213 5099 336 5163 rentur:
371 5113 478 5166 voces
509 5091 723 5189 ‘tipocwicv
756 5105 791 5168 et
828 5092 1004 5172 Oeccdmv
1037 5096 1274 5172 contenderent
1312 5107 1390 5172 ante
1422 5099 1570 5172 Nicaena
