4525 6034
587 602 851 681 llllll'URGlAll
867 602 1060 685 curticlis
1075 607 1106 685 S.
1123 607 1306 687 GREGORH.
1558 615 1635 690 293

256 788 367 850 rituam
396 786 495 850 series
518 788 592 851 satis
614 786 742 852 indicat:
771 788 848 853 adeo
874 797 908 853 ut
934 792 1127 868 Scinasium,
1155 800 1206 857 aut
1232 794 1399 880 liturgiam
1428 817 1489 864 non
1520 801 1636 884 legisse

255 894 409 969 oporteat,
432 896 484 951 aut
505 888 654 951 neminem
676 886 809 951 laturum
832 891 1033 972 existimasse,
1055 894 1107 975 qui
1128 894 1226 956 oculis
1249 895 1279 957 in
1302 915 1368 960 eam
1391 899 1550 981 conjectis,
1566 900 1636 965 falsi

256 1004 326 1050 enm
348 987 514 1050 testimonii
535 1005 622 1051 reum
645 995 839 1070 agnosceret.

341 1085 450 1167 Neque
478 1089 576 1151 minus
605 1085 682 1150 falso
711 1086 851 1166 affirmat,
887 1106 904 1149 a
933 1088 1099 1154 Sacerdote
1127 1091 1187 1154 dici
1213 1102 1285 1174 post
1313 1095 1569 1176 communionem,
1603 1097 1634 1160 id

253 1185 378 1266 quoda
401 1186 687 1250 communicantibus
710 1194 884 1267 susceptum
914 1197 979 1267 est,
1013 1209 1081 1253 esse
1108 1210 1220 1271 corpur
1248 1200 1278 1254 et
1306 1198 1482 1276 rmrpaeiaear
1510 1194 1634 1276 Chmati,

251 1286 289 1346 id
309 1293 356 1347 est
374 1285 509 1364 fractam
529 1289 602 1349 aitis
622 1306 732 1363 omae,
753 1305 832 1368 quoe
852 1294 899 1349 ert
921 1286 1068 1353 Christo.
1113 1290 1220 1372 Neque
1249 1294 1330 1355 enim
1353 1293 1515 1375 quidquam
1537 1294 1635 1357 simile

251 1383 368 1466 legitur
394 1385 425 1447 in
453 1385 640 1449 cranemere
669 1386 834 1468 gratiarum
864 1388 1011 1451 actionis:
1040 1395 1071 1451 et
1099 1406 1167 1452 cum
1200 1391 1349 1455 Sacerdos
1373 1391 1456 1455 dicit.
1500 1393 1567 1458 Hoc
1589 1403 1636 1456 ert

252 1503 366 1564 wipere
387 1503 493 1546 oerum
519 1494 550 1548 et
576 1488 703 1566 sanquis
726 1487 895 1565 pretiosus,
926 1484 1042 1549 striati
1068 1488 1129 1551 Dei
1156 1493 1276 1568 acroi,
1303 1499 1359 1556 etc.
1389 1491 1466 1556 haec
1494 1493 1634 1555 dicuntur

252 1591 324 1646 ante
354 1585 605 1649 communionem.
658 1583 913 1648 communicaturi
940 1587 1150 1667 respondent,
1181 1597 1341 1670 antequam
1368 1608 1456 1653 sacra
1486 1593 1629 1674 mysteria

251 1685 463 1765 susceperint,
486 1684 527 1747 ita
549 1684 679 1748 credere
701 1702 747 1761 se,
770 1691 801 1746 et
829 1685 1000 1748 credituros
1023 1686 1061 1749 od
1084 1686 1217 1750 ultimum
1247 1706 1345 1769 usque
1372 1692 1454 1753 vitae
1480 1691 1628 1772 spiritum,

249 1781 311 1844 boc
333 1782 414 1864 quud
437 1783 541 1847 vident
563 1784 594 1845 in
617 1781 791 1847 Sacerdotis
814 1783 996 1848 celebrantis
1018 1804 1123 1865 manu,
1153 1786 1234 1868 quod
1257 1788 1429 1871 Episcopus
1458 1798 1489 1853 et
1512 1791 1629 1855 Sacer-

250 1881 326 1961 dos,
350 1901 418 1944 cum
441 1883 633 1962 ordinantur,
655 1901 745 1945 manu
768 1885 952 1966 suscipiunt,
981 1903 1081 1967 neque
1112 1885 1210 1949 adhuc
1240 1887 1287 1948 ori
1315 1887 1530 1969 admoverunt,
1559 1909 1631 1954 esse

250 1999 366 2062 corpus
389 1990 421 2045 et
442 1984 620 2066 sanguinem
642 1982 781 2060 Domini,
805 1991 836 2047 et
859 1991 957 2047 umen
981 2004 1021 2047 ex
1042 1985 1205 2066 hypothesi
1226 1986 1428 2066 Salmasiana,
1452 1989 1530 2052 dona
1553 2008 1632 2070 proÎ‡

249 2084 350 2163 posita
371 2076 582 2169 npoaetpeva,
605 2081 679 2144 nihil
702 2082 800 2145 adbuc
822 2091 913 2164 sunt,
937 2074 1062 2165 praeter
1084 2103 1194 2166 panem
1216 2093 1248 2149 et
1269 2087 1389 2167 vinum,
1420 2105 1489 2151 curn
1511 2091 1541 2153 in
1563 2088 1629 2152 solo

250 2199 310 2244 usu
332 2180 404 2244 liant
425 2200 537 2263 corpus
560 2190 592 2244 et
613 2183 739 2264 sanguis
762 2181 882 2245 Christi.

338 2282 445 2363 Neque
466 2282 498 2343 in
520 2289 582 2345 tota
605 2282 662 2345 hac
684 2282 835 2366 Liturgia,
859 2289 910 2346 aut
932 2282 993 2345 ulla
1017 2285 1233 2365 cujuscumque
1260 2283 1336 2347 ritus
1368 2292 1398 2347 et
1420 2285 1544 2369 linguae
1573 2305 1629 2349 re-

250 2381 406 2462 perietur,
428 2381 497 2443 talis
519 2381 717 2445 sacerdotum
739 2381 777 2445 ad
801 2384 1054 2446 communicantes
1077 2385 1218 2462 monitio,
1248 2401 1338 2464 quam
1367 2392 1553 2449 commentus
1581 2395 1629 2449 est

250 2480 434 2560 Salmasius,
458 2481 607 2544 elementa
630 2499 700 2545 esse
723 2499 835 2564 corpus
859 2481 981 2563 Christi,
1006 2489 1037 2545 ut
1061 2482 1199 2546 Christus
1221 2490 1270 2546 est
1291 2483 1360 2546 vitis
1382 2502 1466 2550 vera.
1496 2484 1529 2546 lu
1549 2485 1630 2550 Ora-

249 2580 334 2642 tione
357 2578 512 2643 haetioms
534 2580 573 2643 ad
594 2580 686 2644 tilium
708 2582 831 2666 legitur.
863 2582 1064 2662 Praepomrti
1083 2583 1173 2646 nodis
1189 2601 1302 2664 ponem
1324 2585 1496 2662 rochetem,
1518 2605 1631 2666 cornu

248 2680 310 2743 hac
337 2688 419 2743 hana
448 2689 585 2743 amictum
613 2682 646 2743 in
672 2683 815 2764 mysterio
824 2726 899 2748 .....
930 2681 1082 2745 dliacuisti
1107 2683 1197 2746 nobis
1225 2683 1351 2745 calicem
1373 2704 1414 2746 ec
1433 2684 1537 2763 fructu
1557 2686 1630 2747 aitis

248 2799 362 2860 moe,
391 2799 469 2861 qaae
491 2780 638 2843 estiatur
659 2781 794 2843 diuinum
816 2787 898 2844 maun
921 2788 951 2843 et
971 2782 1204 2847 inemundatum.
1256 2780 1300 2843 lta
1331 2782 1515 2846 Gaudentius
1545 2783 1628 2849 urix.

249 2878 353 2945 Tract.
377 2879 407 2943 2.
431 2876 470 2943 da
491 2879 597 2946 Pascb.
643 2881 724 2958 Ouio
752 2882 835 2963 quod
855 2883 973 2961 accipie
994 2900 1106 2961 corpur
1127 2889 1174 2944 eat
1194 2881 1274 2943 illisu
1300 2883 1392 2961 pona
1418 2883 1573 2958 coelestia,
1600 2890 1631 2945 et

248 2981 377 3060 sanquis
398 2988 445 3043 ert
463 2981 545 3043 iltius
566 2976 785 3044 tumescitis.
815 2979 884 3042 Non
915 2980 1008 3063 igitur
1036 2979 1179 3042 dixerunt
1205 2977 1367 3044 Christiani
1395 2980 1557 3065 Aegyptii,
1587 3001 1629 3043 ec

245 3076 1380 3161 fruchroitisoerae,quaeest0hriatrursedquoeestlatuatuum,
1412 3100 1453 3142 ec
1479 3100 1538 3162 qao
1568 3100 1628 3142 ec-

247 3178 308 3239 ioit
326 3180 453 3259 sunm&
474 3186 505 3241 et
525 3198 615 3261 apta.
661 3177 848 3262 Theologice
876 3194 1003 3259 prorsus
1034 3184 1065 3239 et
1087 3177 1125 3239 ad
1148 3185 1322 3241 sanctorum
1343 3178 1462 3241 latrum
1485 3187 1625 3259 mentem,
1696 3230 1703 3244 .

248 3275 399 3357 simulque
428 3277 467 3339 ad
496 3295 603 3341 eorum
632 3276 867 3340 confutationem
897 3277 947 3359 qui
981 3274 1135 3358 cypriano
1168 3283 1291 3357 totaque
1320 3286 1458 3340 veterum
1487 3278 1626 3342 Ecclesia

248 3374 475 3454 sapientiores,
506 3396 613 3459 aquam
635 3377 722 3439 calici
749 3376 935 3455 admiscere,
964 3374 1113 3458 piaculum
1143 3376 1323 3438 existimant.
1374 3376 1478 3457 ltaque
1508 3378 1539 3440 in
1569 3376 1626 3441 bac

247 3476 388 3538 oratioue
409 3475 526 3540 tructus
548 3477 617 3539 vitis
639 3495 749 3555 verae,
773 3475 812 3538 de
833 3476 982 3558 sanguine
1004 3474 1115 3539 Christi
1138 3474 1169 3537 in
1192 3474 1286 3537 calice
1310 3474 1444 3540 exhibito
1478 3476 1625 3557 intelligi-

247 3580 315 3653 tur,
337 3592 399 3638 non
423 3576 461 3639 de
484 3584 549 3641 toto
572 3575 776 3641 Sacramenta
798 3575 887 3638 Panis
910 3573 1021 3655 quide
1044 3574 1133 3637 coelo
1157 3573 1330 3654 descendit,
1360 3591 1417 3637 seu
1439 3574 1526 3656 panis
1548 3592 1626 3638 coe-

246 3673 351 3751 lestis,
378 3683 426 3737 est
448 3675 569 3757 Corpus
592 3673 721 3755 Christi,
750 3673 831 3755 quod
855 3673 1024 3756 percipitur
1052 3673 1082 3734 in
1113 3672 1329 3752 sacramento,
1360 3681 1391 3736 et
1420 3673 1450 3734 in
1480 3672 1533 3735 illo
1562 3682 1625 3737 est:

247 3770 365 3836 frustm
388 3775 458 3838 vitis
480 3792 592 3854 verae,
621 3782 668 3838 est
689 3777 815 3858 sanguis
839 3772 968 3851 Christi,
996 3773 1027 3834 in
1049 3771 1158 3835 eodem
1188 3772 1399 3836 Sacramenta:
1429 3771 1506 3836 adeo
1536 3779 1568 3835 ut
1595 3773 1626 3834 in

247 3870 334 3936 disco
358 3874 398 3936 sit
420 3876 508 3955 panis
531 3874 693 3951 coelestis,
715 3875 785 3956 quia
808 3880 842 3934 ut
863 3873 921 3953 ipsi
951 3871 1133 3935 confitentur
1161 3872 1191 3934 in
1221 3889 1259 3934 eo
1287 3878 1335 3933 est
1362 3889 1475 3953 corpus
1498 3870 1625 3936 Christi:

248 3978 340 4053 atque
364 3974 479 4053 pariter
501 3974 531 4036 in
556 3973 670 4053 calice,
700 3973 817 4036 fructus
839 3972 909 4034 vitis
931 3990 1041 4049 verae,
1073 3988 1151 4051 quae
1175 3977 1221 4032 est
1244 3969 1398 4049 Christus,
1430 3972 1499 4051 quia
1527 3970 1559 4032 in
1586 3987 1624 4032 eo

249 4073 424 4135 continetur
445 4074 568 4157 sanguis
592 4072 713 4136 Christi.
738 4071 980 4154 Comparationis
1003 4088 1092 4153 quam
1115 4070 1279 4134 Salmasius
1302 4070 1497 4151 excogitavit,
1520 4070 1625 4132 inillis

248 4173 436 4235 orationibus
458 4175 620 4257 vestigium
641 4173 754 4235 nullum
777 4180 840 4251 est,
869 4179 900 4234 et
927 4172 1015 4234 etiam
1046 4170 1072 4232 si
1094 4168 1202 4247 ullum,
1231 4169 1281 4232 vel
1309 4169 1492 4232 leuissimum
1519 4175 1627 4249 posset

249 4270 449 4352 deprehendi,
472 4281 503 4336 et
525 4272 741 4336 obscuritatem
763 4271 931 4346 induceret,
955 4270 1160 4350 explicaretur
1180 4269 1232 4332 illa
1254 4269 1327 4331 satis
1354 4285 1411 4348 per
1432 4267 1627 4347 subsequen-

249 4381 312 4435 tem
335 4370 583 4450 Conlessiouem,
607 4374 637 4435 in
660 4391 718 4454 qua
741 4371 815 4435 nihil
837 4371 965 4455 figurate
989 4369 1118 4445 dictum,
1149 4368 1202 4432 sed
1231 4367 1449 4448 simplicissima
1474 4365 1544 4429 fidei
1567 4383 1627 4428 exÎ‡

250 4474 382 4552 positio,
407 4490 494 4552 quam
518 4472 714 4536 dissimulavit
738 4471 915 4549 Salmasius,
939 4470 1124 4551 desperans,
1155 4476 1189 4530 ut
1210 4466 1375 4530 verisimile
1397 4474 1459 4544 est,
1492 4464 1627 4529 Caluini-

250 4572 357 4634 sticam
379 4572 460 4634 illam
480 4590 669 4653 quacumque
690 4570 851 4634 subtilitate
867 4588 960 4651 posse
978 4571 1054 4633 heri.
1078 4568 1175 4642 Quam
1193 4582 1287 4648 porro
1299 4564 1419 4626 Rituum
1432 4563 1628 4626 Orientalium

251 4670 409 4752 imperitus
431 4670 587 4734 habendus
610 4671 660 4734 ille
682 4673 738 4749 sit,
761 4672 812 4752 qui
835 4671 1001 4732 orationem
1023 4668 1178 4731 tractionis
1201 4666 1272 4728 dicit
1295 4664 1416 4726 recitari
1444 4669 1513 4743 post
1541 4678 1629 4724 comÎ‡

251 4774 440 4849 munionem,
459 4773 598 4853 judicare
621 4773 750 4853 quisque
773 4777 889 4851 potest:
911 4786 979 4831 nam
1003 4774 1073 4848 post
1095 4784 1163 4828 eam
1185 4763 1360 4828 Orationem
1382 4760 1490 4824 tractio
1519 4759 1569 4837 fit,
1598 4766 1629 4821 et

251 4873 324 4935 unio
349 4871 473 4934 duarum
495 4872 666 4951 specierum
689 4888 745 4933 seu
767 4858 847 4951 á¼Î³á½·Î±
869 4862 994 4940 thucca:
1025 4874 1088 4928 tum
1115 4865 1193 4929 aliae
1221 4863 1374 4927 orationes
1404 4859 1628 4921 interveniunt:

249 4978 379 5052 postea,
414 4969 509 5033 Pater
535 4978 657 5032 meter:
690 4980 751 5030 tum
783 4966 887 5029 Oratio
921 4964 1134 5028 absolutionis:
1170 4962 1227 5025 alia
1263 4958 1482 5023 inclinationis:
1512 4957 1629 5021 Sancto

251 5071 378 5144 sanctis,
401 5087 468 5130 cum
490 5065 532 5153 Ï„á¿‡
554 5059 633 5151 á¼Î³á½·á¾³
656 5054 808 5150 á½‘Ïˆá½½ÏƒÎµÎ¹,
831 5084 888 5128 seu
911 5064 1083 5128 elevatione
1105 5061 1311 5140 Sacramenti,
1342 5058 1462 5122 tandem
1493 5073 1630 5120 commu-

1347 5174 1422 5251 53*
