4525 6034
553 526 825 606 sinoti
877 524 1244 605 Gaudenti.
1539 528 1591 601 29

322 715 481 810 Populus.
533 715 640 811 Kyrie
666 715 805 789 eleison.
857 713 1002 786 Domine
1028 714 1201 787 miserere.

318 832 499 905 Sacerdos.
552 831 604 905 Tu
630 830 775 905 Domine
802 833 999 903 convertisti
1025 829 1104 903 mibi
1116 852 1262 928 poenam
1277 833 1311 902 in
1327 832 1487 921 salutem:
1514 833 1589 905 sic·

243 961 269 1023 nt
287 959 389 1046 pastor
412 947 523 1022 bonus
559 958 725 1020 errantem
752 947 893 1021 sollicite
927 949 1142 1043 quaesivisti:
1176 956 1332 1042 tanquam
1358 957 1456 1042 pater
1485 969 1590 1019 verus

239 1063 372 1137 laborasti
401 1087 532 1137 mecum
568 1067 625 1158 qui
651 1063 856 1135 cecideram:
894 1061 1038 1155 alligasti
1068 1085 1124 1135 me
1158 1061 1309 1135 omnibus
1339 1063 1589 1135 medicamentis

239 1178 473 1253 sivibcantibus:
500 1191 536 1253 tu
561 1182 680 1254 misisti
708 1179 831 1251 adme
857 1178 1058 1273 Prophetas:
1084 1189 1224 1276 propter
1249 1202 1303 1251 me
1319 1180 1495 1269 infirmum,
1522 1179 1589 1251 de-

237 1295 296 1367 disti
322 1295 396 1368 mibi
419 1295 505 1388 legis
532 1295 705 1367 auxilium:
732 1305 767 1366 tu
795 1293 1030 1369 administrasti
1056 1295 1134 1368 mibi
1150 1294 1303 1385 salutem,
1330 1304 1365 1367 at
1387 1317 1455 1388 ego
1471 1305 1590 1370 nans-

233 1434 350 1504 grcssus
377 1434 449 1485 sum
475 1411 588 1504 legem
622 1408 731 1499 tuam3
767 1433 855 1507 quae
887 1421 941 1486 est
971 1409 1083 1484 lumen
1116 1435 1253 1501 samm,
1287 1411 1376 1507 quod
1408 1409 1591 1485 accendisti

171 1534 182 1565 ¹
232 1527 397 1602 errantibus
425 1539 459 1601 et
484 1525 727 1620 ignorantibus.

314 1644 474 1739 Populos.
526 1643 671 1715 Domine
697 1645 870 1715 miserere.

315 1759 499 1832 Sacerdos.
553 1759 606 1830 Tu
634 1762 754 1854 quies
781 1762 1022 1856 sempitemus‚
1075 1762 1198 1833 venisti
1225 1759 1268 1831 ad
1294 1782 1357 1834 nos
1384 1782 1487 1857 super
1513 1771 1590 1833 ter-

227 1898 305 1968 ram,
330 1876 531 1949 descendisti
557 1878 590 1946 in
618 1886 748 1949 uterum
774 1876 939 1968 Virginis,
965 1873 1060 1949 Deus
1087 1877 1406 1971 incircumscriptum
1432 1898 1500 1948 non
1525 1899 1590 1950 ra-

224 1995 322 2086 pinam
348 1993 527 2065 arbitratus
554 2015 592 2065 es
620 2013 698 2065 esse
725 1990 899 2087 aequalem
924 1990 1023 2081 Deo,
1056 1991 1118 2064 sed
1151 1991 1328 2064 humiliasti
1363 1995 1522 2088 teipsum,
1557 2003 1591 2065 et

224 2111 371 2203 accepisti
398 2107 540 2180 sormam
567 2110 679 2197 servi,
706 2106 975 2202 benedixistique
1000 2118 1152 2181 naturam
1180 2129 1289 2179 meam
1305 2111 1338 2180 iu
1353 2088 1407 2179 te:
1418 2107 1591 2203 perfecisti

223 2222 322 2316 legem
349 2235 439 2297 tuam
465 2246 529 2320 pro
556 2246 628 2314 me,
655 2223 829 2297 ostendisti
854 2222 931 2296 mibi
952 2226 1115 2297 rationem
1134 2223 1334 2316 resurgendi
1348 2235 1427 2320 post
1444 2221 1591 2320 lapsum:

223 2338 363 2413 liberasti
395 2361 456 2413 cos
492 2343 547 2435 qui
583 2340 671 2436 apud
696 2339 823 2415 inleros
855 2340 1099 2414 detinebantur:
1134 2338 1293 2414 stabilisti
1327 2339 1592 2413 meledictionem

225 2452 319 2546 legis:
347 2456 541 2529 destruxisti
567 2466 742 2552 peccatum
768 2459 803 2528 in
829 2478 945 2529 carue:
973 2455 1147 2530 ostendisti
1167 2455 1244 2528 mihi
1260 2459 1441 2553 potentiam
1461 2459 1592 2553 imperii

223 2574 280 2641 tui:
307 2570 426 2643 dedisti
452 2575 562 2645 visum
590 2575 718 2644 caecis:
747 2574 901 2645 excitasti
926 2580 1077 2645 mortuos
1104 2571 1147 2644 de
1173 2571 1351 2667 sepulcris:
1385 2575 1592 2647 resuscitasti

221 2695 366 2758 naturam
391 2685 518 2759 verbo:
545 2686 765 2760 manifestasti
790 2687 868 2759 mihi
887 2687 1167 2783 dispensationem
1185 2687 1382 2761 clementiae
1405 2699 1502 2777 tuae;
1529 2698 1590 2762 to·
1727 2744 1730 2751 .

221 2798 329 2873 lerasti
363 2804 499 2894 injurias
540 2805 743 2897 iniquorum:
776 2802 959 2898 praebuisti
994 2815 1126 2897 tergum
1158 2804 1377 2896 verberibus,
1417 2815 1451 2877 et
1483 2826 1591 2897 genas

220 2927 287 2991 tuas
312 2916 569 3014 percussoribus
595 2921 794 3014 permisisti3
819 2931 959 3016 propter
984 2943 1039 2993 me
1064 2921 1218 3011 Domine,
1246 2943 1314 2994 non
1331 2924 1482 2994 avertisti
1509 2922 1592 2994 vul-

222 3041 282 3104 tum
308 3045 398 3106 tunm
424 3034 466 3107 ab
494 3037 675 3126 ignominia
701 3045 881 3131 sputorum.

319 3150 481 3243 Populos.
534 3150 677 3223 Domine
703 3153 876 3223 miserere.

318 3265 502 3339 δαοενάοε.
559 3270 688 3342 Venisti
726 3267 770 3339 ad
804 3269 1008 3341 occisionem
1042 3277 1197 3363 tanquam
1239 3288 1363 3360 agnus,
1405 3289 1511 3362 usque
1551 3268 1593 3340 ad

229 3401 362 3453 crucem:
390 3382 625 3456 demonstrasti
650 3382 904 3456 sollicitudinem
929 3395 1018 3457 tuam
1045 3407 1129 3478 erga
1157 3407 1224 3457 me:
1253 3384 1404 3459 occidisti
1419 3393 1594 3480 peccatum

229 3516 324 3569 meum
348 3521 411 3593 per
437 3497 640 3592 sepulturam
667 3509 773 3571 tuam:
801 3498 943 3574 elevasti
969 3504 1130 3597 primitias
1157 3522 1252 3573 meas
1275 3499 1441 3595 usquead
1460 3499 1593 3574 coelos:

232 3611 431 3686 manilcstasti
456 3612 533 3685 mibi
551 3613 731 3687 adventum
758 3624 847 3686 tunm
874 3615 1030 3707 diturum
1057 3622 1091 3689 in
1118 3640 1185 3712 quo
1201 3627 1363 3691 venturus
1381 3638 1419 3689 es
1443 3613 1595 3708 judicare

235 3727 317 3801 vivos
341 3741 375 3801 et
400 3739 569 3818 mortuos,
595 3739 632 3802 ut
657 3730 779 3803 reddas
805 3735 982 3827 unicnique
1009 3733 1192 3806 secundum
1220 3754 1325 3829 opera
1352 3753 1424 3804 sna.

320 3845 479 3940 Populos.
532 3844 722 3918 Secundum
748 3847 1008 3921 miscricordiam
1035 3859 1145 3939 tuam,
1171 3850 1283 3939 Deus,
1310 3859 1372 3920 etc.

320 3960 502 4034 Sacerdos.
556 3960 670 4035 Ollero
689 3961 760 4055 tibi,
775 3964 932 4052 Domine,
950 3966 1104 4061 symbola
1119 3967 1326 4039 liberationis
1349 3986 1464 4036 meae:
1481 3964 1593 4039 scribo

242 4091 323 4163 opera
347 4099 424 4149 mea
450 4078 629 4152 seeundum
655 4077 763 4150 verba
791 4088 860 4151 tua:
894 4080 947 4152 Tu
976 4104 1014 4156 es
1046 4084 1101 4178 qui
1135 4082 1253 4156 dedisti
1283 4082 1361 4153 mibi
1393 4079 1458 4151 boc
1492 4085 1595 4153 mini-

242 4192 351 4264 sterium
375 4193 509 4289 plenum
536 4197 716 4290 mysterio:
744 4194 929 4291 dedistique
955 4196 1033 4270 mihi
1058 4201 1347 4294 participationem
1365 4202 1518 4293 corporis
1545 4199 1593 4270 tui

244 4320 270 4368 1¹1
289 4326 365 4398 pane
392 4320 427 4381 et
452 4311 541 4382 rino.

321 4424 479 4519 Populus.
532 4425 718 4500 Credimus.
1643 4445 1820 4517 maenam».

322 4539 503 4616 Sacerdos.
557 4542 645 4615 Nam
679 4565 721 4614 ea
751 4552 852 4616 nocte
878 4546 913 4615 in
946 4567 1010 4639 qua
1042 4545 1128 4618 tradi
1161 4547 1319 4639 voluisti,
1352 4548 1525 4623 voluntate
1561 4560 1595 4624 et

240 4658 381 4738 potestate
407 4666 464 4729 tua
491 4658 583 4750 sola,
617 4663 777 4757 accepisti
812 4682 933 4756 penem
966 4663 999 4732 in
1032 4685 1150 4736 manus
1185 4675 1259 4740 trias
1292 4677 1444 4757 sanctas,
1479 4689 1593 4764 puras,

240 4760 463 4865 inmaculatus,
488 4773 608 4848 beatas
635 4784 669 4847 et
693 4775 927 4850 vivificantes

325 4889 484 4984 Populos.
538 4891 713 4967 Credimus
741 4896 785 4965 ita
813 4916 901 4968 esse.
