4525 6034
570 619 622 694 AD
649 618 857 696 LlTllitGldli
881 617 1074 696 OOl'ilCAll
1094 621 1125 697 S.
1145 620 1289 697 BASiLli.
1522 622 1598 695 229

234 812 301 867 ante
323 804 576 880 communionem,
605 811 638 866 ut
666 805 792 885 praevia
820 802 916 866 altera
946 821 1023 884 opus
1052 822 1123 867 esse
1152 823 1212 868 nou
1238 805 1386 870 videatur.
1431 805 1600 887 Aethiopes

232 913 331 966 umen
362 906 413 985 qui
441 903 677 966 sacramentales
704 903 798 966 libros
827 921 901 966 suos
930 921 947 964 a
975 902 1121 966 Jaccbitis
1158 904 1374 968 Alexandrinis
1404 914 1600 987 acceperunt,

230 1005 387 1086 ipsamque
408 1002 508 1066 Basilii
529 1001 712 1085 biturgiam,
741 1020 818 1083 qnae
845 1001 1027 1083 Aethiopum
1050 1003 1199 1082 Cononis,
1229 1012 1263 1066 ut
1293 1011 1419 1082 vocant,
1447 1006 1600 1087 generalis

231 1104 404 1185 primarium
426 1101 582 1182 exemplar
603 1111 662 1182 est,
690 1102 792 1165 uiOma
813 1102 908 1164 verba
937 1102 966 1163 in
998 1121 1064 1165 eam
1092 1105 1274 1166 sententiam
1303 1105 1491 1185 interpretati
1519 1112 1599 1184 sunt,

231 1222 308 1284 quae
347 1203 384 1265 ad
414 1203 573 1264 veritatem
609 1203 700 1265 realis
728 1202 920 1284 praesentiae
950 1203 1125 1281 pertineret.
1170 1202 1281 1265 Dicunt
1310 1205 1405 1267 enim:
1439 1202 1539 1266 Credo
1569 1212 1600 1266 et

231 1302 400 1381 Coaafiteor:
422 1301 481 1363 hoc
502 1311 547 1362 eat
567 1321 640 1364 aere
661 1321 773 1382 carpus
794 1309 885 1365 tueare.
929 1301 1040 1364 Eadem
1063 1304 1235 1366 reverentia
1257 1310 1425 1366 tractantur
1445 1305 1599 1384 mysteria,

231 1420 307 1484 quae
330 1407 401 1481 post
423 1400 652 1480 pronunciatum
680 1400 903 1464 luvocationem
930 1400 1066 1464 adbiberi
1094 1401 1191 1480 solet,
1221 1420 1260 1465 eo
1289 1402 1385 1465 solum
1416 1401 1598 1482 discrimine,

228 1501 309 1584 quod
333 1500 521 1583 signationes
544 1500 595 1562 ilia
617 1500 697 1563 dicta
718 1518 780 1563 nen
803 1499 886 1563 liunt.
932 1501 974 1562 At
996 1503 1055 1563 ritu
1077 1501 1198 1580 Latino,
1222 1502 1388 1565 secundum
1410 1520 1499 1582 quem
1521 1519 1599 1564 con-

228 1602 360 1664 secratio
382 1598 519 1680 perfecta
542 1599 677 1662 creditur
697 1600 902 1680 pronunciatis
925 1598 1036 1662 Christi
1059 1601 1172 1679 verbis,
1202 1601 1281 1664 calix
1310 1608 1342 1664 et
1371 1600 1470 1664 hostia
1499 1601 1600 1663 crucis

228 1702 318 1782 signo
342 1698 564 1761 benedicuntur
585 1718 603 1760 a
626 1699 812 1778 Sacerdote,
841 1718 910 1762 cum
938 1699 1027 1778 dicit,
1055 1701 1195 1778 Hostiam
1215 1720 1341 1781 purum,
1363 1701 1502 1763 Hostiam
1523 1718 1600 1761 aaa·

228 1809 317 1874 duna,
340 1798 480 1860 Hostiam
500 1800 735 1877 inmaculatam
758 1799 873 1860 Panem
894 1808 1033 1862 ιιιιιιιιιιι
1054 1803 1137 1861 citae
1158 1808 1310 1878 uewmue,
1338 1808 1369 1862 et
1396 1800 1521 1862 calicem
1542 1818 1599 1862 aa·

228 1899 298 1960 ιιιιίι
315 1905 492 1977 perpaucae.
538 1897 623 1960 Unde
645 1905 764 1961 constat
787 1899 962 1980 consignari
985 1917 1077 1979 posse
1100 1898 1195 1977 dona,
1225 1900 1315 1961 etiam
1338 1905 1531 1978 consecrata,
1567 1908 1600 1962 ut

228 1997 259 2059 bt
281 1999 341 2059 ritu
364 1996 528 2075 Orientali,
551 1997 582 2059 in
603 1996 654 2059 illa
677 2005 763 2077 parte
786 2015 863 2078 quae
886 1991 1015 2061 uocatur
1032 1987 1124 2081 Ἅγια
1146 1993 1276 2070 ἕιωσιςε
1300 2000 1372 2061 unio
1386 1997 1502 2060 scilicet
1523 2015 1599 2078 spe-

228 2096 285 2157 ciei
307 2098 486 2177 utriusque,
510 2115 577 2159 cum
599 2098 686 2177 panis
717 2105 913 2161 consecratus
942 2099 1080 2180 signatur
1109 2096 1257 2178 particula
1284 2097 1433 2181 sanguine
1459 2095 1598 2160 delibuta.

227 2195 287 2258 Sed
310 2213 368 2258 nec
391 2197 490 2258 statim
513 2204 603 2277 atque
625 2196 780 2259 invocatio
803 2198 1001 2277 pronunciata
1023 2206 1082 2275 est,
1105 2197 1261 2259 adoranda
1283 2196 1463 2277 proponitur
1476 2194 1598 2257 Eucha-

227 2295 320 2374 ristia,
344 2302 394 2358 aut
416 2283 515 2377 aliqua
539 2297 730 2359 caeremonia
752 2296 980 2377 praescribitur,
1005 2315 1083 2377 quae
1103 2313 1201 2360 novae
1217 2295 1370 2377 dignitatis
1393 2294 1599 2356 accessionem

227 2394 376 2457 ullatenus
399 2394 556 2475 significet.
600 2394 646 2457 ita
677 2413 778 2476 neque
807 2414 863 2476 per
892 2395 986 2458 verba
1017 2395 1143 2477 alicujus
1172 2395 1333 2474 orationis,
1362 2401 1414 2457 aut
1447 2393 1599 2455 acclama-

227 2495 328 2571 tionis,
351 2511 452 2575 neque
474 2496 675 2557 caeremoniis
698 2496 923 2573 determinatur,
947 2514 1025 2576 quae
1058 2498 1097 2558 sit
1127 2497 1230 2576 opinio
1253 2494 1291 2557 de
1319 2495 1405 2558 donis
1432 2490 1599 2575 propositis

228 2603 325 2657 chum
345 2594 407 2676 jam
430 2592 567 2673 perlecta
590 2603 769 2657 consecrata
791 2596 883 2674 sint,x
899 2613 936 2658 an
966 2598 1103 2675 proxime
1138 2596 1175 2657 ad
1207 2595 1469 2659 consecrationem
1492 2589 1599 2669 dispo-

227 2694 292 2757 sita.
338 2691 445 2773 Neque
469 2693 547 2755 enim
569 2692 607 2755 ad
629 2694 814 2774 miraculum,
844 2695 926 2776 quod
948 2693 1094 2757 hamtonae
1117 2696 1224 2757 mentis
1254 2703 1372 2775 captum
1402 2698 1526 2776 superat
1548 2697 1599 2751 at-

227 2789 355 2855 tendere
379 2792 565 2856 Christianos
584 2793 692 2875 jubent
715 2794 863 2877 Theoioqi
877 2794 1057 2873 Orientales,
1080 2794 1136 2858 sed
1154 2794 1191 2856 ad
1214 2795 1261 2856 sui
1278 2793 1498 2875 probationem,
1520 2810 1600 2855 con·

228 2892 434 2972 scientiaeque
464 2892 701 2971 mundationem,
723 2901 757 2955 ut
785 2896 928 2975 mysteria
951 2913 1017 2957 cum
1040 2896 1138 2958 fructu
1161 2896 1374 2977 percipiantur.
1420 2895 1494 2959 Cum
1516 2911 1595 2956 vero
1652 2903 1658 2911 '

228 2991 394 3072 praecipua
416 2999 448 3053 et
469 2993 643 3055 necessaria
664 2994 856 3074 praeparatio
880 2993 919 3056 ad
940 2995 991 3057 ilia
1014 2995 1106 3077 digne
1127 2995 1321 3076 suscipienda
1343 2995 1418 3057 bdes
1441 2997 1495 3073 sit,
1519 2993 1598 3055 illam

227 3090 386 3153 Ecclesiae
409 3088 578 3154 Orientales
607 3099 744 3154 testatam
774 3110 792 3154 a
821 3094 884 3155 suis
912 3112 982 3157 esse
1006 3095 1214 3172 instituerunt,
1242 3094 1334 3175 paulo
1363 3102 1434 3157 ante
1462 3109 1599 3156 commu·

227 3192 358 3266 monem,
381 3197 540 3271 postquam
562 3192 749 3254 orationihus
773 3200 805 3255 et
826 3195 1025 3257 caeremoniis
1047 3196 1106 3256 rite
1127 3194 1288 3276 perlectis,
1312 3195 1350 3257 de
1372 3195 1501 3257 veritate
1524 3208 1597 3254 cor-

226 3290 311 3367 poris
335 3297 366 3351 et
395 3291 551 3373 sanguinis
581 3289 710 3368 Christi,
740 3309 818 3371 quae
848 3311 919 3355 mox
947 3294 1144 3373 exhibentur,
1175 3294 1311 3357 dubitare
1342 3294 1513 3357 Christiano
1536 3309 1598 3355 non

226 3386 308 3451 iicet.
353 3389 389 3451 iu
416 3390 564 3470 aliquibus
597 3392 686 3452 etiam
717 3392 920 3472 orationibus,
954 3403 1114 3475 antequam
1143 3395 1298 3457 invocatio
1329 3397 1526 3474 pronunciata
1548 3392 1598 3470 ait,

226 3505 313 3550 sacra
336 3488 416 3551 dona
439 3497 586 3552 vocantur
608 3508 720 3570 carpas
742 3498 773 3553 et
792 3495 925 3572 ιαιιιιιίι.
970 3492 1036 3556 Uno
1059 3495 1168 3571 verbo,
1191 3493 1262 3555 nihii
1285 3494 1420 3556 occurrit
1441 3494 1472 3554 in
1493 3492 1598 3554 Litur·

225 3577 285 3668 giis
307 3586 522 3665 Orientalibus,
545 3587 624 3651 unde
647 3594 908 3654 consecrationem
931 3593 1062 3656 noudum
1086 3611 1156 3656 esse
1180 3591 1291 3656 iactam
1320 3612 1360 3655 ex
1381 3592 1502 3655 iliorum
1524 3609 1597 3654 sen-

227 3687 321 3749 tentia
345 3697 430 3750 certo
454 3695 596 3751 constare
620 3690 726 3768 possit,
750 3698 873 3771 praeter
895 3691 1120 3756 invocationem
1144 3694 1272 3774 Spiritus
1294 3694 1400 3755 sancti.
1439 3692 1599 3755 Perillam

231 3785 397 3848 verborum
418 3786 528 3850 Christi
550 3787 691 3850 ellectum
714 3789 847 3868 destrui,
871 3791 1005 3873 uulgaris
1035 3795 1240 3855 recentiorum
1268 3791 1464 3873 quorumdam
1493 3793 1596 3873 opinio

229 3893 293 3948 est:
316 3886 354 3948 ab
377 3904 413 3948 ea
436 3895 536 3949 tamen
557 3894 680 3951 veteres
704 3897 762 3951 tam
784 3890 815 3951 in
839 3889 963 3953 Oriente
985 3910 1073 3972 quam
1101 3893 1130 3953 in
1160 3891 1326 3955 Occidente
1356 3891 1506 3973 Theologi
1537 3911 1598 3954 ve-

229 3984 454 4048 hementissime
484 3986 683 4066 dissentiunt,
717 3987 883 4051 accedente
921 3991 1050 4052 ommam
1085 3991 1291 4054 Ecclesiarum
1325 3992 1476 4054 contraria
1503 3991 1598 4054 disci-

228 4084 319 4165 plina.

314 4183 380 4246 iluc
402 4192 520 4265 spectat
543 4184 677 4248 secunda
700 4186 888 4264 observatio,
912 4205 990 4268 quae
1012 4188 1146 4268 plurimis
1175 4208 1231 4252 nec
1262 4190 1409 4274 ambiguis
1438 4188 1596 4253 ilituaiium
1628 4204 1745 4258 Secunda
1764 4205 1916 4259 observatio.

226 4283 372 4346 librorum
401 4284 438 4346 ad
466 4285 564 4348 emnia
594 4294 783 4349 sacramenta
813 4287 995 4350 celebranda
1032 4290 1209 4351 testimoniis
1245 4292 1455 4365 coniirmatur3
1489 4306 1598 4369 nempe

226 4383 396 4446 Ecclesiam
419 4384 604 4448 orationibus
626 4387 690 4448 suis
713 4386 867 4467 postulare
890 4387 1137 4450 sacramentalem
1160 4390 1297 4472 gratiam,
1320 4407 1408 4470 quam
1431 4388 1597 4452 obtinuisse

227 4502 262 4546 se
292 4500 354 4545 non
385 4481 508 4546 dubitat.
552 4483 585 4547 id
614 4486 742 4548 mamma
772 4487 965 4567 perspicuum
996 4495 1043 4549 est
1077 4507 1117 4550 ex
1148 4488 1257 4551 Oibciis
1285 4488 1322 4551 ad
1351 4507 1387 4551 ea
1410 4496 1598 4551 sacramenta

226 4580 419 4660 celebranda,
442 4584 480 4646 de
502 4602 629 4664 quorum
651 4585 756 4663 forma,
779 4585 944 4648 secundum
968 4586 1192 4671 Theologorum
1209 4587 1382 4651 Latinorum
1405 4592 1596 4668 sententiam,

226 4690 258 4745 et
281 4699 468 4745 communem
489 4683 576 4765 huJus
598 4687 683 4747 vocis
706 4703 790 4748 usum
813 4685 984 4764 intellecta,
1007 4704 1068 4748 non
1090 4688 1268 4767 disputatur.
1312 4687 1346 4750 in
1368 4688 1596 4770 Baptismaiibus

226 4781 339 4845 Oiilciis
369 4791 494 4863 praeter
519 4784 672 4847 orationes
701 4785 860 4866 praevias,
890 4793 948 4847 tani
971 4785 1009 4847 ad
1036 4786 1128 4849 iontis
1157 4787 1413 4866 benedictionem,
1443 4808 1529 4870 quam
1558 4788 1597 4852 ad

225 4881 424 4945 Exercismos
446 4882 640 4966 rquuasque
662 4885 877 4958 caeremonias,
900 4885 1039 4948 dicuntur
1062 4887 1191 4969 aliquae,
1215 4889 1303 4950 etiam
1326 4889 1453 4968 prolatis
1476 4890 1593 4953 verbis:

225 4981 295 5062 Epo
316 4983 354 5044 de
375 4980 514 5062 Raptim,
537 4983 587 5046 vel
609 4984 774 5048 secuudum
795 4985 883 5047 ritum
913 4984 1097 5050 Orientalem
1124 4987 1304 5068 Raptiaatar
1332 4989 1370 5051 N.
1393 4996 1450 5052 etc.
1478 4997 1509 5053 et
1536 5008 1597 5071 po-

225 5082 356 5144 stulatur
384 5100 402 5143 a
430 5081 517 5161 Deo,
546 5092 579 5146 ut
605 5084 738 5166 illisqui
767 5083 945 5164 baptismum
965 5089 1158 5169 suscipiunt,
1189 5089 1316 5172 gratiam
1344 5087 1473 5171 Spiritus
1500 5092 1597 5156 sancti

1310 5206 1389 5282 45*
