4525 6034
693 604 767 679 176
1173 602 1579 682 COMMENTARIUS

689 790 764 852 illud
785 791 817 851 in
838 808 913 851 ease
934 789 1015 869 quod
1036 789 1067 850 in
1088 788 1230 851 Ecclesia
1248 790 1445 868 pendiariter
1466 790 1509 851 ad
1529 791 1610 852 bunc
1630 807 1717 851 usam
1738 788 1918 851 deniaatm
1938 792 1984 856 sit.
2015 792 2048 855 ln

690 888 864 952 Canonibas
891 888 1061 951 Athanasio
1091 889 1212 950 tributis
1239 908 1364 950 nummo
1395 889 1467 953 107.
1508 890 1612 952 Vinum
1645 890 1726 969 quod
1754 888 1798 949 ad
1829 888 2046 953 Eucharistiam

689 989 927 1051 consuendam
949 986 1087 1068 offertur,
1114 1006 1201 1048 nano
1226 987 1360 1068 qustabit
1386 990 1449 1050 nisi
1476 989 1622 1068 completo
1647 987 1816 1068 Sacrificio.
1867 987 1904 1050 ln
1931 989 2048 1069 aneu&

685 1108 783 1169 porro
805 1086 959 1163 donabas,
982 1087 1052 1148 dum
1074 1088 1171 1149 cados
1192 1087 1257 1147 nini
1277 1088 1431 1165 αρονὶιιιιι,
1463 1107 1551 1149 nemo
1573 1108 1614 1148 ec
1636 1106 1671 1149 eo
1695 1088 1843 1168 pontu,
1873 1089 1967 1150 donec
1994 1107 2047 1150 ac-

689 1196 794 1266 ceptae
813 1185 928 1263 [uerint
949 1205 990 1246 ea
1011 1205 1047 1247 eo
1066 1187 1241 1265 primitiae:
1264 1205 1388 1266 amque
1408 1188 1479 1247 illae
1500 1187 1532 1246 in
1554 1184 1769 1248 benedictionis
1783 1187 1903 1248 modum
1915 1195 2048 1267 acceptae

687 1287 816 1367 fuerim,
838 1285 965 1365 indeque
987 1285 1019 1346 in
1041 1285 1166 1346 calicem
1186 1284 1319 1363 infusam
1338 1282 1446 1361 suerit,
1469 1294 1539 1347 tame
1560 1283 1645 1346 aliud
1665 1286 1767 1347 ninum
1784 1287 1966 1365 promentia
1981 1307 2048 1349 aare

689 1387 814 1463 mundo,
846 1394 876 1446 et
896 1384 1046 1465 effundent
1071 1402 1163 1463 super
1189 1384 1264 1446 illud
1292 1384 1372 1445 hanc
1400 1383 1644 1447 benedictionem,
1695 1383 1730 1445 lu
1758 1383 1901 1447 Tractaiu
1925 1384 2047 1449 Arabico

690 1494 835 1566 excerpta
859 1484 1030 1545 continente
1053 1500 1093 1544 ex
1116 1482 1263 1560 Dionysio
1286 1482 1432 1546 Barsalibi
1454 1483 1493 1546 de
1515 1483 1604 1547 modo
1627 1481 1827 1545 celebrandae
1842 1486 2047 1565 etsuscipien-

690 1585 747 1648 dae
769 1583 986 1659 Eucharistiae,
1008 1581 1226 1662 praescribitur
1248 1590 1280 1645 ut
1300 1601 1380 1644 unae
1399 1583 1530 1645 mundae
1550 1584 1716 1663 selipantar
1730 1584 2047 1662 adoirmmconfieien-

692 1686 777 1761 dum,
800 1685 926 1763 illaeque
952 1680 1092 1742 manibus
1114 1683 1341 1761 caprinrantur,
1362 1701 1423 1744 non
1441 1681 1570 1762 pedibas
1592 1683 1819 1745 conndcentnr:
1850 1700 1927 1763 quae
1956 1688 2046 1742 tamen

690 1783 795 1868 regula
818 1801 880 1845 non
903 1789 960 1859 est,
983 1798 1087 1841 verum
1110 1781 1159 1860 pia
1182 1780 1220 1843 ad
1244 1780 1425 1845 Sacerdotes
1449 1782 1620 1844 admonitio.
1664 1781 1771 1864 Neque
1795 1782 1874 1843 enim
1897 1779 2046 1862 quidquam

691 1884 721 1946 in
745 1881 941 1945 Orientalium
964 1881 1163 1943 monumentis
1186 1881 1336 1957 occurrit,
1361 1881 1442 1962 quod
1458 1880 1536 1942 hanc
1551 1880 1738 1962 disciplinam
1751 1880 1829 1962 legis
1843 1878 2045 1942 vimhabuisse

599 2004 605 2015 ·
690 1982 846 2061 ostendat,
876 1988 909 2043 ut
937 1977 1183 2062 quemadmodum
1212 1980 1299 2058 panis
1328 1979 1552 2061 Eucharistiae,
1581 1983 1622 2043 ita
1653 1983 1754 2043 viuum
1783 1999 1801 2042 n
1830 1978 2045 2058 Sacerdotibus,

689 2082 790 2164 parari
818 2083 895 2144 intra
926 2079 1084 2142 Ecclesiae
1111 2085 1198 2158 septa
1228 2077 1363 2142 deberet.
1418 2079 1540 2143 Paetum
1570 2081 1601 2144 id
1630 2089 1745 2161 tamen,
1775 2080 1831 2143 sed
1863 2077 1942 2160 apud
1969 2079 2045 2141 solos

688 2181 881 2264 Aethiopes,
905 2180 956 2259 qui
979 2178 1065 2240 aliter
1086 2180 1188 2241 vinum
1211 2196 1271 2242 uon
1294 2180 1481 2259 exprimunt,
1510 2199 1603 2262 quam,
1625 2200 1666 2242 en
1689 2180 1787 2263 passis
1809 2182 1896 2258 uvis,
1923 2186 1954 2240 ut
1981 2196 2045 2240 mox

688 2280 897 2363 explicabitur.
947 2277 990 2340 lta
1021 2296 1143 2359 quoque
1173 2277 1332 2367 aliquando
1362 2279 1441 2359 apud
1469 2278 1639 2362 Aegyptios
1670 2281 1700 2342 in
1730 2298 1842 2344 summa
1873 2278 2044 2341 necessitate

419 2383 480 2434 nou
506 2381 577 2434 Par.
601 2381 674 2434 Alea·
690 2379 799 2443 iactum
822 2380 911 2441 docet
931 2378 1063 2441 Historia
1084 2376 1293 2442 Patriarchalis
1316 2380 1345 2441 in
1368 2380 1428 2441 vita
1457 2377 1584 2443 Cosmae
1615 2378 1690 2444 LIV.
1736 2379 1847 2442 Scribit
1875 2386 1960 2441 autor
1987 2377 2044 2457 ejus

364 2488 392 2539 p.
409 2468 471 2520 297.

688 2487 824 2560 temporo
847 2479 928 2539 circa
950 2495 1059 2541 aunum
1081 2477 1244 2560 Martyrum
1267 2477 1411 2542 DLXVll.
1434 2478 1486 2559 qui
1499 2478 1664 2560 respondet
1679 2496 1758 2542 anno
1774 2476 1888 2542 Christi
1902 2473 2043 2539 DCCCLl.

690 2580 826 2644 extitisse
848 2579 878 2640 in
901 2577 1045 2661 Aegypto
1068 2577 1273 2656 Praefectum,
1297 2578 1347 2659 qui
1370 2576 1545 2639 Christianis
1574 2578 1718 2657 infestus,
1745 2597 1800 2642 eos
1828 2578 1927 2641 multis
1956 2566 1984 2638 et
2011 2591 2043 2637 eo

689 2697 787 2760 usque
810 2678 947 2741 inauditis
969 2677 1085 2759 injuriis
1108 2678 1277 2758 oppressit:
1301 2694 1368 2738 nam
1390 2677 1544 2739 Ecclesias
1567 2677 1664 2740 claudi
1683 2679 1789 2761 jussit,
1816 2696 1857 2741 ne
1887 2676 1923 2739 ad
1952 2674 2044 2757 publi·

691 2796 742 2840 cas
765 2795 890 2859 preces,
913 2795 1105 2859 synaxesque
1128 2778 1343 2853 convenirent,
1373 2794 1482 2839 cruces
1505 2784 1535 2838 et
1556 2777 1703 2859 imagines
1734 2777 1847 2859 frangi:
1876 2776 2044 2855 tandemque

690 2880 823 2941 vetuisse
853 2876 908 2940 sub
939 2878 1045 2958 eapitis
1072 2894 1194 2957 poena,
1223 2877 1351 2958 nequis
1374 2875 1521 2939 venderet
1544 2878 1661 2956 uinum,
1685 2886 1735 2940 aut
1758 2878 1838 2959 apud
1862 2896 1896 2941 se
1918 2874 2042 2936 haberet.

687 2978 772 3041 Haec
794 2980 913 3054 mnia,
935 2977 1029 3058 inquit
1051 2976 1237 3056 llistoricus,
1259 2976 1300 3038 ab
1321 2995 1358 3037 eo
1378 2976 1504 3057 fiebant,
1533 2984 1567 3038 ut
1591 2979 1693 3039 ninum
1715 2979 1758 3041 ad
1777 2976 1949 3058 Liturpiam
1972 2972 2043 3034 ceb-

688 3077 840 3140 brandarn
862 3078 1019 3157 deficeret,
1042 3084 1071 3138 et
1091 3079 1137 3139 ita
1159 3079 1290 3158 contipit.
1335 3074 1414 3137 Nam
1436 3072 1605 3138 Christiani
1624 3096 1690 3139 cnm
1713 3097 1749 3139 eo
1771 3084 1930 3151 carerent,
1954 3070 2045 3136 coacti

688 3184 758 3238 sunt
775 3178 915 3257 palmites
936 3178 1009 3239 aitis
1031 3179 1189 3256 accipere,
1211 3175 1319 3255 quibas
1340 3193 1421 3254 aqua
1441 3177 1605 3237 mannans
1626 3184 1656 3237 et
1676 3195 1767 3239 niceo
1789 3193 1954 3255 expresso,
1978 3189 2044 3250 ope·

688 3294 758 3337 ram
779 3277 926 3338 dederunt
945 3297 984 3338 ne
1004 3275 1220 3337 Eucharistiae
1242 3274 1393 3338 oblatione
1411 3275 1618 3352 privarentur.
1663 3275 1721 3341 Per
1744 3274 1898 3356 palmites,
1921 3269 2043 3349 intellige

690 3392 764 3437 uires
788 3394 827 3437 ex
849 3375 908 3437 illis
931 3373 1079 3457 pensiles,
1103 3374 1208 3456 quales
1231 3375 1261 3436 in
1284 3373 1425 3451 Oriente,
1448 3375 1626 3455 praesertim
1652 3374 1683 3436 in
1704 3373 1868 3455 Aethiopia
1890 3385 2043 3436 asservan-

689 3480 755 3552 tur,
779 3480 811 3534 ut
833 3493 872 3536 ex
895 3474 952 3537 illis
974 3476 1075 3536 vinum
1097 3476 1157 3537 liat.
1207 3473 1329 3550 Vinum,
1351 3474 1447 3554 iuquit
1468 3472 1665 3553 htvarezius,
1688 3493 1745 3554 quo
1768 3474 1937 3537 celebratum
1948 3466 2043 3540 llissa,

688 3574 734 3634 ita
753 3581 892 3651 paratio.
936 3572 973 3635 ln
993 3573 1140 3636 Ecclesiis
1161 3580 1192 3635 et
1211 3571 1405 3634 Menanterirs
1426 3572 1538 3635 habent
1556 3592 1634 3636 noas
1642 3591 1756 3653 passas
1768 3591 1830 3634 non
1838 3572 1930 3651 mone
1943 3567 2043 3640 siccae

690 3690 768 3753 qrrae
788 3674 821 3733 in
842 3674 1016 3737 secretorio
1038 3693 1092 3736 seu
1113 3672 1266 3734 Sacristia
1287 3680 1502 3734 asserventur:
1536 3692 1590 3735 eos
1611 3672 1717 3735 diebus
1745 3672 1850 3734 decem
1878 3684 1957 3749 aqua
1982 3680 2043 3725 md·

690 3780 823 3834 ceram:
845 3793 968 3854 memque
989 3774 1113 3835 humore
1135 3773 1283 3834 distentae
1301 3771 1431 3850 sumini,
1459 3772 1574 3834 siccari
1593 3774 1706 3834 sinrmt:
1733 3789 1806 3832 moa
1828 3766 1974 3832 torculari
1991 3764 2043 3825 lm·

687 3873 806 3949 positas
823 3870 973 3952 prunum,
997 3890 1176 3952 maraque
1199 3872 1336 3947 obdunt,
1358 3879 1447 3951 atque
1468 3871 1526 3933 hoc
1546 3874 1617 3934 omo
1638 3878 1761 3933 muner
1781 3869 1824 3930 ad
1836 3870 1960 3931 missam
1973 3863 2044 3925 cele-

687 3969 844 4035 brondom.
888 3970 962 4033 lllud
986 3979 1084 4033 tamen
1105 3972 1206 4032 vinum
1230 3988 1291 4032 non
1313 3970 1369 4032 nisi
1392 3971 1421 4031 in
1436 3988 1549 4033 summa
1563 3954 1746 4033 necessitate
1763 3975 1936 4048 usurpatum
1949 3964 2042 4037 luisse,

692 4077 723 4133 et
745 4072 941 4133 communiter
963 4069 1163 4152 prohibitum,
1194 4069 1284 4133 docet
1311 4069 1439 4131 Michael
1461 4070 1630 4152 Episcopus
1652 4068 1799 4132 Malichae
1828 4067 1861 4129 in
1891 4059 2043 4144 Responsio

686 4170 910 4234 Ecclesiasticis
939 4178 995 4236 art.
1027 4169 1077 4235 13.
1122 4170 1246 4232 Licetne
1271 4169 1497 4232 Eucharistram
1525 4168 1633 4250 offerre
1661 4189 1702 4230 ee
1721 4170 1824 4247 picato
1847 4174 1902 4229 aut
1921 4164 2044 4226 rostrato

686 4272 775 4347 nino,
797 4273 847 4333 aet
867 4290 903 4333 eo
925 4270 1007 4351 quod
1027 4272 1232 4332 macmuttone
1253 4269 1453 4349 ecprinmm?
1474 4268 1653 4350 Responsio.
1695 4267 1834 4329 Pirenen
1856 4265 1971 4346 quidem
1990 4257 2044 4321 al·

686 4370 787 4432 lu‘beri
803 4378 919 4450 potest,
941 4370 1013 4451 quia
1034 4370 1251 4435 medicamento
1273 4369 1403 4450 madum
1424 4388 1442 4431 e
1461 4388 1570 4450 periere
1588 4370 1668 4449 picis
1678 4372 1899 4448 praeparatur,
1921 4365 2045 4438 meoque

686 4489 748 4531 nou
770 4478 816 4532 est
837 4488 934 4551 aqna,
956 4488 1061 4531 anum
1082 4469 1160 4531 odor
1182 4475 1348 4531 mammet
1369 4467 1521 4547 mnarum
1548 4470 1636 4549 quid:
1666 4467 1722 4529 sed
1747 4466 1827 4548 quod
1853 4460 2044 4525 nnmerum

687 4569 879 4648 exprimitur,
902 4588 970 4631 cum
991 4569 1024 4630 in
1046 4588 1082 4630 eo
1105 4586 1186 4649 aqna
1206 4569 1263 4643 sit,
1285 4567 1360 4630 emt
1379 4569 1500 4631 omnino
1521 4587 1670 4649 usurpare
1696 4585 1757 4628 non
1782 4565 1853 4627 licet
1878 4563 1920 4624 ad
1947 4558 2045 4620 Liba-

685 4669 770 4747 9r'am
792 4668 1013 4732 colemandom.
1058 4666 1190 4730 Picatum
1212 4685 1268 4731 seu
1290 4667 1453 4730 resinatum
1475 4667 1625 4731 hocloco
1647 4664 1874 4748 intelligendum
1896 4667 1958 4738 est,
1980 4651 2044 4718 illud

688 4765 770 4846 quod
792 4767 905 4853 picatis⁸
922 4767 1011 4831 doliis
1034 4775 1084 4829 aut
1106 4766 1223 4829 utribus
1250 4765 1395 4847 inlusum,
1419 4766 1544 4831 odorem
1566 4765 1770 4831 tautummodo
1793 4761 2000 4832 conuaxisset,
2016 4758 2044 4815 el

687 4868 810 4944 saporis
831 4867 979 4953 quaedam
1000 4875 1033 4930 ut
1056 4866 1096 4929 ait
1117 4866 1229 4931 Plinius
1251 4864 1301 4929 lib.
1325 4867 1377 4931 ll.
1400 4886 1467 4950 cap.
1490 4868 1542 4933 20.
1565 4869 1724 4942 ommino,
1752 4885 1793 4928 ec
1820 4879 1946 4944 merset
1962 4854 2042 4938 picit,

688 4971 743 5025 aut
764 4967 860 5028 cnudo
879 4964 953 5045 flore
973 4968 1103 5031 resurae.
