4525 6034
1368 552 1522 629 234

2134 1060 3344 1238 [LFPURGOEA

1717 1381 3778 1536 SANCTILEUSTATHIL

2086 1626 2738 1706 PATRIARCHAE
2801 1626 3401 1705 ANTIOCHENI.

2047 1900 2307 1971 Primo·
2345 1900 2587 1971 Oratio
2641 1906 2803 1970 ante
2855 1900 3151 1970 osculum
3195 1902 3416 1992 pacis.

1524 2096 1759 2201 Deus
1813 2122 2107 2194 clemens
2162 2132 2232 2193 et
2282 2121 2527 2194 multae
2582 2121 3081 2193 misericordiae
3133 2119 3451 2209 Domine,
3509 2123 3620 2217 qui
3672 2131 3740 2191 te
3795 2144 3931 2194 non
3980 2121 4094 2192 du-

1375 2243 1655 2311 bitantur
1728 2243 2115 2311 im‘ufflntes
2178 2241 2362 2330 juste
2428 2237 2750 2331 exaudis,
2819 2236 3015 2310 nobis
3051 2240 3287 2309 ·etiam
3356 2240 3467 2332 qui
3535 2260 3667 2310 una
3732 2250 3805 2310 et
3867 2237 4098 2332 aequali

1375 2379 1551 2427 veru
1619 2359 1980 2424 ulammaus
2051 2351 2135 2424 ad
2202 2361 2304 2441 te,
2378 2351 2671 2444 largire,
2737 2360 2807 2423 ut
2859 2376 3008 2425 cum
3059 2355 3349 2424 unanimi
3420 2353 3817 2440 concordia,
3893 2354 4098 2425 demus

1367 2471 1559 2539 nuliis
1631 2475 1916 2539 imit-mu
1980 2489 2216 2563 pacem
2288 2471 2357 2538 in
2411 2466 2643 2540 osculo
2700 2479 2934 2541 sancto
2992 2478 3058 2540 et
3111 2467 3371 2556 divine,
3426 2477 3497 2539 et
3563 2466 3937 2539 referemus
3999 2465 4096 2539 tibi

1371 2587 1688 2677 glut-ium,
1748 2599 1868 2654 fiir.

1575 2700 1899 2792 Populus.
2005 2698 2246 2772 Amen.

1577 2814 1936 2886 Diaconus
1983 2812 2372 2906 proclamat
2423 2811 2741 2882 Mediam.

1578 2928 1931 3000 Sacerdos
1983 2927 2257 2998 elevans
2308 2948 2559 2998 vocem.
2669 2926 2950 2999 Omnem
3005 2948 3269 3022 quoque
3336 2925 3810 2999 dubitationem
3878 2925 4097 3024 depel-

1366 3045 1513 3119 lens
1569 3069 1609 3116 a
1663 3044 1894 3129 nobiS,
1946 3043 2270 3132 Domine,
2323 3042 2592 3115 vinculo
2647 3045 2943 3116 caritatis
2997 3052 3148 3113 tuae
3202 3042 3519 3114 confirma
3570 3065 3725 3133 nos,
3778 3052 3852 3114 et
3902 3041 4096 3112 bene-

1371 3160 1698 3232 dictiones
1754 3157 2203 3245 abundanteS,
2259 3155 2455 3230 nobis
2509 3166 2579 3228 et
2628 3157 2753 3229 illis
2809 3161 2920 3251 qui
2973 3178 3200 3229 coram
3252 3168 3319 3228 te
3369 3158 3662 3229 inclinati
3715 3169 3870 3231 sunt
3918 3160 4098 3242 mitte,

1366 3285 1440 3346 ut
1492 3274 1851 3346 efficiamur
1905 3272 2299 3345 adoratores
2352 3276 2502 3343 veri
2556 3283 2624 3343 et
2674 3275 3033 3368 participes
3085 3272 3415 3345 bonorum
3478 3283 3739 3346 tuorum
3797 3283 4088 3345 aeterno·

1367 3411 1555 3480 rum,
1608 3386 2115 3482 referemusque
2166 3387 2284 3459 tibi
2339 3386 2663 3479 gloriam,
2717 3395 2841 3458 etc.

1577 3503 1903 3596 Populus.
2010 3502 2250 3573 Amen.

1576 3617 1948 3689 Sacerdos.
2054 3617 2158 3687 Tu
2212 3639 2289 3688 es
2346 3617 2692 3689 thesaurus
2749 3616 3167 3705 auxiliorum,
3224 3629 3292 3689 et
3342 3618 3496 3690 fons
3549 3616 3907 3706 bonorum,
3959 3618 4096 3688 Do-

1368 3735 1574 3804 mine:
1627 3754 1755 3803 nos
1808 3735 2009 3823 igitur
2073 3734 2182 3826 qui
2242 3742 2550 3823 egestate
2613 3742 2682 3803 et
2743 3742 3136 3829 paupertate
3200 3732 3620 3820 laboramus,
3694 3733 3938 3805 divites
4010 3730 4099 3800 sac

1369 3846 1614 3917 divitiis
1669 3844 2445 3941 incomprehensibilibus
2518 3847 2841 3920 donorum
2914 3858 3172 3921 tuorum
3253 3847 3658 3921 divinorum:
3740 3857 3809 3919 et
3870 3845 4098 3943 perfice

1368 3981 1497 4032 nos
1567 3962 1633 4030 in
1703 3959 2018 4054 populum
2084 3970 2418 4049 sanctum,
2491 3972 2560 4033 et
2635 3967 3230 4055 congregationem
3299 3963 3660 4053 salvatam,
3738 3985 3909 4058 quae
3982 3983 4098 4031 an-

1366 4078 1635 4146 nunciet
1699 4073 1931 4146 laudes
2003 4085 2189 4164 tuas,
2261 4077 2447 4150 Deus
2502 4078 2741 4167 Pater,
2815 4088 2884 4149 et
2953 4082 3274 4170 unigeniti
3324 4078 3475 4150 Filii
3530 4082 3655 4169 tui,
3711 4090 3778 4151 et
3829 4078 4096 4173 Spiritus

1364 4194 1459 4262 tui
1509 4192 1673 4262 vivi.

1570 4305 1949 4376 Diaconus.
2053 4306 2228 4377 Date
2282 4328 2542 4401 pacem.

1570 4418 1940 4490 Sacerdos.
2049 4417 2316 4492 Caritas
2369 4422 2499 4491 Dei
2552 4421 2788 4495 Patris.

1576 4533 1901 4627 Populus.
2006 4535 2247 4606 Amen.
2347 4536 2853 4608 Misericordiae
2905 4535 3052 4607 Dei.

1573 4648 1944 4719 Sacerdos.
2055 4649 2333 4721 Sursum
2389 4651 2615 4722 corda.

1572 4762 1899 4856 Populus.
2005 4763 2344 4837 Habemus
2401 4764 2487 4837 ad
2539 4765 2912 4837 Dominum.

1573 4877 1941 4953 Sacerdos.
2048 4878 2316 4951 Gratias
2373 4901 2652 4972 agamus
2704 4878 3010 4953 Domino.

1578 4992 1901 5084 Populus.
2004 4995 2298 5087 Dignum
2351 5006 2419 5067 et
2464 4998 2712 5087 justum
2765 5005 2885 5070 est.
