4525 6034
729 572 805 645 ero
1235 572 1597 690 urrnncrr

832 759 993 852 Populos.
1046 761 1166 831 Arnen.

830 874 1018 946 Diaconos.
1072 875 1206 948 Stemus
1235 876 1404 950 decenter.

831 991 1015 1064 Sacerdos
1069 991 1216 1082 CaritnS,
1243 1005 1306 1066 etc.

829 1109 1005 1179 Sacerdos
1031 1109 1223 1181 inclinatus.
1285 1110 1362 1184 Tibi
1395 1113 1480 1183 enim
1508 1133 1592 1183 vere
1619 1111 1782 1184 debentur
1807 1111 1917 1184 laudes
1940 1124 1968 1185 et
1988 1115 2055 1187 ado-

725 1228 873 1298 rationes
901 1223 942 1296 ab
971 1225 1135 1315 omnibus,
1163 1227 1273 1317 Deus,
1309 1229 1365 1322 qui
1392 1227 1545 1301 omnihus
1582 1227 1670 1323 quod
1705 1237 1782 1302 sunt
1812 1228 1938 1320 tribuis,
1967 1241 1994 1303 et
2016 1234 2056 1302 vis

724 1347 827 1415 vitum
855 1344 1008 1414 omnium.

829 1459 980 1530 Eteoooa
1012 1481 1139 1532 nocem.
1191 1461 1349 1534 Abditum
1377 1460 1612 1534 excellentiam
1645 1473 1736 1534 tuam
1770 1462 1925 1550 Domine,
1954 1460 2058 1532 laudent

726 1588 762 1648 et
786 1575 935 1648 exaltant
961 1586 1099 1648 naturae
1127 1599 1243 1649 omnes
1271 1576 1523 1662 intellectuales,
1550 1587 1584 1648 et
1600 1600 1703 1650 seusu
1729 1576 1916 1673 praeditae:
1940 1586 2012 1648 terro
2032 1587 2057 1647 et

726 1697 836 1767 omnia
864 1714 949 1787 quae
976 1715 1176 1788 supeream
1210 1705 1302 1766 sunt:
1337 1692 1439 1766 orbes
1472 1693 1640 1766 coelestes
1675 1715 1750 1764 cum
1782 1690 1981 1764 luminaribus
2006 1695 2057 1763 suis

726 1808 940 1898 coelestibus,
968 1811 1199 1906 mentibusque
1225 1810 1381 1903 gloriosis
1417 1831 1478 1882 eos
1506 1809 1741 1901 dirigentibus:
1777 1807 1971 1882 substantiae
1992 1813 2057 1881 siru-

724 1927 829 2023 pliccs
861 1937 895 1998 et
930 1925 1131 2000 carbonibus
1166 1925 1438 2000 immaterialibus
1465 1933 1588 2013 tectae,
1623 1947 1784 2000 summurn
1819 1925 1965 1997 ardorem
1991 1936 2057 1995 tum

724 2042 900 2114 extollunt:
935 2041 1091 2134 legiones
1118 2046 1244 2135 ignitae
1271 2041 1402 2115 flamma
1429 2042 1618 2115 vehementi
1645 2063 1847 2130 succensae,
1873 2041 2057 2114 lortitudineu

724 2168 814 2232 tuam
855 2167 1025 2253 potentem
1065 2159 1252 2232 celebrant:
1293 2149 1428 2232 ordines
1468 2158 1694 2251 Angelorum,
1734 2169 1768 2230 et
1805 2156 2059 2250 Archangelonru

724 2274 874 2346 cantibus
902 2273 971 2346 suis
998 2275 1159 2348 suavibus
1186 2279 1394 2370 majestatem
1421 2284 1510 2347 tunm
1537 2273 1734 2347 ineffabilem
1761 2273 1936 2369 explicant.
1981 2275 2059 2344 Prin·

723 2394 852 2486 cipatns
879 2400 913 2462 et
939 2391 1128 2465 Potestates
1155 2392 1354 2468 carminibus
1388 2394 1457 2464 suis
1484 2390 1613 2481 nitidis,
1645 2393 1825 2487 potentium
1861 2401 1946 2462 tuam
1974 2391 2060 2460 omni·

628 2575 638 2601 q
723 2515 891 2601 potentem
919 2507 1090 2581 extollunt.
1150 2509 1274 2583 Throni
1309 2520 1343 2580 et
1373 2509 1644 2596 Dominationes,
1676 2507 1852 2603 praeclara
1886 2506 2060 2578 ordinatione

687 2611 694 2617 ’
723 2645 796 2712 sua,
823 2627 1031 2716 majestatem
1058 2637 1146 2698 tuam
1173 2628 1284 2698 omnia
1311 2634 1501 2696 moventem
1528 2622 1724 2716 glorificant.
1751 2623 1912 2711 Virtutes,
1938 2627 2060 2693 mentium

723 2750 823 2837 captu
849 2744 1052 2835 superiores,
1085 2740 1227 2815 vocibus
1262 2741 1463 2814 terribilibus
1492 2739 1671 2833 jubilorum
1704 2763 1860 2828 suorum,
1892 2739 1975 2835 qnod
2002 2748 2061 2810 nun

723 2879 785 2929 eos
812 2856 1000 2929 condideris
1037 2870 1166 2930 canunt.
1230 2858 1366 2930 Militiae
1399 2856 1567 2929 coelestes
1608 2854 1693 2930 tubis
1729 2859 1842 2949 ignitis
1874 2856 1982 2929 laudes
2008 2865 2061 2925 mas

722 2976 871 3045 intonant
897 2984 930 3045 et
957 2978 1144 3048 concinunt.
1202 2972 1381 3047 Cherubim
1408 2951 1505 3045 multi
1525 2974 1624 3062 oculi,
1652 2976 1706 3067 qui
1734 2972 1844 3046 dorsis
1872 2976 1949 3062 suis,
1971 2972 2061 3064 idgu-

722 3089 825 3178 ribus,
853 3088 1104 3186 tonitrubusque
1130 3090 1272 3180 validis,
1306 3089 1528 3162 fortitudinem
1563 3100 1651 3162 tuam
1677 3089 1797 3178 ferunt,
1824 3103 1861 3163 te
1887 3089 2061 3165 benedicunt

722 3205 896 3302 Seraphim
925 3229 988 3278 serr
1015 3206 1076 3279 alis
1104 3210 1262 3292 instructi,
1291 3207 1386 3279 lobiis
1413 3206 1627 3303 perfectiouis
1654 3206 1804 3298 regulam
1829 3204 2061 3286 concinentibus,

722 3333 757 3394 et
783 3321 996 3413 terribilibus
1024 3335 1057 3396 te
1084 3327 1266 3396 sanctitatis
1293 3328 1393 3395 totius
1429 3323 1554 3395 fontem
1582 3323 1795 3410 sanctificant,
1824 3324 1939 3399 volatu
1962 3322 2062 3393 leviet

722 3440 874 3510 circulari
902 3441 995 3510 nnius
1023 3439 1228 3512 adulterum
1255 3443 1463 3512 incessanter
1490 3442 1591 3511 trinas
1607 3440 1888 3512 sanctificationes
1913 3462 1973 3511 una
1995 3455 2061 3508 voce

721 3568 893 3645 canentes,
921 3557 1113 3645 clamantes,
1141 3553 1381 3644 vociferantes,
1408 3566 1442 3627 et
1469 3556 1626 3628 dicentes.

825 3671 986 3765 Populos.
1039 3671 1192 3744 Sanctus.
1745 3735 1748 3740 .

825 3786 1001 3858 Sacerdos
1027 3787 1219 3860 inclinatus.
1273 3788 1417 3860 Sanctus
1444 3796 1478 3859 et
1504 3785 1698 3859 benedictus
1725 3809 1776 3875 es,
1804 3799 1905 3883 utque
1930 3785 1997 3858 lons
2017 3793 2061 3853 to·

723 3906 785 3975 tius
814 3906 1010 3992 sanctitatis,
1037 3907 1092 3999 qui
1119 3927 1195 3976 cnm
1220 3903 1365 3978 vidisses
1392 3926 1499 3996 genus
1526 3912 1675 3976 nostrum
1701 3925 1763 3998 per
1789 3905 2060 3997 transgressionem

721 4018 866 4092 mandati
893 4022 924 4089 in
952 4024 1199 4117 corruptionem
1227 4019 1409 4115 delapsum,
1435 4018 1585 4092 Verbum
1611 4021 1814 4112 unigenitum
1831 4020 1947 4092 Filium
1971 4014 2061 4088 misisti

722 4145 857 4230 propter
884 4138 1023 4209 sulutem
1049 4148 1213 4210 nostram:
1248 4140 1304 4231 qni
1342 4140 1530 4209 incarnatus
1566 4145 1618 4208 est
1653 4159 1698 4207 ex
1728 4136 1872 4228 Virgine
1904 4137 2062 4220 suasmet

721 4251 829 4322 lactus
857 4263 909 4324 est
935 4253 1034 4327 bomo
1062 4257 1149 4326 sicut
1173 4275 1254 4342 nos3
1281 4252 1374 4326 Deus
1400 4275 1600 4350 permanens
1626 4254 1660 4323 in
1685 4261 1802 4323 aalma
1830 4274 1903 4340 sna,
1930 4248 2061 4346 impossi-

721 4366 778 4438 bili
806 4378 840 4439 et
865 4371 1053 4458 immortali,
1081 4380 1113 4441 et
1140 4368 1339 4462 figmentum
1357 4380 1505 4443 nostrum
1531 4371 1708 4442 renovavit
1734 4379 1835 4463 atque
1861 4367 2043 4440 reformarit

825 4484 975 4556 ffleeooc
1000 4509 1124 4558 uocem.
1186 4485 1270 4559 Cum
1305 4503 1391 4558 vero
1424 4485 1570 4578 figuras,
1611 4482 1811 4580 umbrasque
1846 4485 1933 4579 legis
1964 4480 2061 4552 veteris

722 4598 919 4694 perfecisset
946 4611 980 4673 et
1006 4601 1246 4699 complevisset
1271 4605 1306 4674 in
1332 4625 1371 4677 se
1397 4605 1483 4698 ipso,
1510 4612 1664 4697 tanquam
1690 4605 1863 4697 utriusque
1889 4592 2063 4674 Testamenti

721 4713 902 4803 Dominus,
934 4716 1166 4814 voluissetque
1201 4718 1314 4792 velum
1349 4721 1513 4816 typicum,
1550 4717 1638 4813 quod
1670 4740 1732 4813 pen
1763 4716 1968 4813 prophetiam
1998 4719 2061 4790 etti

721 4833 856 4904 auterre
882 4855 995 4906 coram
1023 4834 1129 4907 oculis
1157 4846 1274 4908 coetus
1301 4834 1516 4932 Apostolici,
1532 4843 1566 4907 et
1590 4856 1712 4930 corpus
1739 4833 1818 4905 illud
1844 4856 1971 4920 verum,
1994 4821 2062 4923 quot

606 5043 612 5056 ι
722 4946 867 5022 obscure
901 4949 978 5023 olim
1014 4961 1048 5022 et
1081 4955 1176 5047 quasi
1204 4976 1224 5024 e
1249 4951 1429 5046 longinquo
1460 4951 1716 5048 praefiguratum
1748 4963 1836 5040 erat,
1871 4950 1948 5022 illud
1978 4948 2060 5042 ipsun

720 5073 899 5140 testaretur
924 5067 1103 5141 excellenti
1130 5068 1272 5166 quadan
1298 5071 1427 5142 ratione
1461 5090 1539 5144 esse
1564 5071 1598 5141 in
1623 5069 1796 5165 proxim05
1836 5071 1870 5140 in
1906 5090 1946 5139 ea
1972 5068 2059 5142 nteit,
