<?xml version="1.0" encoding="UTF-8"?>
<!DOCTYPE html PUBLIC "-//W3C//DTD XHTML 1.0 Transitional//EN"
    "http://www.w3.org/TR/xhtml1/DTD/xhtml1-transitional.dtd">
<html xmlns="http://www.w3.org/1999/xhtml" xml:lang="en" lang="en">
 <head>
  <title>
</title>
<meta http-equiv="Content-Type" content="text/html;charset=utf-8" />
  <meta name='ocr-system' content='tesseract 3.04.00' />
  <meta name='ocr-capabilities' content='ocr_page ocr_carea ocr_par ocr_line ocrx_word'/>
</head>
<body>
  <div class='ocr_page' id='page_1' title='image "./liturgiarumorie00unkngoog_0505.png"; bbox 0 0 4525 6034; ppageno 0'>
   <div class='ocr_carea' id='block_1_1' title="bbox 613 582 1763 691">
    <p class='ocr_par' dir='ltr' id='par_1_1' title="bbox 613 582 1763 691">
     <span class='ocr_line' id='line_1_1' title="bbox 613 582 1763 691; baseline -0.003 -30"><span class='ocrx_word' id='word_1_1' title='bbox 613 584 653 661; x_wconf 86' lang='lat' dir='ltr'><strong>n</strong></span> <span class='ocrx_word' id='word_1_2' title='bbox 679 582 886 661; x_wconf 82' lang='lat' dir='ltr'><strong>morena</strong></span> <span class='ocrx_word' id='word_1_3' title='bbox 912 582 1093 661; x_wconf 82' lang='lat' dir='ltr'><strong>ensem</strong></span> <span class='ocrx_word' id='word_1_4' title='bbox 1119 584 1151 661; x_wconf 91' lang='grc' dir='ltr'><strong>ε.</strong></span> <span class='ocrx_word' id='word_1_5' title='bbox 1176 582 1304 661; x_wconf 78' lang='lat' dir='ltr'><strong>mter.</strong></span> <span class='ocrx_word' id='word_1_6' title='bbox 1571 585 1642 659; x_wconf 80' lang='lat' dir='ltr'><strong>sm</strong></span> <span class='ocrx_word' id='word_1_7' title='bbox 1761 678 1763 691; x_wconf 17' lang='lat'><strong>¹</strong></span> 
     </span>
    </p>
   </div>
   <div class='ocr_carea' id='block_1_2' title="bbox 270 767 1647 1148">
    <p class='ocr_par' dir='ltr' id='par_1_2' title="bbox 270 767 1647 1148">
     <span class='ocr_line' id='line_1_2' title="bbox 272 767 1647 851; baseline 0.001 -21"><span class='ocrx_word' id='word_1_8' title='bbox 272 767 356 830; x_wconf 90' lang='lat' dir='ltr'><strong>nulla</strong></span> <span class='ocrx_word' id='word_1_9' title='bbox 377 785 506 850; x_wconf 89' lang='lat' dir='ltr'><strong>unquam</strong></span> <span class='ocrx_word' id='word_1_10' title='bbox 529 769 561 831; x_wconf 91' lang='lat' dir='ltr'><strong>in</strong></span> <span class='ocrx_word' id='word_1_11' title='bbox 584 768 709 833; x_wconf 87' lang='lat' dir='ltr'><strong>Graecis</strong></span> <span class='ocrx_word' id='word_1_12' title='bbox 730 768 876 833; x_wconf 86' lang='lat' dir='ltr'><strong>Ecclesiis</strong></span> <span class='ocrx_word' id='word_1_13' title='bbox 899 767 1053 841; x_wconf 83' lang='lat' dir='ltr'><strong>celebrata</strong></span> <span class='ocrx_word' id='word_1_14' title='bbox 1074 768 1199 851; x_wconf 73' lang='lat' dir='ltr'><strong>legitur:</strong></span> <span class='ocrx_word' id='word_1_15' title='bbox 1223 768 1432 851; x_wconf 75' lang='lat' dir='ltr'><strong>chrysostomi</strong></span> <span class='ocrx_word' id='word_1_16' title='bbox 1453 788 1578 847; x_wconf 87' lang='lat' dir='ltr'><strong>nomen,</strong></span> <span class='ocrx_word' id='word_1_17' title='bbox 1604 768 1647 832; x_wconf 88' lang='lat' dir='ltr'><strong>illi</strong></span> 
     </span>
     <span class='ocr_line' id='line_1_3' title="bbox 274 866 1646 952; baseline 0.001 -22"><span class='ocrx_word' id='word_1_18' title='bbox 274 885 355 948; x_wconf 90' lang='lat' dir='ltr'><strong>quae</strong></span> <span class='ocrx_word' id='word_1_19' title='bbox 378 866 493 930; x_wconf 90' lang='lat' dir='ltr'><strong>titulum</strong></span> <span class='ocrx_word' id='word_1_20' title='bbox 515 869 581 951; x_wconf 79' lang='lat' dir='ltr'><strong>eJus</strong></span> <span class='ocrx_word' id='word_1_21' title='bbox 603 869 709 948; x_wconf 91' lang='lat' dir='ltr'><strong>habet,</strong></span> <span class='ocrx_word' id='word_1_22' title='bbox 734 888 774 933; x_wconf 83' lang='lat' dir='ltr'><strong>ex</strong></span> <span class='ocrx_word' id='word_1_23' title='bbox 795 886 853 932; x_wconf 81' lang='lat' dir='ltr'><strong>usu</strong></span> <span class='ocrx_word' id='word_1_24' title='bbox 875 868 1054 951; x_wconf 74' lang='lat' dir='ltr'><strong>posteriori,</strong></span> <span class='ocrx_word' id='word_1_25' title='bbox 1076 875 1109 931; x_wconf 93' lang='lat' dir='ltr'><strong>ut</strong></span> <span class='ocrx_word' id='word_1_26' title='bbox 1131 869 1259 952; x_wconf 78' lang='lat' dir='ltr'><strong>insignis</strong></span> <span class='ocrx_word' id='word_1_27' title='bbox 1288 870 1366 933; x_wconf 88' lang='lat' dir='ltr'><strong>inter</strong></span> <span class='ocrx_word' id='word_1_28' title='bbox 1387 868 1646 951; x_wconf 88' lang='lat' dir='ltr'><strong>Constantinopo-</strong></span> 
     </span>
     <span class='ocr_line' id='line_1_4' title="bbox 270 964 1644 1050; baseline 0.004 -23"><span class='ocrx_word' id='word_1_29' title='bbox 270 966 382 1028; x_wconf 85' lang='lat' dir='ltr'><strong>litanos</strong></span> <span class='ocrx_word' id='word_1_30' title='bbox 404 964 555 1029; x_wconf 82' lang='lat' dir='ltr'><strong>Antistitis</strong></span> <span class='ocrx_word' id='word_1_31' title='bbox 578 967 728 1049; x_wconf 89' lang='lat' dir='ltr'><strong>adjectum</strong></span> <span class='ocrx_word' id='word_1_32' title='bbox 750 976 806 1030; x_wconf 89' lang='lat' dir='ltr'><strong>est</strong></span> <span class='ocrx_word' id='word_1_33' title='bbox 839 965 922 1029; x_wconf 89' lang='lat' dir='ltr'><strong>llaec</strong></span> <span class='ocrx_word' id='word_1_34' title='bbox 945 966 1059 1030; x_wconf 83' lang='lat' dir='ltr'>dixisse</span> <span class='ocrx_word' id='word_1_35' title='bbox 1080 968 1277 1050; x_wconf 75' lang='lat' dir='ltr'>interpretem</span> <span class='ocrx_word' id='word_1_36' title='bbox 1290 970 1433 1050; x_wconf 87' lang='lat' dir='ltr'><strong>oportuit,</strong></span> <span class='ocrx_word' id='word_1_37' title='bbox 1455 986 1517 1032; x_wconf 89' lang='lat' dir='ltr'><strong>non</strong></span> <span class='ocrx_word' id='word_1_38' title='bbox 1539 968 1597 1032; x_wconf 89' lang='lat' dir='ltr'><strong>alia</strong></span> <span class='ocrx_word' id='word_1_39' title='bbox 1610 986 1644 1032; x_wconf 89' lang='lat' dir='ltr'><strong>se</strong></span> 
     </span>
     <span class='ocr_line' id='line_1_5' title="bbox 271 1065 956 1148; baseline 0 -19"><span class='ocrx_word' id='word_1_40' title='bbox 271 1066 313 1129; x_wconf 89' lang='lat' dir='ltr'><strong>de</strong></span> <span class='ocrx_word' id='word_1_41' title='bbox 334 1065 419 1129; x_wconf 89' lang='lat' dir='ltr'><strong>libris</strong></span> <span class='ocrx_word' id='word_1_42' title='bbox 441 1066 535 1130; x_wconf 85' lang='lat' dir='ltr'><strong>blesis</strong></span> <span class='ocrx_word' id='word_1_43' title='bbox 557 1066 766 1148; x_wconf 78' lang='lat' dir='ltr'><strong>disquisitione</strong></span> <span class='ocrx_word' id='word_1_44' title='bbox 788 1065 956 1139; x_wconf 80' lang='lat' dir='ltr'><strong>involvere.</strong></span> 
     </span>
    </p>
   </div>
   <div class='ocr_carea' id='block_1_3' title="bbox 829 1327 1088 1418">
    <p class='ocr_par' dir='ltr' id='par_1_3' title="bbox 829 1327 1088 1418">
     <span class='ocr_line' id='line_1_6' title="bbox 829 1327 1088 1418; baseline -0.004 -19"><span class='ocrx_word' id='word_1_45' title='bbox 829 1327 996 1418; x_wconf 79' lang='lat' dir='ltr'><strong>Sanctus,</strong></span> <span class='ocrx_word' id='word_1_46' title='bbox 1024 1335 1088 1399; x_wconf 84' lang='lat' dir='ltr'><strong>etc.</strong></span> 
     </span>
    </p>
   </div>
   <div class='ocr_carea' id='block_1_4' title="bbox 270 1520 1711 2595">
    <p class='ocr_par' dir='ltr' id='par_1_4' title="bbox 270 1520 1711 2595">
     <span class='ocr_line' id='line_1_7' title="bbox 366 1520 1642 1615; baseline -0.002 -16"><span class='ocrx_word' id='word_1_47' title='bbox 366 1520 418 1599; x_wconf 79' lang='lat' dir='ltr'><strong>Aa</strong></span> <span class='ocrx_word' id='word_1_48' title='bbox 440 1532 499 1597; x_wconf 92' lang='lat' dir='ltr'><strong>hoc</strong></span> <span class='ocrx_word' id='word_1_49' title='bbox 525 1533 596 1598; x_wconf 91' lang='lat' dir='ltr'><strong>loco</strong></span> <span class='ocrx_word' id='word_1_50' title='bbox 624 1534 750 1596; x_wconf 87' lang='lat' dir='ltr'><strong>maxima</strong></span> <span class='ocrx_word' id='word_1_51' title='bbox 778 1531 939 1596; x_wconf 82' lang='lat' dir='ltr'><strong>similitudo</strong></span> <span class='ocrx_word' id='word_1_52' title='bbox 967 1540 1014 1596; x_wconf 92' lang='lat' dir='ltr'><strong>est</strong></span> <span class='ocrx_word' id='word_1_53' title='bbox 1043 1531 1130 1615; x_wconf 88' lang='lat' dir='ltr'><strong>hujus</strong></span> <span class='ocrx_word' id='word_1_54' title='bbox 1159 1540 1190 1595; x_wconf 87' lang='lat' dir='ltr'><strong>et</strong></span> <span class='ocrx_word' id='word_1_55' title='bbox 1218 1532 1402 1614; x_wconf 88' lang='lat' dir='ltr'><strong>reliquarum</strong></span> <span class='ocrx_word' id='word_1_56' title='bbox 1429 1532 1642 1615; x_wconf 80' lang='lat' dir='ltr'><strong>Litorgiarum,</strong></span> 
     </span>
     <span class='ocr_line' id='line_1_8' title="bbox 272 1631 1711 1717; baseline -0.003 -19"><span class='ocrx_word' id='word_1_57' title='bbox 272 1633 466 1717; x_wconf 85' lang='lat' dir='ltr'><strong>atqneodeo</strong></span> <span class='ocrx_word' id='word_1_58' title='bbox 489 1632 567 1716; x_wconf 90' lang='lat' dir='ltr'><strong>quac</strong></span> <span class='ocrx_word' id='word_1_59' title='bbox 589 1631 803 1696; x_wconf 89' lang='lat' dir='ltr'><strong>adorationes</strong></span> <span class='ocrx_word' id='word_1_60' title='bbox 825 1633 856 1694; x_wconf 90' lang='lat' dir='ltr'><strong>in</strong></span> <span class='ocrx_word' id='word_1_61' title='bbox 882 1632 1059 1713; x_wconf 88' lang='lat' dir='ltr'><strong>quibusdam</strong></span> <span class='ocrx_word' id='word_1_62' title='bbox 1086 1631 1163 1695; x_wconf 88' lang='lat' dir='ltr'><strong>locis</strong></span> <span class='ocrx_word' id='word_1_63' title='bbox 1197 1631 1393 1712; x_wconf 82' lang='lat' dir='ltr'><strong>explicandas</strong></span> <span class='ocrx_word' id='word_1_64' title='bbox 1421 1640 1576 1715; x_wconf 89' lang='lat' dir='ltr'><strong>spectant,</strong></span> <span class='ocrx_word' id='word_1_65' title='bbox 1614 1634 1645 1694; x_wconf 92' lang='lat' dir='ltr'><strong>in</strong></span> <span class='ocrx_word' id='word_1_66' title='bbox 1706 1697 1711 1703; x_wconf 76' lang='grc'>,</span> 
     </span>
     <span class='ocr_line' id='line_1_9' title="bbox 273 1729 1645 1814; baseline -0.001 -17"><span class='ocrx_word' id='word_1_67' title='bbox 273 1732 504 1797; x_wconf 86' lang='lat' dir='ltr'><strong>Commentariis</strong></span> <span class='ocrx_word' id='word_1_68' title='bbox 534 1731 571 1795; x_wconf 90' lang='lat' dir='ltr'><strong>ad</strong></span> <span class='ocrx_word' id='word_1_69' title='bbox 594 1731 750 1814; x_wconf 86' lang='lat' dir='ltr'><strong>Copticam</strong></span> <span class='ocrx_word' id='word_1_70' title='bbox 772 1739 804 1794; x_wconf 90' lang='lat' dir='ltr'><strong>et</strong></span> <span class='ocrx_word' id='word_1_71' title='bbox 825 1729 899 1793; x_wconf 90' lang='lat' dir='ltr'><strong>alias</strong></span> <span class='ocrx_word' id='word_1_72' title='bbox 921 1730 1104 1795; x_wconf 77' lang='lat' dir='ltr'><strong>sufficienter</strong></span> <span class='ocrx_word' id='word_1_73' title='bbox 1126 1732 1296 1813; x_wconf 85' lang='lat' dir='ltr'><strong>expositum</strong></span> <span class='ocrx_word' id='word_1_74' title='bbox 1322 1738 1379 1794; x_wconf 88' lang='lat' dir='ltr'><strong>est.</strong></span> <span class='ocrx_word' id='word_1_75' title='bbox 1403 1731 1567 1796; x_wconf 86' lang='lat' dir='ltr'><strong>Observari</strong></span> <span class='ocrx_word' id='word_1_76' title='bbox 1590 1750 1645 1795; x_wconf 92' lang='lat' dir='ltr'><strong>so-</strong></span> 
     </span>
     <span class='ocr_line' id='line_1_10' title="bbox 270 1830 1645 1913; baseline 0.001 -19"><span class='ocrx_word' id='word_1_77' title='bbox 270 1832 336 1896; x_wconf 92' lang='lat' dir='ltr'><strong>lum</strong></span> <span class='ocrx_word' id='word_1_78' title='bbox 359 1833 463 1913; x_wconf 85' lang='lat' dir='ltr'><strong>debet,</strong></span> <span class='ocrx_word' id='word_1_79' title='bbox 486 1833 580 1895; x_wconf 89' lang='lat' dir='ltr'><strong>verba</strong></span> <span class='ocrx_word' id='word_1_80' title='bbox 613 1832 838 1895; x_wconf 90' lang='lat' dir='ltr'><strong>consecratoria</strong></span> <span class='ocrx_word' id='word_1_81' title='bbox 862 1830 971 1895; x_wconf 81' lang='lat' dir='ltr'><strong>Christi</strong></span> <span class='ocrx_word' id='word_1_82' title='bbox 1002 1831 1118 1897; x_wconf 86' lang='lat' dir='ltr'><strong>Domini</strong></span> <span class='ocrx_word' id='word_1_83' title='bbox 1157 1830 1264 1896; x_wconf 91' lang='lat' dir='ltr'><strong>eodem</strong></span> <span class='ocrx_word' id='word_1_84' title='bbox 1289 1838 1396 1894; x_wconf 87' lang='lat' dir='ltr'><strong>tenore</strong></span> <span class='ocrx_word' id='word_1_85' title='bbox 1424 1830 1551 1909; x_wconf 83' lang='lat' dir='ltr'><strong>referri,</strong></span> <span class='ocrx_word' id='word_1_86' title='bbox 1585 1849 1645 1913; x_wconf 91' lang='lat' dir='ltr'><strong>quo</strong></span> 
     </span>
     <span class='ocr_line' id='line_1_11' title="bbox 270 1928 1647 2021; baseline -0.002 -25"><span class='ocrx_word' id='word_1_87' title='bbox 270 1935 387 2015; x_wconf 87' lang='lat' dir='ltr'><strong>passim</strong></span> <span class='ocrx_word' id='word_1_88' title='bbox 409 1940 571 1996; x_wconf 87' lang='lat' dir='ltr'><strong>occurrunt</strong></span> <span class='ocrx_word' id='word_1_89' title='bbox 593 1931 624 1994; x_wconf 92' lang='lat' dir='ltr'><strong>in</strong></span> <span class='ocrx_word' id='word_1_90' title='bbox 646 1930 771 2021; x_wconf 86' lang='lat' dir='ltr'><strong>Graecis</strong></span> <span class='ocrx_word' id='word_1_91' title='bbox 801 1938 832 1993; x_wconf 92' lang='lat' dir='ltr'><strong>et</strong></span> <span class='ocrx_word' id='word_1_92' title='bbox 861 1928 1062 1993; x_wconf 77' lang='lat' dir='ltr'><strong>Orientalibus</strong></span> <span class='ocrx_word' id='word_1_93' title='bbox 1085 1930 1221 1994; x_wconf 89' lang='lat' dir='ltr'><strong>omnibus</strong></span> <span class='ocrx_word' id='word_1_94' title='bbox 1242 1929 1398 2014; x_wconf 80' lang='lat' dir='ltr'><strong>hiturgiis,</strong></span> <span class='ocrx_word' id='word_1_95' title='bbox 1421 1939 1511 2013; x_wconf 91' lang='lat' dir='ltr'><strong>atque</strong></span> <span class='ocrx_word' id='word_1_96' title='bbox 1535 1950 1572 1996; x_wconf 90' lang='lat' dir='ltr'><strong>ea</strong></span> <span class='ocrx_word' id='word_1_97' title='bbox 1593 1950 1647 1993; x_wconf 93' lang='lat' dir='ltr'><strong>ra-</strong></span> 
     </span>
     <span class='ocr_line' id='line_1_12' title="bbox 270 2029 1647 2113; baseline -0.001 -19"><span class='ocrx_word' id='word_1_98' title='bbox 270 2033 358 2096; x_wconf 87' lang='lat' dir='ltr'><strong>tione</strong></span> <span class='ocrx_word' id='word_1_99' title='bbox 380 2035 453 2095; x_wconf 90' lang='lat' dir='ltr'><strong>satis</strong></span> <span class='ocrx_word' id='word_1_100' title='bbox 475 2031 690 2108; x_wconf 89' lang='lat' dir='ltr'><strong>demonstrari,</strong></span> <span class='ocrx_word' id='word_1_101' title='bbox 713 2050 801 2113; x_wconf 90' lang='lat' dir='ltr'><strong>qoam</strong></span> <span class='ocrx_word' id='word_1_102' title='bbox 831 2030 1015 2094; x_wconf 88' lang='lat' dir='ltr'><strong>calumniosa</strong></span> <span class='ocrx_word' id='word_1_103' title='bbox 1038 2030 1127 2094; x_wconf 91' lang='lat' dir='ltr'><strong>luerit</strong></span> <span class='ocrx_word' id='word_1_104' title='bbox 1150 2029 1344 2112; x_wconf 87' lang='lat' dir='ltr'><strong>quorumdam</strong></span> <span class='ocrx_word' id='word_1_105' title='bbox 1370 2030 1522 2093; x_wconf 88' lang='lat' dir='ltr'><strong>hominum</strong></span> <span class='ocrx_word' id='word_1_106' title='bbox 1553 2049 1647 2093; x_wconf 89' lang='lat' dir='ltr'><strong>accu-</strong></span> 
     </span>
     <span class='ocr_line' id='line_1_13' title="bbox 271 2128 1646 2213; baseline -0.001 -20"><span class='ocrx_word' id='word_1_107' title='bbox 271 2132 367 2211; x_wconf 88' lang='lat' dir='ltr'><strong>satio,</strong></span> <span class='ocrx_word' id='word_1_108' title='bbox 398 2133 483 2213; x_wconf 87' lang='lat' dir='ltr'><strong>quasi</strong></span> <span class='ocrx_word' id='word_1_109' title='bbox 506 2129 812 2212; x_wconf 58' lang='lat' dir='ltr'><strong>Orientalesffleadem</strong></span> <span class='ocrx_word' id='word_1_110' title='bbox 844 2131 1051 2212; x_wconf 81' lang='lat' dir='ltr'><strong>corruperint,</strong></span> <span class='ocrx_word' id='word_1_111' title='bbox 1074 2138 1108 2193; x_wconf 89' lang='lat' dir='ltr'><strong>ut</strong></span> <span class='ocrx_word' id='word_1_112' title='bbox 1130 2149 1147 2193; x_wconf 88' lang='lat' dir='ltr'><strong>a</strong></span> <span class='ocrx_word' id='word_1_113' title='bbox 1166 2130 1299 2194; x_wconf 85' lang='lat' dir='ltr'><strong>Romana</strong></span> <span class='ocrx_word' id='word_1_114' title='bbox 1321 2128 1416 2194; x_wconf 89' lang='lat' dir='ltr'><strong>lorma</strong></span> <span class='ocrx_word' id='word_1_115' title='bbox 1439 2129 1646 2207; x_wconf 89' lang='lat' dir='ltr'><strong>deflecterent,</strong></span> 
     </span>
     <span class='ocr_line' id='line_1_14' title="bbox 271 2228 1647 2313; baseline -0.001 -20"><span class='ocrx_word' id='word_1_116' title='bbox 271 2250 364 2313; x_wconf 91' lang='lat' dir='ltr'><strong>quam</strong></span> <span class='ocrx_word' id='word_1_117' title='bbox 386 2232 417 2293; x_wconf 92' lang='lat' dir='ltr'><strong>in</strong></span> <span class='ocrx_word' id='word_1_118' title='bbox 444 2231 528 2294; x_wconf 87' lang='lat' dir='ltr'><strong>libris</strong></span> <span class='ocrx_word' id='word_1_119' title='bbox 559 2230 740 2310; x_wconf 87' lang='lat' dir='ltr'><strong>hlissalihus,</strong></span> <span class='ocrx_word' id='word_1_120' title='bbox 764 2247 840 2312; x_wconf 92' lang='lat' dir='ltr'><strong>quos</strong></span> <span class='ocrx_word' id='word_1_121' title='bbox 867 2228 1072 2294; x_wconf 85' lang='lat' dir='ltr'><strong>reformavere</strong></span> <span class='ocrx_word' id='word_1_122' title='bbox 1096 2229 1249 2294; x_wconf 81' lang='lat' dir='ltr'><strong>Censores</strong></span> <span class='ocrx_word' id='word_1_123' title='bbox 1278 2229 1404 2293; x_wconf 87' lang='lat' dir='ltr'><strong>Romani</strong></span> <span class='ocrx_word' id='word_1_124' title='bbox 1434 2238 1465 2292; x_wconf 92' lang='grc' dir='ltr'><strong>ει</strong></span> <span class='ocrx_word' id='word_1_125' title='bbox 1490 2229 1647 2309; x_wconf 82' lang='lat' dir='ltr'><strong>Lusitani,</strong></span> 
     </span>
     <span class='ocr_line' id='line_1_15' title="bbox 270 2328 1646 2411; baseline -0.001 -19"><span class='ocrx_word' id='word_1_126' title='bbox 270 2338 358 2393; x_wconf 91' lang='lat' dir='ltr'><strong>tanto</strong></span> <span class='ocrx_word' id='word_1_127' title='bbox 393 2331 493 2394; x_wconf 87' lang='lat' dir='ltr'><strong>studio</strong></span> <span class='ocrx_word' id='word_1_128' title='bbox 531 2330 736 2411; x_wconf 86' lang='lat' dir='ltr'><strong>reponendam</strong></span> <span class='ocrx_word' id='word_1_129' title='bbox 770 2337 968 2409; x_wconf 86' lang='lat' dir='ltr'><strong>curaverunt,</strong></span> <span class='ocrx_word' id='word_1_130' title='bbox 1004 2329 1084 2411; x_wconf 91' lang='lat' dir='ltr'><strong>quod</strong></span> <span class='ocrx_word' id='word_1_131' title='bbox 1117 2329 1207 2411; x_wconf 89' lang='lat' dir='ltr'><strong>plane</strong></span> <span class='ocrx_word' id='word_1_132' title='bbox 1242 2330 1446 2394; x_wconf 87' lang='lat' dir='ltr'><strong>necessarium</strong></span> <span class='ocrx_word' id='word_1_133' title='bbox 1482 2346 1542 2391; x_wconf 88' lang='lat' dir='ltr'><strong>uon</strong></span> <span class='ocrx_word' id='word_1_134' title='bbox 1575 2328 1646 2407; x_wconf 87' lang='lat' dir='ltr'><strong>luit,</strong></span> 
     </span>
     <span class='ocr_line' id='line_1_16' title="bbox 270 2428 1647 2512; baseline -0.003 -17"><span class='ocrx_word' id='word_1_135' title='bbox 270 2448 386 2512; x_wconf 78' lang='lat' dir='ltr'><strong>magno</strong></span> <span class='ocrx_word' id='word_1_136' title='bbox 401 2430 592 2494; x_wconf 83' lang='lat' dir='ltr'><strong>imbecillium</strong></span> <span class='ocrx_word' id='word_1_137' title='bbox 606 2438 637 2494; x_wconf 92' lang='lat' dir='ltr'><strong>et</strong></span> <span class='ocrx_word' id='word_1_138' title='bbox 651 2430 859 2494; x_wconf 84' lang='lat' dir='ltr'><strong>illiteratorum</strong></span> <span class='ocrx_word' id='word_1_139' title='bbox 877 2429 1030 2510; x_wconf 89' lang='lat' dir='ltr'><strong>scandalo,</strong></span> <span class='ocrx_word' id='word_1_140' title='bbox 1053 2447 1130 2511; x_wconf 90' lang='lat' dir='ltr'><strong>quos</strong></span> <span class='ocrx_word' id='word_1_141' title='bbox 1153 2430 1229 2494; x_wconf 89' lang='lat' dir='ltr'><strong>istae</strong></span> <span class='ocrx_word' id='word_1_142' title='bbox 1250 2429 1499 2512; x_wconf 88' lang='lat' dir='ltr'><strong>interpolationes</strong></span> <span class='ocrx_word' id='word_1_143' title='bbox 1522 2428 1647 2492; x_wconf 90' lang='lat' dir='ltr'><strong>alienis-</strong></span> 
     </span>
     <span class='ocr_line' id='line_1_17' title="bbox 272 2528 743 2595; baseline 0.004 -2"><span class='ocrx_word' id='word_1_144' title='bbox 272 2531 373 2593; x_wconf 89' lang='lat' dir='ltr'><strong>simos</strong></span> <span class='ocrx_word' id='word_1_145' title='bbox 396 2549 414 2593; x_wconf 87' lang='lat' dir='ltr'><strong>a</strong></span> <span class='ocrx_word' id='word_1_146' title='bbox 436 2530 597 2593; x_wconf 89' lang='lat' dir='ltr'><strong>concordia</strong></span> <span class='ocrx_word' id='word_1_147' title='bbox 619 2528 743 2595; x_wconf 86' lang='lat' dir='ltr'><strong>faciunt.</strong></span> 
     </span>
    </p>
   </div>
   <div class='ocr_carea' id='block_1_5' title="bbox 650 2790 1368 2885">
    <p class='ocr_par' dir='ltr' id='par_1_5' title="bbox 650 2790 1368 2885">
     <span class='ocr_line' id='line_1_18' title="bbox 650 2790 1368 2885; baseline 0 -23"><span class='ocrx_word' id='word_1_148' title='bbox 650 2791 698 2863; x_wconf 86' lang='lat' dir='ltr'><strong>Tc</strong></span> <span class='ocrx_word' id='word_1_149' title='bbox 723 2812 883 2885; x_wconf 81' lang='lat' dir='ltr'><strong>ropcmos</strong></span> <span class='ocrx_word' id='word_1_150' title='bbox 908 2796 944 2863; x_wconf 86' lang='lat' dir='ltr'><strong>et</strong></span> <span class='ocrx_word' id='word_1_151' title='bbox 970 2790 1187 2862; x_wconf 79' lang='lat' dir='ltr'><strong>obsecramur</strong></span> <span class='ocrx_word' id='word_1_152' title='bbox 1213 2796 1277 2862; x_wconf 85' lang='lat' dir='ltr'><strong>etc.</strong></span> <span class='ocrx_word' id='word_1_153' title='bbox 1365 2820 1368 2831; x_wconf 93' lang='lat'><em>·</em></span> 
     </span>
    </p>
   </div>
   <div class='ocr_carea' id='block_1_6' title="bbox 268 2985 1648 5176">
    <p class='ocr_par' dir='ltr' id='par_1_6' title="bbox 268 2985 1648 4577">
     <span class='ocr_line' id='line_1_19' title="bbox 388 2985 1645 3079; baseline -0.005 -16"><span class='ocrx_word' id='word_1_154' title='bbox 388 2985 615 3063; x_wconf 78' lang='lat' dir='ltr'><strong>lavoearrosss</strong></span> <span class='ocrx_word' id='word_1_155' title='bbox 638 2994 767 3078; x_wconf 88' lang='lat' dir='ltr'><strong>Spiritus</strong></span> <span class='ocrx_word' id='word_1_156' title='bbox 790 2995 885 3058; x_wconf 91' lang='lat' dir='ltr'><strong>sancti</strong></span> <span class='ocrx_word' id='word_1_157' title='bbox 907 2994 1043 3060; x_wconf 87' lang='lat' dir='ltr'><strong>omnihus</strong></span> <span class='ocrx_word' id='word_1_158' title='bbox 1066 2993 1269 3059; x_wconf 87' lang='lat' dir='ltr'><strong>Orientalibus</strong></span> <span class='ocrx_word' id='word_1_159' title='bbox 1291 2994 1435 3079; x_wconf 78' lang='lat' dir='ltr'><strong>Liturgiis</strong></span> <span class='ocrx_word' id='word_1_160' title='bbox 1457 3012 1645 3060; x_wconf 89' lang='lat' dir='ltr'><strong>communem</strong></span> 
     </span>
     <span class='ocr_line' id='line_1_20' title="bbox 269 3098 1646 3181; baseline 0 -18"><span class='ocrx_word' id='word_1_161' title='bbox 269 3101 408 3164; x_wconf 86' lang='lat' dir='ltr'><strong>continet</strong></span> <span class='ocrx_word' id='word_1_162' title='bbox 430 3099 507 3163; x_wconf 90' lang='lat' dir='ltr'><strong>haec</strong></span> <span class='ocrx_word' id='word_1_163' title='bbox 529 3101 636 3165; x_wconf 88' lang='lat' dir='ltr'><strong>oratio.</strong></span> <span class='ocrx_word' id='word_1_164' title='bbox 681 3098 734 3162; x_wconf 88' lang='lat' dir='ltr'><strong>llla</strong></span> <span class='ocrx_word' id='word_1_165' title='bbox 758 3106 867 3179; x_wconf 90' lang='lat' dir='ltr'><strong>autem,</strong></span> <span class='ocrx_word' id='word_1_166' title='bbox 890 3104 923 3161; x_wconf 87' lang='lat' dir='ltr'><strong>nt</strong></span> <span class='ocrx_word' id='word_1_167' title='bbox 945 3102 1044 3162; x_wconf 89' lang='lat' dir='ltr'><strong>omnia</strong></span> <span class='ocrx_word' id='word_1_168' title='bbox 1058 3117 1136 3181; x_wconf 89' lang='lat' dir='ltr'><strong>quae</strong></span> <span class='ocrx_word' id='word_1_169' title='bbox 1159 3098 1355 3180; x_wconf 88' lang='lat' dir='ltr'><strong>praecedunt,</strong></span> <span class='ocrx_word' id='word_1_170' title='bbox 1378 3116 1438 3162; x_wconf 93' lang='lat' dir='ltr'><strong>uno</strong></span> <span class='ocrx_word' id='word_1_171' title='bbox 1461 3106 1569 3163; x_wconf 88' lang='lat' dir='ltr'><strong>tenore</strong></span> <span class='ocrx_word' id='word_1_172' title='bbox 1591 3119 1646 3163; x_wconf 90' lang='lat' dir='ltr'><strong>re-</strong></span> 
     </span>
     <span class='ocr_line' id='line_1_21' title="bbox 268 3196 1642 3283; baseline 0 -22"><span class='ocrx_word' id='word_1_173' title='bbox 268 3198 412 3263; x_wconf 75' lang='lat' dir='ltr'><strong>feruntur</strong></span> <span class='ocrx_word' id='word_1_174' title='bbox 433 3201 465 3262; x_wconf 91' lang='lat' dir='ltr'><strong>in</strong></span> <span class='ocrx_word' id='word_1_175' title='bbox 487 3200 653 3280; x_wconf 87' lang='lat' dir='ltr'><strong>exemplari</strong></span> <span class='ocrx_word' id='word_1_176' title='bbox 676 3197 966 3283; x_wconf 81' lang='lat' dir='ltr'><strong>Cryptalerratensi.</strong></span> <span class='ocrx_word' id='word_1_177' title='bbox 990 3199 1023 3261; x_wconf 93' lang='lat' dir='ltr'><strong>ln</strong></span> <span class='ocrx_word' id='word_1_178' title='bbox 1046 3199 1173 3281; x_wconf 87' lang='lat' dir='ltr'><strong>Coptica</strong></span> <span class='ocrx_word' id='word_1_179' title='bbox 1191 3196 1296 3280; x_wconf 78' lang='lat' dir='ltr'><strong>Cyrilli</strong></span> <span class='ocrx_word' id='word_1_180' title='bbox 1319 3205 1352 3261; x_wconf 89' lang='lat' dir='ltr'><strong>ut</strong></span> <span class='ocrx_word' id='word_1_181' title='bbox 1373 3199 1405 3261; x_wconf 92' lang='lat' dir='ltr'><strong>in</strong></span> <span class='ocrx_word' id='word_1_182' title='bbox 1427 3197 1543 3261; x_wconf 90' lang='lat' dir='ltr'><strong>duabus</strong></span> <span class='ocrx_word' id='word_1_183' title='bbox 1566 3200 1642 3278; x_wconf 88' lang='lat' dir='ltr'><strong>aliis,</strong></span> 
     </span>
     <span class='ocr_line' id='line_1_22' title="bbox 269 3297 1644 3381; baseline -0.001 -19"><span class='ocrx_word' id='word_1_184' title='bbox 269 3301 520 3363; x_wconf 86' lang='lat' dir='ltr'><strong>intermiscentur</strong></span> <span class='ocrx_word' id='word_1_185' title='bbox 542 3319 578 3362; x_wconf 91' lang='lat' dir='ltr'><strong>ea</strong></span> <span class='ocrx_word' id='word_1_186' title='bbox 601 3317 679 3381; x_wconf 91' lang='lat' dir='ltr'><strong>quae</strong></span> <span class='ocrx_word' id='word_1_187' title='bbox 702 3318 719 3361; x_wconf 89' lang='lat' dir='ltr'><strong>a</strong></span> <span class='ocrx_word' id='word_1_188' title='bbox 742 3297 855 3381; x_wconf 92' lang='lat' dir='ltr'><strong>populo</strong></span> <span class='ocrx_word' id='word_1_189' title='bbox 886 3299 916 3360; x_wconf 91' lang='lat' dir='ltr'><strong>in</strong></span> <span class='ocrx_word' id='word_1_190' title='bbox 938 3298 1008 3361; x_wconf 81' lang='lat' dir='ltr'><strong>{idei</strong></span> <span class='ocrx_word' id='word_1_191' title='bbox 1031 3299 1248 3377; x_wconf 89' lang='lat' dir='ltr'><strong>testimonium,</strong></span> <span class='ocrx_word' id='word_1_192' title='bbox 1277 3304 1308 3360; x_wconf 92' lang='grc' dir='ltr'><strong>ει</strong></span> <span class='ocrx_word' id='word_1_193' title='bbox 1328 3315 1345 3359; x_wconf 93' lang='lat' dir='ltr'><strong>a</strong></span> <span class='ocrx_word' id='word_1_194' title='bbox 1367 3298 1520 3372; x_wconf 85' lang='lat' dir='ltr'><strong>Diacono,</strong></span> <span class='ocrx_word' id='word_1_195' title='bbox 1550 3307 1583 3361; x_wconf 88' lang='lat' dir='ltr'><strong>ut</strong></span> <span class='ocrx_word' id='word_1_196' title='bbox 1606 3299 1644 3360; x_wconf 91' lang='lat' dir='ltr'><strong>ad</strong></span> 
     </span>
     <span class='ocr_line' id='line_1_23' title="bbox 270 3395 1646 3480; baseline -0.002 -17"><span class='ocrx_word' id='word_1_197' title='bbox 270 3401 442 3463; x_wconf 88' lang='lat' dir='ltr'><strong>orationem</strong></span> <span class='ocrx_word' id='word_1_198' title='bbox 465 3407 495 3461; x_wconf 91' lang='lat' dir='ltr'><strong>et</strong></span> <span class='ocrx_word' id='word_1_199' title='bbox 517 3401 711 3462; x_wconf 85' lang='lat' dir='ltr'><strong>attentionem</strong></span> <span class='ocrx_word' id='word_1_200' title='bbox 733 3399 908 3480; x_wconf 79' lang='lat' dir='ltr'><strong>religiosam</strong></span> <span class='ocrx_word' id='word_1_201' title='bbox 925 3399 1047 3478; x_wconf 87' lang='lat' dir='ltr'><strong>excitet,</strong></span> <span class='ocrx_word' id='word_1_202' title='bbox 1071 3396 1130 3460; x_wconf 91' lang='lat' dir='ltr'><strong>dici</strong></span> <span class='ocrx_word' id='word_1_203' title='bbox 1145 3395 1258 3460; x_wconf 90' lang='lat' dir='ltr'><strong>solent:</strong></span> <span class='ocrx_word' id='word_1_204' title='bbox 1282 3416 1360 3480; x_wconf 88' lang='lat' dir='ltr'><strong>quae</strong></span> <span class='ocrx_word' id='word_1_205' title='bbox 1382 3397 1552 3461; x_wconf 83' lang='lat' dir='ltr'><strong>differentia</strong></span> <span class='ocrx_word' id='word_1_206' title='bbox 1574 3398 1646 3461; x_wconf 90' lang='lat' dir='ltr'><strong>nul-</strong></span> 
     </span>
     <span class='ocr_line' id='line_1_24' title="bbox 270 3496 1646 3579; baseline 0 -17"><span class='ocrx_word' id='word_1_207' title='bbox 270 3500 334 3562; x_wconf 89' lang='lat' dir='ltr'><strong>lius</strong></span> <span class='ocrx_word' id='word_1_208' title='bbox 356 3500 498 3562; x_wconf 89' lang='lat' dir='ltr'><strong>momenti</strong></span> <span class='ocrx_word' id='word_1_209' title='bbox 519 3506 582 3573; x_wconf 90' lang='lat' dir='ltr'><strong>est;</strong></span> <span class='ocrx_word' id='word_1_210' title='bbox 605 3516 673 3562; x_wconf 89' lang='lat' dir='ltr'><strong>nam</strong></span> <span class='ocrx_word' id='word_1_211' title='bbox 695 3499 897 3561; x_wconf 87' lang='lat' dir='ltr'><strong>Diaconorom</strong></span> <span class='ocrx_word' id='word_1_212' title='bbox 920 3505 951 3560; x_wconf 91' lang='lat' dir='ltr'><strong>et</strong></span> <span class='ocrx_word' id='word_1_213' title='bbox 973 3497 1076 3579; x_wconf 88' lang='lat' dir='ltr'><strong>populi</strong></span> <span class='ocrx_word' id='word_1_214' title='bbox 1099 3497 1194 3560; x_wconf 81' lang='lat' dir='ltr'><strong>verba</strong></span> <span class='ocrx_word' id='word_1_215' title='bbox 1216 3496 1384 3578; x_wconf 90' lang='lat' dir='ltr'><strong>supplenda</strong></span> <span class='ocrx_word' id='word_1_216' title='bbox 1407 3505 1494 3560; x_wconf 90' lang='lat' dir='ltr'><strong>erant</strong></span> <span class='ocrx_word' id='word_1_217' title='bbox 1516 3496 1646 3562; x_wconf 88' lang='lat' dir='ltr'><strong>aliunde.</strong></span> 
     </span>
     <span class='ocr_line' id='line_1_25' title="bbox 271 3595 1646 3680; baseline -0.002 -16"><span class='ocrx_word' id='word_1_218' title='bbox 271 3599 430 3664; x_wconf 88' lang='lat' dir='ltr'><strong>Sententia</strong></span> <span class='ocrx_word' id='word_1_219' title='bbox 452 3599 654 3664; x_wconf 88' lang='lat' dir='ltr'><strong>invocationis</strong></span> <span class='ocrx_word' id='word_1_220' title='bbox 676 3597 806 3680; x_wconf 81' lang='lat' dir='ltr'><strong>simplex</strong></span> <span class='ocrx_word' id='word_1_221' title='bbox 828 3604 929 3660; x_wconf 88' lang='lat' dir='ltr'><strong>estet</strong></span> <span class='ocrx_word' id='word_1_222' title='bbox 951 3597 1075 3661; x_wconf 88' lang='lat' dir='ltr'><strong>Graecis</strong></span> <span class='ocrx_word' id='word_1_223' title='bbox 1105 3595 1261 3660; x_wconf 88' lang='lat' dir='ltr'><strong>codicibus</strong></span> <span class='ocrx_word' id='word_1_224' title='bbox 1283 3596 1462 3676; x_wconf 83' lang='lat' dir='ltr'><strong>contemnis,</strong></span> <span class='ocrx_word' id='word_1_225' title='bbox 1492 3604 1584 3677; x_wconf 89' lang='lat' dir='ltr'><strong>atque</strong></span> <span class='ocrx_word' id='word_1_226' title='bbox 1606 3602 1646 3661; x_wconf 91' lang='lat' dir='ltr'><strong>ita</strong></span> 
     </span>
     <span class='ocr_line' id='line_1_26' title="bbox 271 3696 1648 3780; baseline 0.001 -19"><span class='ocrx_word' id='word_1_227' title='bbox 271 3699 395 3762; x_wconf 90' lang='lat' dir='ltr'><strong>sincera</strong></span> <span class='ocrx_word' id='word_1_228' title='bbox 418 3697 509 3762; x_wconf 90' lang='lat' dir='ltr'><strong>lectio</strong></span> <span class='ocrx_word' id='word_1_229' title='bbox 531 3699 661 3761; x_wconf 90' lang='lat' dir='ltr'><strong>omnium</strong></span> <span class='ocrx_word' id='word_1_230' title='bbox 683 3698 817 3780; x_wconf 82' lang='lat' dir='ltr'><strong>gentium</strong></span> <span class='ocrx_word' id='word_1_231' title='bbox 840 3696 1076 3761; x_wconf 89' lang='lat' dir='ltr'><strong>Christianarum</strong></span> <span class='ocrx_word' id='word_1_232' title='bbox 1098 3697 1277 3760; x_wconf 88' lang='lat' dir='ltr'><strong>testimoniis</strong></span> <span class='ocrx_word' id='word_1_233' title='bbox 1299 3698 1500 3760; x_wconf 89' lang='lat' dir='ltr'><strong>confirmatur.</strong></span> <span class='ocrx_word' id='word_1_234' title='bbox 1541 3697 1648 3779; x_wconf 88' lang='lat' dir='ltr'><strong>Neque</strong></span> 
     </span>
     <span class='ocr_line' id='line_1_27' title="bbox 271 3795 1647 3879; baseline 0.001 -20"><span class='ocrx_word' id='word_1_235' title='bbox 271 3797 364 3859; x_wconf 85' lang='lat' dir='ltr'><strong>novis</strong></span> <span class='ocrx_word' id='word_1_236' title='bbox 392 3806 423 3860; x_wconf 91' lang='lat' dir='ltr'><strong>et</strong></span> <span class='ocrx_word' id='word_1_237' title='bbox 453 3796 656 3861; x_wconf 80' lang='lat' dir='ltr'><strong>schismaticis</strong></span> <span class='ocrx_word' id='word_1_238' title='bbox 687 3796 844 3860; x_wconf 86' lang='lat' dir='ltr'><strong>Graeculis</strong></span> <span class='ocrx_word' id='word_1_239' title='bbox 867 3797 1057 3860; x_wconf 90' lang='lat' dir='ltr'><strong>tribuendum</strong></span> <span class='ocrx_word' id='word_1_240' title='bbox 1087 3805 1152 3876; x_wconf 87' lang='lat' dir='ltr'><strong>est,</strong></span> <span class='ocrx_word' id='word_1_241' title='bbox 1183 3795 1264 3877; x_wconf 91' lang='lat' dir='ltr'><strong>quod</strong></span> <span class='ocrx_word' id='word_1_242' title='bbox 1293 3804 1355 3859; x_wconf 89' lang='lat' dir='ltr'><strong>tota</strong></span> <span class='ocrx_word' id='word_1_243' title='bbox 1386 3815 1443 3879; x_wconf 89' lang='lat' dir='ltr'><strong>per</strong></span> <span class='ocrx_word' id='word_1_244' title='bbox 1473 3797 1647 3861; x_wconf 85' lang='lat' dir='ltr'><strong>universum</strong></span> 
     </span>
     <span class='ocr_line' id='line_1_28' title="bbox 273 3896 1647 3978; baseline 0.001 -19"><span class='ocrx_word' id='word_1_245' title='bbox 273 3896 431 3959; x_wconf 89' lang='lat' dir='ltr'><strong>Orientem</strong></span> <span class='ocrx_word' id='word_1_246' title='bbox 454 3897 619 3961; x_wconf 89' lang='lat' dir='ltr'><strong>celebravit</strong></span> <span class='ocrx_word' id='word_1_247' title='bbox 630 3898 781 3976; x_wconf 79' lang='lat' dir='ltr'><strong>Ecclesia,</strong></span> <span class='ocrx_word' id='word_1_248' title='bbox 804 3896 903 3959; x_wconf 90' lang='lat' dir='ltr'><strong>multis</strong></span> <span class='ocrx_word' id='word_1_249' title='bbox 925 3898 1056 3961; x_wconf 86' lang='lat' dir='ltr'><strong>saeculis</strong></span> <span class='ocrx_word' id='word_1_250' title='bbox 1079 3905 1149 3960; x_wconf 88' lang='lat' dir='ltr'><strong>ante</strong></span> <span class='ocrx_word' id='word_1_251' title='bbox 1173 3914 1261 3978; x_wconf 88' lang='lat' dir='ltr'><strong>quam</strong></span> <span class='ocrx_word' id='word_1_252' title='bbox 1283 3904 1482 3959; x_wconf 89' lang='lat' dir='ltr'><strong>nascerentur</strong></span> <span class='ocrx_word' id='word_1_253' title='bbox 1503 3896 1546 3958; x_wconf 88' lang='lat' dir='ltr'><strong>illi</strong></span> <span class='ocrx_word' id='word_1_254' title='bbox 1570 3916 1647 3978; x_wconf 91' lang='lat' dir='ltr'><strong>quos</strong></span> 
     </span>
     <span class='ocr_line' id='line_1_29' title="bbox 273 3994 1648 4078; baseline 0.001 -20"><span class='ocrx_word' id='word_1_255' title='bbox 273 3997 473 4059; x_wconf 60' lang='lat' dir='ltr'><strong>&amp;bacandae</strong></span> <span class='ocrx_word' id='word_1_256' title='bbox 493 3998 631 4060; x_wconf 68' lang='lat' dir='ltr'><strong>tamesis</strong></span> <span class='ocrx_word' id='word_1_257' title='bbox 653 3997 834 4060; x_wconf 88' lang='lat' dir='ltr'><strong>architectos</strong></span> <span class='ocrx_word' id='word_1_258' title='bbox 856 4014 968 4060; x_wconf 85' lang='lat' dir='ltr'><strong>vocare</strong></span> <span class='ocrx_word' id='word_1_259' title='bbox 992 3996 1102 4071; x_wconf 89' lang='lat' dir='ltr'><strong>solent,</strong></span> <span class='ocrx_word' id='word_1_260' title='bbox 1118 3998 1297 4078; x_wconf 85' lang='lat' dir='ltr'><strong>quicumque</strong></span> <span class='ocrx_word' id='word_1_261' title='bbox 1320 3994 1452 4059; x_wconf 87' lang='lat' dir='ltr'><strong>lectores</strong></span> <span class='ocrx_word' id='word_1_262' title='bbox 1474 3995 1513 4058; x_wconf 89' lang='lat' dir='ltr'><strong>ad</strong></span> <span class='ocrx_word' id='word_1_263' title='bbox 1534 3997 1648 4060; x_wconf 84' lang='lat' dir='ltr'><strong>bessa-</strong></span> 
     </span>
     <span class='ocr_line' id='line_1_30' title="bbox 273 4094 1646 4179; baseline 0.001 -22"><span class='ocrx_word' id='word_1_264' title='bbox 273 4096 372 4157; x_wconf 87' lang='lat' dir='ltr'><strong>rionis</strong></span> <span class='ocrx_word' id='word_1_265' title='bbox 395 4097 571 4177; x_wconf 90' lang='lat' dir='ltr'><strong>opusculum</strong></span> <span class='ocrx_word' id='word_1_266' title='bbox 594 4096 632 4159; x_wconf 93' lang='lat' dir='ltr'><strong>de</strong></span> <span class='ocrx_word' id='word_1_267' title='bbox 653 4096 853 4176; x_wconf 85' lang='lat' dir='ltr'><strong>Eucharistia,</strong></span> <span class='ocrx_word' id='word_1_268' title='bbox 878 4104 908 4159; x_wconf 90' lang='lat' dir='ltr'><strong>et</strong></span> <span class='ocrx_word' id='word_1_269' title='bbox 930 4096 988 4159; x_wconf 89' lang='lat' dir='ltr'><strong>alia</strong></span> <span class='ocrx_word' id='word_1_270' title='bbox 1011 4096 1158 4179; x_wconf 83' lang='lat' dir='ltr'><strong>ejusmodi</strong></span> <span class='ocrx_word' id='word_1_271' title='bbox 1177 4098 1340 4173; x_wconf 87' lang='lat' dir='ltr'><strong>remittunt,</strong></span> <span class='ocrx_word' id='word_1_272' title='bbox 1363 4103 1395 4157; x_wconf 91' lang='lat' dir='ltr'><strong>ut</strong></span> <span class='ocrx_word' id='word_1_273' title='bbox 1410 4097 1440 4157; x_wconf 93' lang='lat' dir='ltr'><strong>in</strong></span> <span class='ocrx_word' id='word_1_274' title='bbox 1453 4094 1646 4159; x_wconf 88' lang='lat' dir='ltr'><strong>invocatione</strong></span> 
     </span>
     <span class='ocr_line' id='line_1_31' title="bbox 273 4194 1647 4279; baseline 0.001 -22"><span class='ocrx_word' id='word_1_275' title='bbox 273 4203 411 4258; x_wconf 88' lang='lat' dir='ltr'><strong>monstra</strong></span> <span class='ocrx_word' id='word_1_276' title='bbox 434 4196 564 4277; x_wconf 89' lang='lat' dir='ltr'><strong>videant,</strong></span> <span class='ocrx_word' id='word_1_277' title='bbox 588 4214 666 4278; x_wconf 91' lang='lat' dir='ltr'><strong>quae</strong></span> <span class='ocrx_word' id='word_1_278' title='bbox 688 4203 777 4259; x_wconf 88' lang='lat' dir='ltr'><strong>vetus</strong></span> <span class='ocrx_word' id='word_1_279' title='bbox 799 4197 937 4260; x_wconf 85' lang='lat' dir='ltr'><strong>Ecclesia</strong></span> <span class='ocrx_word' id='word_1_280' title='bbox 965 4215 1116 4277; x_wconf 90' lang='lat' dir='ltr'><strong>nunquam</strong></span> <span class='ocrx_word' id='word_1_281' title='bbox 1139 4197 1272 4279; x_wconf 78' lang='lat' dir='ltr'><strong>agnovit,</strong></span> <span class='ocrx_word' id='word_1_282' title='bbox 1296 4212 1353 4257; x_wconf 89' lang='lat' dir='ltr'><strong>nec</strong></span> <span class='ocrx_word' id='word_1_283' title='bbox 1375 4194 1484 4258; x_wconf 89' lang='lat' dir='ltr'><strong>talibus</strong></span> <span class='ocrx_word' id='word_1_284' title='bbox 1514 4198 1647 4259; x_wconf 89' lang='lat' dir='ltr'><strong>terricu-</strong></span> 
     </span>
     <span class='ocr_line' id='line_1_32' title="bbox 273 4294 1646 4378; baseline 0 -21"><span class='ocrx_word' id='word_1_285' title='bbox 273 4295 414 4358; x_wconf 89' lang='lat' dir='ltr'><strong>lamentis</strong></span> <span class='ocrx_word' id='word_1_286' title='bbox 437 4294 543 4358; x_wconf 91' lang='lat' dir='ltr'><strong>abduci</strong></span> <span class='ocrx_word' id='word_1_287' title='bbox 565 4314 600 4359; x_wconf 87' lang='lat' dir='ltr'><strong>se</strong></span> <span class='ocrx_word' id='word_1_288' title='bbox 623 4314 715 4378; x_wconf 90' lang='lat' dir='ltr'><strong>passa</strong></span> <span class='ocrx_word' id='word_1_289' title='bbox 738 4304 785 4359; x_wconf 91' lang='lat' dir='ltr'><strong>est</strong></span> <span class='ocrx_word' id='word_1_290' title='bbox 814 4297 852 4359; x_wconf 92' lang='lat' dir='ltr'><strong>ab</strong></span> <span class='ocrx_word' id='word_1_291' title='bbox 875 4296 1071 4359; x_wconf 89' lang='lat' dir='ltr'><strong>Orientalium</strong></span> <span class='ocrx_word' id='word_1_292' title='bbox 1093 4295 1299 4359; x_wconf 82' lang='lat' dir='ltr'><strong>Ecclesiamm</strong></span> <span class='ocrx_word' id='word_1_293' title='bbox 1322 4296 1539 4359; x_wconf 89' lang='lat' dir='ltr'><strong>communione.</strong></span> <span class='ocrx_word' id='word_1_294' title='bbox 1585 4294 1646 4358; x_wconf 88' lang='lat' dir='ltr'><strong>Sed</strong></span> 
     </span>
     <span class='ocr_line' id='line_1_33' title="bbox 275 4393 1645 4476; baseline 0 -21"><span class='ocrx_word' id='word_1_295' title='bbox 275 4394 316 4457; x_wconf 89' lang='lat' dir='ltr'><strong>de</strong></span> <span class='ocrx_word' id='word_1_296' title='bbox 339 4413 376 4457; x_wconf 91' lang='lat' dir='ltr'><strong>ea</strong></span> <span class='ocrx_word' id='word_1_297' title='bbox 398 4393 543 4459; x_wconf 87' lang='lat' dir='ltr'><strong>Oratione</strong></span> <span class='ocrx_word' id='word_1_298' title='bbox 566 4395 633 4458; x_wconf 85' lang='lat' dir='ltr'><strong>lusa</strong></span> <span class='ocrx_word' id='word_1_299' title='bbox 655 4403 813 4459; x_wconf 90' lang='lat' dir='ltr'><strong>tractatum</strong></span> <span class='ocrx_word' id='word_1_300' title='bbox 844 4405 891 4459; x_wconf 93' lang='lat' dir='ltr'><strong>est</strong></span> <span class='ocrx_word' id='word_1_301' title='bbox 920 4397 950 4459; x_wconf 94' lang='lat' dir='ltr'><strong>in</strong></span> <span class='ocrx_word' id='word_1_302' title='bbox 973 4395 1196 4461; x_wconf 86' lang='lat' dir='ltr'><strong>Commentario</strong></span> <span class='ocrx_word' id='word_1_303' title='bbox 1226 4394 1265 4457; x_wconf 91' lang='lat' dir='ltr'><strong>ad</strong></span> <span class='ocrx_word' id='word_1_304' title='bbox 1288 4394 1442 4476; x_wconf 88' lang='lat' dir='ltr'><strong>Coptioam</strong></span> <span class='ocrx_word' id='word_1_305' title='bbox 1465 4395 1566 4458; x_wconf 88' lang='lat' dir='ltr'><strong>Basilii</strong></span> <span class='ocrx_word' id='word_1_306' title='bbox 1590 4393 1645 4456; x_wconf 91' lang='lat' dir='ltr'><strong>Li-</strong></span> 
     </span>
     <span class='ocr_line' id='line_1_34' title="bbox 275 4497 415 4577; baseline -0.021 -20"><span class='ocrx_word' id='word_1_307' title='bbox 275 4497 415 4577; x_wconf 80' lang='lat' dir='ltr'><strong>turgiam.</strong></span> 
     </span>
    </p>

    <p class='ocr_par' dir='ltr' id='par_1_7' title="bbox 276 4592 1648 5176">
     <span class='ocr_line' id='line_1_35' title="bbox 364 4592 1647 4680; baseline -0.002 -23"><span class='ocrx_word' id='word_1_308' title='bbox 364 4596 512 4668; x_wconf 85' lang='lat' dir='ltr'><strong>Quantum</strong></span> <span class='ocrx_word' id='word_1_309' title='bbox 535 4595 572 4658; x_wconf 92' lang='lat' dir='ltr'><strong>ad</strong></span> <span class='ocrx_word' id='word_1_310' title='bbox 593 4595 710 4676; x_wconf 88' lang='lat' dir='ltr'><strong>reliqua</strong></span> <span class='ocrx_word' id='word_1_311' title='bbox 731 4614 828 4676; x_wconf 93' lang='lat' dir='ltr'><strong>usquc</strong></span> <span class='ocrx_word' id='word_1_312' title='bbox 857 4596 894 4658; x_wconf 91' lang='lat' dir='ltr'><strong>ad</strong></span> <span class='ocrx_word' id='word_1_313' title='bbox 922 4595 1076 4680; x_wconf 73' lang='lat' dir='ltr'><strong>biturgiae</strong></span> <span class='ocrx_word' id='word_1_314' title='bbox 1099 4594 1206 4671; x_wconf 87' lang='lat' dir='ltr'><strong>finem,</strong></span> <span class='ocrx_word' id='word_1_315' title='bbox 1237 4593 1308 4657; x_wconf 89' lang='lat' dir='ltr'><strong>nihil</strong></span> <span class='ocrx_word' id='word_1_316' title='bbox 1336 4592 1490 4676; x_wconf 72' lang='lat' dir='ltr'><strong>singulare</strong></span> <span class='ocrx_word' id='word_1_317' title='bbox 1514 4594 1647 4656; x_wconf 89' lang='lat' dir='ltr'><strong>occurrit</strong></span> 
     </span>
     <span class='ocr_line' id='line_1_36' title="bbox 276 4693 1646 4779; baseline 0.004 -23"><span class='ocrx_word' id='word_1_318' title='bbox 276 4693 358 4775; x_wconf 92' lang='lat' dir='ltr'><strong>quod</strong></span> <span class='ocrx_word' id='word_1_319' title='bbox 386 4695 485 4776; x_wconf 90' lang='lat' dir='ltr'><strong>aliqua</strong></span> <span class='ocrx_word' id='word_1_320' title='bbox 515 4695 728 4759; x_wconf 86' lang='lat' dir='ltr'><strong>observatione</strong></span> <span class='ocrx_word' id='word_1_321' title='bbox 755 4695 903 4779; x_wconf 85' lang='lat' dir='ltr'><strong>indigeat,</strong></span> <span class='ocrx_word' id='word_1_322' title='bbox 937 4697 994 4759; x_wconf 91' lang='lat' dir='ltr'><strong>nisi</strong></span> <span class='ocrx_word' id='word_1_323' title='bbox 1030 4698 1111 4758; x_wconf 89' lang='lat' dir='ltr'><strong>circa</strong></span> <span class='ocrx_word' id='word_1_324' title='bbox 1148 4695 1363 4757; x_wconf 90' lang='lat' dir='ltr'><strong>communionis</strong></span> <span class='ocrx_word' id='word_1_325' title='bbox 1398 4693 1646 4761; x_wconf 88' lang='lat' dir='ltr'><strong>distributionem.</strong></span> 
     </span>
     <span class='ocr_line' id='line_1_37' title="bbox 277 4791 1646 4877; baseline 0 -20"><span class='ocrx_word' id='word_1_326' title='bbox 277 4792 353 4857; x_wconf 92' lang='lat' dir='ltr'><strong>Cum</strong></span> <span class='ocrx_word' id='word_1_327' title='bbox 381 4796 461 4857; x_wconf 89' lang='lat' dir='ltr'><strong>enim</strong></span> <span class='ocrx_word' id='word_1_328' title='bbox 491 4794 637 4876; x_wconf 90' lang='lat' dir='ltr'><strong>Copticae</strong></span> <span class='ocrx_word' id='word_1_329' title='bbox 666 4796 818 4877; x_wconf 79' lang='lat' dir='ltr'><strong>liturgiae</strong></span> <span class='ocrx_word' id='word_1_330' title='bbox 848 4803 879 4858; x_wconf 90' lang='lat' dir='ltr'><strong>et</strong></span> <span class='ocrx_word' id='word_1_331' title='bbox 901 4793 1125 4859; x_wconf 78' lang='lat' dir='ltr'><strong>Alexandrinae</strong></span> <span class='ocrx_word' id='word_1_332' title='bbox 1155 4795 1275 4877; x_wconf 90' lang='lat' dir='ltr'><strong>priores</strong></span> <span class='ocrx_word' id='word_1_333' title='bbox 1309 4794 1385 4856; x_wconf 88' lang='lat' dir='ltr'><strong>duae</strong></span> <span class='ocrx_word' id='word_1_334' title='bbox 1416 4791 1646 4857; x_wconf 82' lang='lat' dir='ltr'><strong>Confessionem</strong></span> 
     </span>
     <span class='ocr_line' id='line_1_38' title="bbox 276 4891 1647 4978; baseline -0.001 -22"><span class='ocrx_word' id='word_1_335' title='bbox 276 4894 357 4956; x_wconf 91' lang='lat' dir='ltr'><strong>illam</strong></span> <span class='ocrx_word' id='word_1_336' title='bbox 380 4896 518 4957; x_wconf 83' lang='lat' dir='ltr'><strong>eximiam</strong></span> <span class='ocrx_word' id='word_1_337' title='bbox 540 4895 578 4958; x_wconf 91' lang='lat' dir='ltr'><strong>de</strong></span> <span class='ocrx_word' id='word_1_338' title='bbox 600 4896 728 4959; x_wconf 79' lang='lat' dir='ltr'><strong>veritate</strong></span> <span class='ocrx_word' id='word_1_339' title='bbox 751 4896 889 4977; x_wconf 89' lang='lat' dir='ltr'><strong>corporis</strong></span> <span class='ocrx_word' id='word_1_340' title='bbox 913 4904 943 4959; x_wconf 92' lang='lat' dir='ltr'><strong>et</strong></span> <span class='ocrx_word' id='word_1_341' title='bbox 971 4897 1126 4978; x_wconf 78' lang='lat' dir='ltr'><strong>sanguinis</strong></span> <span class='ocrx_word' id='word_1_342' title='bbox 1158 4893 1270 4958; x_wconf 89' lang='lat' dir='ltr'><strong>Christi</strong></span> <span class='ocrx_word' id='word_1_343' title='bbox 1291 4896 1322 4956; x_wconf 88' lang='lat' dir='ltr'><strong>in</strong></span> <span class='ocrx_word' id='word_1_344' title='bbox 1344 4891 1543 4972; x_wconf 89' lang='lat' dir='ltr'><strong>Eucharistia,</strong></span> <span class='ocrx_word' id='word_1_345' title='bbox 1566 4894 1647 4956; x_wconf 90' lang='lat' dir='ltr'><strong>inte-</strong></span> 
     </span>
     <span class='ocr_line' id='line_1_39' title="bbox 277 4981 1647 5078; baseline 0.001 -22"><span class='ocrx_word' id='word_1_346' title='bbox 277 5013 364 5078; x_wconf 80' lang='lat' dir='ltr'><strong>gram</strong></span> <span class='ocrx_word' id='word_1_347' title='bbox 386 4994 562 5070; x_wconf 87' lang='lat' dir='ltr'><strong>exhibeant,</strong></span> <span class='ocrx_word' id='word_1_348' title='bbox 592 4995 624 5056; x_wconf 91' lang='lat' dir='ltr'><strong>in</strong></span> <span class='ocrx_word' id='word_1_349' title='bbox 646 4996 704 5059; x_wconf 91' lang='lat' dir='ltr'><strong>ista</strong></span> <span class='ocrx_word' id='word_1_350' title='bbox 725 4994 869 5078; x_wconf 80' lang='lat' dir='ltr'><strong>leguntur</strong></span> <span class='ocrx_word' id='word_1_351' title='bbox 896 5004 1007 5059; x_wconf 88' lang='lat' dir='ltr'><strong>tantum</strong></span> <span class='ocrx_word' id='word_1_352' title='bbox 1036 4996 1131 5078; x_wconf 89' lang='lat' dir='ltr'><strong>prima</strong></span> <span class='ocrx_word' id='word_1_353' title='bbox 1161 4994 1254 5057; x_wconf 90' lang='lat' dir='ltr'><strong>verba</strong></span> <span class='ocrx_word' id='word_1_354' title='bbox 1285 4991 1388 5070; x_wconf 78' lang='grc' dir='ltr'><em>Σῶμα</em></span> <span class='ocrx_word' id='word_1_355' title='bbox 1414 4981 1518 5076; x_wconf 76' lang='lat' dir='ltr'><strong>riyrov:</strong></span> <span class='ocrx_word' id='word_1_356' title='bbox 1548 5001 1579 5055; x_wconf 90' lang='lat' dir='ltr'><strong>et</strong></span> <span class='ocrx_word' id='word_1_357' title='bbox 1608 4994 1647 5057; x_wconf 91' lang='lat' dir='ltr'><strong>ad</strong></span> 
     </span>
     <span class='ocr_line' id='line_1_40' title="bbox 278 5080 1648 5176; baseline 0.002 -21"><span class='ocrx_word' id='word_1_358' title='bbox 278 5094 402 5157; x_wconf 89' lang='lat' dir='ltr'><strong>calicem</strong></span> <span class='ocrx_word' id='word_1_359' title='bbox 424 5080 522 5172; x_wconf 80' lang='grc' dir='ltr'><strong>Αἷμα</strong></span> <span class='ocrx_word' id='word_1_360' title='bbox 542 5089 660 5173; x_wconf 81' lang='grc' dir='ltr'><strong>τίμιον.</strong></span> <span class='ocrx_word' id='word_1_361' title='bbox 703 5094 822 5174; x_wconf 84' lang='lat' dir='ltr'><strong>Corpus</strong></span> <span class='ocrx_word' id='word_1_362' title='bbox 843 5104 981 5159; x_wconf 82' lang='lat' dir='ltr'><strong>sanctam</strong></span> <span class='ocrx_word' id='word_1_363' title='bbox 1003 5103 1033 5159; x_wconf 84' lang='lat' dir='ltr'><strong>ct</strong></span> <span class='ocrx_word' id='word_1_364' title='bbox 1054 5097 1179 5176; x_wconf 61' lang='lat' dir='ltr'><strong>sanquis</strong></span> <span class='ocrx_word' id='word_1_365' title='bbox 1197 5096 1362 5176; x_wconf 69' lang='lat' dir='ltr'><strong>pretiosio:</strong></span> <span class='ocrx_word' id='word_1_366' title='bbox 1386 5093 1467 5174; x_wconf 91' lang='lat' dir='ltr'><strong>quod</strong></span> <span class='ocrx_word' id='word_1_367' title='bbox 1488 5092 1648 5176; x_wconf 84' lang='lat' dir='ltr'><strong>dupliciter·</strong></span> 
     </span>
    </p>
   </div>
   <div class='ocr_carea' id='block_1_7' title="bbox 1360 5197 1440 5272">
    <p class='ocr_par' dir='ltr' id='par_1_8' title="bbox 1360 5197 1440 5272">
     <span class='ocr_line' id='line_1_41' title="bbox 1360 5197 1440 5272; baseline -0.013 0"><span class='ocrx_word' id='word_1_368' title='bbox 1360 5197 1440 5272; x_wconf 77' lang='lat'><strong>59*</strong></span> 
     </span>
    </p>
   </div>
   <div class='ocr_carea' id='block_1_8' title="bbox 0 0 2275 6034">
    <p class='ocr_par' dir='ltr' id='par_1_9' title="bbox 0 0 2275 6034">
     <span class='ocr_line' id='line_1_42' title="bbox 0 0 2275 6034; baseline 0 0"><span class='ocrx_word' id='word_1_369' title='bbox 0 0 2275 6034; x_wconf 95' lang='lat' dir='ltr'><strong> </strong></span> 
     </span>
    </p>
   </div>
  </div>
 </body>
</html>
