4525 6034
610 574 664 648 IN
706 572 996 648 LITURGIAS
1039 569 1324 645 Sl'RlACAS.
1608 569 1658 643 to

283 763 369 841 cuius
392 758 517 822 sormam
539 758 569 819 in
592 754 771 839 'praecipuis
801 757 950 833 retinent,
979 754 1107 816 maxime
1137 754 1168 815 in
1195 751 1335 831 Conone,
1364 771 1424 834 quo
1453 751 1542 815 Actio
1571 772 1660 816 sacra

283 862 465 923 continetur.
523 855 597 919 Sunt
627 864 725 918 tamen
756 854 918 917 Orationes
947 854 1107 916 diversae:
1144 854 1462 931 caeremoniarumque
1491 854 1570 915 ratio
1600 870 1660 915 non

282 978 341 1020 una
365 966 422 1021 est.
467 955 685 1018 Ambrosianus
709 961 739 1015 et
761 953 969 1016 Mosarabicus
991 953 1078 1030 ritus,
1101 952 1197 1014 rerba
1213 949 1325 1015 Christi
1349 951 1578 1015 sacramentalia
1598 970 1659 1014 non

282 1057 389 1119 iisdem
412 1055 536 1137 syllabis
559 1054 711 1132 referunt,
734 1053 843 1134 quibus
866 1054 896 1115 in
920 1053 1110 1134 Gregoriauo
1134 1052 1309 1116 recitantur.
1351 1051 1492 1114 Attamen
1516 1050 1661 1114 conside·

280 1164 346 1218 rata
370 1156 461 1218 totius
483 1154 621 1216 Actionis
644 1170 751 1215 sacrae
773 1151 883 1225 torma,
906 1152 1067 1213 discrimen
1090 1151 1121 1212 ιιι
1144 1152 1180 1211 iis
1204 1169 1282 1230 quae
1305 1151 1342 1212 ad
1366 1157 1451 1213 recte
1475 1149 1661 1232 lungendum

283 1255 491 1317 Sacerdotium
513 1253 665 1334 pertinent
687 1251 799 1313 nullum
823 1251 1088 1325 animadvertitnr;
1113 1268 1180 1311 cum
1200 1250 1367 1312 arabonam
1388 1252 1517 1312 omnium
1536 1257 1565 1312 et
1585 1268 1661 1312 cae·

281 1354 482 1416 remoniarum
513 1352 663 1414 sententia
693 1350 797 1412 eadem
829 1352 885 1427 sit,
916 1351 1043 1431 mystica
1073 1367 1196 1430 quoque
1226 1349 1405 1430 significatio
1436 1350 1555 1412 eadem:
1585 1348 1660 1411 sides

282 1472 372 1534 quam
395 1451 568 1532 exprimunt
590 1450 714 1527 eadem,
744 1449 821 1512 adeo
843 1457 876 1510 ιιι
898 1449 1063 1511 secundum
1092 1448 1231 1510 eximiam
1261 1447 1428 1511 innocentii
1457 1449 1480 1509 l.
1499 1434 1658 1530 regulam,

281 1551 393 1631 Legem
413 1552 487 1630 fidei
507 1552 558 1612 tec
579 1557 694 1611 stautai
714 1550 914 1628 supplicandi.

372 1650 507 1712 Graecus
530 1666 652 1729 quoque
674 1648 749 1709 ritus
772 1645 880 1709 eodem
901 1647 991 1709 modo
1014 1665 1049 1709 se
1071 1645 1162 1708 babet
1177 1664 1252 1726 erga
1268 1645 1439 1708 Orientales
1458 1664 1573 1721 onmes,
1597 1646 1661 1726 Sy·
1704 1644 1890 1697 draconarius
1903 1660 1987 1714 qum-

283 1768 402 1825 rorum,
426 1748 665 1831 Aegyptiorum,
688 1747 902 1823 Aunenorum,
925 1745 1118 1826 Aethiopum,
1144 1754 1174 1807 et
1196 1745 1222 1807 si
1245 1747 1295 1826 qui
1319 1753 1387 1807 sunt
1410 1746 1460 1808 alii
1482 1747 1512 1807 in
1535 1745 1660 1807 Oriente
1672 1732 1926 1828 mmadpraecipna,
1935 1730 1988 1784 ἴθ’·

285 1848 457 1911 Christiani.
502 1847 610 1908 Forma
634 1846 717 1925 ejus,
748 1853 889 1926 quantum
913 1845 949 1907 ad
973 1845 1128 1926 liturgiae
1152 1852 1255 1924 partes
1282 1845 1481 1926 praecipuas,
1513 1861 1571 1905 una
1602 1833 1739 1923 est,¹¹³,⁸¹¹¹
1762 1831 1875 1951 ⁰¹¹¹¹¹4¹J¹¹¹f¹
1900 1815 1987 1952 hp*

285 1948 381 2029 qualis
406 1953 490 2008 extat
512 1947 542 2007 in
564 1945 664 2007 Basilii
687 1943 956 2025 Cbrysostomique
979 1943 1140 2025 Liturgiis,
1165 1961 1243 2025 quae
1266 1944 1351 2005 solae
1373 1943 1485 2006 dudum
1508 1945 1537 2004 in
1562 1909 1986 2039 (imeffffissfflufoenw'm

283 2045 487 2108 cisEcclesiis
510 2051 710 2123 usurpantur:
734 2050 767 2105 ut
789 2044 879 2104 etiam
902 2045 932 2104 ιιι
955 2043 1014 2105 illis
1036 2062 1114 2124 quae
1129 2041 1238 2105 Jacobi
1261 2051 1292 2104 et
1314 2042 1408 2105 Marci
1431 2060 1541 2129 nomen
1565 2060 1661 2123 prae·
1703 2004 1720 2054 p
1853 2027 1859 2038 ’

281 2142 394 2205 ierunt.
425 2144 595 2205 interillos
620 2142 738 2222 aliquod
763 2140 856 2203 fuisse
880 2141 1041 2204 discrimen
1064 2144 1235 2204 orationum
1253 2149 1284 2203 et
1298 2142 1566 2218 caeremoniarum,
1582 2158 1661 2222 quae

286 2250 385 2304 lamen
410 2244 440 2303 in
463 2243 598 2304 eamdem
621 2243 815 2317 sententiam,
843 2240 1042 2321 eumdemque
1065 2242 1154 2304 linem
1184 2243 1374 2322 conspirant,
1405 2240 1661 2320 animadvertitur,

283 2350 317 2404 ut
340 2344 420 2403 inter
441 2340 580 2419 Latinas,
604 2339 642 2402 de
666 2340 774 2420 quibus
799 2339 940 2401 diximus:
965 2339 1046 2402 aliud
1068 2358 1189 2420 quaque
1211 2340 1292 2402 inter
1314 2340 1380 2402 illas
1403 2349 1434 2402 et
1457 2339 1550 2421 Syras
1572 2347 1664 2403 vete-

281 2459 354 2517 res,
387 2448 447 2501 lum
476 2440 699 2520 Aegyptiacos,
732 2447 763 2501 et
794 2438 934 2519 reliquas.
986 2439 1198 2501 Verumtamen
1229 2440 1328 2501 statim
1358 2438 1520 2502 collatione
1547 2441 1663 2503 illarum

284 2540 434 2616 instituta,
459 2556 563 2599 omnes
587 2558 626 2599 ex
649 2538 756 2599 eodem
780 2536 863 2599 tonte
886 2537 1036 2618 prodiisse
1065 2536 1253 2601 manifestum
1284 2545 1349 2615 est,
1377 2538 1417 2600 ita
1448 2547 1480 2601 ut
1508 2537 1664 2622 Liturgiac

286 2637 459 2700 Orientalcs
481 2635 563 2699 nulla
586 2645 732 2718 excepta,
757 2637 881 2698 Graecis
904 2654 989 2713 suam
1011 2635 1144 2699 debeant
1168 2637 1327 2719 originem.
1366 2636 1536 2700 Orthodoxi
1560 2641 1665 2719 quiin

285 2736 414 2798 Oriente
437 2742 616 2815 supersunt,
643 2733 802 2797 Melchitae
825 2736 920 2815 vulgo
943 2733 1102 2815 appellati,
1127 2735 1273 2798 Graecam
1290 2734 1462 2799 Ecclesiam
1485 2745 1518 2800 ιιι
1539 2747 1665 2801 matrem

286 2843 471 2916 agnoscunt:
502 2842 533 2896 et
555 2833 753 2911 Antiocheni,
783 2842 815 2895 nt
845 2833 1109 2914 hierosolymitani
1139 2842 1169 2898 et
1197 2835 1412 2915 Alexandrini,
1448 2854 1515 2900 cum
1544 2837 1664 2902 Graece

285 2953 373 2996 sacra
396 2933 524 3008 iaciunt,
548 2951 609 2996 uon
633 2933 698 2994 aliis
722 2933 990 2995 sacramentalibus
1014 2933 1098 2996 libris
1121 2941 1263 3012 utuntur,
1293 2953 1381 3015 quam
1404 2936 1455 3015 qui
1478 2936 1508 2998 ιιι
1530 2936 1665 3000 Patriac-

286 3032 376 3094 chatu
399 3031 733 3113 Constantinopolitano
756 3033 872 3113 recepti
894 3039 975 3094 sunt.
1020 3033 1078 3106 Oui
1100 3034 1255 3114 Syriacam
1284 3034 1417 3116 linguam
1440 3036 1469 3097 in
1492 3019 1587 3099 siacris
1610 3056 1666 3100 re·

285 3132 421 3206 tinuere,
450 3129 556 3193 Jacobi
583 3130 719 3212 Liturgia
750 3132 793 3192 nti
821 3129 937 3210 solent,
971 3149 1028 3192 nec
1057 3139 1117 3193 tam
1148 3132 1327 3213 multiplices
1357 3143 1544 3214 agnoscunt,
1575 3154 1665 3217 qnam

284 3229 460 3306 Jacobitae,
493 3231 543 3309 qui
565 3246 662 3292 novas
685 3230 792 3292 multas
815 3230 1017 3311 scripserunt,
1049 3248 1124 3310 quas
1154 3230 1260 3293 Latine
1291 3251 1331 3293 ex
1360 3233 1479 3313 optimis
1507 3234 1664 3296 codicibus

286 3331 499 3409 interpretatas
522 3327 598 3390 haec
621 3327 770 3411 Collectio
792 3336 1013 3408 repraesentat.
1058 3329 1097 3391 Ut
1119 3348 1195 3392 vero
1219 3330 1388 3393 orationum
1411 3332 1606 3412 significatio,
1634 3338 1665 3394 et

285 3428 352 3507 ipsa
376 3444 474 3507 prope
496 3432 625 3490 omnium
647 3427 743 3490 verba
766 3447 806 3491 ex
828 3426 952 3490 Graecis
981 3427 1124 3509 Liturgiis
1154 3435 1250 3491 sumta
1278 3437 1364 3501 sunt,
1393 3430 1433 3491 ita
1461 3431 1589 3491 maxima
1617 3438 1665 3492 est

288 3524 466 3605 disciplinae
489 3525 649 3587 similitudo
656 3546 665 3601 ;
688 3534 902 3607 praeterquam
924 3527 954 3588 in
978 3525 1129 3590 nonnullis
1143 3545 1222 3608 quae
1237 3526 1407 3590 Orientales
1419 3529 1571 3610 ignorant,
1594 3529 1665 3608 quia

285 3625 441 3704 posterius
464 3624 634 3686 introducta
657 3624 786 3688 luerunt.

375 3720 413 3784 Ut
436 3723 528 3805 igitur
550 3742 567 3784 a
590 3725 824 3804 praeparatione
845 3725 1020 3805 incipiatur,
1051 3742 1088 3786 ea
1116 3722 1253 3804 pluribus
1283 3727 1483 3788 caeremoniis
1514 3744 1601 3806 quam
1633 3728 1664 3789 in
1711 3735 1877 3804 praeparato
1894 3734 1927 3787 ad
1945 3734 1991 3788 ti·

288 3821 457 3884 Occidente
484 3821 650 3901 perficitur.
703 3821 778 3884 Cum
808 3824 886 3883 enim
922 3823 1085 3885 secundum
1116 3822 1313 3884 Orientalium
1344 3824 1550 3905 disciplinam,
1585 3844 1664 3906 quae
1677 3824 1788 3891 magiam
1802 3819 1989 3878 celebrandam,

288 3920 368 4000 apud
392 3938 448 3983 eos
471 3927 620 3999 perpetua
643 3918 804 3982 traditione
828 3920 1068 3999 commendatur,
1098 3920 1281 3985 Sacerdotes
1315 3941 1376 3985 non
1406 3922 1539 4004 quotidie
1561 3923 1666 3987 Litur-

288 4022 369 4102 giam
392 4018 565 4080 celebrent:
596 4019 683 4080 unica
713 4019 807 4081 semel
837 4019 866 4080 in
894 4018 944 4081 die
965 4018 1093 4103 singulis
1120 4021 1149 4081 in
1172 4020 1318 4083 Ecclesiis
1341 4019 1530 4100 celebretur,
1564 4042 1665 4105 neque

289 4117 441 4182 Sacerdos
463 4119 560 4178 sacris
584 4124 731 4197 operetur
753 4117 868 4198 absque
891 4117 1042 4196 Diacono,
1066 4118 1154 4182 thure
1177 4127 1208 4180 et
1231 4126 1337 4197 cantu,
1361 4138 1421 4200 quo
1444 4121 1476 4182 lit
1498 4131 1531 4185 ut
1553 4123 1665 4184 nostris

286 4217 391 4279 Missis
414 4217 506 4279 multo
530 4217 568 4278 sit
590 4214 755 4296 prolixior:
780 4215 861 4277 illum
884 4216 935 4297 qni
957 4216 1122 4298 Liturgiam
1145 4216 1352 4281 celebraturus
1376 4227 1423 4282 est
1444 4219 1531 4300 plura
1554 4218 1666 4282 obser·

288 4334 364 4378 vare
387 4323 526 4395 oportet,
549 4333 627 4395 quae
651 4322 712 4376 tum
735 4313 926 4389 canonibus,
949 4323 1010 4378 tum
1032 4315 1200 4378 Ritualibus
1223 4317 1481 4397 praescribuntur.

378 4413 529 4476 Sacerdos
553 4413 649 4495 Syrus
671 4432 738 4475 eam
760 4421 880 4476 noctem
904 4432 981 4494 quae
1003 4414 1170 4496 Liturgiam
1191 4416 1358 4497 praecedit,
1381 4415 1535 4500 vigilando
1557 4417 1587 4478 in
1602 4415 1666 4478 Ec-
1714 4419 1782 4480 Ouid
1800 4418 1884 4488 pridie
1897 4418 1993 4471 Sacer·

289 4512 401 4590 clesia,
424 4513 526 4574 autin
550 4513 717 4574 secretario
741 4511 823 4574 ducit
843 4514 1025 4590 insomnem,
1055 4513 1243 4577 orationibus
1274 4523 1306 4577 ct
1326 4520 1441 4578 *sacrae
1463 4515 1586 4578 lectioni
1609 4532 1667 4576 va·
1680 4505 1754 4558 ‘¹⁰¹⁰'
1779 4504 1923 4559 observare
1946 4519 1993 4558 ⁸⁰·

289 4630 382 4690 cans,
417 4629 455 4674 ue
487 4629 544 4691 per
572 4612 721 4673 somnium
763 4610 891 4673 ludibrio
922 4611 1022 4691 aliquo
1050 4614 1280 4676 contaminetur.
1349 4615 1380 4678 si
1405 4631 1534 4676 uxorem
1563 4592 1757 4688 habet,¹⁰⁸¹¹‘·

289 4711 446 4775 abstinere
469 4708 506 4771 ab
530 4710 580 4772 illa
604 4709 695 4773 debet
717 4730 773 4792 per
792 4711 856 4773 dics
874 4710 1003 4792 aliquot:
1022 4711 1179 4791 jejunasse
1193 4713 1283 4774 etiam
1301 4729 1433 4793 vespera
1451 4711 1667 4792 praecedente,

288 4817 344 4873 aut
367 4808 473 4870 saltem
495 4809 566 4870 vino
589 4816 619 4870 et
641 4809 720 4871 omni
743 4809 860 4890 liquore
884 4826 943 4889 quo
967 4818 1057 4890 caput
1079 4811 1190 4872 tentari
1212 4818 1323 4891 potest,
1345 4810 1536 4873 abstinuisse.
1576 4809 1668 4873 Simi-

289 4909 352 4971 lem
374 4908 622 4970 consuetudinem
644 4909 673 4970 in
696 4909 834 4972 Ecclesia
858 4908 1056 4988 pernoctandi
1079 4915 1240 4990 antequam
1263 4909 1399 4992 Liturgia
1411 4908 1594 4985 celebretur,
1616 4909 1667 4971 vi-
