4525 6034
699 549 750 623 80
1077 550 1693 631 aasuattttortus
1814 612 1816 619 .

698 734 850 799 Diaconus
882 728 1026 820 humidior
1055 737 1120 799 sive
1148 736 1297 801 babellum
1323 746 1425 800 movet
1454 757 1547 819 super
1569 758 1685 802 sacram
1712 757 1861 816 mensam,
1890 749 1921 803 et
1951 739 2057 802 discum

698 833 865 915 Sacerdoti,
887 855 975 898 manu
997 844 1140 917 porrecta
1163 825 1310 919 designat.
1356 836 1438 899 Haec
1452 847 1483 901 et
1494 838 1608 915 similia,
1623 831 1683 901 non
1696 847 1859 902 occurrunt
1875 839 1906 901 iu
1920 840 2057 921 Syrorum

697 934 858 1017 biturgiis,
888 944 919 998 et
945 936 1073 998 maxima
1100 945 1163 1015 est,
1193 938 1397 1018 vetustatique
1424 939 1561 1018 proxima
1584 938 1660 999 baec
1683 939 1859 1020 disciplinae
1881 938 2057 1020 simplicitas.

696 1033 839 1098 Asterom
860 1052 922 1098 non
945 1034 1070 1098 habent:
1100 1053 1268 1118 quanquam
1299 1038 1328 1099 in
1350 1036 1453 1098 Monte
1475 1037 1588 1099 Libano
1611 1055 1699 1100 usum
1720 1037 1799 1100 illius
1820 1037 1916 1100 luisse
1939 1046 2059 1101 testetur

696 1134 867 1197 Dandinus:
890 1134 946 1198 sed
968 1137 998 1197 in
1017 1132 1177 1198 Codicibus
1200 1116 1312 1198 nostris
1332 1134 1467 1217 plurimis
1490 1155 1530 1198 ne
1557 1136 1676 1218 quidem
1699 1154 1807 1200 nomen
1830 1138 1895 1219 ejus
1917 1138 2058 1199 occurrit:

690 1224 837 1296 Ῥιπίδια
859 1252 915 1297 seu
934 1233 1053 1313 {labello
1076 1234 1154 1315 apud
1177 1253 1232 1298 eos
1254 1236 1285 1297 in
1307 1254 1364 1298 usu
1387 1254 1456 1298 esse
1481 1243 1631 1298 testantur
1647 1236 1783 1317 picturae
1800 1236 1920 1300 Codicis
1934 1238 2058 1300 Floren-

696 1334 760 1412 tini,
785 1352 862 1415 quae
885 1333 1095 1397 Ordinationes
1118 1343 1364 1416 repraesentant:
1388 1354 1425 1397 an
1447 1355 1523 1398 vero
1547 1335 1584 1398 ad
1606 1336 1770 1420 Liturgiam
1782 1344 1926 1419 usurpata
1941 1336 2057 1414 luerint,

696 1451 758 1495 non
780 1434 884 1515 liquet.

784 1532 933 1596 Sacerdos
949 1533 1040 1614 igitur
1052 1538 1123 1613 post
1137 1535 1363 1613 pronunciatum
1377 1541 1498 1596 secreto
1510 1534 1633 1614 primam
1650 1535 1825 1615 orationem,
1850 1553 1928 1616 quae
1950 1535 2057 1615 incipit,

696 1634 870 1696 Soractinae
891 1653 971 1711 acre,
995 1632 1117 1694 elevans
1140 1650 1247 1694 vocem
1264 1631 1344 1695 dicit.
1373 1632 1447 1695 Cum
1469 1653 1544 1713 erpo.
1563 1643 1757 1713 acceptamus
1769 1644 1848 1697 esset
1858 1643 1999 1710 mortem,
2010 1642 2057 1703 etc.

697 1751 774 1814 quae
796 1732 981 1813 respondent
1003 1739 1108 1794 nostro
1138 1731 1198 1807 Oui
1214 1734 1318 1812 pridie
1338 1752 1429 1814 quom
1446 1741 1623 1814 potentem
1651 1735 1828 1813 pronunciat
1859 1734 1967 1798 eodem
1996 1742 2057 1795 tono
2107 1798 2110 1805 ,

696 1833 790 1895 verba
813 1831 923 1896 Christi
944 1829 1185 1894 sacramentalia:
1208 1831 1355 1913 simulque
1377 1833 1529 1913 accipiens
1548 1831 1684 1895 Oblatum
1707 1834 1737 1894 in
1759 1835 1906 1912 manibus,
1929 1853 1999 1895 earn
2018 1842 2057 1895 ter

696 1951 789 1995 cruce
811 1933 922 2013 signat,
945 1931 982 1994 ad
1005 1931 1082 1993 baec
1102 1930 1199 1993 verba
1221 1930 1384 2008 benedicit,
1406 1933 1618 2011 sanctificavit,
1637 1932 1740 2012 saepit,
1763 1941 1795 1994 ut
1816 1932 2014 1995 Alexandrini
2031 1940 2057 1995 et

694 2030 867 2094 Nestoriani
888 2030 1023 2092 ilituales
1045 2030 1271 2111 praescribunt:
1299 2049 1367 2093 cum
1395 2030 1503 2093 Graeci
1525 2030 1704 2093 benedicant
1727 2039 1790 2111 ter,
1820 2031 1876 2094 sed
1905 2039 2055 2111 antequam

694 2132 932 2212 pronuncientur
952 2130 1046 2193 verba
1068 2129 1261 2210 Evangelica.

423 2237 517 2291 Forma
544 2238 683 2292 verborum
783 2229 1011 2293 Observandum
1032 2246 1125 2309 porro
1149 2236 1195 2290 est
1218 2231 1247 2291 in
1268 2228 1383 2292 blissali
1406 2228 1569 2293 Chaldaico
1591 2230 1704 2292 Romae
1727 2230 1819 2305 edito,
1841 2229 1970 2292 formam
1992 2248 2055 2290 ver-

372 2325 801 2392 mutuatahthsatieutra.b0fflm
823 2329 942 2392 illorum
963 2329 1082 2410 penitus
1104 2328 1300 2405 immutatam,
1323 2346 1360 2390 eo
1383 2329 1510 2393 consilio
1532 2336 1565 2391 ut
1587 2329 1711 2392 Latinae
1732 2328 1950 2409 responderet,
1985 2327 2053 2408 quod

693 2437 794 2491 mmen
816 2429 852 2491 ab
875 2428 932 2492 illis
955 2430 1005 2510 qui
1027 2427 1150 2490 editioni
1172 2426 1368 2508 praefuerunt
1389 2430 1565 2508 praestitum
1586 2448 1648 2492 non
1670 2429 1734 2492 luit.
1778 2429 1853 2490 Nam
1880 2427 1979 2489 verba
2000 2426 2053 2508 Sv-

693 2528 776 2590 riaca
799 2527 835 2589 ab
858 2526 917 2589 illis
939 2526 1097 2589 substituta
1120 2544 1224 2589 eorum
1247 2526 1333 2603 loco,
1356 2546 1434 2608 quae
1457 2528 1599 2611 leguntur
1623 2530 1654 2589 in
1672 2530 1745 2594 bles,
1763 2526 1998 2608 exemplaribus,
2017 2527 2056 2588 si·

693 2627 846 2711 gallicani.
869 2625 935 2688 Hoc
948 2634 1102 2689 astantem
1120 2645 1230 2706 corpeus
1245 2646 1360 2688 meum:
1383 2644 1450 2688 cum
1466 2628 1613 2708 particula
1627 2631 1715 2704 mam,
1729 2629 1754 2691 si
1769 2628 1849 2689 ibam
1859 2628 2054 2689 necessariam

694 2725 918 2805 existimabant,
940 2726 1153 2807 supprimenda
1175 2743 1235 2787 non
1258 2724 1364 2802 luerit,
1395 2735 1424 2789 et
1447 2717 1509 2812 γὰρ
1531 2726 1679 2790 Graecum
1701 2730 1731 2790 in
1754 2728 1908 2809 Syriacam
1931 2727 2055 2809 liuuguaru

687 2825 880 2906 migraverit.
923 2823 1158 2889 immutationem
1189 2843 1281 2907 porro
1312 2826 1397 2888 istam
1423 2825 1507 2888 nullo
1529 2825 1689 2889 Ecclesiae
1707 2826 1820 2909 Judicio
1844 2825 1927 2888 nullo
1950 2824 2054 2886 Roma-

693 2940 800 2985 norum
822 2924 995 2988 Pontificum
1017 2925 1143 2989 decreto
1165 2924 1273 2989 iactam
1295 2944 1363 2988 esse
1386 2934 1513 3005 constat,
1537 2927 1591 2989 sed
1614 2928 1798 3007 privatorum
1820 2925 1972 2988 hominum
1993 2925 2054 3004 opi-

693 3022 843 3102 ntonibus,
867 3026 919 3105 qui
940 3024 1073 3088 camdem
1095 3026 1127 3087 iu
1137 3025 1267 3089 Codices
1284 3022 1418 3088 Graecos
1436 3025 1558 3107 aliquot,
1580 3036 1614 3089 ut
1625 3026 1938 3108 Cryptalerratensem
1952 3023 2053 3085 Goaria

693 3131 785 3200 teste,
807 3123 998 3188 induxerunt.
1041 3125 1083 3187 m
1091 3125 1208 3206 Syriaci
1224 3124 1352 3187 Codices
1368 3142 1472 3187 omnes
1486 3145 1552 3187 eam
1574 3125 1963 3207 formam‘repraesentant,
1983 3139 2053 3202 quae

694 3222 820 3286 Graecis'
841 3223 962 3305 Jacobi,
984 3225 1089 3304 biarci,
1111 3224 1230 3302 basilii,
1254 3230 1304 3285 aut
1327 3223 1536 3305 chrysostomi
1556 3224 1699 3307 Liturgiis
1722 3225 1861 3307 proxima
1891 3230 1957 3300 est,
1989 3221 2053 3281 licet

693 3324 762 3385 insit
773 3322 920 3403 quaedam
932 3322 1070 3386 lectionis
1085 3323 1228 3387 varietas.
1251 3324 1349 3385 Vetus
1368 3321 1483 3402 Codex,
1498 3341 1586 3404 quem
1602 3321 1829 3405 interpretando
1840 3323 1939 3385 secuti
1951 3335 2053 3392 sumus,

693 3424 732 3484 ita
756 3422 856 3486 habet.
893 3422 959 3485 Hoc
980 3433 1027 3485 est
1048 3442 1160 3504 corpus
1180 3420 2053 3504 mesura,puodpuooobisetpromuttissrm19imr,et

694 3523 838 3585 daturin
860 3524 1067 3586 remissionem
1086 3529 1282 3604 peccatoram
1304 3530 1333 3583 et
1353 3523 1447 3583 eitam
1468 3531 1632 3584 aetenum.
1669 3521 1712 3585 lta
1735 3520 1841 3586 Codex
1863 3520 2055 3595 Florentinus,

693 3629 724 3683 et
747 3620 797 3682 alii
817 3621 964 3704 plerique.
1007 3623 1098 3685 Extat
1118 3623 1149 3685 in
1173 3621 1345 3686 Colbertina
1366 3608 1549 3685 Bibliotheca
1562 3622 1667 3685 Codex
1690 3624 1828 3704 antiquus
1844 3621 1876 3682 in
1890 3619 2050 3682 membrana

692 3722 837 3802 scriptus,
865 3722 896 3783 iu
918 3740 979 3803 quo
1001 3723 1096 3785 verba
1119 3721 1231 3785 Christi
1257 3722 1297 3782 ita
1326 3718 1507 3783 referuntur.
1551 3721 1618 3784 Hoc
1647 3729 1693 3783 est
1719 3739 1831 3801 corpus
1857 3739 1953 3781 meum
1979 3715 2052 3799 prod

690 3839 750 3900 pro
771 3820 858 3882 uobis
876 3821 1039 3902 fronpitar,
1061 3842 1117 3884 eos
1139 3829 1239 3883 autem
1262 3820 1418 3881 simultas
1438 3821 1719 3901 fidelesproepomt
1733 3821 1882 3881 ad'oitom
1897 3825 2049 3879 aeman.

694 3918 754 3984 Sed
776 3927 1013 4003 quantacumque
1035 3923 1073 3985 sit
1095 3921 1208 3983 codicis
1231 3919 1310 3982 itlius
1333 3920 1491 3997 autoritas,
1515 3919 1639 3983 aliorum
1661 3918 1753 4001 longe
1775 3918 1878 3999 potior
1900 3922 1959 3992 est,
1988 3931 2051 3974 cum

694 4019 838 4083 Graecam
861 4019 1016 4084 formulam
1039 4021 1211 4084 accuratius
1234 4019 1402 4100 exprimant
1417 4007 1456 4081 ab
1479 4008 1562 4106 ὑπὲρ
1584 4007 1676 4096 ὑμῶν
1698 4002 1869 4095 uiuiparos,
1891 4010 1943 4076 καὶ
1963 3998 2050 4075 διδό-

692 4139 787 4200 μενον
798 4112 845 4193 εἷς
856 4108 974 4207 ἄφεσιν
986 4112 1161 4208 ἆμαᾳιιῶν.
1186 4119 1275 4196 Quod
1291 4138 1352 4198 pro
1373 4118 1460 4180 uobis
1479 4118 1643 4199 secabitur,
1664 4119 1840 4180 etdoturin
1853 4114 2051 4178 renui-ssione·

688 4228 894 4300 peccatorum.
938 4220 977 4284 Et
998 4239 1072 4284 sane
1100 4222 1154 4282 vix
1181 4219 1240 4282 ulla
1269 4217 1404 4299 Liturgia
1434 4226 1491 4297 est,
1522 4220 1737 4299 cujuscumque
1766 4216 1843 4278 ritus
1874 4212 1975 4277 Graeci
2002 4207 2050 4269 vel

693 4319 865 4398 Orientalis,
887 4339 964 4401 quae
987 4310 1149 4399 κλώμενον
1170 4319 1249 4383 istud
1272 4336 1333 4381 non
1355 4316 1474 4395 habeat,
1497 4317 1588 4398 quod,
1611 4325 1644 4379 ut
1665 4319 1849 4397 interpretes
1873 4315 1979 4377 illarum
1998 4308 2048 4370 lo-

692 4427 838 4500 quuntur,
867 4405 1070 4498 absimilia,
1101 4436 1158 4482 seu
1177 4419 1310 4497 fractio,
1337 4417 1425 4498 panis
1449 4417 1667 4495 Eucharistici,
1696 4416 1836 4497 corporis
1860 4416 1922 4478 veri
1939 4413 1968 4473 in
1988 4424 2046 4490 quru

693 4516 829 4581 Christus
841 4536 951 4599 passus
974 4526 1030 4594 est,
1054 4520 1215 4597 cruciatus,
1236 4536 1293 4599 per
1314 4516 1434 4598 flagella
1456 4524 1488 4578 et
1510 4535 1632 4581 crucem
1653 4515 1812 4597 significat,
1835 4529 1991 4592 veramque
2012 4508 2049 4570 de

692 4616 880 4681 Eucharistia
901 4617 989 4681 fidem
1011 4619 1152 4699 exprimit
1173 4617 1355 4692 accuratius3
1384 4634 1492 4697 nempe
1521 4636 1627 4698 panem
1651 4636 1740 4697 quem
1762 4617 1937 4700 frangimus,
1965 4627 2048 4673 com·

593 4786 597 4787 γ
672 4720 921 4783 ‚municationem
943 4719 1079 4800 corporis
1103 4717 1213 4782 Christi
1236 4735 1317 4791 esse,
1340 4724 1372 4779 ut
1393 4716 1503 4779 Paulus
1525 4716 1689 4798 Apostolus
1712 4716 1855 4797 loquitur,
1876 4716 1929 4777 boc
1951 4717 1998 4773 est
2018 4716 2049 4771 ut

691 4818 802 4899 ubique
823 4818 1013 4901 profitentur,
1036 4820 1132 4900 ipsum
1154 4818 1234 4881 illius
1257 4834 1367 4897 corpus
1389 4824 1491 4879 natum
1514 4836 1554 4879 ex
1565 4817 1659 4880 illaria
1671 4816 1808 4900 Virgine,
1831 4818 1861 4877 in
1876 4830 1928 4896 quo
1941 4824 2047 4893 passus

692 4926 749 4981 est.
792 4918 873 4983 lilius
896 4920 976 4984 enirn
997 4919 1135 4982 lectionis
1157 4918 1195 4981 ad
1218 4915 1448 4980 confirmandam
1471 4916 1676 4980 Ortbodoxam
1697 4916 1736 4979 de
1757 4914 1939 4978 Eucharistia
1961 4910 2046 4973 fidem

691 5018 737 5081 vis
761 5018 866 5083 eadem
888 5029 946 5101 est,
969 5038 1005 5083 ao
1025 5018 1105 5083 illius
1128 5038 1216 5101 quam
1238 5035 1352 5080 vexare
1372 5015 1454 5080 Beza
1478 5034 1645 5099 aggressus
1668 5023 1725 5095 est,
1748 5015 1879 5078 inNotis
1899 5010 1932 5075 ad
1946 5009 2045 5073 Evau-
