4525 6034
650 594 742 715 *290
1239 593 1472 670 NOTAE

661 778 779 840 seilicet
802 778 832 839 io
855 775 976 840 Christo
999 785 1121 842 naturas
1146 791 1318 859 agnoscere
1339 794 1375 839 so
1389 775 1602 858 significabant
1614 777 1719 857 paucis
1742 775 1802 839 illis
1826 776 1943 855 verbio,
1966 795 2040 840 ora·

662 878 754 939 tionis
776 876 864 957 primi
886 884 1021 951 autores,
1044 878 1179 940 novitate
1201 874 1498 956 Monophysitarum,
1528 883 1560 938 ut
1584 876 1738 957 conjicere
1760 892 1936 956 possumus,
1961 892 2040 938 non-

663 975 733 1037 dum
755 973 870 1038 imbuti.
905 973 948 1037 lta
973 993 1094 1056 quoque
1117 975 1169 1037 illa
1191 974 1322 1036 reddidit
1333 971 1453 1055 Coptita
1472 974 1635 1055 interpres.
1658 970 1820 1055 ωπιλογος
1841 993 1916 1036 econ
1938 991 2040 1058 cpmcu

662 1089 766 1155 μμοφ.
794 1091 922 1156 πιρωμι
951 1092 1026 1135 crou
1060 1074 1222 1158 ερθεωριν
1255 1090 1360 1157 pacm.
1406 1070 1546 1136 Christus
1576 1072 1710 1152 scilicet,
1743 1080 1777 1134 ut
1804 1071 1939 1135 Verbum
1973 1072 2039 1151 Dei,

662 1177 765 1231 mente
787 1178 901 1232 tantum
929 1172 1113 1252 concipitur:
1143 1179 1283 1251 tanquam
1313 1171 1420 1249 homo,
1450 1172 1550 1234 oculis
1581 1172 1678 1234 videri
1699 1179 1829 1252 poterat.
1873 1171 1919 1234 Ea
1942 1177 2040 1232 autem

663 1267 734 1330 lidei
762 1268 926 1348 particula,
959 1269 996 1332 ab
1025 1269 1229 1332 Orientalibus
1253 1267 1446 1347 Christianis,
1470 1268 1604 1345 Severo,
1632 1269 1815 1347 Barsalibio‚
1846 1269 2039 1332 llomiliarum

665 1372 782 1441 autore,
805 1374 836 1428 et
858 1368 925 1429 aliis
947 1368 1046 1431 multis
1069 1366 1291 1432 accommodari
1313 1367 1492 1448 plerumque
1522 1368 1603 1431 solet
1625 1369 1663 1430 ad
1684 1367 1891 1430 Eucharistiae
1922 1375 2040 1450 myste-

662 1464 750 1543 rium,
773 1465 844 1527 dum
866 1466 985 1529 dicunt:
1008 1466 1174 1548 Apostolos
1197 1473 1228 1528 ει
1250 1466 1337 1545 alios,
1362 1467 1412 1546 qui
1435 1484 1503 1547 cum
1526 1466 1658 1542 Christo,
1680 1464 1751 1527 dum
1773 1467 1804 1528 in
1828 1467 1917 1528 terris
1948 1473 2038 1545 esset,

663 1565 837 1625 conversati
867 1572 953 1644 sunt,
987 1565 1138 1628 hominem
1164 1564 1331 1646 simplicem
1359 1564 1456 1627 oculis
1486 1566 1624 1645 corporis
1656 1564 1787 1642 vidisse,
1809 1563 1906 1626 Deum
1942 1564 2037 1627 oculis

662 1662 770 1723 mentis
801 1664 981 1743 agnovisse:
1013 1665 1055 1725 ita
1083 1662 1199 1725 debere
1233 1663 1420 1726 Christianos
1453 1661 1675 1725 Eucharistiam
1711 1663 1923 1743 suscipiendo,
1952 1662 2039 1725 iidem

663 1757 853 1821 conformare
883 1779 983 1837 suam,
1013 1771 1046 1824 ut
1074 1763 1209 1842 quamvis
1238 1762 1326 1842 panis
1353 1770 1383 1823 et
1412 1763 1474 1824 vini
1501 1762 1651 1824 elementa
1678 1762 1866 1824 solummodo
1896 1761 2038 1825 sensibus

660 1859 845 1938 percipiant,
875 1860 965 1922 oculo
988 1860 1135 1923 interiore
1164 1859 1245 1937 lidei,
1268 1860 1418 1923 Christum
1441 1863 1471 1923 in
1494 1861 1697 1940 illisvideant,
1721 1869 1890 1945 agnoscant
1909 1868 1941 1924 ει
1964 1860 2040 1923 ado-

660 1963 740 2034 rent,
764 1957 1012 2037 quemadmodum
1035 1957 1127 2022 Latro
1150 1960 1182 2020 in
1203 1976 1296 2020 cruce
1320 1960 1402 2022 illum
1424 1961 1563 2041 agnovit,
1592 1959 1735 2040 illiusque
1766 1959 1906 2040 exemplo
1930 1959 2038 2022 dicant.

660 2054 809 2119 lienem
838 2060 899 2119 mei
925 2057 1069 2135 Domine,
1100 2077 1168 2119 cum
1196 2060 1318 2120 cereris
1344 2061 1377 2119 iu
1403 2078 1527 2139 reprom
1556 2068 1648 2123 tuum
1693 2060 1859 2128 versiones
1890 2056 2039 2120 Arabicae

662 2149 740 2233 quae
765 2156 796 2215 in
819 2153 983 2218 Codicibus
1007 2155 1143 2236 Copticis
1167 2156 1321 2238 leguntur,
1344 2157 1523 2219 sententium
1546 2157 1682 2219 eamdem
1706 2157 1888 2237 exprimunt.

749 2252 811 2327 Qui
828 2272 885 2332 per
907 2256 1151 2316 incumouooem
1173 2262 1256 2315 tuom
1278 2255 1608 2335 incomprehensibilem
1626 2255 2043 2336 praeparastinohirponem

662 2351 836 2426 coelestem,
873 2371 985 2432 corpere
1013 2353 1071 2415 hoc
1099 2360 1182 2415 tmcm
1210 2361 1364 2430 sunctum,
1394 2355 1427 2415 in
1458 2355 1603 2436 mysterio
1632 2354 1770 2416 emntbm
1796 2354 1897 2416 media
1926 2360 2041 2415 amicto.

662 2449 777 2512 Sensus
800 2451 886 2512 istius
909 2453 1055 2514 orationis
1078 2452 1222 2533 simplex:
1246 2453 1316 2533 quia
1339 2453 1456 2515 scilicet
1477 2451 1648 2515 incarnatio
1670 2452 1737 2514 Filii
1759 2451 1833 2530 Dei,
1863 2452 2038 2534 mysterium

660 2548 968 2629 incomprehensibile
1003 2558 1067 2630 cst,
1098 2569 1160 2631 quo
1188 2553 1277 2633 panis
1312 2552 1399 2614 uivus
1426 2550 1472 2614 ‘de
1500 2550 1589 2613 coelo
1619 2549 1793 2614 descendit:
1822 2549 1910 2631 panis
1940 2558 2038 2612 antem

662 2647 866 2711 sanctificatus
889 2651 920 2711 in
942 2649 1101 2729 altaribus,
1125 2658 1174 2712 est
1196 2667 1310 2731 corpus
1332 2652 1429 2732 ipsum
1454 2649 1535 2730 quod
1557 2650 1650 2713 Filius
1678 2648 1735 2712 Dei
1758 2651 1875 2729 accepit
1902 2668 1944 2712 ex
1970 2649 2039 2711 lda-

660 2747 707 2807 ria
729 2747 870 2834 Virgine,
894 2755 925 2836 et
947 2749 1028 2829 quod
1052 2748 1103 2810 dat
1125 2748 1214 2812 nobis
1236 2749 1267 2812 in
1290 2748 1503 2828 Sacramento,
1538 2756 1571 2812 ut
1600 2751 1658 2830 ipsi
1687 2747 1826 2829 Coptitue
1854 2756 1963 2829 postea
1984 2765 2038 2809 re-

662 2860 867 2934 cognoscunt,
890 2852 921 2917 in
945 2849 1148 2918 Coniessione
1170 2870 1249 2935 quae
1271 2852 1304 2917 lit
1328 2859 1398 2917 ante
1422 2853 1502 2917 illius
1533 2852 1767 2935 susceptionem.
1813 2848 1898 2915 Unde
1929 2841 2037 2915 lrnstra

660 2959 730 3013 sunt
752 2951 790 3014 ad
812 2953 993 3015 sententiam
1016 2954 1102 3015 istius
1125 2955 1273 3016 orationis
1297 2954 1533 3035 pervertendam
1555 2952 1873 3016 omnesillbertiniani
1890 2959 1922 3015 ct
1945 2951 2036 3013 Clau·

661 3047 741 3111 diam
771 3051 993 3116 Commentarii.
1043 3052 1112 3115 Non
1144 3054 1223 3114 enim
1252 3052 1361 3115 dicitur
1390 3053 1455 3114 dari
1486 3071 1597 3133 corpus
1627 3052 1739 3115 Christi
1769 3053 1800 3114 in
1832 3053 2035 3127 sacramento,

592 3231 594 3233 .
662 3149 745 3228 quod
767 3150 895 3233 intelligi
917 3159 1025 3231 posset
1048 3150 1086 3213 de
1109 3150 1217 3214 codem
1241 3158 1384 3232 suscepto
1407 3151 1590 3232 perfidem,
1619 3151 1675 3213 sed
1697 3150 1756 3214 boo
1779 3166 1907 3231 corpus,
1931 3166 2036 3229 nempe

660 3248 742 3328 quod
765 3248 916 3312 Sacerdos
939 3252 970 3313 in
992 3249 1076 3312 disco
1099 3250 1229 3329 positum
1252 3251 1399 3328 intuetur,
1435 3248 1577 3330 quodque
1604 3267 1676 3310 mox
1703 3249 1828 3310 elevans
1856 3256 1886 3311 et
1910 3247 2036 3309 demon-

658 3356 777 3427 strans,
801 3356 931 3411 testatur
953 3366 1023 3411 csse
1045 3349 1143 3428 ipsum
1165 3367 1271 3411 verum
1294 3366 1405 3429 corpus
1429 3346 1549 3411 Christi.
1600 3344 1705 3410 Τοῦτο
1724 3334 1761 3407 τί
1790 3331 1889 3422 σῶμά
1918 3362 1980 3408 σου
2001 3329 2036 3406 ὃν

659 3436 745 3508 ἔθου
766 3438 800 3510 ἐν
826 3441 1010 3532 μυστηρίῳ,
1044 3448 1084 3509 ita
1112 3447 1191 3510 enim
1221 3446 1383 3530 legendum
1418 3446 1538 3508 videtur
1563 3447 1594 3508 in
1624 3445 1743 3507 Graeco
1771 3444 1954 3525 exemplari,
1987 3441 2036 3503 ubi

659 3546 802 3625 scriptum
826 3554 873 3608 est
895 3539 930 3607 ἐν
950 3535 1130 3630 μυστήριον
1151 3536 1312 3629 πανάγιον
1333 3539 1368 3608 ἐν
1388 3545 1459 3618 τοῖς
1486 3534 1624 3623 ἅπασιν,
1654 3544 1736 3624 quod
1765 3546 1832 3607 sive
1860 3544 1897 3606 ad
1927 3558 2035 3622 corpus

660 3642 771 3707 Christi
792 3644 959 3723 reseratur,
982 3647 1047 3706 siva
1070 3646 1109 3706 ad
1130 3643 1322 3725 mysterium,
1346 3644 1474 3725 perinde
1497 3651 1553 3706 est.
1598 3642 1730 3705 Arabica
1744 3644 1846 3706 versio
1861 3642 1899 3704 ad
1924 3658 2033 3722 corpus

660 3743 772 3807 Christi
798 3743 903 3806 relcrt.
955 3742 1075 3823 Corpus
1103 3751 1187 3805 tuum
1220 3743 1295 3822 hoc,
1323 3745 1405 3822 quod
1432 3750 1479 3804 ert
1503 3742 1732 3804 &cromerdole
1760 3736 1989 3826 μυστηριῶδες
2009 3747 2037 3800 et

659 3844 781 3906 omnim
803 3850 949 3905 sancum.
994 3843 1063 3905 Vox
1085 3844 1164 3905 enim
1191 3851 1249 3909 t'to
1276 3841 1366 3903 Serri
1372 3886 1381 3918 ,
1404 3841 1483 3904 idem
1506 3841 1656 3922 significat
1684 3840 1764 3921 quod
1786 3829 1826 3902 cd
1846 3834 2036 3924 μυστηριῶ-

660 3938 717 4015 δες
747 3966 755 4004 :
778 3950 810 4005 ει
834 3944 884 4023 qui
906 3959 1016 4023 corpus
1046 3941 1159 4006 Christi
1188 3942 1219 4002 in
1233 3942 1458 4017 'Sacramento,
1485 3941 1527 4003 ita
1554 3940 1701 4021 appellat,
1731 3956 1788 4020 per
1817 3939 2037 4021 oppositionem

662 4042 701 4103 ad
723 4041 875 4120 naturale,
903 4059 964 4103 non
994 4049 1087 4124 negat
1108 4059 1214 4103 ueram
1245 4047 1276 4103 et
1305 4039 1418 4102 realem
1449 4039 1582 4120 ejusdem
1611 4039 1750 4118 corporis
1781 4039 1810 4100 in
1840 4037 2035 4101 Sacramenta

663 4143 875 4222 praesentiam.
920 4141 952 4203 ld
975 4140 1026 4203 vel
1049 4157 1126 4202 unus
1150 4139 1321 4201 Gennadius
1343 4139 1417 4201 satis
1439 4139 1638 4212 demonstrat,
1667 4137 1717 4217 qui
1739 4137 1770 4199 in
1792 4136 1920 4198 Homilia
1942 4152 2039 4214 nuper

345 4234 437 4305 ⁰1’me.
457 4235 500 4292 dr.
520 4237 763 4320 cmmodita,
787 4259 854 4303 cum
885 4240 1246 4303 Transubstantiationem
1275 4240 1436 4319 perspicue
1466 4238 1592 4314 doceat,
1621 4235 1737 4298 uadum
1765 4235 1845 4298 hunc
1874 4233 2038 4314 inscripsit.

665 4337 752 4426 Περὶ
774 4329 1024 4425 μυστηριώδους
1045 4327 1212 4417 σώματος,
1235 4346 1292 4400 ειε.
1338 4338 1505 4400 versiones
1517 4336 1667 4399 Arabicae
1687 4334 1837 4416 duplicem
1850 4350 1957 4396 vocem
1980 4331 2038 4393 ad-

663 4438 785 4515 hibent,
808 4448 839 4502 et
861 4441 965 4518 ἰειειιι,
990 4446 1021 4501 et
1043 4438 1131 4500 aliam
1154 4456 1233 4518 quae
1256 4436 1405 4518 significat
1427 4437 1458 4497 id
1481 4434 1561 4516 quod
1584 4433 1712 4514 Coptice
1740 4432 1883 4496 scribitur
1909 4434 1942 4493 in
1968 4449 2037 4512 ηψ-

663 4541 772 4612 sterio:
795 4526 835 4601 τὸ
854 4528 1013 4620 πανάγιον
1047 4537 1186 4600 referunt
1208 4537 1246 4599 od
1269 4536 1388 4617 Corpus
1411 4534 1532 4599 Christi.
1577 4533 1725 4595 llarunita
1754 4549 1813 4593 non
1836 4539 1922 4594 recte
1944 4536 2037 4592 totam

661 4635 738 4699 hanc
761 4639 928 4700 orationem
951 4637 1113 4718 expressit.
1164 4636 1291 4698 Verbmn
1318 4636 1494 4715 spirituale,
1520 4635 1574 4714 pul
1600 4635 1689 4695 hemo
1709 4633 1814 4712 factus
1840 4650 1888 4706 es,
1911 4630 2039 4693 clinica

588 4803 598 4822 ‚
658 4737 795 4800 hommes
815 4745 972 4811 uersuum,
993 4737 1047 4816 pui
1064 4755 1122 4814 per
1143 4735 1385 4797 incantationem
1408 4742 1490 4796 tuum
1512 4729 1841 4812 incomprehensibilem
1858 4745 2037 4810 praepura-

659 4840 702 4898 rti
721 4837 950 4916 aehiopum,
974 4853 1086 4914 corpur
1108 4834 1167 4896 hcc
1194 4839 1276 4894 amm
1304 4840 1550 4911 sacrosanctam,
1573 4831 1748 4913 mysterium
1775 4828 1897 4890 omoioc
1925 4842 2038 4888 rocro-

660 4943 815 4998 sanctum:
837 4952 938 5016 neque
962 4935 1042 4997 enim
1065 4933 1212 5014 Coptice,
1235 4941 1286 4994 aut
1308 4931 1442 4995 Arabico
1465 4931 1562 4994 textui
1583 4930 1686 4992 versio
1709 4927 1885 5009 respondet.
