4525 6034
562 1184 1162 1367 LITURGIA

293 1517 335 1635 s,
387 1516 737 1637 aaronis
790 1517 1430 1638 nvlnannrsrln.

603 1825 725 1897 Oratio
751 1832 831 1897 ante
857 1824 1004 1897 cautium
1026 1827 1135 1918 pacit.

284 2046 470 2119 Sacerdos.
508 2021 666 2125 Dumna
692 2048 785 2121 Deus
811 2048 906 2120 tortis
933 2049 988 2142 qui
1015 2069 1052 2119 es
1067 2050 1190 2118 caritas
1206 2068 1299 2132 vera,
1328 2047 1543 2142 tranquillitas

182 2165 479 2262 imperturbabilis,
507 2178 540 2240 et
565 2191 643 2265 spes
670 2193 756 2266 quae
781 2191 849 2241 uon
875 2166 1063 2257 conlundit3
1089 2177 1123 2238 tn
1149 2167 1293 2239 Domine
1311 2167 1404 2240 Deus
1429 2179 1545 2264 pater:

182 2284 329 2355 concede
355 2286 463 2356 servis
490 2288 552 2355 tuis
579 2289 667 2372 istis,
702 2289 756 2382 qui
783 2307 897 2356 coram
929 2288 1102 2377 majestate
1135 2293 1190 2355 tna
1224 2291 1330 2372 stant,
1362 2287 1546 2372 caritatem,

182 2396 437 2492 benignitatem,
470 2400 732 2497 tranquillitatem
765 2412 799 2473 et
833 2423 950 2498 pacem
977 2409 1188 2496 perpetuam,
1226 2410 1260 2471 ot
1285 2409 1420 2495 praesta
1447 2398 1545 2472 nobis

183 2514 354 2604 omnibns,
380 2527 416 2588 nt
441 2537 515 2587 cum
540 2520 680 2613 puritate
707 2517 818 2591 cordis
846 2526 880 2589 et
905 2520 1079 2590 sanctitate
1112 2521 1254 2602 ammae,
1281 2515 1395 2587 domus
1427 2538 1545 2609 pacem

183 2629 279 2704 nobis
315 2634 458 2704 invicem
494 2635 528 2704 in
562 2633 679 2706 oscado
712 2646 846 2722 sancto,
879 2643 913 2704 ct
938 2631 1118 2728 spirituali,
1152 2632 1239 2727 qnod
1264 2631 1395 2727 placeat
1420 2634 1544 2704 nomini

146 2791 149 2798 ι
180 2756 236 2819 tuo
262 2759 398 2822 sancto:
426 2758 459 2819 et
484 2748 668 2821 reseremus
696 2750 753 2823 tibi
779 2750 938 2843 gloriam,
965 2759 1028 2822 oto.

280 2863 443 2957 Populea.
470 2867 588 2938 Arnen.
692 2867 870 2938 Diaconos
895 2865 979 2936 dicit
1003 2865 1161 2936 Mediam.

281 2978 459 3053 Sacerdos
485 2982 624 3052 clevans
648 3005 774 3053 oecon.
808 2979 853 3052 Et
869 3003 955 3054 nuuc
973 3003 1086 3052 coram
1105 2983 1277 3073 maJestate
1295 2992 1363 3071 tna,
1389 2982 1544 3072 Domine,

180 3095 375 3169 inclinamus
401 3097 487 3171 colla
514 3100 694 3170 animarum
720 3107 927 3185 nostrarum,
954 3108 1189 3192 etcorporum
1225 3107 1431 3171 nostrorum:
1461 3096 1543 3189 jube

179 3221 212 3284 et
237 3215 332 3285 mitte
358 3213 473 3299 nobis,
509 3213 551 3286 de
578 3213 723 3286 excelsis
757 3214 915 3306 gloriosis
950 3216 1128 3287 sanctuarii
1165 3216 1228 3302 tui,
1261 3218 1402 3306 gratiam
1435 3235 1554 3308 prae-‚

179 3329 322 3417 claram,
360 3327 690 3425 benedictionemque
732 3328 1036 3425 impertubabilem
1070 3340 1103 3401 et
1138 3329 1402 3415 inamissibilem,
1442 3339 1476 3400 ut
1509 3317 1570 3401 tav

178 3445 405 3538 glorificemus
432 3455 465 3517 et
491 3446 693 3531 exaltemus,
729 3448 994 3542 unigenitumqne
1030 3443 1147 3516 Filium
1180 3454 1285 3532 tuum,
1324 3453 1357 3516 et
1387 3445 1542 3541 Spiritum

177 3569 268 3634 tunm
295 3565 537 3634 sanctissimum
564 3571 598 3633 et
623 3562 756 3635 bonum.

184 3714 192 3730 .
283 3678 445 3771 Populus.
472 3680 590 3751 Amen.

282 3793 466 3866 Sacerdos.
503 3793 567 3879 Qui
592 3793 711 3866 Filium
747 3805 852 3884 urum,
886 3799 919 3867 in
946 3794 1009 3866 lino
1036 3803 1220 3887 temporum
1255 3793 1369 3864 misisti
1403 3793 1444 3864 ad
1478 3818 1541 3867 sa-

175 3908 277 3982 lutem
304 3920 467 3982 nostram:
495 3914 568 4005 ipse
595 3920 703 3981 autern
731 3915 889 4006 mysteria
924 3910 1009 3983 baec
1041 3917 1156 3982 sancta
1190 3917 1223 3978 ct
1253 3908 1386 3980 vivifica
1414 3909 1543 3982 tradidit

175 4025 284 4100 uobis.
338 4026 407 4114 Ne,
434 4028 595 4117 Domine,
621 4026 727 4097 iacias
753 4048 815 4097 nos
842 4027 970 4099 alienos
991 4024 1032 4097 ab
1048 4024 1111 4097 boc
1128 4025 1327 4113 ministerio,
1352 4046 1416 4095 uec
1433 4049 1540 4098 aver-

175 4151 227 4214 tas
254 4142 375 4215 faciem
403 4152 491 4214 tuam
518 4168 537 4215 a
564 4142 672 4230 uobis,
699 4154 836 4239 propter
861 4141 1094 4215 multitudinem
1110 4151 1322 4238 peccatorum
1342 4152 1540 4214 nostrorum.

175 4257 228 4330 Τιι
255 4262 343 4330 cuim
371 4258 482 4346 solus,
509 4269 642 4332 sanctus
671 4283 720 4347 es,
748 4283 822 4331 curn
848 4261 1017 4351 unigenito
1044 4257 1129 4330 Filio
1157 4269 1229 4346 tuo,
1266 4269 1299 4331 et
1331 4259 1453 4356 Spiritu
1485 4269 1540 4329 tuo

175 4377 387 4447 sanctissimo
416 4385 450 4445 et
475 4372 575 4447 bono.

281 4490 442 4584 Populus.
468 4491 587 4562 Arnen.

282 4606 468 4678 Diaconos.
495 4607 581 4678 Date
608 4609 739 4679 Pacem.

280 4721 441 4816 Populos.
467 4721 718 4796 Misericordiae
747 4722 821 4794 Dei.

279 4837 464 4911 Sacerdos.
492 4840 623 4914 Caritas
650 4841 775 4926 Patris,
804 4847 866 4909 etc.

279 4955 440 5049 Populus.
466 4955 585 5028 Amen.

280 5070 464 5145 Sacerdos.
490 5073 629 5146 Sursum
655 5071 767 5144 corda.

226 5209 314 5254 Tem
327 5211 350 5254 ΙΙ.
