4525 6034
563 626 1195 708 stucttttttttt
1510 626 1562 708 43

197 843 281 911 rum,
314 818 514 909 Cauiorum,
545 817 815 906 horcistarum,
849 814 1108 906 Monacborunn,
1142 814 1338 909 virginum,
1369 813 1562 904 viduarum,

197 936 440 1032 (imbuentem,
467 937 701 1008 continentiam
729 935 967 1023 exercentium,
994 944 1028 1005 et
1052 932 1229 1006 laicorum:
1256 931 1388 1006 illorum
1409 935 1464 1028 qui
1483 955 1562 1005 ma-

194 1056 342 1127 trimonio
366 1055 471 1144 juncti
499 1062 593 1142 sum,
626 1061 660 1123 et
691 1049 756 1122 illis
790 1052 845 1145 qui
878 1049 1019 1122 educant
1044 1049 1147 1122 filios:
1188 1053 1244 1145 qui
1279 1050 1434 1121 dixerunt
1464 1047 1563 1121 nobis

195 1179 391 1243 mementote
417 1173 536 1259 nostri,
563 1179 597 1240 et
623 1170 678 1262 qui
704 1189 772 1240 non
799 1165 966 1237 dixerunt:
999 1189 1083 1260 quos
1115 1172 1288 1256 novimus,
1323 1177 1358 1238 et
1384 1189 1469 1261 quos
1495 1188 1564 1238 non

194 1292 362 1360 novimus:
384 1288 590 1358 inimicorum
605 1292 640 1355 et
655 1287 836 1355 anicetum
853 1292 1060 1356 nostrorum:
1081 1284 1236 1373 Domine,
1261 1305 1378 1355 eorum
1391 1286 1562 1356 miserere.

290 1404 436 1475 Domine
462 1404 632 1474 miserere.
685 1400 1048 1505 MementopDomine,
1075 1399 1278 1496 reliquorum
1293 1396 1565 1472 Orthodoxorum

195 1523 246 1614 qui
272 1529 349 1591 suut
374 1517 497 1614 ubique
524 1527 697 1589 terrarum.

290 1634 480 1706 Diaconos.
535 1632 638 1706 Orate
664 1655 725 1728 pro
754 1630 889 1728 reliquis
916 1631 1121 1706 Drtbodoxis
1155 1636 1210 1729 qui
1242 1644 1316 1705 sunt
1340 1632 1463 1727 ubique
1489 1641 1564 1703 ter-

49 1830 54 1839 ,
194 1774 319 1824 rarum:
346 1762 383 1823 ut
411 1748 561 1825 Christus
587 1752 679 1824 Deus
706 1758 834 1840 noster,
861 1752 904 1822 sit
927 1748 992 1821 iilis
1018 1751 1192 1845 propitius
1219 1757 1253 1821 et
1277 1752 1474 1821 misereatur
1495 1771 1564 1821 eo-

195 1891 271 1955 rum,
299 1879 335 1939 et
362 1878 480 1964 parcat
504 1867 613 1940 nobis.
1213 1944 1219 1969 κ

54 1970 62 1981 ’
291 1983 480 2056 Sacerdos.
532 1985 675 2056 Domine
708 1983 879 2054 miserere.
927 1981 1117 2070 Memento,
1150 1983 1310 2071 Domine,
1353 1980 1449 2074 bujus
1487 1982 1566 2076 loci,

196 2104 297 2173 sancti
323 2105 373 2173 tui
399 2112 433 2172 et
458 2102 601 2173 omnium
629 2096 865 2170 habitationum
891 2096 1024 2170 Patrum
1050 2108 1241 2171 nostrorum
1257 2096 1539 2172 Ortbodoxorum.

291 2217 483 2289 Diaconos.
538 2215 640 2289 Orate
667 2238 727 2312 pro
755 2219 934 2288 securitate
958 2214 1054 2307 hujus
1080 2213 1147 2288 loci
1174 2226 1208 2286 et
1233 2218 1376 2288 nmmum
1403 2213 1566 2306 locorum,

196 2333 327 2406 Patrnm
367 2343 558 2406 nostromm
595 2331 885 2421 Ortbodoxorum‚
925 2330 1145 2403 Eremitarum
1184 2341 1218 2403 et
1258 2331 1566 2421 Anacboretarum‚

196 2450 390 2546 illorumque
423 2453 478 2545 qui
508 2447 655 2521 habitant
689 2452 722 2519 in
755 2452 819 2538 eis,
856 2459 890 2520 et
923 2470 986 2544 pro
1021 2451 1199 2520 securitate
1232 2451 1332 2521 totius
1372 2448 1500 2537 mundi,
1532 2459 1568 2520 ut

198 2566 344 2640 Christus
371 2568 465 2639 Deus
490 2577 606 2639 noster
632 2575 814 2638 conservet
840 2588 902 2638 eos
929 2562 971 2636 ab
999 2568 1087 2637 omni
1104 2563 1204 2655 malo,
1231 2575 1265 2636 et
1290 2576 1407 2661 parcat
1431 2561 1541 2636 nobis.

293 2681 482 2755 Sacerdos.
536 2683 661 2755 Omnes
696 2681 818 2771 urbes,
853 2685 1034 2773 regiones,
1071 2692 1105 2753 et
1134 2685 1345 2778 provincias,
1381 2691 1416 2754 et
1450 2704 1568 2756 omnes

199 2798 313 2872 domos
340 2798 484 2871 fidelium
511 2821 691 2888 conserva,
719 2809 753 2870 et
778 2820 841 2871 uos
869 2821 985 2871 omnes
1013 2798 1137 2870 infide
1165 2797 1360 2872 Ortbodoxa
1388 2823 1494 2895 usque
1525 2799 1569 2872 ad

200 2925 382 2988 extremum
409 2919 574 3012 spiritum:
602 2914 687 2987 baec
714 2919 800 2987 enim
826 2918 924 2986 unica
951 2937 1029 3010 spes
1056 2925 1172 2986 nostra
1198 2926 1260 2987 est.

277 3033 424 3104 Domine
440 3036 612 3105 miserere.
645 3032 827 3121 Memento,
841 3032 996 3121 Domine⁷
1010 3034 1301 3124 circumstantium,
1324 3035 1379 3128 qui
1396 3029 1569 3106 nobiscum

201 3148 440 3246 deprecationis
468 3153 650 3245 participes
677 3157 761 3220 sunt.

298 3265 488 3338 Diaconos.
542 3265 646 3339 Orate
677 3287 738 3361 pro
777 3264 1062 3337 circumstantibus
1099 3267 1153 3360 qui
1185 3263 1237 3335 bic
1272 3269 1451 3360 participes
1494 3275 1570 3338 sunt

200 3381 369 3455 nobiscum
398 3382 659 3478 deprecationis:
687 3392 721 3453 ut
748 3380 899 3454 Christus
924 3381 1017 3453 Deus
1043 3392 1160 3454 noster
1186 3391 1367 3454 conservet
1393 3403 1472 3473 eos,
1499 3387 1568 3455 rni-

202 3510 416 3595 sereaturque
442 3521 569 3588 eorum,
597 3510 631 3571 et
656 3508 772 3594 parcat
797 3496 904 3570 nobie.

301 3615 486 3688 Sacerdos.
540 3614 658 3687 Patres
696 3625 731 3686 et
762 3614 885 3687 iratres
920 3626 1072 3706 nostros,
1113 3626 1147 3688 et
1181 3614 1327 3709 reliquos
1371 3615 1570 3711 ubicumque

205 3740 364 3805 terrarum
399 3736 482 3821 sint,
523 3754 690 3804 conserve
723 3730 916 3821 nobiseum,
955 3732 1123 3827 praesidio
1167 3735 1335 3803 exercitus
1370 3740 1570 3827 potestatum

204 3860 405 3921 sanctarum:
433 3857 466 3921 et
491 3848 596 3921 libera
620 3870 684 3919 nos
710 3871 731 3919 a
757 3846 831 3921 telis
858 3851 967 3940 igneis
993 3847 1145 3939 Diaboli,
1172 3858 1206 3919 et
1234 3847 1276 3920 ab
1304 3847 1455 3921 omnibus
1481 3852 1571 3923 insi·

206 3963 262 4036 diis
289 3964 474 4055 diabolicis
501 3975 536 4036 et
562 3963 603 4036 ab
632 3968 720 4037 omni
747 3962 867 4059 laqueo
893 3986 1004 4037 vanae
1030 3963 1183 4062 gloriae.¹

303 4082 448 4155 Domine
474 4086 645 4155 miserere.

303 4196 487 4270 Sacerdos.
540 4198 729 4287 Memento,
755 4195 917 4287 Domine,
944 4220 1059 4270 eorum
1087 4200 1231 4270 omnium
1258 4200 1313 4292 qui
1338 4195 1435 4269 nobis
1461 4220 1568 4292 prue-

206 4325 377 4410 ceperunt‚
410 4324 588 4386 uteorum
615 4336 780 4387 memores
812 4335 963 4387 essemus
995 4318 1030 4385 in
1056 4312 1262 4386 orationibus
1289 4326 1322 4387 et
1348 4312 1568 4410 supplicatio-

206 4428 298 4503 nibus
324 4430 366 4502 ad
393 4439 426 4502 te
451 4435 585 4504 uostris.

305 4547 492 4619 Dimonus.
545 4547 648 4619 Orate
673 4570 735 4643 pro
754 4546 905 4619 omnibus
928 4548 982 4641 qui
999 4545 1094 4619 nobis
1113 4556 1366 4643 praeceperunt,
1392 4556 1428 4619 ut
1453 4569 1570 4621 eorum
1604 4628 1610 4641 ,

209 4684 371 4736 memores
399 4686 550 4736 essemus
576 4667 611 4736 in
636 4663 839 4737 orationibus
866 4675 900 4735 et
926 4662 1218 4759 supplicationibus
1243 4667 1380 4754 nostris,
1405 4673 1441 4734 ut
1468 4664 1570 4737 Chri-

211 4787 277 4850 stus
302 4779 395 4853 Deus
421 4791 537 4854 noster
562 4781 680 4853 liberet
705 4803 766 4853 eos
793 4777 835 4851 ab
863 4783 951 4852 omni
976 4779 1076 4853 mulo.
1260 4876 1263 4883 Ι

308 4895 493 4970 Sacerdos.
547 4898 640 4983 Quas
667 4897 834 4970 oberimus
861 4895 931 4987 tibi,
948 4896 1079 4970 Christe
1103 4898 1197 4969 Deus
1222 4908 1348 4987 noster,
1375 4882 1571 4993 praesertim

212 5007 273 5081 boc
305 5022 472 5111 tempore,
508 5013 604 5106 hujus
640 5013 816 5087 oblationis
850 5023 1000 5086 sanctae:
1041 5035 1180 5108 quorum
1212 5017 1404 5087 memoriam
1438 5037 1572 5110 semper

213 5129 346 5221 aginus,
373 5141 408 5203 et
434 5154 520 5226 quos
545 5135 769 5228 unusquisque
795 5142 942 5205 nostrum
968 5133 1003 5203 in
1019 5140 1129 5204 mente
1144 5128 1255 5226 habet,
1282 5141 1316 5204 et
1342 5155 1457 5206 eorum
1471 5156 1572 5206 com-
