4525 6034
667 536 742 611 382
1054 539 1130 614 DE
1183 539 1680 620 initiarunt

667 725 803 813 dacum,
831 728 885 820 qui
912 728 975 820 ipsi
1003 728 1183 815 successu
1218 727 1375 801 divinitus
1411 730 1632 821 cognovisset
1667 730 1709 803 ad
1741 729 1815 802 earn
1850 731 2033 825 dignitatem

665 854 922 939 perventurum,
951 865 1025 912 eum
1054 842 1095 914 ad
1124 843 1277 916 diversos
1303 844 1526 940 Episcopatus
1541 847 1751 940 postulatum,
1780 847 1936 920 ordinare
1950 849 2032 946 Epi-

667 983 803 1057 scopum
831 958 989 1046 noluerit,
1018 982 1061 1031 ne
1088 963 1178 1030 viam
1206 959 1251 1031 illi
1279 959 1322 1032 ad
1348 961 1611 1034 Patriarchatum
1645 964 1888 1058 praecluderet.
1939 965 2032 1040 Plura

664 1077 821 1169 leguntur
846 1079 879 1147 in
905 1080 974 1147 vita
1003 1074 1127 1147 Chailis
1155 1075 1275 1149 XLVI.
1304 1079 1376 1171 qui,
1404 1100 1479 1148 cum
1505 1078 1723 1168 electionem,
1756 1080 1813 1150 vel
1840 1084 1948 1177 potius
1979 1087 2033 1154 in-

665 1198 848 1267 trusionem
873 1192 981 1264 lsaaci
1007 1191 1168 1286 Episcopi
1195 1192 1417 1265 Harranensis
1453 1197 1486 1264 in
1521 1195 1636 1266 sedern
1663 1194 1906 1269 Antiochenam
1939 1220 2034 1270 com-

665 1309 812 1407 probare
835 1310 1008 1403 juberetur
1035 1306 1077 1378 ab
1098 1307 1244 1380 Abdalla
1261 1305 1466 1397 Abbassida‚
1494 1312 1549 1404 qui
1567 1310 1799 1406 Metropolitas
1827 1313 1924 1401 duos,
1952 1311 2034 1407 quod

664 1428 805 1516 Isaaco‚
833 1430 886 1498 cui
912 1423 1067 1513 favebat,
1095 1427 1217 1495 acriter
1243 1446 1305 1519 pro
1332 1425 1453 1497 urenda
1481 1425 1655 1522 disciplina
1691 1434 1904 1516 resisterent,
1939 1430 2032 1500 occi-

665 1545 776 1634 derat,
802 1565 968 1637 nunquam
1001 1540 1116 1612 adduci
1149 1543 1271 1637 potuit,
1302 1551 1337 1614 ut
1373 1564 1448 1613 eam
1480 1552 1585 1614 ratam
1616 1542 1772 1619 haberet:
1807 1567 1965 1619 assereus
1998 1565 2034 1615 se

665 1661 839 1733 anathema
866 1658 1047 1731 secundum
1074 1656 1232 1730 Canones
1259 1661 1500 1751 pronunciasse
1535 1658 1698 1736 adversus
1733 1685 1793 1735 eos
1830 1665 1886 1758 qui
1916 1660 2033 1733 lavore

664 1779 848 1874 principum
875 1773 1132 1846 Ecclesiasticus
1166 1773 1344 1866 dignitates
1379 1773 1559 1865 ambirent,
1593 1788 1658 1848 tum
1693 1783 1748 1873 qui
1781 1802 1827 1850 ex
1859 1776 2033 1873 Episcopis

663 1893 876 1966 Patriarchae
903 1890 974 1962 fieri
1002 1899 1211 1963 conarentur.
1249 1889 1432 1963 Laudanda
1460 1895 1601 1963 sanein
1628 1903 1694 1964 tarn
1722 1906 1837 1967 sancta
1865 1883 2034 1987 disciplina

664 2009 897 2084 conservanda
932 2008 1139 2103 Coptitarum
1172 2007 1311 2099 religio,
1346 2030 1420 2079 cum
1452 2009 1486 2077 in
1521 2006 1673 2081 omnibus
1707 2007 1780 2081 aliis
1814 2012 1914 2083 sectis
1949 2006 2034 2079 nulla

662 2149 801 2224 prorsus
828 2130 914 2199 ratio
939 2123 1026 2196 illius
1052 2124 1165 2196 habita
1191 2122 1299 2195 fuerit.
1334 2122 1420 2194 Nam
1447 2134 1582 2218 praeter
1609 2146 1817 2196 communem
1844 2124 1931 2221 apud
1958 2123 2031 2195 Ne·

663 2247 831 2316 storianos
852 2241 1102 2314 translationem
1120 2239 1365 2335 Episcoporum
1389 2239 1433 2311 ad
1452 2239 1711 2312 Patriarchalem
1732 2241 1941 2334 dignitatem,
1959 2238 2034 2310 nihd

662 2364 695 2430 in
730 2358 860 2433 illorum
895 2357 1032 2437 historia
1064 2355 1289 2450 frequentius,
1322 2378 1421 2450 quam
1453 2354 1686 2429 translationes
1712 2357 1960 2454 Episcoporum
1994 2356 2033 2427 ad

663 2475 881 2572 Metropoles.
908 2475 957 2547 lta
984 2472 1106 2544 iactum
1132 2471 1218 2567 apud
1245 2471 1354 2567 Syros
1381 2472 1552 2546 Jacobitas
1581 2472 1721 2544 Graecis
1748 2477 1896 2562 vicinos„
1923 2473 2033 2569 quiin

663 2596 726 2663 istu
752 2595 933 2663 mutatione
960 2589 1085 2662 sedium
1113 2587 1246 2660 modum
1274 2611 1294 2659 a
1324 2587 1433 2660 multis
1470 2588 1613 2663 saeculis
1644 2588 1767 2661 nullum
1801 2598 1930 2676 tenent,
1964 2611 2033 2659 cum

664 2707 820 2782 Ecclesia
846 2708 1019 2792 Romana,
1047 2727 1153 2800 usque
1180 2704 1221 2774 ad
1246 2706 1446 2777 Formosum
1472 2728 1513 2777 ea
1542 2705 1802 2800 reprehensione
1829 2707 1985 2777 caruerit

378 2818 536 2874 nonnum
551 2821 651 2890 prtnti-
766 2824 884 2897 LXlll.
911 2822 1117 2897 Duodecima
1145 2820 1311 2910 conditio‚
1337 2844 1381 2892 ne
1407 2825 1480 2916 quis
1507 2820 1627 2894 lavore
1653 2824 1837 2919 principum
1863 2831 1921 2893 aut
1953 2843 2032 2893 sae·

342 2923 409 2975 ''¹¹⁰''
664 2941 841 3031 cularium‚
867 2937 1129 3013 Patriarchatum
1157 2935 1313 3026 ambiret,
1336 2941 1391 3032 qui
1418 2935 1559 3011 ambitus
1590 2960 1658 3010 non
1689 2941 1810 3011 minori
1842 2942 2033 3026 severitate,

666 3070 819 3155 quantum
838 3057 880 3128 ad
900 3057 1045 3152 reliquas
1064 3054 1242 3148 dignitates
1257 3053 1530 3142 Ecclesiasticas,
1558 3055 1731 3127 damnatus
1749 3064 1810 3127 est.
1836 3054 1908 3127 Vix
1927 3066 2032 3125 tamen
2163 3101 2165 3110 ·

664 3175 840 3271 quidquam
867 3184 920 3246 est
946 3177 979 3245 in
1006 3194 1072 3268 quo
1099 3171 1235 3243 liberius
1263 3181 1297 3243 et
1322 3169 1541 3265 impudentius
1560 3170 1752 3244 aJacobitis
1770 3181 1804 3242 et
1815 3170 1892 3255 aliis
1909 3169 2032 3242 Orien-

663 3291 782 3364 talibus
810 3289 962 3363 omnibus
988 3296 1163 3386 peccatum
1189 3286 1307 3376 fuerit,
1334 3298 1367 3358 et
1392 3299 1551 3382 peccetur
1577 3285 1731 3382 quotidie.
1765 3285 1950 3360 Ambitioni
1976 3288 2033 3358 vi·

662 3430 775 3480 rorum
809 3409 983 3503 impiorum
1016 3404 1209 3478 latissimam
1245 3406 1334 3474 viam
1370 3407 1498 3504 aperuit
1529 3402 1848 3476 Muhamedanorum
1881 3405 2034 3489 avaritia,

664 3547 749 3619 quae
775 3526 919 3595 innatum
947 3521 1112 3618 quoddam
1140 3520 1225 3616 apud
1253 3543 1370 3592 onmes
1397 3523 1513 3592 vitium
1537 3519 1615 3591 tuit:
1643 3518 1727 3591 adeo
1753 3530 1790 3591 ut
1815 3522 1949 3591 nonnisi
1976 3515 2033 3589 sub

664 3643 795 3735 optimis
821 3638 1043 3735 principibus,
1076 3637 1192 3733 quales
1226 3636 1314 3732 apud
1340 3658 1401 3710 eos
1436 3638 1627 3731 paucissimi
1661 3638 1856 3721 extiterunt,
1893 3634 2034 3729 aliquam

663 3754 840 3827 Christiani
872 3759 905 3827 in
947 3754 1109 3847 eligendis
1142 3751 1343 3825 Patriarchis
1385 3756 1453 3825 suis
1488 3750 1689 3824 libertatem
1715 3753 1939 3824 servaverint
1999 3749 2033 3819 ln

661 3872 844 3966 Aegypto,
871 3894 918 3944 ex
943 3871 1121 3968 privilegio
1150 3868 1238 3965 quod
1265 3892 1285 3939 a
1311 3871 1424 3966 primis
1444 3867 1557 3941 Calihs
1578 3867 1802 3953 obtinuerant,
1829 3864 1954 3949 licebat
1972 3864 2032 3937 illis

661 3986 842 4059 secundum
867 3987 964 4082 leges
991 3996 1025 4059 et
1050 3989 1196 4059 instituta
1223 4008 1284 4058 sua
1310 3988 1441 4057 vivere.
1467 3986 1514 4058 At
1540 3984 1627 4080 apud
1653 3982 1834 4070 barbaroS,
1862 3985 1918 4077 qui
1937 3980 2031 4053 arbi-

660 4101 832 4177 trabantur
858 4104 1054 4199 obsequium
1079 4125 1118 4176 se
1144 4112 1318 4199 praestare
1346 4103 1439 4190 Deo,
1467 4104 1496 4174 si
1523 4100 1730 4173 Christianos
1757 4099 1934 4171 durissima
1954 4120 2030 4170 ser-

659 4224 763 4295 vitute
791 4219 995 4315 affligerent,
1024 4232 1058 4293 et
1084 4222 1139 4315 qni
1165 4241 1232 4291 non
1259 4217 1358 4291 aliam
1383 4219 1494 4311 legem
1522 4239 1620 4312 quam
1652 4214 1740 4311 quod
1773 4217 1919 4310 Principi
1952 4213 2030 4309 pla-

658 4350 788 4429 cuerat,
815 4334 1058 4433 sequebantur,
1084 4356 1225 4428 magnas
1259 4356 1363 4430 saepe
1390 4332 1504 4406 turbas
1530 4336 1740 4428 priuatorum
1766 4328 1900 4401 ambitio
1929 4331 2030 4401 exci-

658 4457 755 4544 tavit,
781 4464 819 4527 ut
844 4456 878 4524 in
903 4453 1052 4525 Historia
1086 4462 1201 4525 nostra
1233 4451 1343 4523 multis
1379 4449 1543 4544 exemplis
1576 4448 1799 4520 confirmatur.
1851 4445 1895 4517 Et
1921 4456 2030 4517 tamen

660 4569 830 4665 plerisque
857 4569 997 4642 ambitus
1034 4591 1113 4641 suus
1145 4567 1272 4640 fraudis
1306 4564 1386 4638 tuit:
1421 4587 1496 4637 cum
1535 4568 1621 4636 inter
1655 4564 1863 4659 septuaginta
1891 4571 2031 4657 quatuor

661 4685 891 4774 Patriarchas,
929 4707 1068 4780 quorum
1100 4708 1120 4756 a
1146 4685 1187 4759 D.
1214 4683 1332 4755 Marco
1366 4681 1407 4753 ad
1436 4679 1597 4776 Cprillum
1632 4702 1688 4753 res
1715 4689 1831 4771 gestas
1857 4676 2029 4762 habemus,

661 4824 704 4874 ne
730 4825 815 4874 unus
842 4802 972 4897 quidem
1001 4810 1156 4875 occurrat
1190 4799 1344 4872 mandato
1372 4796 1584 4870 Sultanorum
1616 4797 1662 4866 ita
1689 4793 1875 4883 ordinatus,
1901 4803 2029 4890 utnon

661 4920 840 5009 maJorem,
867 4928 924 4990 aut
949 4916 1090 5013 ahquam
1124 4914 1242 4989 saltem
1277 4937 1344 4988 non
1377 4911 1652 4985 contemnendam
1685 4908 1915 5002 suffragiorum
1940 4928 2027 5002 par-

660 5043 729 5104 tem
755 5034 874 5106 tudertt
927 5033 1025 5125 Nam,
1051 5042 1087 5105 ut
1113 5035 1266 5129 superius
1292 5030 1508 5105 observatum
1534 5037 1598 5119 est
1626 5050 1700 5099 cum
1726 5020 1798 5102 non‘
1819 5022 1936 5095 haberi
1963 5045 2028 5094 co-
