4525 6034
654 526 731 601 sor
1032 526 1107 602 uu
1160 525 1637 645 rnrurnuonn

653 712 862 801 assumendi,
890 735 976 808 quae
1003 712 1111 784 adhuc
1136 723 1310 801 servatur,
1337 712 1512 787 Monachis
1540 718 1788 811 permitteretur
1819 740 1895 789 eum
1931 718 2032 793 desi-

652 852 776 922 gnare,
804 851 901 923 quem
929 828 1115 920 digniorem
1143 832 1382 903 existimarent.
1437 830 1569 925 Quippe
1602 853 1669 903 nou
1696 831 1803 905 solum
1830 854 2033 928 congrega-

650 949 732 1018 tioui
758 942 996 1017 Monachomm
1024 943 1281 1034 celeberrimae,
1309 957 1343 1017 et
1369 968 1455 1040 quae
1482 947 1569 1043 apud
1587 946 1764 1051 *Jac‘obitas
1791 971 1915 1041 magna
1942 972 2031 1021 san-

651 1065 772 1133 ctitatis
801 1072 833 1133 et
867 1061 1039 1165 doctrinae
1074 1064 1231 1156 opinione
1265 1060 1423 1149 florebat,
1454 1062 1487 1133 id
1521 1061 1697 1158 aliquando
1733 1063 1888 1136 tributum
1923 1063 2032 1138 luisse

649 1178 820 1265 videmus,
847 1177 908 1248 sed
935 1180 1033 1248 etiam
1060 1176 1235 1250 lilouaohis
1263 1200 1401 1271 quorum
1430 1177 1518 1249 lama
1545 1182 1657 1270 major
1683 1189 1794 1270 esset,
1822 1191 1879 1252 aut
1904 1185 1959 1275 qui
1984 1180 2031 1252 ud

562 1304 566 1311 '
648 1295 734 1367 banc
760 1293 953 1386 dignitatem
980 1296 1145 1364 communi
1173 1314 1341 1366 consensu
1367 1296 1524 1386 expetiti,
1553 1316 1628 1366 eam
1655 1305 1835 1389 acceptare
1854 1295 2030 1368 detrecta-

648 1412 741 1499 baut,
767 1431 963 1481 concessum
991 1408 1067 1497 luit,
1094 1420 1129 1480 ut
1157 1431 1253 1502 quem
1280 1407 1417 1498 vellent,
1445 1408 1670 1500 designarent.
1706 1410 1755 1482 lta
1782 1433 1829 1481 ex
1856 1414 1945 1483 senis
1971 1415 2031 1507 qui

649 1504 827 1603 sanctitate
858 1523 1165 1613 commendabatur,
1192 1536 1226 1596 et
1249 1546 1347 1619 quem
1373 1521 1464 1595 multi
1490 1527 1756 1616 nominaverant,
1784 1525 2030 1619 designatione,

650 1645 777 1716 electus
804 1651 857 1713 est
882 1640 1024 1712 Marnas
1050 1638 1243 1712 Patriarcha
1276 1638 1378 1712 LXII.
1411 1650 1445 1711 et
1480 1639 1618 1713 Gabriel
1648 1640 1733 1715 filius
1766 1641 1890 1714 'larich
1920 1641 2028 1716 LXX

648 1761 774 1831 monitu
808 1754 947 1851 Josephi
982 1755 1154 1848 cujusdam
1188 1756 1269 1850 Syri
1304 1754 1478 1829 Monachi:
1513 1779 1676 1830 necnon
1711 1758 1767 1830 alii
1806 1761 1841 1829 iu
1874 1759 2029 1832 eumdem

648 1875 791 1946 modum.
844 1871 970 1958 Aliter,
1006 1883 1161 1966 quautam
1195 1894 1242 1942 ex
1276 1870 1424 1945 Historia
1458 1871 1691 1945 Alexandrina
1727 1873 1890 1966 colligere
1924 1873 2029 1965 licuit,

647 1991 804 2064 blonachi
832 1988 896 2062 soli
923 1988 964 2060 ad
992 1987 1180 2079 eligendum
1206 1987 1432 2060 Patriarcham
1459 2010 1625 2084 nunquam
1642 1993 1698 2082 jus
1716 1988 1910 2062 babuemnt.
1943 1990 2028 2062 Post

645 2115 787 2179 mortem
804 2106 944 2177 loannis
963 2103 1018 2175 tilii
1035 2103 1215 2195 Abugaleb
1234 2101 1386 2175 LXXIV.
1408 2116 1494 2199 quae
1512 2105 1624 2177 irrcidit
1646 2107 1681 2176 in
1699 2127 1819 2176 annum
1837 2104 2025 2201 Martyrum

645 2218 939 2295 DCCCCXXXll.
973 2220 1003 2291 J.
1040 2216 1079 2292 C.
1115 2217 1302 2292 MCOXVl.
1341 2242 1415 2292 cum
1454 2223 1574 2293 mutuis
1609 2220 1779 2295 calumniis
1815 2221 2027 2316 dissidiisque

645 2349 712 2410 tam
738 2336 1053 2409 Ecclesiastioorum
1085 2358 1183 2429 quam
1213 2334 1409 2424 Laioorum,
1451 2335 1640 2432 ambituque
1673 2337 1815 2411 Davidis
1853 2338 2025 2430 cujusdam

647 2452 851 2541 sacerdotis,
885 2456 941 2547 qui
975 2437 1123 2522 taudem·
1143 2451 1402 2524 Patriarcbatum
1440 2452 1596 2539 obtiniut,
1631 2467 1792 2527 vacasset
1817 2454 1927 2541 ,sedes
1962 2477 2025 2549 per

646 2592 753 2643 anuos
780 2591 887 2664 prope
915 2570 1050 2659 viginti,
1078 2589 1201 2640 eversa
1228 2578 1280 2641 est
1306 2567 1479 2663 disciplina
1506 2578 1623 2659 velue,
1653 2591 1764 2663 neque
1786 2574 1859 2662 jam
1886 2570 1928 2642 ab
1955 2570 2025 2641 ali*

646 2695 727 2782 quot
753 2684 914 2770 saeculis,
942 2682 1008 2755 alia
1034 2682 1180 2775 eligendi
1205 2684 1421 2756 Patriarcbae
1447 2688 1533 2756 ratio
1567 2693 1619 2758 est
1652 2707 1750 2780 quam
1787 2685 1865 2758 alibi
1897 2690 2025 2783 passim

645 2805 679 2873 in
706 2813 775 2875 toto
803 2801 946 2897 Imperio
974 2800 1130 2887 Turcioo,
1157 2822 1290 2895 nempe,
1316 2809 1352 2871 ut
1378 2803 1407 2872 is
1434 2801 1603 2873 ordinetur
1630 2804 1685 2895 qui
1711 2800 1866 2897 Diploma
1887 2804 2025 2874 Princi-

644 2923 697 3016 pis
726 2917 864 3009 obtinet,
893 2917 982 3013 quod
1008 2919 1150 3012 pecunia
1176 2915 1356 2988 redimitur.
1382 2916 1507 2991 Verum
1530 2928 1566 2988 ut
1586 2916 1628 2989 ad
1648 2920 1832 3012 antiquiora
1860 2930 2025 3014 tempora,

645 3058 785 3130 quorum
806 3037 944 3131 proprie
967 3032 1137 3104 historiam
1159 3031 1335 3106 scribimus
1355 3044 1573 3121 revertamur,
1595 3054 1636 3104 ea
1651 3054 1791 3129 prorsus
1814 3035 2023 3109 consuetudo

645 3152 705 3223 luit
730 3161 765 3221 ut
791 3151 912 3224 electio
940 3149 1048 3222 libera
1083 3159 1296 3239 servaretur,
1329 3157 1364 3220 et
1395 3151 1428 3220 iu
1462 3172 1502 3221 ea
1536 3148 1632 3245 plebs
1665 3149 1857 3242 suffragium
1883 3149 1998 3223 ferret

356 3275 425 3327 tarci
451 3277 578 3346 quomam
605 3281 630 3332 tn
748 3267 904 3340 XXXlll.
938 3265 982 3337 Et
1015 3263 1147 3360 quidem
1182 3267 1376 3360 antiquitus,
1411 3287 1479 3338 non
1514 3265 1650 3337 alterius
1681 3276 1717 3337 ut
1753 3265 1901 3357 videtur,
1934 3268 2024 3340 ratio

322 3361 449 3417 ⁰¹⁰⁰“⁰¹¹⁰
480 3365 522 3430 5¹¹⁸
548 3365 629 3419 ΜΘ·
645 3383 754 3480 plebis
780 3382 898 3455 baberi
924 3380 1066 3469 solebat,
1094 3402 1193 3474 mam
1217 3379 1487 3454 Alexandrinae:
1514 3379 1614 3476 idque
1639 3372 1807 3453 communi
1834 3382 1911 3472 jure
1946 3384 2024 3477 pri-

321 3456 386 3501 m
643 3499 804 3591 vilegium
830 3496 1038 3570 lirndabatur.
1066 3495 1151 3568 Cum
1178 3498 1265 3568 enim
1290 3496 1468 3571 Ecclesiae
1479 3496 1731 3570 Alexandrinae
1757 3501 1913 3593 proprius
1931 3494 2023 3591 Epi—

644 3637 766 3711 scopus
794 3616 953 3701 essetis
981 3614 1036 3708 qui
1063 3634 1108 3683 ex
1136 3611 1289 3703 adjrmcta
1316 3611 1388 3685 sedi
1415 3634 1497 3685 suae
1522 3615 1778 3708 praerogativa,
1806 3613 2022 3711 amplissimis

642 3731 793 3826 Aegypti
820 3728 1025 3822 aliarumque
1056 3729 1303 3822 provinciarum
1338 3726 1561 3802 Dioeoesibus
1596 3727 1829 3822 praesidebat,
1864 3727 2022 3799 Patriar-

643 3845 729 3916 chali
754 3844 860 3934 titulo,
887 3842 1032 3917 debebat
1057 3841 1100 3914 ab
1127 3844 1211 3937 ipsis
1238 3843 1326 3935 eligi,
1355 3866 1494 3937 quorum
1520 3846 1676 3940 proprius
1692 3855 1726 3916 et
1739 3847 1889 3939 privatus
1902 3854 2023 3939 pastor

641 3960 768 4033 diturus
797 3972 878 4033 erat.
932 3961 1047 4054 ltaque
1081 3968 1160 4029 ante
1193 3956 1510 4032 Muhamedanorum
1542 3959 1763 4058 tyrannidem,
1788 3958 2023 4033 Alexandriae

642 4079 826 4149 convenire
852 4075 1007 4149 solebant
1032 4084 1099 4146 tum
1125 4073 1299 4169 Episcopi,
1325 4085 1392 4146 tum
1420 4074 1475 4147 alii
1502 4075 1545 4147 ud
1572 4097 1657 4170 quos
1685 4076 1816 4161 electio,
1843 4074 1901 4147 vel
1926 4097 2021 4147 con·-

642 4195 786 4265 secratio
814 4196 896 4284 noui
921 4193 1089 4265 Antistitis
1116 4189 1300 4285 spectabat.
1326 4191 1383 4264 Ex
1410 4215 1475 4286 quo
1503 4190 1625 4281 lllisra,
1660 4195 1735 4264 sive
1762 4189 1883 4264 Cabiro
1918 4200 2022 4284 caput

640 4309 762 4401 Regni,
790 4311 1042 4403 principumque
1059 4304 1168 4379 'sedes
1195 4304 1273 4393 faut,
1301 4328 1377 4379 cum
1402 4306 1582 4380 Latcorum
1608 4310 1774 4402 primarii,
1810 4326 1894 4401 quos
1926 4327 2020 4378 voce

641 4425 774 4498 Graeca
791 4422 992 4522 ’Ἄρχοντες
1016 4432 1154 4509 vocant,
1171 4419 1323 4516 Coptica
1349 4428 1533 4522 Νιαρχων,
1560 4427 1594 4494 in
1621 4446 1662 4495 ea
1687 4421 1771 4496 mbe
1807 4420 1920 4494 sedem
1947 4420 2019 4492 ba-

639 4538 770 4631 berent,
797 4540 966 4635 (plerique
993 4542 1081 4611 enim
1109 4549 1206 4610 erunt
1230 4542 1265 4609 in
1278 4542 1460 4634 principum
1477 4538 1690 4631 ministeriu)
1716 4559 1898 4632 eommque
1924 4559 2018 4609 con-

632 4646 761 4729 sensus
787 4658 997 4729 necessarius
1023 4652 1131 4743 foret,
1166 4676 1211 4726 ne
1236 4654 1380 4751 diversis
1413 4658 1554 4750 partium
1588 4655 1704 4728 studiis
1737 4652 1933 4743 schismata,
1969 4675 2017 4724 ex

641 4769 761 4866 duplici
788 4772 951 4844 electione
978 4778 1206 4858 nascerentur,
1233 4772 1412 4844 institutum
1437 4769 1543 4845 frrisse
1578 4769 1729 4862 vtdauu,
1761 4780 1799 4843 ut
1829 4779 2015 4843 conventus

639 4895 708 4958 tum
733 4886 989 4983 Episcopomm,
1015 4895 1083 4957 tum
1111 4885 1289 4958 Laicorum
1315 4885 1442 4959 Misrae
1469 4877 1660 4978 baberetur,
1688 4889 1743 4981 qui
1760 4885 1837 4958 otim
1852 4885 2015 4959 Alexan-

640 5001 733 5073 driae
760 5001 869 5075 fiebat.
895 4999 1091 5077 Accedebat
1117 5003 1204 5073 euim
1230 5001 1296 5074 alia
1321 5024 1391 5075 uon
1425 5006 1562 5076 mittaris
1599 5004 1757 5075 momenti
1790 5004 1899 5093 ratio,
1924 4998 2015 5095 quod
