4525 6034
672 568 1294 648 sbhdtlssnsltli.
1632 569 1683 640 17

405 760 575 832 Memento
601 758 743 830 Domine
769 758 907 830 seminis
932 754 1131 848 herbarum,
1159 766 1194 828 et
1219 756 1342 828 viroris
1375 757 1450 848 agri
1483 754 1548 827 hoc
1579 778 1686 846 anno,
1785 774 1790 859 j

294 874 357 947 fac
380 886 417 948 nt
442 884 617 965 crescant,
645 884 800 969 prantmn
826 873 899 945 heri
928 881 1056 968 potest,
1091 895 1154 968 per
1187 875 1329 965 gratiam
1365 882 1463 945 tuam
1516 871 1678 945 Laetibca
1782 868 1787 949 ι’

295 992 424 1064 faciem
450 1002 582 1080 terrae,
609 999 645 1061 ut
671 999 833 1086 appareat
858 987 1067 1062 foecunditas
1094 992 1187 1081 ejus,
1215 1000 1249 1062 et
1274 988 1400 1061 fructrrs
1426 990 1532 1084 ipsius
1563 989 1686 1061 multi·
1783 960 1787 1031 b

295 1107 483 1202 plicantur,
509 1127 676 1201 praepara
711 1107 744 1176 ei
777 1114 960 1178 sementem
993 1115 1028 1178 et
1060 1127 1224 1178 messem:
1263 1110 1367 1179 vitam
1401 1113 1551 1177 nostram
1583 1110 1683 1199 prout
1782 1104 1785 1117 ¹

297 1222 441 1319 expedit
466 1220 634 1314 gnhema:
661 1219 804 1293 benedic
829 1241 978 1292 coronae
1005 1224 1082 1292 anni
1106 1243 1167 1316 per
1192 1220 1431 1314 benignitatem
1453 1229 1561 1309 tuam,
1593 1237 1681 1316 pro·
1824 1222 1829 1231 '

296 1348 379 1433 pter
393 1358 524 1430 egenos
540 1337 653 1433 populi
680 1339 739 1426 tui,
766 1345 907 1433 propter
921 1335 1040 1409 viduas
1067 1347 1102 1408 et
1114 1336 1300 1432 orphanos,
1326 1347 1465 1433 propter
1481 1339 1682 1431 peregrinos

297 1464 338 1524 et
364 1456 598 1526 necessitatem
624 1458 807 1549 patientes,
834 1460 868 1523 et
893 1462 1032 1548 propter
1057 1474 1120 1525 nos
1148 1474 1266 1525 omnes
1293 1456 1348 1547 (poi
1373 1455 1406 1523 in
1433 1462 1467 1522 te
1486 1448 1682 1523 confidimns

298 1579 339 1641 et
364 1590 486 1640 nomen
510 1579 661 1642 sanctum
689 1579 777 1640 mum
811 1568 967 1639 ardenter
997 1571 1204 1664 quaerimus,
1239 1571 1315 1663 quia
1347 1567 1435 1639 oculi
1472 1569 1616 1639 omniurn
1648 1566 1682 1634 in
1820 1564 1826 1573 ’

298 1694 338 1755 te
365 1694 518 1779 sperant,
550 1683 640 1779 quod
665 1685 699 1754 in
733 1694 886 1779 tempore
913 1705 975 1757 suo
1008 1687 1055 1756 sis
1086 1686 1170 1779 ipsis
1203 1681 1328 1756 honum
1360 1683 1550 1776 largiturus.
1603 1681 1683 1770 Age

298 1799 478 1872 nobiscum
500 1802 597 1890 juxta
624 1798 807 1872 bonitatem
833 1803 945 1890 tuum,
970 1808 1006 1871 tu
1032 1803 1089 1894 qui
1116 1798 1176 1872 das
1204 1821 1318 1874 escam
1337 1802 1426 1872 omni
1448 1800 1559 1869 carni:
1585 1794 1686 1891 impie
1719 1882 1723 1891 r

301 1915 409 1987 corda
434 1925 551 1988 nostra
576 1914 703 1987 laetitia
731 1923 765 1986 et
791 1918 975 2008 suavitate,
1002 1926 1038 1987 ut
1062 1914 1160 1987 nobis
1188 1936 1322 2010 semper
1348 1918 1381 1985 in
1409 1912 1561 1987 omnibus
1583 1908 1688 1984 rebus
1742 1958 1745 1963 -

301 2040 483 2126 suppetant
508 2033 724 2119 necessaria,
750 2039 785 2102 et
811 2029 1016 2103 abundamus
1043 2033 1078 2102 iu
1105 2034 1195 2103 omni
1222 2052 1327 2126 opere
1353 2029 1463 2117 bono„

412 2146 601 2217 Diocoara.
655 2145 760 2219 Orata
786 2167 860 2241 pro.
1293 2213 1298 2219 .
1411 2226 1415 2234 ¹

409 2261 586 2333 Sacerdos
610 2262 668 2333 hic
682 2264 793 2347 tacuit
804 2282 910 2353 arpeo·
926 2282 1051 2355 paoem
1067 2268 1103 2332 et
1117 2265 1229 2332 υἰκιιηι
1244 2261 1398 2332 iconibus
1412 2263 1492 2347 auia,
1516 2261 1682 2354 dicetque.

409 2376 578 2449 Memento
604 2377 749 2449 Domine
776 2398 911 2466 eorum,
939 2379 994 2471 qui
1008 2375 1092 2449 haec
1111 2376 1199 2449 dona
1217 2378 1276 2450 tibi
1291 2375 1492 2468 obtuderunt,
1519 2386 1553 2447 et
1567 2398 1683 2448 eorum

301 2514 370 2588 pro
397 2491 517 2588 quibus
544 2514 585 2564 ea
606 2473 817 2578 ‘obtulenmt
845 2501 880 2564 et
907 2496 962 2588 qui
989 2490 1179 2566 obtulerunt
1203 2514 1267 2587 pro
1302 2514 1341 2566 sc
1376 2503 1411 2564 et
1442 2514 1504 2564 suo
1540 2494 1685 2581 nomine,

304 2607 349 2681 da
375 2611 417 2682 iis
445 2607 596 2682 omnibus
622 2607 812 2680 mercedem
839 2630 860 2680 e
886 2607 1007 2680 coelo.-

412 2724 580 2796 Otrmtbtt
604 2724 780 2796 Sacerdos
805 2728 919 2797 accita
944 2724 1059 2795 altore
1085 2746 1159 2795 cren
1186 2722 1367 2811 thartbrtlo,
1394 2723 1499 2794 etad
1525 2727 1686 2818 inferiori
1724 2780 1732 2797 .

300 2848 409 2935 porte
435 2841 512 2913 thas
537 2840 702 2928 adolebit,
730 2840 927 2935 lavabitque
952 2862 1071 2911 maana
1101 2863 1200 2927 acca,
1235 2846 1270 2910 et
1296 2838 1459 2911 euraclo
1486 2839 1684 2932 bombycino

302 2956 464 3027 incolcet.

695 3200 776 3271 Tam
802 3200 893 3270 dicet
917 3199 1094 3273 Socer-doe
1120 3198 1308 3271 celebrans.

412 3418 510 3491 Nunc
545 3419 689 3490 Domine
724 3440 770 3489 ex
804 3427 988 3514 praecepto
1023 3417 1099 3490 Filii
1134 3420 1180 3488 tui
1212 3417 1372 3508 rmigeniti
1407 3419 1688 3488 communicamus

308 3538 490 3608 memoriae
516 3533 715 3606 Sanctorum
742 3545 891 3624 tuomm,
918 3536 973 3629 qui
999 3532 1058 3605 tihi
1083 3533 1280 3629 placuerunt
1294 3530 1336 3604 ab
1354 3533 1464 3620 initio,
1491 3541 1686 3626 patrumque

308 3661 501 3723 nostrorum
524 3649 735 3741 Sanctorum,
752 3646 1032 3740 Patriarebarnm,
1047 3646 1300 3744 Prophetarum,
1316 3647 1568 3743 Apostolorum,
1587 3646 1687 3718 Mar-

306 3776 439 3862 tyrum,
465 3766 749 3854 Praedicatomm,
776 3761 1083 3857 Evangelistamm,
1101 3768 1312 3859 omniumque
1327 3767 1499 3865 spirituum
1509 3766 1688 3854 justorum,

311 3886 367 3977 qui
392 3886 427 3953 in
453 3880 518 3952 fide
543 3885 645 3955 vitam
671 3882 834 3954 finierunt.
887 3880 1075 3975 Praecipue
1101 3901 1185 3951 vero
1221 3888 1254 3951 ot
1286 3881 1451 3967 maxime,
1485 3887 1622 3951 sanctae
1654 3888 1688 3949 et

310 4000 420 4091 gloria
446 3996 568 4093 plenae
595 4019 730 4092 semper
755 3997 905 4089 Virginis
933 3993 1110 4069 Genitricis
1137 3995 1220 4084 Dei,
1246 3995 1358 4066 Divae
1386 4003 1523 4067 sanctae
1540 3995 1687 4081 Mariae,
1788 4022 1791 4027 ⁴

312 4116 419 4189 sancti
454 4115 591 4187 Joannis
625 4114 796 4208 Baptistae
831 4113 1067 4184 Praecurson’s
1109 4119 1143 4182 et
1177 4109 1355 4205 Martyris,
1390 4113 1495 4182 sancti
1528 4109 1689 4205 Stephani

311 4233 407 4326 primi
433 4230 574 4300 Diaconi
602 4239 635 4300 et
654 4231 751 4325 primi
765 4228 942 4322 Martyris,
968 4227 1180 4320 ridentisque
1197 4227 1306 4297 Deum
1320 4224 1563 4316 Euangelistae
1580 4226 1688 4296 Marci

312 4350 419 4419 sancti
445 4346 602 4447 Apostoli
629 4355 662 4416 et
690 4344 869 4439 Martyria,
896 4342 1109 4415 Patriarebae
1144 4346 1250 4414 sancti
1286 4340 1426 4429 Severi,
1464 4350 1497 4411 et
1528 4340 1687 4411 Doctoris

311 4465 418 4536 nostri
444 4462 620 4549 Dioscori;
647 4463 752 4532 sancti
778 4459 915 4530 ioannis
951 4456 1201 4555 Chrysostomi,
1236 4460 1342 4528 sancti
1373 4455 1550 4528 Athanasii
1582 4456 1687 4550 Apo-

313 4577 440 4668 stolici,
469 4580 575 4649 sancti
602 4575 735 4670 Cyriili,
762 4577 869 4649 sancti
895 4572 1030 4663 Basilii,
1058 4576 1164 4646 sancti
1182 4572 1352 4664 Gregorii,
1378 4570 1555 4663 Patrisque
1581 4573 1689 4642 nostri

313 4696 420 4765 sancti
446 4690 590 4768 Abbatis
615 4692 752 4764 Antonii
778 4711 927 4763 summae
955 4691 1138 4761 sanctitatis
1164 4692 1246 4777 viri,
1275 4688 1421 4793 justique
1446 4685 1555 4756 Patris
1582 4684 1689 4775 Pauli,

314 4809 577 4901 sanctorumque
603 4809 700 4877 tritum
727 4805 971 4894 Macariorum,
998 4814 1033 4876 et
1059 4807 1166 4877 sancti
1191 4803 1300 4893 Patris
1326 4804 1432 4872 nostri
1449 4800 1588 4871 ioannis
1612 4801 1689 4873 He-

313 4928 466 5018 gumeni,
492 4923 601 4995 Patris
628 4926 733 4994 nostri
759 4920 894 4994 Bischoi
920 4920 1061 4993 hominis
1087 4918 1249 5015 perfecti,
1275 4917 1475 5010 Patrumquc
1492 4917 1690 4989 Sanctorum

313 5044 562 5130 Romaeorum,
600 5038 739 5110 blaximi
772 5049 807 5111 et
843 5035 1036 5126 Diomedis,
1081 5034 1300 5129 quadraginta
1335 5054 1458 5104 novem
1491 5034 1690 5130 Martyrum,

1399 5148 1482 5220 18*
