4525 6034
683 572 761 647 244
852 645 859 653 .
1188 567 1549 645 tttuuctn

683 762 815 851 agmina
842 755 1131 849 Archangelorum
1158 767 1192 827 te
1220 754 1367 827 adorant.
1422 754 1538 828 Gloria
1571 757 1614 829 sit
1639 751 1714 841 tibi,
1750 756 1804 848 qui
1839 755 2054 847 magnificasti

682 896 790 968 genus
818 883 967 945 nostrum
994 873 1169 960 infirmum,
1204 880 1238 941 et
1264 870 1442 963 adjunxisti
1467 870 1621 956 coetibus
1654 869 1878 966 spiritualibus
1912 871 2054 944 laudan·

684 993 763 1063 tium
797 1000 841 1061 te.
894 989 946 1059 'l'a
979 991 1122 1061 Domine
1154 1009 1216 1082 per
1248 988 1481 1058 miserationes
1511 997 1586 1059 tuas
1613 986 1755 1076 multas,
1789 989 1908 1059 misisti
1940 987 2055 1058 Filium

684 1105 955 1179 tuumdilectum
983 1106 1025 1176 ad
1053 1105 1194 1175 salutem
1220 1110 1387 1189 nostram,
1414 1112 1574 1197 ortusque
1602 1112 1655 1174 est
1689 1124 1736 1174 ex
1761 1103 1902 1196 Virgine
1930 1115 2054 1190 sanda,

685 1233 841 1316 tanquam
868 1225 958 1293 nictu
985 1219 1073 1293 oculi
1099 1220 1284 1314 purissimi,
1320 1221 1534 1314 suscepitque
1569 1216 1813 1290 similitudinem
1843 1222 1957 1306 servi,
1985 1241 2055 1291 cum

686 1347 778 1410 esset
804 1345 891 1409 vere¹
914 1335 998 1407 filius
1026 1338 1209 1426 urrajcstatis
1236 1343 1322 1406 tuae.
1363 1332 1487 1426 Factus
1514 1344 1568 1406 εει
1593 1333 1704 1422 bomo,
1731 1336 1914 1430 sicutipse
1941 1334 2054 1420 voluit,

685 1464 721 1524 ut
745 1475 809 1525 nos
836 1453 930 1525 Deos
958 1452 1095 1537 laceret,
1131 1449 1407 1544 quemadmodum
1433 1448 1478 1521 illi
1504 1449 1660 1545 placitum
1688 1461 1749 1522 est
1801 1450 1907 1523 Natus
1935 1461 1989 1522 est
2012 1474 2055 1523 eu
2096 1459 2103 1463 ’

686 1580 781 1640 utero
816 1589 959 1655 carneo,
996 1578 1031 1638 ut
1065 1576 1286 1657 regeneraret
1320 1586 1382 1636 nos
1417 1588 1463 1636 ex
1495 1575 1592 1637 utero
1625 1565 1795 1659 spirituali.
1850 1567 1972 1638 Factus
2007 1578 2055 1639 cst

686 1683 784 1757 nobis
811 1681 916 1754 frater
941 1705 1003 1777 per
1030 1685 1172 1773 gratiam
1200 1703 1306 1770 suam,
1333 1690 1369 1751 ut
1394 1679 1522 1752 laceret
1547 1703 1611 1752 nos
1637 1679 1724 1770 lilios
1750 1680 1822 1770 tibi,
1847 1692 1945 1776 pater
1971 1702 2054 1752 coe·

686 1797 789 1868 lestis.
843 1797 970 1869 Extulit
1002 1820 1066 1870 nos
1099 1796 1141 1868 ab
1177 1794 1289 1868 humili
1322 1818 1498 1869 servorum
1529 1795 1737 1885 conditione,
1773 1797 1928 1891 deditque
1963 1795 2054 1867 nobis

686 1912 849 1985 honorem
864 1912 1053 1984 haeredum.
1081 1911 1229 1987 Abstulit
1255 1909 1388 1983 anobis
1409 1916 1603 1984 servitutem
1634 1916 1937 2001 mercenariorum,
1971 1934 2054 1984 cou-

687 2032 855 2123 stituitque
876 2051 938 2102 nos
966 2033 1000 2100 in
1026 2028 1132 2121 gradu
1147 2027 1299 2114 liliorum,
1327 2037 1361 2098 et
1387 2027 1477 2099 dedit
1502 2026 1599 2101 nobis
1626 2032 1747 2123 pignus
1765 2028 1967 2124 adoptionis,
1995 2051 2053 2122 quo

686 2152 721 2215 ιε
749 2144 849 2215 Pater
873 2166 1074 2216 vocaremus
1101 2154 1231 2240 patrem
1257 2151 1407 2214 nostrum
1433 2143 1646 2215 confidenter.

790 2260 940 2330 Electum
973 2282 1098 2333 ccccm.
1152 2259 1227 2330 Non
1255 2258 1363 2332 boves
1397 2241 1569 2351 saginatos
1596 2258 1783 2346 offerimus,
1808 2282 1919 2353 neque
1945 2282 2053 2351 ugno-

687 2397 771 2462 rum,
799 2374 1000 2463 haedorum,
1028 2385 1084 2447 aut
1109 2373 1288 2446 vitulorum
1316 2374 1357 2445 ed
1384 2398 1510 2448 cornua
1538 2375 1651 2448 altaris
1680 2378 1873 2466 sanguinem
1900 2380 2054 2470 aspergi-

687 2512 782 2579 mus,
825 2502 880 2562 aut
913 2513 1078 2578 coronas,
1114 2490 1245 2563 balteos
1286 2502 1342 2562 aut
1378 2490 1498 2586 prod
1531 2493 1788 2586 praecingimus.
1841 2491 1943 2562 Venit
1975 2494 2053 2562 euim

689 2629 812 2702 corpus
845 2628 907 2701 pro
941 2605 1161 2694 similitudine,
1189 2606 1317 2679 scilicet
1350 2610 1538 2698 unigenitus
1571 2607 1673 2679 Filius
1700 2617 1794 2693 tune,
1830 2610 1886 2701 qui
1917 2629 2054 2702 persona

689 2725 825 2817 propria
853 2724 1017 2816 praestitit
1043 2720 1288 2794 mundationem
1314 2733 1526 2817 peccatorum
1552 2734 1755 2810 nostrorum,
1782 2745 1845 2817 per
1866 2727 2055 2814 sauguinem

689 2859 784 2909 suum
811 2840 993 2932 pretiosum
1031 2840 1085 2930 qui
1113 2837 1237 2909 ediusus
1265 2848 1317 2908 est
1343 2861 1405 2933 pro
1432 2838 1539 2911 nobis.
1592 2839 1629 2910 ln
1663 2849 1762 2911 nocte
1793 2842 1821 2909 si
1849 2839 1980 2932 quidem
2005 2837 2053 2908 illa

688 2975 754 3046 qua
784 2951 919 3024 traditus
947 2949 1007 3022 fuit
1034 2947 1076 3022 ad
1103 2961 1257 3039 mortem,
1283 2975 1345 3047 pro
1373 2955 1443 3024 vita
1470 2964 1504 3024 et
1523 2952 1629 3026 salute
1647 2953 1770 3040 mundi,
1798 2958 2053 3048 accepitpauent

688 3070 721 3138 in
748 3090 864 3139 manus
891 3087 970 3139 suas
998 3077 1149 3154 sanctas,
1177 3071 1312 3163 aspexit
1338 3067 1379 3139 ad
1407 3077 1456 3154 te,
1483 3070 1576 3140 Deus
1602 3068 1720 3156 Pater,
1758 3078 1792 3139 et
1824 3073 1952 3161 gratias
1979 3073 2053 3160 egit,

688 3190 709 3266 †
736 3183 919 3272 benedixit,
945 3173 1225 3269 †‘sanctillcavit,
1252 3190 1273 3266 †
1300 3184 1470 3276 etfregit,
1498 3184 1653 3278 deditque
1680 3183 1849 3278 discipulis
1873 3188 1943 3257 suis
1958 3188 2053 3280 Apo-

592 3335 596 3344 «
689 3297 783 3370 stolis
818 3301 941 3371 sanctis
974 3299 1108 3369 dicens:
1141 3300 1315 3394 Accipite,
1350 3298 1438 3370 edite
1471 3323 1517 3371 ex
1552 3323 1612 3371 co:
1654 3299 1729 3370 Hoc
1768 3308 1821 3370 est
1856 3305 1943 3372 enim
1977 3322 2052 3372 vere

688 3437 812 3511 eorpus
840 3436 965 3501 meum,
993 3413 1081 3508 quod
1107 3436 1170 3508 pro
1197 3412 1312 3503 vobiS,
1348 3424 1382 3485 et
1407 3436 1469 3510 pro
1496 3414 1604 3487 multis
1631 3414 1794 3507 frangitur
1822 3426 1856 3487 et
1883 3415 1993 3504 datur,
2023 3421 2052 3487 in

689 3532 920 3601 remissionem
948 3539 1175 3624 peccatorum,
1204 3540 1240 3600 et
1265 3533 1367 3601 vitam
1395 3539 1575 3602 aeternam.

796 3643 982 3716 Sacerdos.
1035 3644 1194 3716 Similiter
1221 3656 1255 3716 et
1281 3645 1420 3717 calicem
1435 3657 1610 3741 postquam
1629 3657 1869 3734 coenaverunt,
1897 3651 2052 3743 accipiens

687 3763 770 3831 vino
798 3768 832 3830 ει
858 3782 945 3854 aqua
971 3760 1146 3833 moderate
1173 3770 1206 3832 et
1233 3761 1383 3836 ordinate
1408 3764 1549 3853 miscuit,
1576 3767 1704 3855 gratias
1723 3769 1804 3856 egit,
1830 3761 2051 3851 lbenedinit,

688 3881 709 3957 †
737 3875 972 3963 sanctificavit,
1006 3876 1105 3964 †-et
1131 3876 1221 3949 dedit
1247 3876 1364 3950 iisdem
1391 3876 1559 3973 discipulis
1592 3884 1681 3964 sule,
1716 3880 1893 3975 Apostolis
1926 3880 2050 3962 sanctis,

689 3990 821 4062 dicens:
856 3991 1022 4086 Accipite,
1057 3989 1160 4064 bibite
1196 4015 1241 4063 ex
1269 4014 1311 4063 eo
1337 4014 1402 4065 vos
1435 4016 1561 4067 omues.
1615 3996 1678 4066 Hic
1709 3999 1797 4066 enim
1838 4007 1891 4068 est
1925 3997 2050 4087 sanguis

689 4128 783 4177 meus
811 4128 907 4194 vere,
934 4109 1007 4201 ipse
1034 4112 1089 4200 qui
1115 4129 1179 4201 pro
1206 4107 1306 4180 vobis
1334 4119 1368 4179 et
1392 4130 1456 4203 pro
1483 4111 1590 4181 rnultis
1618 4110 1813 4200 effunditru,
1848 4121 1884 4181 et
1909 4110 2050 4182 daturin

689 4223 921 4292 remissionem
948 4232 1165 4316 peccatorum
1192 4233 1226 4295 et
1252 4226 1355 4295 vitam
1383 4233 1569 4298 aeternam:
1596 4225 1661 4298 boc
1679 4227 1779 4299 lacite
1797 4231 1829 4298 in
1845 4231 1911 4298 mei
1926 4247 2049 4297 memo-

688 4340 782 4407 riam.
822 4337 1105 4430 Quotiescumque
1132 4340 1218 4409 enirn
1245 4337 1484 4411 manducabitis
1512 4364 1632 4436 panem
1659 4342 1746 4414 bunc
1772 4353 1806 4414 ot
1822 4343 1956 4415 calicem
1971 4340 2048 4411 bunc

688 4450 822 4538 bibetis,
848 4461 989 4523 mortem
1016 4475 1124 4523 meam
1152 4451 1404 4540 annunciabitis,
1431 4453 1539 4527 donec
1565 4460 1708 4530 veniam.

793 4567 954 4658 Populus.
1007 4567 1125 4641 Mortis
1153 4579 1231 4641 tuae
1257 4571 1412 4641 Domine.

793 4680 977 4753 Sacerdos.
1020 4682 1102 4766 Quis
1128 4688 1237 4780 possit
1263 4707 1422 4757 enarrare
1457 4682 1733 4776 magnificentiam
1764 4693 1854 4756 tuam
1889 4684 2046 4758 excelsum

690 4805 724 4868 et
750 4805 933 4886 aeternam,
961 4819 982 4869 o
1009 4797 1159 4870 Verbum
1185 4801 1264 4872 Dei:
1292 4811 1327 4872 et
1353 4801 1612 4872 exinanitionem
1639 4810 1729 4871 tuum
1755 4799 1968 4873 voluntariam
1987 4821 2046 4893 pro

688 4912 806 5000 nobis,
839 4916 913 5007 quis
940 4914 1227 5008 comprehendat?
1262 4918 1344 5002 Quis
1379 4917 1514 4988 noverit
1540 4938 1699 4986 enarrare
1734 4920 1937 4990 nativitatem
1966 4926 2047 4985 tuanr

687 5026 873 5099 mirabilem
900 5052 946 5101 ex
971 5029 1130 5123 Virgine,
1167 5030 1307 5126 illasque
1339 5034 1516 5127 passiones
1550 5031 1777 5123 voluntarias,
1814 5035 1983 5105 immeritos
2014 5035 2048 5099 et
