4525 6034
655 597 731 671 374
1044 601 1118 677 llll
1170 602 1645 682 Pntttnttcfln

650 785 707 858 Ex
731 791 839 882 primo
865 789 929 860 isto
956 810 1096 860 numero
1123 786 1333 880 eligebantur
1364 794 1619 886 quinquaginta:
1653 803 1688 866 et
1720 816 1766 865 ex
1801 796 1873 868 istis
1909 798 2029 888 viginti

651 906 811 997 qumque,
838 925 921 977 mox
948 904 1083 976 decem:
1116 916 1150 976 et
1184 907 1218 976 in
1244 905 1300 978 illo
1334 909 1492 980 scmtiuio
1525 908 1613 1003 qood
1646 908 1794 984 rrltiinom
1828 923 1922 1000 erat,
1959 922 2028 983 tres

651 1021 706 1114 qui
732 1018 828 1114 plura
854 1030 976 1114 puncta
1003 1020 1163 1108 tulerant,
1190 1020 1470 1112 reservabantur,
1498 1035 1532 1095 et
1557 1028 1622 1096 nisi
1648 1025 1758 1120 aliqua
1784 1026 1892 1098 subita
1909 1026 2028 1100 accla-

649 1138 796 1208 mationc
823 1138 918 1230 quasi
943 1158 1006 1231 per
1031 1140 1302 1232 inspirationem,
1329 1161 1413 1210 rmum
1440 1161 1487 1209 ex
1513 1137 1619 1211 tribus
1644 1141 1921 1235 proclamaretur,
1948 1142 2028 1215 ele-

650 1254 784 1346 ctioque
811 1253 956 1323 omnium
982 1254 1070 1325 votis
1098 1257 1209 1327 statim
1236 1253 1529 1348 comprobaretur,
1558 1260 1641 1327 sorti
1666 1279 1723 1330 res
1751 1257 2026 1331 committebatur.

649 1365 843 1439 Vocabatur
878 1379 987 1439 autem
1020 1391 1096 1441 sors
1131 1369 1188 1441 illa
1223 1370 1384 1440 Heiheiic
1419 1370 1461 1442 ab
1496 1370 1639 1463 Heihel,
1676 1395 1762 1468 quae
1794 1379 2029 1445 sanctuarium

650 1497 750 1581 atque
776 1484 889 1555 ultore
916 1486 1022 1579 ipsum
1050 1484 1234 1577 significat,
1269 1489 1345 1581 quia
1377 1491 1410 1557 in
1446 1487 1542 1559 altari
1577 1487 1694 1578 fiebat,
1730 1496 1766 1559 ut
1797 1488 1911 1560 divino
1946 1499 2028 1561 nutu

647 1603 721 1674 fieri
747 1602 937 1690 videretur,
963 1601 1122 1697 Deosque
1146 1601 1300 1694 judicare
1326 1605 1507 1692 sineretur,
1536 1606 1609 1698 quis
1643 1607 1740 1675 trium
1775 1603 2028 1676 candidatorum

649 1719 781 1810 dignior
807 1715 912 1805 forat,
941 1722 1026 1790 sicut
1052 1721 1201 1814 primitus
1227 1718 1384 1813 Apostoli
1409 1718 1578 1806 fecerant,
1607 1718 1682 1791 dum
1709 1722 1743 1792 in
1774 1716 1885 1789 locmn
1917 1718 2027 1791 Judae

577 1851 580 1860 ”
648 1834 845 1930 proditoris,
873 1834 999 1906 electus
1027 1844 1079 1908 est
1111 1834 1153 1905 ad
1184 1833 1417 1931 Apostolatum
1452 1833 1605 1908 Mathias.
1659 1835 1773 1908 Trium
1805 1837 1907 1926 igitur
1942 1832 2027 1904 illo-

647 1972 739 2041 rnm,
765 1953 799 2021 in
827 1952 945 2046 quibus
971 1950 1161 2046 pendebant
1186 1949 1353 2023 hominum
1376 1950 1513 2045 judicia,
1541 1950 1627 2022 adeo
1643 1962 1679 2023 ut
1705 1953 1777 2046 quis
1805 1952 1914 2042 magis
1942 1948 2025 2022 ido-

646 2090 730 2141 neus
757 2066 863 2158 foret,
891 2068 1112 2139 determinare
1139 2089 1206 2139 non
1232 2077 1393 2162 possent,
1418 2070 1552 2139 numina
1569 2066 1703 2139 totidem
1723 2066 1879 2140 chartulis
1897 2069 2027 2139 inscri-

646 2181 827 2258 bebantur:
855 2182 1072 2273 adjiciebatur
1100 2193 1216 2277 quarta
1242 2186 1410 2275 inscripta
1436 2187 1570 2254 nominee
1595 2184 1679 2255 desc
1706 2182 1834 2254 Christi
1863 2182 2029 2254 Pectoris

646 2299 747 2370 boat:
773 2309 807 2370 et
832 2309 952 2394 postea
979 2320 1096 2371 omnes
1122 2302 1157 2369 in
1176 2320 1293 2370 urnam
1312 2298 1586 2391 conjiciebantur,
1614 2322 1700 2394 quae
1718 2300 1780 2374 suh
1798 2298 1894 2372 altari
1910 2296 2026 2370 collo-

647 2415 795 2488 cabatur.
849 2417 933 2486 Tum
950 2419 993 2485 in
1020 2437 1062 2487 eo
1089 2417 1165 2511 ipso
1193 2415 1288 2486 altari
1316 2413 1550 2488 celebrabatur
1567 2415 1730 2508 Litnrgia,
1757 2415 1934 2509 aliquando
1949 2437 2027 2488 -se-
2133 2469 2137 2472 -

646 2531 730 2620 mel,
759 2530 935 2626 aliquando
963 2554 1025 2626 pcr
1051 2532 1212 2619 triduum,
1241 2531 1582 2627 continuabanturque
1614 2532 1668 2604 dic
1703 2541 1737 2604 et
1767 2541 1869 2604 nocte
1903 2553 2027 2627 preces

646 2653 679 2720 in
707 2649 825 2721 eadem
851 2646 1027 2737 Ecclesia,
1055 2648 1097 2719 ad
1123 2648 1362 2743 implorandam
1391 2648 1537 2728 divinam
1564 2671 1672 2744 opem.
1725 2648 1877 2721 Peractis
1904 2652 2026 2744 preci-

645 2765 708 2838 bus
736 2775 770 2835 et
796 2763 988 2852 sacrificiis,
1017 2764 1248 2838 adducebatur
1270 2764 1398 2852 inians,
1426 2787 1468 2837 ea
1496 2774 1606 2837 aetate
1633 2787 1720 2859 quae
1753 2769 1861 2837 omnis
1892 2767 2026 2860 peccati

646 2883 836 2976 suspicione
863 2891 975 2977 caret,
1000 2903 1045 2952 ne
1069 2879 1164 2953 fraus
1198 2882 1308 2977 aliqua
1344 2881 1517 2971 subesset,
1545 2879 1790 2975 jubebaturque
1823 2903 1957 2952 manum
1993 2884 2027 2952 in

644 3019 762 3069 urnam
789 3000 984 3086 immittere,
1011 3019 1175 3092 unamque
1201 3020 1249 3069 ex
1275 2996 1441 3069 schedulis
1469 3007 1610 3091 quatmr
1644 2996 1798 3068 educere.
1851 2996 1890 3066 Si
1926 2998 2026 3067 trium

646 3113 785 3204 alicujus
813 3113 1063 3206 designatorum
1090 3117 1224 3185 nomine
1251 3115 1408 3208 inscripta
1436 3112 1594 3184 schedula
1621 3113 1830 3198 educeretur,
1857 3113 1971 3182 statim
1997 3113 2025 3182 is

643 3229 837 3301 Patriarcha
854 3229 1069 3319 salutabatur,
1084 3252 1146 3324 per
1160 3234 1319 3325 repetitas
1338 3229 1596 3303 acclamationes
1610 3227 1867 3326 Episcopomm,
1890 3226 2025 3298 Sacer-

645 3346 774 3436 dotum,
816 3341 1020 3441 reliquorum
1065 3344 1273 3419 Clericorum
1321 3356 1356 3417 et
1398 3345 1599 3433 Lemonum,
1641 3366 1750 3440 neque
1790 3341 2025 3414 contradicere

646 3465 818 3557 quisquam
846 3461 999 3535 audebat.
1053 3461 1152 3549 Quod
1184 3466 1214 3536 si
1246 3460 1402 3536 schedula
1436 3461 1586 3558 prodiret
1617 3483 1741 3534 nomen
1775 3456 1902 3530 habens
1939 3458 2026 3533 Jesu

647 3577 788 3668 Christi,
820 3581 866 3651 ita
893 3578 980 3675 apud
1016 3600 1055 3650 se
1090 3576 1295 3669 statuebant,
1329 3582 1493 3650 neminem
1527 3580 1624 3650 trium
1660 3576 1912 3651 candidatorum
1945 3575 2024 3648 Deo

602 3719 608 3732 ·
646 3703 820 3788 acceptum
847 3717 946 3785 esse,
973 3703 1073 3789 atque
1099 3697 1145 3767 ita
1170 3717 1285 3767 rursus
1313 3695 1355 3766 ad
1383 3695 1580 3767 electionem
1608 3698 1704 3766 trium
1733 3692 1871 3764 aliomm
1890 3713 1939 3762 ex
1958 3715 2023 3765 se-

645 3819 734 3903 ptem
760 3810 903 3884 residuis
930 3823 1008 3906 post
1022 3813 1136 3884 ultima
1148 3813 1317 3907 suffragia,
1344 3805 1605 3908 procedebatur:
1632 3831 1749 3883 eorum
1765 3810 1899 3881 nomina
1913 3807 2023 3880 sche-

646 3926 696 3997 dis
731 3924 995 4000 inscribebantur
1027 3950 1147 4024 preces
1185 3940 1219 4000 et
1254 3928 1401 4000 secunda
1434 3931 1562 4002 sortitio
1598 3927 1718 4015 fiebat,
1754 3924 1863 3995 donec
1896 3945 2024 3997 nomen

591 4091 602 4109 c
645 4041 783 4133 alicujus
801 4043 1007 4117 educeretur.
1061 4045 1156 4117 llaec
1182 4045 1242 4118 fuit
1264 4048 1364 4118 sortis
1380 4044 1641 4118 Ecclesiasticae
1668 4042 1710 4115 ad
1738 4039 1927 4132 ehgendom
1946 4038 2021 4112 Pa-

355 4394 425 4449 hlibi
452 4415 554 4468 quoque
584 4416 631 4454 ea-

322 4480 379 4534 dem
397 4499 452 4537 sors
470 4494 598 4554 usurpata.

644 4158 822 4231 triarcham
840 4165 949 4248 ratio,
978 4162 1158 4234 secundum
1187 4185 1284 4257 quam
1311 4160 1410 4232 electi
1435 4159 1567 4232 luerunt
1599 4159 1687 4255 apud
1719 4153 1891 4230 Jacobitas
1927 4155 2022 4229 Ale-

643 4275 849 4365 xandrinos,
875 4275 1089 4349 Patriarchae
1114 4279 1264 4351 loannes
1290 4276 1440 4349 XLVIII.
1469 4287 1502 4349 et
1527 4276 1672 4348 Michael
1697 4273 1818 4347 LXXI.

746 4392 785 4465 b.
827 4390 1018 4466 Adhibitam
1045 4415 1179 4489 quoque
1203 4393 1293 4466 illam
1318 4392 1424 4465 hrisse
1452 4393 1494 4465 ad
1521 4391 1722 4464 electionem
1753 4390 1915 4486 Episcopi
1948 4388 2026 4462 bli-'

644 4528 740 4596 srae,
767 4508 908 4601 legimus
936 4514 969 4581 in
999 4511 1069 4583 vita
1101 4510 1242 4582 Macarii
1274 4512 1363 4582 Patr.
1391 4508 1510 4582 LXIX.
1571 4507 1690 4604 Neque
1724 4506 1902 4599 singularis
1935 4505 2022 4578 haec

641 4624 703 4695 fuit
727 4623 980 4697 Alexandrinae
1005 4624 1182 4698 Ecclesiae
1209 4625 1437 4713 consuetud03
1464 4648 1541 4697 nam
1568 4624 1687 4696 eadem
1714 4623 1801 4720 apud
1833 4622 2020 4697 Nestoriu-

640 4763 703 4814 nos
730 4741 953 4836 usurpabatur
979 4741 1021 4814 ad
1048 4741 1245 4814 electionem
1273 4739 1436 4816 Catholici
1461 4743 1511 4814 sui
1539 4740 1781 4834 Bagdadensis,
1808 4743 1864 4836 qui
1890 4764 2019 4837 supre-

641 4880 715 4929 mus
749 4857 941 4930 Patriarcha
974 4859 1059 4932 illius
1086 4868 1202 4930 sectae
1230 4869 1291 4930 est.
1343 4857 1444 4930 Nova
1483 4879 1565 4930 sane
1603 4855 1686 4929 hacc
1720 4859 1807 4928 ratio
1840 4855 2018 4930 electionis

641 4974 815 5069 tranquille
842 4975 1075 5071 peragendae,
1103 4973 1474 5070 componendammque
1500 4975 1803 5046 controversiarum
1836 4971 2017 5045 hluhame-

641 5091 736 5166 danis
763 5094 845 5188 ipsis
871 5102 952 5165 nota
979 5103 1013 5164 et
1037 5092 1181 5188 probata
1206 5089 1277 5164 init.
1329 5089 1416 5162 Nam
1442 5092 1476 5161 in
1501 5093 1572 5162 vita
1599 5089 1718 5190 Cprilli
1750 5089 1891 5181 legitur,
1928 5089 2016 5185 quod
