4525 6034
632 591 674 668 IN
698 591 904 669 LITURGIAM
931 590 1111 669 amoeno
1138 594 1168 670 S.
1194 592 1340 670 BASILH.
1597 591 1671 665 315

709 870 847 961 Κτήσαι
874 863 975 960 ἡμᾶς.
1028 865 1175 938 Posside
1202 888 1273 938 nos.
1717 865 1748 919 P·
1766 866 1810 921 ⁵9·
1828 866 1845 919 t
1865 868 1907 921 13.

402 1070 475 1149 Hoc
496 1084 623 1148 verbum
645 1100 682 1150 ea
711 1086 930 1169 significatione
960 1086 1168 1169 accipiendum
1195 1095 1244 1150 est
1275 1105 1335 1167 qua
1363 1087 1497 1150 occurrit
1527 1105 1620 1168 saepe
1643 1088 1674 1150 in

298 1187 629 1266 veteri-Testamenta,
651 1190 837 1271 adquirendi,
860 1192 1015 1273 proprium
1038 1190 1185 1270 faciendi,
1207 1190 1414 1275 singidarique
1442 1207 1515 1252 cura
1546 1210 1676 1254 conser-

296 1287 405 1351 vandi.
448 1287 492 1348 lta
513 1287 613 1352 Exodi
635 1306 701 1372 cap.
727 1288 776 1352 15.
798 1310 826 1352 v.
855 1288 906 1353 16.
930 1292 1033 1353 Dorice
1056 1299 1192 1353 transeat
1218 1291 1346 1371 populna
1373 1291 1431 1365 iate
1458 1310 1544 1370 wera
1562 1310 1675 1370 poese—
1721 1315 1802 1369 ileon
1822 1317 1865 1369 15.
1884 1315 1927 1369 16.

297 1385 380 1447 disti
399 1373 478 1460 λαός
498 1374 537 1451 iv
558 1376 693 1472 ἐκτήσω.
731 1387 765 1451 ln
787 1388 914 1452 Cantica
935 1389 1066 1471 Moysis:
1090 1388 1196 1452 Nonae
1217 1392 1282 1469 ipse
1303 1396 1350 1450 ert
1370 1391 1422 1470 qui
1438 1390 1578 1467 possedit
1597 1398 1626 1453 te
1648 1399 1678 1453 et

297 1487 422 1547 creavit
446 1494 493 1547 te.-
526 1486 577 1550 ubi
606 1488 732 1551 verbum
761 1476 922 1572 ἐκτήσατο
948 1489 1115 1570 respondet
1149 1488 1293 1552 hebraico
1312 1495 1386 1583 ῡψ,
1415 1487 1496 1569 quod
1523 1488 1675 1553 Arabibus

298 1582 413 1646 eadem
433 1585 653 1668 signficarione
679 1596 857 1669 usurpatur:
888 1595 919 1651 et
945 1590 976 1652 in
999 1588 1126 1671 Coptica
1153 1589 1303 1651 versione
1338 1588 1444 1650 eadem
1473 1606 1535 1650 vox
1565 1588 1677 1672 legitur

293 1701 385 1764 quae
406 1682 454 1746 bic
478 1688 610 1749 occurrit
632 1688 663 1749 in
683 1686 828 1771 biturgie.
871 1688 954 1752 illam
976 1696 1062 1752 recte
1085 1689 1302 1769 interpretatus
1324 1696 1372 1750 est
1393 1687 1504 1765 Arabs,
1528 1688 1578 1766 qui
1600 1708 1676 1750 ver-

297 1783 422 1845 sionem
444 1782 594 1864 adJunxit:
617 1788 714 1849 minus
736 1794 822 1850 recte
845 1788 970 1851 aliarum
993 1806 1033 1850 ex
1056 1787 1185 1869 Coptico
1208 1793 1347 1850 autores:
1370 1787 1500 1867 pessime
1516 1787 1676 1867 Maronita,

298 1881 358 1962 qui
386 1882 425 1943 ita
453 1887 561 1962 vertit,
592 1888 805 1966 conquiescere
835 1887 891 1967 soc
911 1906 968 1950 nor
989 1889 1022 1949 iu
1044 1895 1073 1950 te
1093 1886 1193 1962 Deris,
1217 1887 1287 1968 quia
1309 1884 1378 1947 loco
1400 1884 1485 1950 vocis
1509 1896 1604 1954 nsua
1635 1906 1675 1949 ex

297 1979 383 2042 mala
404 1983 596 2060 punctatione
619 1985 696 2066 legit
718 1996 810 2052 t'tt'ln.

534 2290 538 2299 ·
637 2242 735 2341 Εὐχή
760 2244 932 2345 περὶτοῦ
956 2243 1080 2322 nene.
1132 2247 1207 2318 Pro
1234 2246 1346 2339 Pope.

395 2451 459 2529 Hic
481 2464 675 2545 perspicuum
697 2473 754 2540 est,
777 2467 860 2527 orari
883 2484 939 2546 pro
961 2465 1135 2531 Patriarcha
1152 2464 1373 2531 Alexandrino:
1395 2473 1430 2528 ut
1453 2466 1541 2529 etiam
1564 2464 1594 2525 in
1612 2460 1675 2526 Co-

298 2566 372 2630 dice
396 2566 512 2629 Graeco
534 2567 690 2651 Liturgiae
711 2569 747 2632 Ι).
761 2567 871 2631 Marci:
894 2576 925 2631 et
947 2568 1059 2633 frustra
1082 2570 1240 2651 quisquam
1263 2569 1498 2651 conjectarem,
1521 2569 1674 2649 pertinere

296 2666 382 2729 hanc
403 2685 527 2748 precem
549 2667 587 2729 ad
608 2667 774 2730 Romanum
795 2667 978 2733 Pontificem.
1024 2669 1061 2733 Ut
1090 2670 1156 2749 ejus
1183 2671 1427 2732 commemoratio
1457 2668 1489 2729 in
1516 2666 1674 2749 Diptychis

297 2766 443 2828 virorum
463 2765 560 2847 lieret,
584 2785 624 2828 ex
645 2768 744 2830 veteri
765 2766 922 2848 disciplina
943 2768 1008 2846 luit,
1031 2770 1086 2832 sed
1110 2785 1170 2830 nun
1193 2770 1245 2845 ita,
1267 2776 1300 2831 ut
1322 2769 1353 2830 in
1375 2768 1555 2850 quotidianis
1574 2766 1675 2829 Missis

297 2883 415 2928 nomen
436 2866 502 2947 ejus
526 2867 719 2929 recitaretur:
743 2884 811 2929 cum
838 2867 869 2929 id
891 2869 1093 2932 tantummodo
1122 2867 1281 2931 observari
1308 2867 1422 2931 soleret
1444 2887 1518 2951 erga
1541 2866 1675 2930 Patriar-

297 2964 388 3042 cbas,
410 2966 440 3027 in
461 2966 547 3046 cujus
568 2965 768 3029 Dioecesibus
791 2974 879 3030 erant
899 2966 1069 3032 Ecclesiae.
1094 2966 1168 3031 Cum
1191 2968 1311 3050 vigeret
1332 2969 1411 3030 inter
1429 2966 1583 3030 Ecclesias
1598 2983 1675 3029 con-

298 3062 418 3142 cordia,
441 3082 600 3147 novusque
622 3065 775 3127 Romanus
798 3066 937 3129 Pontifex
958 3066 996 3130 de
1020 3066 1216 3131 ordinatione
1238 3086 1295 3131 sua
1317 3066 1419 3130 literas
1451 3065 1572 3149 publice
1594 3067 1675 3129 scri-

296 3163 403 3241 beret,
424 3163 608 3229 recitabatur
629 3167 708 3229 inter
730 3164 880 3247 Diptycba
906 3167 1045 3230 vivorum
1082 3167 1149 3249 eius
1178 3144 1304 3246 nomed,
1332 3174 1365 3229 ut
1394 3166 1567 3229 decessoris
1595 3162 1675 3225 inter

298 3266 602 3328 commemorationes
625 3264 850 3343 defunctorum
872 3266 928 3329 sed
950 3284 1018 3329 cum
1039 3266 1070 3329 id
1092 3285 1155 3330 non
1178 3265 1320 3329 continuo
1339 3265 1436 3344 lieret,
1459 3263 1600 3327 memoria
1623 3259 1675 3324 illa

300 3361 466 3426 codicibus
488 3362 650 3446 Liturgicis
672 3382 733 3426 noa
755 3365 986 3428 inscribebatur.
1032 3366 1135 3429 Talem
1160 3364 1256 3429 luisse
1285 3363 1471 3445 disciplinam
1500 3362 1673 3444 conjicimus

298 3446 345 3523 ex
366 3480 402 3523 ea
424 3481 504 3544 qaae
526 3462 716 3544 postmodum
738 3460 819 3544 ap‘nd
842 3462 977 3544 Coptitas
1001 3466 1115 3548 viguit,
1144 3471 1175 3527 et
1204 3465 1290 3569 cujus
1312 3463 1508 3544 probationes
1530 3461 1675 3523 babemus

298 3560 483 3642 multiplices
505 3563 536 3624 in
557 3562 689 3626 Historia
712 3562 920 3639 Patriarchali,
950 3565 1032 3627 circa
1055 3564 1368 3633 commemorationem
1388 3563 1517 3626 nominis
1540 3560 1675 3623 Patriar-

299 3659 427 3722 charum
448 3661 707 3725 Antiochenorum
730 3663 865 3746 ejusdem
894 3671 997 3728 sectae
1018 3664 1223 3742 Jacobiticae‚
1245 3680 1314 3725 cnm
1340 3661 1447 3743 quibus
1478 3661 1683 3724 arctissimam*

297 3759 501 3823 Alexandrini
524 3763 762 3826 communionem
782 3762 944 3827 habebant.
989 3764 1123 3826 Vacante
1145 3762 1335 3826 Antiocbeua
1357 3761 1449 3839 sede,
1473 3762 1525 3842 qui
1546 3761 1583 3823 ad
1607 3778 1673 3822 eam

298 3858 493 3923 obtinendam
515 3861 694 3945 eligebatur,
717 3862 816 3924 statim
838 3860 1005 3943 synodicas
1027 3862 1131 3926 literas
1155 3862 1193 3925 ad
1212 3860 1451 3925 Alexandrinum
1472 3858 1673 3924 Patriarcliam

298 3977 361 4040 per
382 3958 553 4041 Episcopus
576 3958 652 4024 duos
674 3961 820 4024 mittebat.
864 3960 925 4024 lllis
947 3962 1043 4025 literis
1073 3964 1104 4025 in
1133 3979 1283 4024 consessu
1310 3960 1533 4042 Episcoporum
1562 3959 1673 4040 Aegy-

298 4061 434 4141 ptiorum
456 4059 562 4139 lectis,
585 4079 696 4124 nomen
723 4063 794 4124 novi
824 4061 1016 4124 Patriarchae
1037 4061 1196 4142 Diptychis
1225 4061 1360 4124 vivorum
1382 4058 1620 4137 inscribebatur,
1643 4065 1674 4120 et

298 4159 334 4220 in
355 4156 492 4242 Liturgia
521 4159 724 4223 recitabatur:
754 4178 853 4242 neque
883 4161 914 4223 id
944 4162 1050 4241 liebat,
1081 4162 1165 4242 prius
1195 4177 1283 4241 quam
1311 4159 1417 4223 literae
1448 4160 1672 4240 pervenissent.

297 4257 349 4321 Eo
371 4276 468 4339 usque
489 4258 622 4322 defuncti
644 4277 753 4322 nomeu
774 4267 915 4341 tanquam
938 4261 1078 4339 viventis,
1103 4259 1141 4323 ad
1163 4259 1257 4322 altare
1278 4258 1469 4322 recitabatur.
1493 4256 1567 4320 Cum
1580 4272 1673 4336 porro

300 4357 491 4421 consuetudo
514 4357 564 4421 illa
587 4366 672 4421 certa
694 4360 748 4437 sit,
770 4361 923 4441 variisque
945 4359 1093 4441 exemplis
1116 4360 1319 4439 confirmetur,
1343 4358 1441 4421 nullus
1463 4364 1573 4433 temen,
1592 4354 1672 4434 quod

300 4457 444 4533 sciamus,
466 4457 573 4521 Codex
593 4460 679 4521 visus
702 4466 765 4535 est,
787 4460 837 4541 qui
867 4468 1055 4523 constantem
1084 4460 1114 4521 in
1142 4459 1300 4541 Diptychis
1327 4457 1511 4520 Antiocheni
1539 4455 1674 4518 Patriar-

299 4555 379 4619 chae
402 4559 574 4621 memoriam
595 4558 764 4634 contineat,
793 4559 850 4622 etsi
879 4578 954 4622 sane
980 4559 1088 4622 multos
1115 4560 1254 4623 vidimus.
1298 4558 1403 4638 ltaque
1430 4557 1546 4619 etiamsi
1575 4553 1673 4616 codex

301 4654 438 4719 Graecus
461 4657 499 4719 ad
522 4657 768 4722 Ortbodoxorum
789 4659 956 4722 Ecclesiam
978 4659 1183 4740 pertinuisset,
1206 4658 1288 4741 quod
1311 4658 1349 4720 de
1372 4657 1431 4719 isto
1454 4655 1513 4718 dici
1536 4673 1597 4717 non
1614 4671 1674 4735 po·

239 4792 243 4803 ·
298 4762 383 4818 test:
406 4775 511 4818 verum
534 4757 572 4820 de
595 4776 633 4820 eo
657 4758 709 4839 qui
729 4756 895 4839 liturgiam
916 4758 1009 4821 Marci
1032 4761 1165 4822 continet
1187 4767 1303 4822 certum
1325 4755 1458 4819 videtur:
1482 4772 1591 4818 nomen
1608 4753 1673 4816 Ro-

300 4855 383 4916 mani
404 4855 555 4920 Pontificis
578 4858 609 4918 in
630 4857 781 4938 Diptycho
803 4875 865 4920 non
888 4866 1016 4922 extaret.

390 4955 486 5019 Deest
508 4956 611 5020 lolium
633 4955 692 5020 boc
714 4956 782 5020 loco
805 4959 835 5019 in
858 4957 972 5022 Codice
994 4958 1106 5041 Regio,
1135 4958 1191 5021 sed
1220 4956 1357 5038 suppleri
1384 4954 1482 5017 biatus
1512 4950 1604 5017 debet
1633 4970 1673 5015 ex

299 5052 410 5118 eadem
433 5054 578 5119 Oratione
601 5072 687 5136 quae<
702 5064 786 5119 extat
807 5058 838 5118 in
860 5055 955 5119 Marci
977 5057 1105 5138 Graeca,
1131 5065 1165 5121 ut
1187 5057 1276 5120 etiam
1305 5057 1335 5119 in
1358 5053 1491 5137 Copticis
1513 5051 1673 5134 exempla-

329 5194 446 5237 mmn
1296 5205 1302 5211 ·
1417 5170 1465 5247 56
