4525 6034
692 511 740 587 56
1067 513 1687 591 busuntttlbltts

690 697 1066 761 nosOricutalesvestlum
1086 716 1240 761 sacrarum
1263 715 1350 760 nsum
1372 697 1535 760 retinuisse
1558 698 1617 759 buc
1639 712 1752 778 nsque:
1783 704 1959 777 tantumque
1981 698 2040 759 abest

692 807 724 861 ut
747 799 987 878 superstitiosum
1010 795 1090 859 illum
1115 799 1303 875 existiment,
1333 797 1404 877 quin
1427 798 1527 877 potius
1551 796 1715 880 sacrilegio
1739 797 1907 878 proximum
1921 796 2040 876 judicant,

691 896 806 977 absque
835 896 921 958 simili
949 905 1055 960 ornatu
1084 899 1120 960 ad
1150 897 1254 959 altaris
1277 896 1474 959 ministerium
1497 897 1657 975 accedere,
1681 915 1759 977 quae
1782 897 1936 958 temeritas
1959 898 2039 977 poenis

691 995 845 1090 canonicis
868 997 1071 1076 gravissimis,
1102 1014 1198 1077 usque
1222 994 1259 1057 ad
1283 996 1503 1076 depositionem
1526 994 1682 1075 plectitur:
1714 998 1813 1078 deque
1836 996 1886 1056 illa
1910 995 2039 1075 disciplina

690 1097 794 1157 variae
816 1103 885 1157 sunt
907 1094 1184 1159 Alexandrinorum
1207 1103 1239 1157 et
1252 1094 1511 1157 Antiochenorum
1534 1095 1772 1158 Patriarcharum
1796 1094 2024 1159 Constitutione.

777 1195 811 1256 ln
833 1193 985 1257 nonnullis
1008 1188 1196 1270 Codicibus,¹
1218 1197 1303 1256 utin
1327 1192 1525 1275 Seguieriano
1548 1213 1625 1272 uno,
1657 1194 1860 1277 adJunguntur
1890 1202 2039 1257 ornamenta

689 1294 875 1356 Pontificelia
898 1293 1087 1355 du0:·unum
1110 1293 1192 1375 quod
1215 1305 1335 1381 entiam
1358 1292 1506 1355 Hornnico
1529 1300 1653 1371 vocant,
1678 1294 1715 1355 ad
1739 1294 1819 1374 quod
1843 1293 1968 1356 dicitur:
1987 1292 2038 1351 Glo-

688 1396 770 1456 riam
792 1401 822 1453 et
843 1394 983 1454 decorem
1004 1395 1175 1472 imposuisti
1197 1412 1289 1472 strper
1310 1412 1372 1467 me,
1395 1394 1537 1471 qnoniam
1556 1391 1660 1471 fecisti
1681 1412 1748 1455 enm
1771 1395 1802 1454 in
1824 1394 2039 1455 benedictionem

689 1492 827 1555 Alterum
849 1500 896 1554 est
918 1502 1008 1561 utun
1032 1490 1153 1554 Corona
1182 1493 1248 1554 sive
1277 1491 1364 1553 blitra
1395 1490 1591 1570 Pontificalis,
1628 1510 1716 1572 quam
1744 1492 1813 1554 dum
1841 1493 1968 1573 accipit,
1989 1490 2039 1577 dicit

689 1592 871 1673 Episcopus,
912 1592 1049 1653 Posuisti
1069 1610 1162 1670 suaper
1184 1599 1275 1669 ceput
1296 1593 1361 1670 ejus
1383 1610 1529 1653 coronam
1548 1592 1733 1671 pleniorem:
1762 1592 1858 1653 Vitem
1875 1593 1965 1670 petiit
1981 1611 1996 1651 o
2012 1599 2041 1663 te,

690 1700 721 1755 et
742 1692 874 1755 tribuisti
895 1693 925 1752 ei
945 1692 1159 1770 lonpitudinem
1182 1692 1300 1754 dimum
1322 1692 1354 1751 in
1376 1691 1529 1751 seecttlum
1550 1691 1675 1753 soeculi.
1722 1690 1856 1753 Tandem
1878 1690 1984 1771 accipit
2000 1689 2039 1749 ba-

691 1791 789 1854 culum
811 1789 1010 1871 pastoralem,
1038 1798 1069 1852 et
1091 1789 1215 1851 dicitur:
1267 1789 1388 1868 Virpom
1409 1790 1531 1850 virtutis
1552 1790 1646 1850 mittet
1669 1789 1725 1852 tibi
1743 1790 1891 1852 Domeros
1913 1810 1954 1850 ee
1972 1788 2039 1859 Sion

690 1891 896 1952 dominaberis
917 1909 1009 1969 super
1031 1890 1170 1951 inimicos
1192 1897 1269 1952 tuos.
1314 1888 1442 1950 Primum
1465 1894 1672 1950 ornamentum
1695 1890 1766 1969 quid
1788 1890 1913 1971 proprie
1935 1890 1979 1965 sit,
1996 1904 2038 1948 uon

690 1989 763 2050 satis
793 1989 997 2069 intelligimus.
1041 1989 1161 2051 Mittam
1191 2006 1267 2052 vero
1297 2005 1352 2049 seu
1382 1985 1505 2049 Cidarim
1535 2005 1605 2048 esse
1634 1988 1665 2048 in
1692 2006 1751 2050 usu
1781 1989 1859 2071 apud
1883 1988 2036 2064 Orientale,

691 2095 825 2150 constat:
849 2087 985 2169 quamvis
1008 2086 1105 2151 lorma
1128 2086 1165 2148 ab
1189 2104 1326 2168 eaquae
1349 2087 1428 2167 apud
1451 2103 1508 2147 nos
1530 2087 1562 2148 in
1585 2105 1642 2149 usu
1665 2095 1713 2150 est
1735 2089 1858 2151 diversa
1880 2089 1929 2151 sit.

399 2370 593 2425 P.12.errs.
1088 2346 1265 2420 Sacerdos
1291 2349 1448 2421 escendit
1474 2348 1522 2418 eti
1546 2348 1669 2419 altore.

279 2544 289 2581 ⁸
401 2591 440 2646 n„
458 2594 589 2648 atteritur.
790 2558 843 2635 De
868 2568 1012 2631 altaribus
1035 2578 1066 2632 et
1088 2568 1285 2632 Orientalium
1308 2569 1457 2653 religione
1481 2569 1518 2631 ad
1543 2589 1579 2631 ea
1595 2570 1813 2650 consecranda,
1837 2570 2037 2650 videndaque

692 2673 820 2736 unimus
844 2673 875 2734 in
888 2671 1108 2736 Commentario
1132 2674 1170 2736 ad
1185 2673 1339 2753 Copticam
1352 2673 1456 2736 Basilii
1477 2673 1653 2756 Liturgiam,
1676 2674 1728 2735 ubi
1750 2674 1893 2736 nonnulla
1910 2673 2037 2736 retulinus

692 2793 733 2837 ex
745 2775 867 2856 propria
880 2771 1025 2854 Syrorum
1040 2773 1207 2852 disciplina,
1232 2791 1309 2854 quae
1325 2774 1496 2835 continetur
1508 2775 1537 2835 in
1553 2774 1687 2854 ipsorum
1699 2772 1915 2837 Nomocanone
1932 2792 1986 2854 cap.
2004 2769 2035 2833 1⁰.

691 2880 721 2949 §.
745 2874 791 2936 5⁰.
818 2871 983 2936 secundum
1007 2890 1095 2953 quam
1122 2873 1316 2954 prohibetur,
1347 2891 1386 2934 ne
1411 2872 1560 2936 Sacerdos
1583 2872 1748 2956 Liturgiam
1771 2871 1908 2935 celebret
1930 2869 2037 2935 incitari

692 2974 772 3057 quod
795 2973 831 3034 ab
854 2973 1008 3054 Episcopo
1032 2980 1243 3034 consecratum
1264 2989 1326 3035 non
1349 2970 1450 3049 luerit,
1473 2973 1538 3034 sive
1555 2972 1669 3034 Tebb‘to
1692 2952 1833 3050 sabae,
1855 2972 1951 3033 tabula
1970 2971 2036 3032 tide·

690 3072 762 3135 licet
783 3072 885 3154 lignea
917 3070 967 3133 rel
997 3069 1132 3151 lapidea,
1162 3071 1247 3152 cujus
1277 3070 1448 3132 benedictio
1472 3070 1577 3133 eadem
1601 3079 1665 3150 est,
1690 3089 1725 3133 ac
1749 3071 1852 3133 altaris
1875 3071 2037 3133 solidiana

689 3171 788 3235 solida
810 3170 921 3232 babent
944 3168 1116 3232 Orientales
1141 3167 1321 3244 Christiani,
1353 3176 1384 3230 ut
1411 3168 1481 3231 alibi
1510 3169 1668 3251 probatum
1695 3180 1750 3233 est
1794 3171 1895 3252 Vulgo
1918 3172 1999 3245 etiam,
2016 3169 2035 3228 si

691 3273 786 3334 altare
808 3270 936 3332 solidum
959 3286 1020 3330 non
1043 3275 1101 3347 est,
1124 3277 1249 3331 utuntur
1266 3268 1339 3330 solis
1363 3267 1421 3330 illis
1441 3269 1560 3348 tabulis,
1583 3289 1660 3350 quac
1675 3267 1861 3333 Graecorum
1872 3268 2037 3335 &mannis

691 3367 912 3453 quodammodo
940 3368 1136 3449 respondent.
1181 3368 1229 3430 Ex
1258 3368 1366 3431 eodem
1394 3368 1610 3432 Nomocanone
1637 3369 1810 3448 retulimus,
1843 3388 1860 3431 a
1891 3367 2037 3450 quibusdan

690 3469 889 3533 Antiochenis
912 3467 1093 3529 Patriarchis
1115 3475 1258 3529 statutum
1282 3466 1387 3545 luisse,
1410 3476 1442 3528 ut
1465 3466 1585 3529 tabulae
1608 3466 1739 3544 deiectu,
1761 3487 1801 3531 ne
1817 3468 1949 3530 Ecclesia
1959 3466 2038 3528 sacri-

692 3567 761 3630 licio
792 3574 927 3645 careret,
956 3585 1051 3646 super
1079 3565 1181 3628 lolium
1205 3567 1325 3647 aliquod
1348 3567 1415 3629 libri
1437 3568 1673 3650 Evangeliorum
1695 3576 1802 3649 posset
1823 3567 1952 3648 Liturgia
1971 3565 2038 3626 ccle-

693 3668 788 3730 brari:
812 3676 845 3729 ut
867 3668 956 3743 etiam
978 3666 1114 3728 monibus
1137 3668 1338 3729 Diaconorum
1362 3665 1485 3728 calicem
1509 3673 1539 3727 et
1562 3665 1676 3728 discum
1700 3667 1883 3745 tenentimn,
1910 3662 2038 3727 altareir

399 2921 446 2974 Mc.
465 2941 526 2992 apr..

692 3785 806 3830 summa
836 3767 1018 3829 necessitate
1045 3766 1200 3847 suppleri,
1231 3766 1313 3846 quod
1343 3765 1453 3827 lactum
1483 3763 1577 3828 refert
1607 3766 1636 3827 in
1666 3766 1820 3847 cujusdam
1855 3764 2038 3827 Anacboretue

691 3868 836 3948 gratiam,
868 3865 1077 3928 Theodoretus
1104 3866 1135 3926 in
1163 3865 1331 3930 l‘bilotbeo.
1376 3865 1421 3927 [le
1450 3864 1586 3927 altarium
1617 3867 1848 3928 consecratione
1871 3883 1923 3946 per
1942 3864 2038 3943 signnm

694 3966 804 4040 crucis,
827 3967 998 4027 unctionem
1021 3986 1061 4028 ex
1083 3964 1256 4039 chrismate,
1278 3974 1450 4028 sanctorum
1472 3965 1627 4045 reliquias,
1650 3972 1680 4027 et
1702 3982 1825 4046 preces,
1849 3965 1885 4026 ab
1900 3962 2038 4041 Episcopo,

693 4065 755 4146 agit
777 4065 939 4145 Dionysius
961 4064 1109 4127 Barsalibi
1131 4064 1163 4125 in
1185 4063 1292 4126 eodem
1313 4064 1527 4127 Nomocanone
1551 4083 1616 4144 cap.
1641 4061 1685 4125 1⁰.
1707 4083 1754 4126 nr.
1774 4069 1819 4128 7⁰.
1844 4064 1922 4126 Ritus
1941 4058 2041 4138 integer

693 4171 776 4225 extat
798 4167 828 4225 in
851 4164 943 4226 variis
967 4164 1132 4241 codicibus,
1156 4164 1241 4243 cujus
1264 4164 1430 4244 praecipua
1454 4166 1552 4245 capita
1575 4164 1711 4226 dabimus
1735 4183 1774 4226 ex
1798 4162 1908 4226 Codice
1929 4159 2039 4221 Floren-

693 4264 770 4325 tino:
795 4264 911 4327 Titulus
935 4272 991 4326 est.
1019 4252 1220 4326 ’Amico-‘lio
1242 4264 1307 4325 sive
1330 4265 1427 4325 series
1450 4272 1479 4325 ct
1500 4265 1578 4326 ordo
1600 4265 1841 4326 emanationis
1862 4261 1969 4333 eliens,
1988 4255 2041 4315 rire

691 4362 824 4438 rmum,
845 4382 923 4443 quae
944 4382 1067 4425 menne
1088 4364 1260 4442 imponitur.
1303 4362 1360 4423 itta
1389 4370 1489 4423 autern
1510 4364 1701 4424 consecratio
1723 4360 1891 4423 celebretur
1910 4358 1991 4419 Ferie
2013 4352 2039 4415 t.

690 4465 902 4543 mysteriorum
919 4480 973 4523 sen
994 4462 1025 4523 in
1039 4460 1142 4524 Coena
1157 4461 1287 4541 Domini,
1310 4471 1340 4523 et
1361 4461 1498 4525 omnibus
1512 4463 1611 4523 Feriis
1631 4462 1661 4525 V.
1678 4479 1699 4522 e
1720 4461 1946 4523 Resurrectione
1965 4470 2042 4532 unte

690 4563 734 4622 od
754 4561 979 4624 Ascensiencrn.

388 4658 484 4712 Eorum
501 4665 677 4716 consecratio·
779 4660 883 4721 Prr‘rno
894 4667 1048 4739 parentur·
1063 4659 1187 4720 tobaleae
1208 4680 1249 4721 ec
1271 4660 1352 4739 liqna
1374 4661 1467 4723 electe
1491 4669 1521 4722 et
1538 4662 1685 4740 pretiose,
1708 4669 1763 4721 eut
1784 4682 1826 4723 ec
1847 4675 1987 4722 remunera
2004 4649 2043 4713 tel

365 4745 405 4797 ²¹¹¹
422 4748 493 4799 ¹³¹⁰*
690 4760 791 4839 lepide
806 4762 888 4822 elio:
911 4767 941 4821 et
960 4759 1136 4821 inscribitur
1158 4760 1234 4839 ipsis
1256 4760 1376 4835 tabulis,
1398 4779 1456 4840 quo
1479 4760 1530 4822 die
1551 4768 1581 4821 ct
1602 4778 1623 4820 a
1644 4779 1702 4839 qno
1725 4769 1918 4822 consecratae
1935 4754 2041 4834 [mobis

689 4860 722 4921 in
744 4860 822 4921 dunc
844 4860 973 4921 modum.
1020 4857 1206 4921 Consecrata
1229 4866 1275 4922 est
1297 4859 1375 4921 haec
1397 4858 1496 4920 tabula
1520 4865 1635 4935 sancta,
1658 4876 1716 4938 per
1737 4877 1843 4922 manus
1864 4850 1994 4937 Episcopi
2012 4844 2041 4906 N·

691 4958 721 5019 in
743 4957 882 5020 Ecclesia
904 4957 941 5024 N.
965 4975 1044 5021 anno
1067 4958 1134 5021 tali:
1157 4978 1235 5040 quoe
1256 4960 1414 5038 inscriptio
1436 4958 1642 5037 demissimfit,
1664 4958 1710 5019 ito
1721 4965 1755 5019 ut
1760 4960 1898 5038 printed
1904 4958 2042 5033 postrema
