4525 6034
682 534 823 610 CXVIII
1162 542 1542 622 nissuniltio

679 725 893 801 Bibliothecis
920 738 1052 821 extare,
1078 752 1143 802 nec
1169 751 1273 821 unos,
1300 732 1355 826 qui
1380 731 1553 828 Epocbam
1579 732 1668 805 illam
1695 755 1789 806 suam
1814 734 1924 809 multis
1951 743 2048 812 annis

679 834 937 916 anteverterent.
965 846 1057 918 'falls
1089 857 1142 919 est
1169 846 1290 920 Codex
1321 850 1461 941 insignis
1496 850 1645 936 Quatuor
1678 849 1943 944 Evangeliorum
1969 853 2048 928 Co-

677 962 765 1052 ptice
791 963 946 1057 sqriptus,
972 985 1070 1034 mauu
1096 962 1269 1036 Michaelis
1283 963 1515 1060 Metropolitae
1526 966 1761 1059 Damiatensis,
1788 967 1918 1041 oblatus
1928 970 2047 1044 Marco
2133 1020 2140 1034 ·

677 1074 745 1145 lilio
771 1076 904 1150 Zaraae
931 1083 987 1173 qui
1008 1081 1178 1154 ordinatus
1206 1089 1259 1154 est
1275 1080 1501 1154 Alexandriae
1527 1082 1723 1169 Patriarcba
1746 1108 1833 1157 anno
1859 1086 2048 1185 Martyrum

677 1188 939 1267 DCCCLXXX.
965 1196 996 1267 J.
1025 1194 1063 1268 C.
1089 1195 1308 1291 ncnxxtv.
1339 1197 1454 1294 ltaque
1481 1223 1555 1271 cum
1582 1200 1646 1271 duo
1672 1204 1738 1274 viri
1763 1200 1935 1275 clarissimi
1952 1226 2045 1275 con-

676 1310 823 1400 jecturas
858 1334 937 1384 suas
969 1310 1199 1407 publicabant,
1232 1317 1409 1406 sexaginta
1441 1321 1535 1389 annis
1568 1320 1700 1389 circiter
1736 1321 1900 1414 antiquior
1930 1320 2044 1393 codex

679 1425 833 1515 extabat,
864 1427 920 1499 Illa
956 1451 1053 1523 quam
1086 1432 1326 1501 constituerant
1356 1428 1505 1527 Epocba.
1558 1432 1666 1505 Nemo
1700 1445 1809 1506 autem
1842 1437 2045 1509 existimabit

677 1540 865 1635 Evangelia
902 1555 993 1615 tanto
1032 1544 1150 1618 labore
1189 1549 1311 1641 scripta
1353 1545 1457 1620 iuisse
1495 1571 1537 1620 ea
1570 1548 1698 1642 liugua,
1735 1573 1821 1645 quae
1852 1573 1919 1624 non
1954 1564 2048 1626 esset

677 1658 855 1731 Ecclesiae
882 1666 933 1732 cui
960 1661 1186 1734 destinabatur
1212 1666 1369 1759 propria,
1404 1663 1577 1761 vidgoque
1604 1670 1637 1736 in
1664 1667 1849 1760 spnaxIbus
1875 1681 2045 1765 usurpata.

391 1772 482 1874 oenus
498 1785 538 1828 ⁰⁸³
559 1780 665 1849 linguae
780 1778 828 1847 lta
861 1776 938 1848 nibil
972 1781 1078 1852 minus
1105 1783 1142 1849 in
1169 1783 1324 1873 confesso
1351 1787 1412 1867 ert
1441 1804 1539 1876 quam
1571 1803 1639 1852 aon
1661 1787 1770 1876 [aisse
1801 1806 1940 1878 aequam
1966 1794 2047 1858 ter-

351 1857 482 2010 {l‘j'ffgfffl'g
505 1874 791 2005 issssssffssfwwm
817 1892 861 1963 ab
889 1898 988 1966 annis
1013 1899 1204 1990 quingentis
1228 1899 1265 1965 in
1290 1921 1352 1968 asa
1371 1898 1546 1991 Copticnna
1568 1899 1724 1993 linquam,
1752 1923 1827 1971 cum
1854 1900 1908 1971 diu
1924 1913 2046 1997 postea

620 2094 624 2100 Ι
656 1994 808 2102 ¹vigeret
834 2013 866 2082 in
894 2011 1063 2084 Osiutensi
1089 2022 1207 2101 tractu,
1234 2022 1390 2108 usurpata
1424 2037 1444 2085 a
1481 2013 1674 2088 Christianis
1709 2019 1743 2086 in
1769 2000 1935 2089 communi
1961 2041 2046 2092 ser-

672 2148 789 2197 mone:
816 2137 851 2199 et
874 2150 956 2201 usus
982 2132 1156 2201 continuus
1182 2128 1410 2202 Ecclesiarum
1437 2134 1469 2201 in
1496 2129 1699 2221 Psalmodia,
1725 2130 1889 2224 Liturgia,
1916 2143 1950 2205 et
1976 2160 2044 2208 ce-

671 2240 841 2316 lebrandis
867 2243 1103 2335 Sacramentis,
1131 2248 1213 2317 satis
1240 2267 1315 2315 eam
1343 2269 1363 2316 a
1390 2249 1617 2341 suppositione
1653 2247 1847 2319 vindicaret.
1899 2251 1947 2325 At
1972 2274 2044 2325 non

672 2361 785 2431 existit
814 2364 880 2432 nisi
912 2365 949 2431 ia
983 2360 1080 2433 tibris
1112 2361 1363 2433 receptoribus
1396 2385 1440 2431 oc
1469 2364 1573 2456 foede
1606 2367 1792 2456 conopia,
1820 2364 1938 2459 quales
1962 2373 2043 2438 eant

670 2478 970 2569 Interpretntiones
994 2480 1120 2549 ceteris
1146 2481 1291 2571 nonique
1325 2478 1535 2550 Teatmneoti.
1590 2479 1712 2553 Libros
1746 2503 1887 2575 quorum
1914 2507 2041 2556 exem-

616 2572 620 2589 '
670 2593 776 2687 plaria
804 2597 898 2667 annis
926 2598 1113 2689 quingentis
1150 2603 1184 2665 et
1217 2598 1453 2690 qulnquagInta
1480 2599 1663 2669 vetustiora
1695 2601 1882 2691 supersint,
1909 2622 2040 2671 recen-

670 2713 772 2783 tiores
799 2734 887 2801 csse,
909 2735 1007 2784 nemo
1035 2712 1173 2783 dixerit:
1200 2721 1234 2782 et
1259 2714 1421 2802 majorem
1447 2715 1639 2785 versionum
1666 2735 1752 2807 quae
1773 2713 1836 2786 illis
1858 2717 2040 2786 contiuea-

670 2836 721 2897 tur
766 2831 988 2923 antiquitatem
1029 2827 1151 2922 luisse,
1189 2849 1257 2899 non
1295 2838 1406 2922 potest
1441 2827 1589 2899 dubitari.
1644 2830 1691 2903 At
1728 2832 1846 2901 mirum
1885 2851 2039 2926 prorsuS,

669 2965 829 3018 censores
857 2944 941 3018 duos
967 2944 1042 3016 illos
1070 2945 1124 3040 qui
1149 2966 1193 3014 ne
1220 2941 1383 3038 syllabam
1411 2944 1542 3039 quidem
1566 2944 1701 3037 linguae
1729 2944 1891 3055 Copticae
1917 2969 2038 3021 nove-

666 3070 753 3150 rant,
780 3084 839 3134 eas
864 3060 966 3133 foede
993 3071 1170 3157 corruptas
1197 3071 1265 3132 tarn
1292 3060 1495 3133 confidenter
1511 3060 1687 3133 affirmare.
1721 3059 1864 3135 Codices
1898 3072 2037 3135 veteres

670 3179 906 3274 cujuscumque
931 3178 1084 3271 linguae,
1113 3175 1236 3250 Graeci
1270 3180 1367 3248 etiam
1399 3187 1432 3249 et
1457 3176 1585 3270 Latini,
1620 3180 1747 3272 primae
1773 3180 1968 3267 venustatis,
2000 3188 2038 3249 et

669 3297 885 3388 antiquitatIs,
916 3298 1013 3391 pauci
1041 3305 1135 3385 sunt,
1156 3298 1204 3365 vin
1237 3291 1356 3388 qulbus
1388 3304 1528 3390 peccata
1562 3294 1772 3367 llbrariorum
1797 3294 1937 3390 plurima
1964 3294 2037 3367 ob-

667 3432 809 3507 servare
835 3434 901 3484 non
927 3411 1041 3484 liceat:
1075 3433 1184 3505 neque
1217 3409 1280 3482 illis
1316 3421 1409 3482 caret
1443 3414 1583 3503 insignis
1609 3410 1665 3483 ille
1692 3408 1814 3483 Codex
1838 3411 2036 3501 Vaticanus,

667 3548 713 3597 ex
740 3550 804 3621 quo
832 3528 1049 3624 Septuaginta
1083 3531 1299 3623 interpretum
1331 3525 1484 3600 Romana
1517 3527 1616 3599 editio
1648 3535 1827 3623 procurata
1863 3538 1931 3616 est,
1964 3548 2037 3600 non

665 3646 772 3714 minus
805 3668 902 3739 quam
936 3642 1203 3734 Alexandnnus,
1237 3666 1343 3738 nuper
1377 3647 1411 3715 in
1448 3646 1618 3717 Britannia
1654 3643 1707 3715 edi
1737 3655 1893 3739 coeptus.
1945 3642 2036 3715 Nthl

664 3764 781 3832 mirum
807 3764 906 3854 igitur
933 3765 961 3833 si
988 3764 1021 3832 in
1048 3759 1197 3856 CopIIcis
1225 3760 1342 3831 aliisve
1370 3758 1564 3850 Codicibus,
1597 3760 1710 3852 lingua
1735 3763 1914 3856 peregrina
1941 3763 2034 3832 scri-

644 3880 743 3972 ptis
769 3881 870 3949 naevi
896 3876 1028 3972 quidam
1055 3881 1128 3950 sint.
1181 3878 1229 3950 At
1262 3880 1390 3971 siquis
1425 3874 1561 3948 eosdem
1595 3900 1669 3947 cum
1705 3876 1845 3948 Graecis
1873 3887 1929 3948 aut
1953 3876 2033 3947 He-

663 3993 787 4067 braicis
814 3982 992 4091 comparet
1012 3994 1199 4087 diligenter,
1227 4003 1390 4085 agnoscet
1414 3991 1573 4088 plurImas
1599 3995 1712 4085 magni
1733 3995 1891 4064 momenti
1916 3996 2029 4064 varias

664 4110 838 4200 lectiones,
866 4135 953 4206 quae
978 4111 1150 4204 vrdgatam
1176 4113 1275 4182 etiam
1302 4109 1478 4182 lectionem
1504 4108 1709 4199 confirment,
1735 4120 1851 4180 contra
1868 4108 2030 4181 blasore-

664 4236 771 4299 tarum
798 4227 973 4301 editionem
1000 4232 1034 4298 in
1059 4225 1247 4318 Hebraicis,
1274 4237 1308 4298 et
1332 4228 1537 4299 recentiores
1558 4224 1709 4298 Graecos
1735 4225 1852 4316 libros,
1877 4225 2031 4321 permul-

666 4348 707 4416 tis
733 4348 767 4415 in
793 4345 887 4418 locIs.
1795 4436 1801 4451 ι

377 4490 445 4542 nitu
461 4491 652 4543 cavernarum
766 4461 892 4533 Verum
928 4460 1004 4557 quid
1034 4460 1112 4532 inde
1145 4459 1276 4532 tandem
1313 4458 1475 4532 adversus
1508 4458 1641 4551 linguae
1673 4462 1796 4553 ipsiuS,
1829 4466 1864 4527 ut
1898 4460 1943 4527 ita
1969 4455 2030 4527 lo-

342 4575 443 4629 defectu
457 4577 581 4675 sltem
599 4575 651 4627 ¹³¹¹·
665 4601 815 4673 quamur,
842 4581 1052 4650 existentiam
1078 4576 1231 4649 concludi
1256 4576 1380 4671 possit,
1401 4597 1467 4648 non
1494 4574 1592 4646 facile
1608 4576 1814 4670 perspIcitur.
1842 4571 1915 4645 Sint
1929 4570 2030 4643 ioede

342 4662 564 4803 {ffiucfpmm
586 4678 650 4713 ⁰⁰¹¹*
663 4703 839 4789 corruptae
862 4698 1054 4784 mersiones,
1081 4696 1376 4788 quantumcumque
1401 4691 1531 4764 Criticis
1558 4692 1622 4763 illis
1636 4690 1792 4787 placitum
1818 4690 1933 4762 luerit:
1961 4687 2029 4758 du-

455 4788 460 4800 ⁸
663 4810 740 4883 biae
765 4811 841 4883 fidei
867 4834 934 4883 non
961 4821 1054 4900 sunt3
1082 4835 1157 4884 cum
1183 4819 1260 4882 ante
1286 4813 1514 4905 septingentos
1541 4830 1664 4900 annos,
1690 4830 1737 4880 ex
1762 4806 1854 4879 libris
1882 4808 1936 4900 qui
1954 4826 2029 4905 su-

663 4936 818 5023 persunt,
849 4927 954 5000 lectas
988 4927 1063 5001 illas
1096 4925 1229 5023 publice
1259 4929 1293 4998 in
1327 4924 1488 4999 Ecclesiis
1522 4948 1600 5001 essa
1633 4933 1775 5014 constet,
1802 4947 1849 4995 ex
1875 4931 2026 4994 autorum

663 5044 891 5137 indigenarum
917 5048 1121 5119 testImoniis.
1173 5044 1312 5117 Factum
1342 5043 1375 5115 id
1407 5064 1486 5116 csse
1510 5041 1624 5136 liugua
1649 5065 1712 5139 per
1738 5044 1840 5113 otium
1861 5038 2026 5132 flagitiose
