4525 6034
728 581 804 656 492
1236 579 1598 658 LITUllGlll

1886 647 1895 686 l

727 791 841 843 corum
879 791 1032 858 suornm,
1060 766 1215 840 volantes
1243 765 1328 838 alter
1354 763 1398 838 ad
1424 766 1580 855 alterum,
1616 766 1860 856 vociferamur,
1889 769 2051 846 clcmmtct

730 884 850 957 dicunt.
1242 881 1404 975 Populos.
1458 883 1576 955 Amen.

833 1000 1009 1072 Sacerdos
1042 999 1234 1070 inclinatur.
1287 998 1433 1072 Sanctus
1460 1021 1511 1089 es,
1539 1010 1674 1072 sancum
1701 1023 1756 1073 es:
1783 999 1960 1074 benedictus
1974 1002 2052 1078 honor

727 1128 802 1189 laus
830 1139 850 1188 o
878 1116 955 1189 loco
984 1138 1062 1188 suo:
1091 1115 1235 1186 Sanctus
1262 1137 1301 1186 es
1328 1118 1432 1188 trinus
1459 1125 1493 1186 et
1519 1138 1623 1204 umus,
1651 1120 1706 1210 qui
1732 1115 1950 1205 aCberubini,
1972 1119 2052 1190 Seru-

727 1231 837 1328 pbim,
865 1244 899 1304 et
925 1232 1068 1303 Thronis
1095 1230 1321 1319 benediceris,
1348 1231 1582 1319 sanctificaris,
1610 1243 1645 1304 et
1670 1232 1881 1325 glorificaris:
1905 1234 2054 1328 quinlir-

729 1349 872 1437 tatibus,
900 1347 1136 1434 Potestatibus,
1159 1358 1192 1418 et
1212 1347 1501 1421 Dominatiomibus
1516 1347 1705 1439 honoraris,
1730 1348 1885 1438 laudaris,
1909 1350 2054 1421 eiexnlta-

729 1468 793 1535 ris:
822 1469 877 1559 qui
899 1488 917 1535 ι
932 1464 1187 1559 Principalibus‚
1201 1461 1441 1555 archangelis„
1469 1473 1503 1534 et
1518 1463 1675 1555 Angelis,
1689 1464 1874 1552 extolleris,
1890 1464 2055 1555 glorificaris,

731 1591 764 1650 ct
791 1579 994 1668 celebraris;
1022 1590 1176 1674 tanquam
1209 1577 1293 1650 lucis
1326 1577 1586 1668 scrutatoribus,
1619 1591 1654 1651 et
1686 1580 1905 1676 praeconibus
1933 1584 2056 1653 venais.

732 1696 806 1767 'libi
835 1700 888 1791 qui
917 1719 954 1768 es
982 1719 1083 1792 supra
1109 1695 1225 1767 laudes
1253 1717 1370 1768 ommes
1405 1695 1677 1769 sanctificantium
1712 1707 1764 1782 te,
1799 1695 1932 1790 placat,
1961 1707 1991 1767 ut
2012 1720 2057 1770 nos

730 1823 920 1907 postremos
954 1824 1081 1883 tuarum
1118 1822 1364 1898 creaturarum,
1405 1815 1586 1907 participes
1620 1823 1697 1884 tuae
1732 1822 1871 1885 naturae
1900 1812 2059 1885 laceresct

730 1927 829 1999 filiurn
858 1940 967 2016 tuum,
994 1927 1167 2023 aequalem
1195 1928 1254 2001 tibi
1279 1937 1397 2000 natura
1425 1939 1459 2000 et
1475 1932 1569 2021 regia
1598 1928 1756 2021 dignitate
1773 1932 1888 2001 misisti
1902 1929 2057 2001 directorem

729 2045 873 2116 lutururm
901 2047 1082 2116 animarum
1109 2054 1316 2134 nostrarum,
1343 2054 1599 2140 nostrorumque
1626 2048 1796 2139 spirituum
1815 2045 2017 2116 salvatorem:
2037 2053 2059 2113 at

731 2185 776 2233 ex
803 2160 945 2253 Virgine
971 2169 1107 2249 sancta,
1136 2183 1224 2255 quae
1251 2160 1431 2233 secundum
1457 2182 1580 2256 corpus
1608 2171 1642 2232 et
1667 2163 1808 2252 annnam
1836 2159 2003 2256 paralacta
2016 2170 2060 2246 est

729 2277 870 2350 formam
899 2279 1045 2372 accepit,
1072 2286 1109 2347 ut
1135 2275 1360 2349 conveniebat
1385 2276 1428 2348 ad
1455 2277 1594 2350 salutern
1621 2287 1781 2349 nostram.

836 2393 1012 2465 Sacerdos
1038 2392 1176 2463 eleemos
1200 2414 1326 2494 ccccm.
1384 2392 1444 2464 Ille
1476 2403 1585 2466 ιιιιιιιι
1618 2415 1679 2487 per
1711 2397 1986 2467 annunciationem
2010 2393 2062 2464 Ar·

731 2508 885 2601 cbamgeli
914 2508 955 2586 ad
983 2511 1194 2580 existentiam
1222 2512 1335 2597 remit,
1368 2507 1576 2604 formamque
1611 2507 1785 2581 humanam
1821 2494 2063 2596 mirabiliterga

732 2647 855 2722 corpus
883 2634 1022 2695 naturae
1048 2632 1186 2695 nostrae
1213 2628 1409 2716 genuinum,
1436 2623 1619 2700 humanitus
1647 2629 1796 2720 accepit:
1831 2629 1865 2696 in
1897 2648 1936 2697 eo
1959 2629 2063 2695 virtuto

731 2752 765 2813 et
792 2739 951 2814 miracula
979 2749 1137 2836 operatus
1165 2751 1217 2812 est
1243 2739 1286 2812 ad
1299 2743 1535 2814 institutionem
1550 2751 1710 2830 nostram,
1736 2740 1941 2836 perfecitque
1956 2743 2064 2812 mnira-

731 2880 802 2932 sam
830 2858 1109 2952 dispensationem
1139 2876 1232 2927 suarm
1259 2855 1448 2945 salutarem,
1475 2865 1509 2929 at
1535 2861 1628 2930 venit
1653 2857 1695 2928 ad
1716 2861 1921 2953 passionem,
1945 2877 2064 2929 erucam

732 2996 798 3069 que
825 2972 1045 3044 voluntariam
1072 2994 1135 3067 pro
1162 2969 1271 3046 nobis.
1329 2970 1343 3009 ²
1369 2974 1407 3046 br
1442 2996 1485 3046 ea
1517 2984 1626 3046 autern
1653 2983 1753 3045 nocte
1780 2998 1848 3068 qua
1873 2984 1996 3070 paramus
2016 2978 2067 3040 emt

733 3087 774 3159 ad
802 3087 1005 3182 patiendum,
1030 3110 1093 3183 pro
1120 3090 1191 3162 vita
1218 3098 1464 3181 creaturarum,
1500 3093 1621 3185 pignus
1647 3093 1738 3161 vitae
1765 3089 1901 3161 tradidit
1924 3087 2066 3173 molinet

732 3204 927 3298 mysterium
955 3206 1107 3299 corporis
1135 3214 1170 3275 et
1196 3208 1369 3298 sanguinis
1393 3211 1444 3278 sui
1468 3208 1574 3278 sancti
1600 3211 1819 3301 praeparavit
1845 3205 1954 3280 mobis:
1977 3222 2065 3301 panem

733 3321 874 3414 accepit,
900 3330 1077 3414 postquam
1103 3319 1303 3413 perfecisset
1330 3321 1459 3395 Pascha
1486 3321 1684 3410 Mosaicum
1711 3331 1745 3393 et
1765 3342 1992 3419 superaremus
2013 3336 2068 3389 suas

732 3446 867 3506 sanctas
894 3437 926 3505 in
954 3447 1139 3531 conspectu
1166 3436 1284 3510 turbae
1310 3448 1344 3509 et
1371 3442 1542 3512 societatis
1566 3438 1799 3534 discipulorum
1828 3460 1958 3513 suorum
1980 3434 2068 3530 postll

732 3551 791 3623 tibi
819 3552 912 3624 Deus
939 3551 1040 3622 Pater
1072 3555 1199 3644 gratias
1231 3557 1319 3646 egit,
1354 3561 1374 3637 ι
1400 3555 1584 3642 benedixit,
1621 3562 1641 3637 †
1675 3556 1919 3643 sanctificavit,
1948 3550 2069 3640 †iragit,

733 3665 887 3760 deditque
914 3667 1030 3740 turbae
1057 3667 1231 3743 duodecim
1265 3691 1418 3759 suorum,
1450 3681 1625 3766 postquam
1658 3674 1733 3766 ipse
1765 3669 2070 3755 communicamur

720 3781 834 3852 dixit:
863 3784 1017 3878 accipite,
1044 3783 1133 3856 edite
1160 3807 1205 3856 ex
1232 3808 1285 3859 eo.
1338 3786 1413 3860 Hoc
1445 3796 1497 3858 est
1525 3785 1657 3882 Corpus
1683 3810 1793 3860 meum
1828 3787 1917 3883 quod
1947 3807 2001 3880 pro
2022 3783 2070 3849 mir

732 3896 843 3969 mundi
868 3896 1031 3990 frangitur
1058 3909 1091 3971 et
1118 3900 1229 3988 datur,
1264 3902 1307 3975 ad
1334 3907 1559 3999 expiationem
1587 3904 1780 3976 delictorum
1808 3916 1845 3978 et
1878 3903 2071 3974 remissionem

732 4022 958 4109 peccatorum.

836 4130 998 4222 Populus.
1051 4131 1172 4204 Arnen.

837 4243 1021 4317 Sacerdos.
1062 4247 1222 4320 Similiter
1247 4259 1423 4345 postquam
1450 4260 1691 4338 coenaverunt,
1718 4248 1861 4324 calicem
1887 4255 1974 4324 vitae
1995 4268 2073 4321 acca-

736 4364 793 4456 pit,
821 4362 902 4432 vino
930 4371 963 4433 et
990 4385 1076 4457 aqua
1103 4367 1443 4461 miscuittemperata
1470 4369 1597 4459 gratias
1624 4370 1703 4459 egil,
1729 4365 1949 4455 ibenedixit,
1973 4374 1990 4447 i
2012 4384 2072 4436 san·

733 4475 892 4550 ctificavit
925 4501 1022 4568 eum,
1062 4487 1082 4563 †
1118 4490 1152 4551 et
1183 4502 1298 4553 rursus
1338 4481 1447 4555 eidem
1491 4482 1608 4555 turbae
1643 4482 1885 4582 Apostolorum
1921 4492 2073 4556 sanctorum

735 4591 868 4664 tradidit
895 4592 1021 4680 dicens,
1049 4598 1208 4691 accipite,
1242 4596 1346 4669 bibite
1380 4621 1425 4670 ex
1458 4620 1500 4670 eo
1532 4620 1605 4670 vos
1624 4620 1755 4671 omnes:
1789 4599 1855 4672 Hic
1888 4613 1940 4674 est
1968 4595 2073 4688 samnii

734 4730 828 4781 meus
855 4707 945 4783 Novi
972 4712 1177 4786 Testamenti
1212 4717 1267 4807 qui
1302 4736 1364 4810 pro
1397 4715 1498 4787 vobis
1531 4714 1719 4803 effunditur,
1753 4738 1890 4812 vosque
1925 4731 1956 4791 et
1985 4711 2074 4786 multa

669 4833 671 4838 “
729 4824 911 4898 credentes
937 4839 1117 4926 praeparat
1144 4829 1185 4902 ad
1212 4835 1314 4904 vitam
1342 4842 1522 4904 aeternam.

839 4941 1001 5034 Populos.
1055 4947 1174 5018 Arnen.

839 5057 1022 5132 Sacerdos.
1090 5062 1173 5135 Cum
1214 5083 1299 5134 vero
1342 5068 1537 5160 mysterium
1577 5063 1643 5137 hoc
1678 5064 1857 5138 vivificans
1894 5077 1927 5139 et
1959 5069 2074 5138 sancbm
