4525 6034
692 564 768 639 390
1071 563 1672 645 perlustratur
1763 653 1768 662 „

690 751 818 826 cohitas
844 751 1088 840 Antiochenos,
1114 776 1190 826 cum
1216 776 1369 826 manuum
1395 754 1641 850 impositionem
1665 775 1735 826 non
1761 755 1868 826 miuus
1892 775 2046 827 necessa-

688 872 772 942 riam
795 869 1003 963 judicarent,
1038 868 1082 942 ad
1112 873 1288 966 potestatis
1322 869 1510 966 amplioris,
1544 893 1629 966 quae
1660 869 1878 944 Patriarchali
1910 870 2047 963 dignitati

689 989 866 1079 conjuncta
891 997 964 1074 est,
991 986 1220 1074 collationem,
1248 1009 1344 1082 quam
1372 986 1415 1058 ad
1440 986 1644 1084 Episcopum
1669 988 1910 1061 instituendum.
1961 984 2048 1058 Unde

690 1105 788 1175 etiam
816 1102 903 1200 apud
929 1111 1101 1198 utrosque,
1126 1124 1194 1176 non
1221 1106 1293 1175 sine
1315 1101 1472 1199 precihus
1497 1114 1531 1175 et
1551 1125 1704 1175 manuum
1722 1105 1944 1199 impositione,
1968 1101 2047 1199 Epi-

689 1239 812 1316 scopus
840 1219 882 1292 ad
907 1218 1108 1315 Metropolim
1136 1218 1405 1308 transferebatur,
1431 1219 1518 1292 haud
1543 1223 1664 1293 minori
1680 1223 1773 1293 vitio.
1804 1219 1943 1308 Vcnmr,
1969 1224 2048 1315 quia,

690 1346 725 1407 ut
752 1335 914 1425 diximus,
940 1339 1027 1408 inter
1052 1344 1101 1409 tot
1127 1338 1335 1429 ignorantiae
1362 1347 1396 1409 et
1421 1335 1602 1410 haereseos
1628 1335 1736 1427 mala,
1772 1335 1891 1433 quibus
1916 1335 2049 1409 Jacohi·

689 1455 756 1525 tica
770 1450 926 1525 Ecclesia
942 1451 1171 1526 Alexandrina
1199 1451 1404 1526 conflictatur
1430 1452 1472 1527 ab
1500 1457 1595 1527 annis
1621 1452 1711 1526 mille
1737 1462 1772 1526 et
1796 1453 1949 1551 amplius,
1973 1452 2050 1525 hanc

690 1571 931 1644 sanctissimam
959 1568 1165 1665 disciplinam
1192 1568 1347 1665 Coptitae
1372 1574 1577 1644 retinuerunt
1608 1575 1848 1668 incorruptam,
1883 1580 1920 1642 ut
1952 1568 2050 1642 nullus

688 1708 752 1782 per
778 1685 1025 1760 translationem
1054 1683 1095 1757 ab
1124 1684 1188 1759 alia
1214 1685 1409 1783 Episcopali
1435 1686 1517 1760 sede
1551 1685 1593 1759 ad
1619 1686 1882 1760 Alexandrinam
1916 1707 2050 1784 promo·

688 1810 839 1893 veretur,
865 1802 990 1875 idcirco
1014 1800 1230 1874 Patriarchae
1258 1802 1506 1875 Ordinationem
1535 1813 1759 1876 servaverunt
1787 1804 1936 1896 legitime
1962 1801 2050 1875 cele·

689 1915 830 2011 brutam,
857 1918 963 2014 qualis
991 1940 1069 1991 esse
1097 1918 1283 1992 sacerdotis
1304 1917 1416 2010 debet,
1442 1921 1497 2014 qui
1522 1919 1564 1991 ad
1577 1918 1817 2017 Episcopatum
1834 1927 2052 2017 promovebor.

388 2058 484 2112 nm
500 2059 676 2129 qutnngmu-
793 2034 946 2109 LXXIV.
973 2035 1029 2107 Ex
1055 2058 1097 2108 ea
1123 2037 1224 2129 igitur
1249 2033 1328 2129 lege
1355 2038 1384 2108 si
1410 2034 1536 2109 electus
1563 2045 1780 2109 consecratus
1806 2045 1860 2110 est
1884 2038 1920 2107 in
1936 2037 2054 2107 Kentos

370 2151 420 2195 cei.

691 2174 753 2230 ssu
777 2150 1135 2249 Archipresbyterum,
1162 2151 1238 2240 vel,
1266 2152 1354 2248 quod
1380 2150 1468 2224 idem
1496 2162 1567 2241 est,
1596 2152 1834 2248 Hammonem
1862 2157 1973 2227 statim
1997 2174 2053 2224 or-

690 2269 821 2342 dinatur
846 2291 941 2342 more
968 2268 1067 2343 solito
1093 2271 1128 2341 in
1154 2267 1367 2366 Episcopum.
1420 2269 1457 2341 lu
1490 2266 1675 2341 Pontihcali
1706 2277 1839 2342 notatur
1872 2277 2054 2365 practerea,

690 2387 854 2477 electum,
881 2388 910 2459 si
937 2395 1036 2457 antea
1062 2385 1284 2458 Monosticam
1310 2388 1413 2457 vitam
1439 2384 1615 2481 professus
1641 2407 1709 2458 nou
1738 2384 1855 2476 fuerit,
1891 2388 2054 2481 suscipere

689 2500 863 2591 Habitum,
907 2504 982 2575 sive
1013 2500 1176 2590 Schema,
1218 2501 1306 2597 qnod
1336 2501 1383 2574 illi
1415 2504 1614 2598 imponitur,
1648 2502 1743 2576 dictis
1778 2501 1875 2576 simul
1912 2500 2055 2574 omnihus

691 2616 915 2706 orationihus,
941 2640 1027 2712 quac
1055 2617 1097 2691 ad
1122 2617 1309 2690 faciendum
1342 2618 1541 2692 Monachum
1573 2622 1786 2716 pronunciari
1810 2618 1938 2691 'solent
1989 2616 2055 2689 Nec

689 2738 724 2807 in
751 2736 913 2809 exteriori
940 2738 1153 2807 caeremonia
1184 2736 1388 2807 consistitur:
1423 2757 1500 2807 nam
1535 2736 1631 2808 simul
1664 2734 1879 2828 obstringitur
1913 2733 2054 2807 omnibns

689 2852 819 2942 officiis,
844 2853 1108 2948 praesertimque
1135 2849 1365 2941 abstinentiae,
1392 2860 1427 2923 ct
1448 2853 1584 2944 jejuniis
1610 2855 1698 2924 inter
1720 2850 1909 2926 Monachus
1936 2850 2054 2923 obser-

687 2971 787 3042 vatis.
840 2967 938 3040 Unde
963 2971 1049 3040 inter
1075 2971 1213 3041 crimina
1239 2968 1389 3042 Macario
1415 2966 1570 3062 objecta,
1594 2967 1675 3042 illud
1706 2967 1784 3057 luit,
1821 2966 1912 3064 quod
1943 2987 2054 3039 carues

688 3089 721 3158 in
749 3083 845 3159 Cella
870 3084 1087 3159 Patriarchali
1114 3084 1156 3159 ad
1182 3107 1331 3158 mensam
1359 3083 1570 3158 adhibuisset.
1609 3084 1662 3158 Ea
1687 3107 1790 3182 porro
1818 3084 1963 3177 dignitas
1987 3084 2055 3157 Ec-
2190 3113 2198 3128 „

587 3214 593 3223 '
689 3204 815 3276 clesiae
843 3202 1005 3299 Coptieae
1029 3205 1168 3299 propria
1200 3212 1259 3275 est
1312 3202 1442 3273 Kornos
1473 3200 1649 3292 Arabico,
1681 3205 1745 3276 etsi
1776 3224 1851 3275 vox
1882 3204 2053 3297 peregrina

691 3342 771 3393 esse
795 3316 962 3407 videatur,
988 3319 1094 3410 vulgo
1120 3321 1154 3390 iu
1182 3316 1364 3392 Glossariis
1383 3316 1719 3414 Cepheo-Arabicis,
1747 3329 1813 3391 tam
1840 3317 1938 3390 editis
1964 3340 2055 3413 quam

689 3435 773 3509 Mss.
798 3435 983 3531 respondet
1008 3434 1161 3507 Graecae
1186 3430 1419 3535 Ἡγούμενοςε
1445 3433 1510 3507 hoc
1536 3444 1589 3507 est
1613 3433 1744 3507 Adbuc
1759 3456 1820 3507 seu
1847 3434 2054 3506 Archirncn-

689 3553 792 3623 dritn.
845 3551 929 3624 Sunt
955 3561 1065 3623 tamen
1090 3551 1278 3644 Hegumeni
1309 3550 1448 3648 duplicis
1479 3552 1632 3644 generis:
1665 3572 1742 3623 num
1774 3551 1820 3622 ita
1856 3552 2055 3649 appellantur

689 3666 885 3764 aliquando,
920 3670 1020 3740 etiam
1051 3677 1188 3739 servata
1220 3669 1254 3739 iu
1280 3666 1431 3742 Arabico
1458 3689 1636 3757 sermone,
1670 3665 1802 3740 Graeca
1835 3689 1946 3759 voce,
1979 3667 2053 3741 hlo-

688 3788 910 3859 nasteriorum
935 3780 1089 3856 Abbates
1116 3805 1178 3856 seu
1203 3782 1503 3874 Archimandritae,
1528 3793 1565 3855 ut
1590 3807 1637 3857 ex
1653 3782 1802 3877 Liturgia
1830 3796 1866 3858 et
1892 3785 1966 3860 aliis
1986 3783 2053 3856 Ec-

688 3902 885 3977 clesiasticis
911 3898 1005 3972 libris
1032 3910 1146 3997 patet:
1180 3909 1215 3972 et
1239 3903 1273 3972 in
1299 3899 1467 3997 Diptycho
1500 3899 1709 3992 Basilianae,
1742 3900 1799 3975 ubi
1829 3905 1992 3975 memoria
2022 3899 2054 3971 lit

687 4018 831 4094 Abbatis
858 4016 998 4089 tnanms
1023 4014 1228 4109 Hegumeni,
1255 4019 1289 4089 iu
1315 4014 1462 4089 Arabica
1489 4020 1647 4091 versione
1671 4017 1792 4109 legitur
1818 4019 1960 4091 Komos.
1991 4015 2052 4089 Al·

686 4137 751 4209 teri
777 4144 852 4208 sunt
873 4130 1071 4230 Presbyteri
1097 4136 1153 4229 qui
1180 4132 1372 4226 dignitatem
1397 4131 1519 4205 habeut
1536 4132 1745 4206 Sacerdotali
1772 4135 1949 4227 majorem,
1973 4133 2049 4229 Epi-

688 4246 817 4352 scopali
844 4253 1018 4338 minorem,
1045 4248 1132 4322 adeo
1158 4259 1194 4321 ut
1220 4248 1464 4345 quodammodo
1491 4248 1750 4347 chorepiscopis
1777 4249 1904 4323 similes
1930 4249 2052 4337 fuerint,

685 4376 720 4439 et
745 4365 890 4439 sortasse
915 4366 1045 4437 Kornos
1071 4389 1092 4437 a
1126 4388 1217 4440 voce
1250 4363 1383 4438 Graeca
1416 4364 1592 4439 deductum
1618 4376 1672 4440 est
1697 4351 1852 4464 Kalen,
1872 4366 1916 4439 ad
1951 4365 2052 4458 signi-

685 4482 849 4555 ficandum
875 4484 1027 4555 vicorum
1055 4491 1088 4554 et
1113 4504 1279 4578 pagorum
1304 4493 1455 4555 rectores
1480 4481 1723 4581 Presbyteros3
1750 4494 1807 4556 aut
1832 4486 1935 4556 etiam
1951 4501 2051 4579 paro-

687 4599 795 4690 chos,
829 4608 865 4670 nt
900 4597 986 4694 apud
1016 4619 1080 4671 nos
1114 4597 1338 4695 appellantur:
1373 4620 1451 4671 nam
1486 4622 1532 4672 ex
1565 4622 1682 4672 eorum
1716 4600 1927 4674 ordinatione
1959 4603 2051 4695 patet,

687 4724 907 4791 consecratos
933 4712 1040 4787 fuisse
1066 4713 1110 4787 ad
1136 4714 1242 4788 altare
1269 4714 1408 4810 alicujus
1433 4713 1526 4789 urbis
1552 4727 1610 4790 aut
1634 4715 1723 4806 loci,
1754 4720 1850 4789 utin
1877 4738 1922 4788 eo
1948 4731 2049 4785 curam

685 4831 888 4930 pastoralem
916 4842 1127 4904 exercerent.
1179 4831 1229 4904 Ita
1256 4842 1322 4903 turn
1349 4834 1425 4905 veri
1455 4833 1661 4925 Hegumeni,
1695 4854 1757 4907 seu
1789 4830 1944 4906 Ahbates
1975 4829 2049 4903 llo-

685 4952 925 5037 nasteriorum,
953 4956 1020 5020 turn
1046 4947 1139 5021 titulo
1167 4947 1305 5041 alicujus
1331 4947 1508 5022 Ecclesiae
1534 4948 1655 5022 addicti
1681 4949 1905 5038 Sacerdotes,
1933 4957 1966 5021 et
1988 4945 2049 5017 ho·

685 5087 803 5140 norem
830 5064 1029 5140 Sacerdotis
1056 5064 1198 5163 simplici
1232 5067 1393 5158 majorem
1420 5063 1607 5157 habehant,
1640 5073 1673 5139 et
1700 5065 1950 5139 Ordinationem
1980 5063 2048 5133 siu-
