4525 6034
567 590 839 668 inludantur
856 587 1254 666 corltcnnsblslltt.
1518 586 1594 686 255

230 778 387 842 elesiarum
409 779 606 842 vetustiorem
628 795 698 838 esse
721 774 884 838 confirmet.
911 773 987 838 Naar
1009 773 1153 855 quidquid
1175 774 1206 837 in
1227 771 1452 854 Litargiisjllis
1475 772 1592 836 Graece

231 886 321 955 catat,
344 899 462 942 omnem
486 875 636 941 antecedit
658 875 848 937 schismatum
871 875 1059 937 memoriam:
1082 874 1189 936 saltem
1212 872 1494 935 estllubamedanis
1517 880 1596 934 tem-

230 978 365 1060 poribus,
389 978 447 1040 boc
470 985 517 1040 est
538 974 618 1038 mille
641 974 821 1055 etamplius
844 974 939 1051 annis,
963 974 1119 1036 vetustius.
1144 972 1255 1035 Omnes
1278 971 1346 1034 libri
1360 971 1595 1054 Theologorum,

231 1078 443 1142 Commentarii
466 1076 637 1156 Liturgiae,
661 1072 804 1156 quidquid
828 1073 946 1136 tandem
967 1079 1224 1135 monumentorum
1237 1070 1521 1134 Ecclesiasticorum
1539 1089 1596 1134 su-

231 1187 351 1261 perest,
376 1177 454 1240 idem
476 1176 619 1239 efficiunt.

317 1277 379 1342 Sed
401 1286 432 1340 ut
455 1297 495 1339 ex
518 1276 649 1338 Historia
671 1272 908 1335 Patriarcbarum
929 1270 1201 1334 Alexandrinorum
1224 1270 1381 1350 discimus,
1415 1270 1498 1332 initio
1521 1288 1595 1332 sae-
1661 1274 1831 1336 Quamnam·
1848 1277 1918 1329 eirea

230 1378 289 1440 culi
315 1376 499 1453 duodecimi,
530 1383 562 1436 et
592 1392 630 1437 eo
656 1372 795 1448 labente,
824 1372 902 1434 duae
931 1371 1011 1433 circa
1041 1389 1106 1433 eam
1139 1372 1331 1451 quaestiones
1361 1378 1487 1433 exortae
1515 1361 1676 1433 sunt.illum
1693 1368 1769 1413 ΜΟ
1782 1362 1849 1413 ῑιῑθῐ
1864 1359 1919 1415 ⁰⁰·

230 1477 326 1539 Prima
350 1477 406 1540 init
429 1475 485 1538 sub
509 1474 650 1537 Gabriele
674 1471 733 1534 tilio
764 1471 872 1534 Tarich
903 1472 953 1552 qui
982 1469 1071 1533 Lxx.
1102 1478 1276 1533 numeratur
1304 1478 1335 1533 et
1365 1469 1519 1533 ordinatus
1548 1451 1684 1535 estptius
1701 1446 1774 1498 ⁶⁰⁸⁶·

231 1593 310 1638 anno
332 1577 499 1656 Martyrum
520 1571 739 1636 ccccxcvtl.
762 1570 836 1633 Jesu
858 1567 968 1632 Christi
991 1568 1154 1633 mcxxxi.
1193 1570 1222 1632 ls
1246 1588 1313 1633 curn
1335 1578 1405 1652 post
1426 1571 1595 1635 ordinatio-
1608 1533 1919 1687 Ἥξῖῗὲωἶὲἠὲ·

232 1694 300 1737 nem
322 1675 526 1756 processisset
548 1692 633 1748 marc
655 1671 818 1753 majorum,
841 1670 878 1733 ad
900 1670 1113 1733 hlonastorium
1137 1671 1233 1733 sancti
1256 1670 1395 1749 blacarii,
1417 1678 1449 1734 ut
1465 1671 1506 1732 ibi
1521 1690 1597 1754 pro-
1609 1712 1655 1756 ιω,
1691 1657 1699 1684 ’
1910 1657 1920 1684 ’

233 1774 432 1852 clamaretur,
455 1773 670 1853 solemnemque
693 1770 856 1853 Liturgiam
879 1769 1063 1847 celebraret,
1091 1769 1142 1832 ubi
1164 1770 1202 1833 ad
1224 1772 1460 1836 communionem
1483 1789 1598 1852 perve-

232 1878 290 1953 nit,
315 1872 546 1937 Coniessionem
568 1870 777 1952 pronunciavit
799 1869 878 1931 hunc
902 1871 931 1932 in
954 1867 1081 1932 modum.
1117 1867 1217 1932 Credo
1239 1877 1269 1931 et
1290 1873 1433 1951 confiteor
1453 1872 1510 1934 hoo
1532 1891 1599 1935 cccc

233 1994 345 2055 corpas
367 1972 490 2035 Domini
511 1972 731 2034 etScIaatoris
753 1969 945 2031 nostratem
968 1968 1096 2043 Christi,
1118 1970 1199 2049 qaod
1226 1973 1344 2050 accepit
1365 1993 1405 2034 ec
1426 1973 1485 2035 Dei
1509 1972 1600 2051 peni·

233 2077 309 2137 tm'ee
331 2081 440 2135 sancta
462 2072 579 2147 llario,
599 2071 729 2151 lecitque
750 2088 841 2131 mnam
862 2087 930 2130 man
959 2066 1116 2130 camme
1144 2087 1210 2130 aaa.
1261 2069 1401 2134 Testatur
1427 2071 1599 2147 historicus,

236 2173 392 2237 blonachis
418 2170 566 2234 nonnullis
596 2170 785 2251 displicuisse
807 2169 883 2230 haec
905 2166 1006 2230 ultima
1030 2168 1141 2246 verba,
1172 2177 1309 2251 tanquam
1330 2169 1490 2253 adjectitia
1512 2169 1598 2232 dice-

234 2275 306 2336 bant
329 2272 408 2334 enim
430 2269 677 2333 consuetudinem
700 2268 778 2350 apud
801 2287 835 2330 se
858 2285 918 2329 non
940 2285 1024 2344 csse,
1047 2275 1079 2329 ul
1101 2267 1206 2330 eadem
1229 2272 1507 2350 pronunciarentur.
1536 2269 1599 2332 Ga-

234 2373 311 2437 briel
334 2371 500 2433 excusabat
522 2388 574 2448 se,
598 2367 677 2449 quod
701 2367 751 2430 illa
774 2367 901 2429 dixisset
922 2366 970 2427 die
992 2366 1189 2430 ordinationis
1212 2386 1301 2447 suae,
1329 2372 1406 2433 sicut
1427 2388 1599 2452 suggesse·

233 2480 301 2536 rant
323 2473 403 2552 ipsi,
426 2472 476 2551 qui
498 2488 565 2533 eum
587 2468 799 2530 ordinaverant
828 2466 989 2548 Episcopi,
1020 2484 1118 2547 neque
1147 2467 1240 2530 licere
1270 2487 1307 2532 ea
1336 2472 1498 2551 supprimi,
1531 2488 1599 2532 cum

234 2572 413 2635 sententiam
436 2588 538 2632 veram
561 2570 758 2631 continerent.
782 2565 885 2647 ltaque
907 2564 945 2627 de
969 2583 1005 2627 ea
1026 2566 1171 2630 rcrnultis
1187 2568 1375 2631 sermonibus
1389 2570 1506 2648 habitis,
1529 2578 1600 2632 tan-

235 2670 304 2732 dem
328 2671 393 2732 istis
416 2668 517 2732 verbis
540 2667 597 2730 alia
620 2668 707 2749 adjici
729 2665 856 2748 placuit,
880 2664 916 2727 ab
939 2664 1075 2728 omnibus
1099 2667 1303 2748 comprobata,
1326 2670 1405 2732 hunc
1420 2671 1449 2732 in
1470 2669 1599 2733 modum.

234 2770 319 2831 Fecit
339 2770 413 2831 ittae
433 2789 522 2830 mmm
544 2788 611 2830 cum
633 2769 789 2829 divinitate
811 2783 882 2842 aaa,
912 2764 1024 2846 absque
1050 2766 1216 2844 divisione,
1244 2772 1447 2832 commotione
1472 2778 1503 2831 ct
1523 2789 1600 2833 coa-

233 2869 364 2946 samioae.
388 2868 480 2931 Addit
501 2868 622 2943 dator,
644 2885 704 2928 non
726 2883 841 2948 pancos
864 2867 894 2928 in
917 2865 1023 2942 Sabid,
1051 2867 1117 2928 sive
1140 2870 1289 2948 superiori
1315 2870 1490 2947 Provincia,
1520 2871 1601 2933 anti·

236 2985 327 3048 quam
350 2966 594 3030 consuetudinem
618 2967 788 3029 retinuisse.
812 2965 934 3047 Insigne
955 2982 1029 3028 sane
1051 2973 1099 3028 est
1121 2966 1193 3029 illud
1215 2970 1431 3047 testimonium,
1459 2989 1519 3053 quo
1542 2971 1600 3034 de-

236 3075 420 3129 monstratur
450 3086 537 3148 quam
569 3073 685 3129 vetusta
712 3067 774 3148 jam
806 3072 889 3127 esset
919 3064 998 3146 apud
1028 3064 1164 3145 Coptitas
1196 3067 1245 3130 illa
1276 3068 1453 3148 Confessio,
1486 3073 1535 3133 cui
1561 3089 1601 3133 ne

235 3164 376 3228 Monachi
406 3167 500 3229 sancti
528 3166 651 3228 Macarii
680 3164 841 3247 quidquam
868 3163 1049 3245 adjicerent,
1078 3168 1265 3247 antiquorum
1296 3169 1437 3250 exemplo
1468 3189 1502 3233 se
1531 3179 1601 3233 tne-

235 3264 355 3330 bantur.
380 3266 485 3348 Neque
507 3266 544 3328 de
568 3265 625 3328 lade
648 3264 854 3327 Eucharistiae
878 3263 914 3325 lis
937 3272 1020 3344 erat,
1045 3283 1111 3328 cum
1134 3267 1163 3328 in
1187 3286 1223 3330 ea
1251 3286 1355 3332 ornnes
1384 3271 1600 3348 consentirent,

236 3363 293 3426 sed
316 3365 355 3427 de
377 3366 527 3428 additione
550 3364 718 3429 ultimorum
741 3363 918 3440 verborum,
949 3382 1025 3444 quac
1049 3383 1144 3446 prave
1166 3367 1334 3448 intellecta,
1363 3370 1399 3432 ad
1422 3371 1601 3432 sententiam

237 3464 444 3545 Eutychianae
468 3464 631 3528 haereseos
653 3465 730 3527 trahi
753 3472 908 3546 poterant,
932 3463 1036 3526 saltem
1059 3465 1243 3529 Orthodoxis
1266 3470 1458 3533 occasionem
1480 3470 1600 3549 dabant,

238 3570 271 3626 ut
294 3563 331 3625 de
355 3565 593 3647 synchytarum,
621 3566 672 3645 qui
700 3564 933 3636 commistionem
960 3574 1131 3628 naturarum
1163 3567 1360 3646 inducebant,
1391 3587 1515 3650 errore,
1545 3568 1602 3634 Ja-

237 3663 355 3727 cobitas
378 3663 573 3745 postularent.
596 3663 751 3727 Notandus
774 3682 894 3745 quoque
917 3666 947 3726 in
976 3663 1034 3727 illis
1063 3665 1196 3729 historici
1226 3669 1326 3731 vorbis
1357 3687 1421 3733 mos
1450 3672 1600 3750 antiquus,

237 3782 327 3845 quem
351 3765 465 3845 pariter
487 3765 561 3825 varii
585 3764 622 3826 de
645 3762 888 3827 ordinationibus
911 3762 1061 3840 Canones,
1085 3765 1213 3847 librique
1227 3767 1416 3832 Pontificales
1438 3770 1600 3848 stabiliunt,

236 3873 272 3925 ut
293 3863 482 3926 Patriarchae
505 3866 582 3927 inter
605 3863 800 3927 ordinationis
822 3882 896 3925 suae
924 3864 1059 3929 solennia
1095 3867 1133 3929 ad
1163 3869 1286 3947 primam
1316 3869 1495 3952 Liturgiam,
1524 3869 1600 3951 Epi·

236 3964 323 4043 scopi
346 3965 397 4043 qui
419 3981 523 4025 manus
546 3965 603 4044 ipsi
625 3964 839 4045 imposuemnt,
863 3972 1065 4046 suggererent
1088 3966 1232 4030 verbatim
1254 3970 1349 4049 ipsam
1371 3967 1599 4033 Confessionem

238 4062 278 4125 de
301 4062 496 4127 Eucharistia.
542 4063 623 4126 illam
645 4081 718 4127 sane
749 4063 848 4144 legent
875 4065 1089 4145 praescriptam
1121 4069 1288 4148 reperimus
1319 4070 1402 4151 apud
1425 4070 1602 4133 Abulbircat

238 4180 300 4224 nnn
322 4162 412 4225 modo
436 4163 473 4225 ad
488 4162 736 4240 Patriarcbarum,
759 4162 812 4226 sed
836 4162 873 4225 ad
889 4163 1106 4245 Episcoporum
1128 4173 1159 4227 et
1172 4167 1366 4231 Sacerdotum
1389 4170 1601 4233 ordinationes.

236 4262 392 4323 Sacerdos
412 4265 465 4342 qui
484 4264 703 4325 ordinationem
724 4265 871 4343 europi,
893 4265 1031 4342 accedet,
1054 4272 1084 4326 ct
1100 4265 1225 4345 imaqct
1244 4287 1311 4330 cam
1322 4268 1508 4331 Patricrchn
1528 4288 1602 4332 cor*

234 4381 296 4442 pas
317 4360 432 4423 Christi
436 4386 447 4422 .·
468 4362 590 4424 habebit
609 4370 708 4425 autem
729 4364 887 4425 desieram
909 4382 1029 4425 mannan
1049 4383 1136 4426 mmm
1158 4368 1301 4429 mambae
1322 4371 1549 4449 superpositam,
1572 4378 1603 4431 et

237 4464 271 4523 ia
293 4480 330 4522 ea
352 4462 412 4521 erit
428 4463 582 4540 partienda
603 4462 822 4524 Eucharistiae.
845 4463 991 4544 Snpqcret
1012 4464 1056 4525 itti
1075 4463 1259 4528 Patriarchn
1282 4467 1507 4547 Coanfccaioncm
1527 4488 1601 4531 aer*-

240 4559 341 4621 baem.
367 4559 484 4637 Credo,
506 4569 565 4624 etc.
589 4579 677 4641 qaam
699 4568 812 4641 repetet
833 4565 897 4641 ejas
923 4564 1077 4643 exempla,
1105 4572 1140 4627 at
1165 4566 1327 4645 manifesta
1352 4570 1408 4647 fiat
1433 4569 1601 4632 bominibus

239 4660 387 4720 recondo
409 4661 608 4740 consessionis
629 4666 702 4735 (sen
723 4649 920 4744 ὀρθοδοξια)
943 4665 1022 4743 qim,
1050 4666 1120 4726 dnm
1147 4685 1258 4746 empna
1287 4674 1333 4729 est
1357 4669 1389 4730 ia
1415 4671 1479 4747 cjrrr
1499 4688 1599 4734 mame.

239 4757 279 4820 Et
300 4756 339 4819 ad
361 4758 542 4839 Episcopum
564 4759 758 4822 ordinandum
782 4761 980 4842 praecipitur,
1004 4772 1036 4826 ut
1058 4762 1216 4844 Corafesaio
1238 4767 1283 4828 itta·
1303 4775 1483 4849 miqpcratur
1498 4769 1601 4850 mque

240 4858 404 4919 ammata
425 4878 514 4938 parm
537 4860 695 4922 ordinatus
715 4861 879 4941 inteiliyat,
901 4872 935 4924 nt
955 4871 1037 4925 certo
1059 4872 1176 4927 constet
1193 4867 1270 4945 fides
1283 4871 1346 4947 cjam
1360 4869 1442 4949 apud
1456 4867 1601 4932 Patriar-

212 4955 340 5018 etam.
372 4955 414 5019 lta
436 4956 599 5021 Abusebah
629 4959 659 5022 in
682 4960 812 5023 Scieutia
834 4959 1063 5040 Ecclesiastica,
1093 4972 1124 5026 et
1153 4962 1273 5028 Gabriel
1302 4967 1332 5028 in
1361 4965 1502 5047 urrann„
1522 4987 1600 5050 quaa

245 5055 411 5118 testimonia
433 5057 576 5139 majorem
603 5059 635 5121 ia
662 5058 781 5123 modum
809 5059 1020 5125 continuantur
1048 5063 1188 5145 exemplo
1218 5064 1426 5145 Patriarcbae‚
1453 5068 1485 5130 in
1515 5072 1602 5154 cnjus
