4525 6034
725 565 799 642 130
1089 569 1450 650 tttttttdtl
1501 571 1723 670 bllllbll

824 754 974 828 Elecaas
999 778 1124 830 cocao.
1176 757 1349 851 Rogamus
1376 767 1422 849 te,
1448 759 1602 848 Domine,
1629 769 1665 830 ut
1690 759 1793 832 robur
1829 759 1887 833 des
1911 763 2054 857 impoten-

721 874 789 943 tiae
821 881 973 945 nostrae:
1010 873 1156 966 adJunge
1190 896 1254 946 nos
1291 878 1403 947 coetui
1438 879 1731 971 primogenitorum
1776 875 2001 971 descriptorum
2031 884 2058 953 in

721 987 835 1059 coelis.
887 988 1012 1063 Eorum
1040 1000 1150 1062 antem
1177 994 1525 1064 commemorationem
1551 990 1710 1080 facimus,
1735 1001 1771 1066 ut
1797 994 1895 1064 etiam
1918 994 1974 1087 ipsi
1996 1016 2058 1066 me

719 1127 833 1177 mores
859 1109 964 1179 nostri
993 1110 1058 1179 sint
1083 1128 1198 1180 coram
1225 1115 1270 1196 te,
1297 1118 1331 1180 et
1356 1111 1599 1180 communicem
1624 1106 1797 1181 nobiscum
1822 1107 1897 1179 hnic
1921 1109 2059 1180 mendcio

720 1220 892 1315 spirituali,
920 1222 962 1293 ad
988 1226 1278 1296 conservationem
1305 1226 1480 1310 vivorum,
1513 1223 1555 1295 ad
1581 1222 1858 1296 confortationem
1890 1226 2061 1319 eormnqui
2185 1295 2191 1312 ,

721 1339 807 1407 inter
832 1359 896 1410 nos
923 1348 1112 1431 aegrotant,
1139 1349 1173 1410 et
1199 1338 1241 1410 ad
1267 1343 1415 1433 requiem
1440 1339 1584 1412 bdelium
1611 1342 1667 1434 qui
1693 1338 1917 1412 decubuerunt
1939 1339 2060 1427 Patrun,

719 1451 856 1525 fratrum
885 1465 918 1525 et
943 1459 1179 1547 magistrorum
1205 1465 1406 1544 nostrornm,
1432 1460 1674 1552 pergratiam,
1700 1466 1735 1528 et
1747 1458 1972 1529 miserationes
1995 1456 2060 1526 mi-

720 1573 823 1661 geniti
849 1570 924 1642 Filii
950 1574 1015 1662 tui,
1049 1581 1082 1643 et
1107 1571 1250 1666 Spiritus
1277 1575 1324 1644 tui
1349 1576 1466 1662 sancti,
1492 1594 1591 1662 nnnc,
1618 1582 1682 1645 etc.

824 1686 985 1780 Populos.
1037 1689 1158 1761 Amen.
1201 1723 1206 1730 ·

823 1802 998 1874 Sacerdos
1024 1805 1216 1878 inclinatas.
1269 1805 1436 1878 Memento
1471 1808 1586 1892 etiam,
1613 1804 1772 1893 Domine,
1798 1802 1986 1877 Praesnlum
2007 1822 2063 1872 ve-

720 1940 843 2006 rorum,
872 1941 986 1992 corum
1014 1924 1069 2015 qui
1102 1921 1279 1994 abacobo
1313 1925 1462 2019 principe
1493 1920 1754 2018 Episcoporum,
1787 1943 1895 2017 usqne
1926 1917 2063 1990 adhunc

721 2035 819 2124 diem,
847 2035 1069 2109 orthodoxam
1095 2037 1192 2109 lidern
1219 2041 1253 2109 in
1278 2035 1441 2111 Ecclesiis
1467 2040 1530 2110 tuis
1558 2036 1843 2110 confirmaverunt.

728 2229 731 2236 ,
823 2152 972 2223 Eleoaas
996 2175 1121 2224 ccccm.
1148 2153 1343 2226 Doctrinam
1369 2155 1540 2227 illustrium
1566 2152 1695 2226 illorum
1718 2153 1904 2240 doctorum,
1924 2155 1974 2246 qui
1993 2172 2063 2247 por-

719 2278 874 2342 taverunt
895 2291 1016 2340 nomen
1038 2279 1126 2341 tnnm
1154 2281 1316 2360 sanctum,
1337 2293 1450 2345 coram
1472 2270 1622 2368 populis,
1645 2270 1794 2361 regibus,
1821 2279 1855 2340 et
1875 2266 1948 2368 filiis
1968 2265 2063 2354 lsrael,

719 2388 753 2457 in
781 2383 951 2459 animabus
978 2389 1101 2458 nostris
1137 2386 1314 2460 confirma:
1343 2388 1504 2463 haereses
1530 2387 1628 2460 nohis
1648 2388 1867 2482 pemiciosas
1894 2385 2066 2478 comprime:
2201 2429 2202 2470 3

720 2512 755 2575 et
779 2511 913 2599 praesta
939 2502 1036 2574 nobis
1062 2511 1098 2574 ut
1124 2507 1312 2576 consistere
1338 2506 1465 2599 absque
1491 2502 1752 2600 reprehensione
1778 2506 1946 2598 possimus
1970 2520 2063 2571 mmm

722 2617 876 2691 tribunali
903 2628 960 2690 tuo
988 2618 1176 2691 tremendo:
1211 2625 1287 2715 quia
1320 2632 1454 2694 sanctus
1481 2643 1540 2706 es,
1574 2629 1608 2690 et
1634 2619 1854 2691 sanctificator
1882 2625 2066 2719 sanctornm

721 2733 847 2830 tibique
873 2733 1015 2827 gloriam
1042 2733 1229 2826 referimus,
1256 2746 1290 2808 et
1315 2731 1484 2829 unigenito
1511 2734 1578 2807 filio
1606 2746 1674 2827 tuo,
1702 2744 1763 2806 etc.

824 2851 986 2945 Populus.
1038 2851 1158 2923 Amen.
2055 2939 2058 2954 Ι

823 2968 998 3072 Sacerdos
1032 2968 1223 3042 inclinatas.
1275 2969 1462 3057 Memento,
1501 2967 1662 3056 Domine,
1703 2969 1846 3039 omnium
1883 2991 1928 3040 ex
1964 2964 2067 3038 Ordine

718 3084 982 3174 Ecclesiastico,
1015 3086 1070 3179 qui
1096 3087 1130 3156 in
1157 3084 1221 3157 lide
1248 3084 1445 3158 Orthodoxa
1471 3084 1597 3181 pridem
1626 3083 1779 3157 obierunt
1812 3093 1848 3155 et
1876 3087 2075 3179 quaeserunt?
2201 3085 2202 3090 ’

720 3213 755 3273 et
781 3204 1029 3296 cujuscumque,
1055 3223 1118 3297 pro
1146 3224 1214 3297 quo
1249 3202 1444 3275 sacrificinm
1478 3200 1681 3289 obtulerunt,
1718 3211 1897 3274 eteorum
1923 3203 1974 3296 qui
1995 3220 2065 3269 nunc

719 3323 936 3392 nominantur.

825 3434 974 3506 Elaeam
1005 3455 1129 3506 vocem
1181 3433 1343 3521 Domine,
1380 3432 1535 3505 Domine·
1564 3432 1658 3504 Deus
1699 3434 1869 3527 spirituum
1907 3441 1941 3504 et
1978 3434 2065 3503 omns

721 3554 842 3638 carnis,
868 3561 1034 3623 memento
1062 3552 1205 3622 omnium
1232 3571 1360 3636 eornm,
1387 3552 1442 3642 qui
1468 3551 1502 3619 in
1527 3547 1592 3618 lide
1617 3556 1710 3619 recta
1737 3570 1757 3618 a
1783 3545 1885 3621 nobis
1911 3551 2065 3640 migrave-

720 3677 810 3740 runt:
848 3670 988 3762 quietem
1022 3676 1157 3763 praesta
1184 3664 1392 3761 corporibus,
1420 3662 1590 3736 animabus
1627 3676 1661 3737 et
1694 3662 1862 3759 spiritibus
1896 3685 2018 3748 eorum,
2039 3670 2066 3731 at

718 3781 825 3854 libera
853 3805 913 3855 eos
940 3808 960 3855 a
987 3783 1197 3856 damnatione
1230 3803 1315 3876 quae
1348 3780 1445 3852 linem
1478 3802 1544 3852 non
1580 3777 1688 3852 habet.
1746 3780 1888 3853 Cumula
1924 3801 1982 3852 eos
2003 3776 2065 3848 lae-

660 3941 664 3950 ·
719 3901 801 3986 titia,
828 3901 862 3970 in
888 3903 1028 3992 regione
1055 3923 1153 3996 quarn
1178 3897 1338 3969 illuminat
1363 3896 1520 3993 splendor
1545 3897 1656 3969 vultus
1683 3901 1747 3987 tui,
1783 3895 1900 3970 delens
1935 3916 2065 3992 praeva-

719 4018 898 4088 ricationes
925 4039 1051 4107 eorum,
1078 4038 1143 4087 uec
1169 4018 1294 4086 intrans
1320 4005 1354 4085 in
1375 4012 1534 4106 judicium
1558 4011 1724 4100 cumillis,
1750 4014 1962 4107 nequeenim
1986 4012 2064 4105 qnis-

720 4156 819 4228 quam
844 4155 946 4229 pnrus
973 4141 1026 4205 est
1051 4158 1071 4205 a
1097 4143 1239 4228 peccato
1266 4151 1381 4203 coram
1396 4138 1442 4219 te,
1468 4132 1531 4202 nisi
1557 4129 1648 4202 solus
1674 4123 1863 4222 unigenitus
1890 4128 1972 4200 filins
1996 4137 2064 4210 uus,

718 4272 781 4345 per
807 4272 904 4344 quern
931 4253 1030 4323 etiam
1057 4259 1090 4321 et
1115 4257 1254 4345 propter
1289 4269 1385 4342 quem
1412 4268 1585 4343 speramns
1618 4245 1883 4319 misericordiam
1917 4243 2065 4337 consequi,

720 4377 754 4438 et
779 4366 877 4440 nobis
905 4364 1036 4438 stillis.
1114 4364 1274 4458 Papulas.
1325 4364 1444 4437 Amen.
1724 4439 1727 4444 ,

823 4482 999 4555 Sacerdos
1039 4480 1229 4552 inclinatas.
1280 4479 1424 4552 Remitte
1468 4489 1501 4551 et
1538 4502 1641 4576 parce
1678 4480 1769 4551 Dens
1808 4481 1958 4574 peccatis
1995 4492 2064 4568 quac

719 4602 954 4687 commisimus,
983 4600 1196 4691 cogitatione,
1223 4597 1332 4670 verbo
1350 4605 1384 4669 et
1405 4618 1522 4692 opere,
1548 4595 1730 4668 manifestis
1757 4605 1791 4667 et
1819 4594 1969 4682 occultis,
1993 4608 2063 4685 quat

718 4716 778 4789 tibi
803 4714 978 4791 manifesta
1005 4723 1089 4789 sunt
1714 4736 1719 4746 ⁸

823 4833 972 4906 Eleaata
997 4854 1091 4904 occe.
1144 4832 1260 4903 Finem
1286 4840 1435 4903 nastrum
1468 4839 1578 4902 autem
1610 4827 1736 4924 absque
1768 4836 1912 4923 peccato
1943 4817 2061 4904 cauli

657 4967 660 4986 ·
719 4950 873 5039 Domine,
901 4960 935 5022 et
960 4970 1131 5042 congrega
1158 4969 1221 5020 nos
1248 4945 1308 5020 sub
1335 4944 1474 5042 pedibus
1501 4946 1826 5018 electorumtuorum
1853 4942 1992 5041 mando,
2007 4933 2060 5018 ull
2201 5029 2202 5042 ,

720 5076 754 5137 et
779 5066 947 5160 quomodo
973 5065 1133 5154 volueris,
1166 5062 1373 5137 solummodo
1401 5060 1529 5157 absque
1560 5061 1756 5137 confusione
1781 5071 1919 5158 propter
1944 5059 2060 5155 peccatu
2201 5045 2202 5094 ³
