4525 6034
673 1310 825 1378 Copti
830 1321 939 1363 taru

671 1398 799 1448 urbe
817 1397 891 1448 Co
862 1329 1050 1464 ορῑιοιι

668 1485 815 1534 citur.

704 2922 775 2970 lli*
803 2922 923 2970 urim
947 2922 1127 2988 suffitu.

1057 1328 1205 1363 onum
1229 1312 1293 1363 ab

1074 1398 1294 1450 ”dedu’
1263 1418 1708 1490 ’deducenda
1772 1421 1966 1491 vocis
2036 1421 2296 1509 origine
2364 1416 2447 1489 ab
2511 1415 2681 1488 urbe
2750 1416 3038 1509 Goploa,
3105 1420 3294 1511 quasi
3359 1414 3472 1486 illa
3539 1417 3660 1486 ῐθῑῑ
3727 1416 4081 1510 Aegypto

1319 544 1447 617 CX
2357 539 3107 618 DISSERTATIO

1312 729 1442 803 bus
1494 729 1693 825 plena
1747 731 1854 818 sit,
1905 749 2153 800 nomen
2206 726 2378 799 aliud
2435 725 2742 822 quiddam
2794 705 3010 796 eidem
3046 723 3514 819 imponendum
3568 730 3697 795 est:
3754 725 3813 796 si
3867 727 4075 794 mixta

1318 868 1411 917 ex
1462 844 2185 941 Liby-Aegyptiorum
2240 851 2309 913 et
2351 839 2652 913 Arabum
2687 838 3136 912 Barbarorum
3177 861 3487 913 sermone
3537 837 3767 930 lingua
3808 842 4080 910 censeri

1317 958 1518 1032 debet
1568 969 1726 1032 nata
1782 958 1903 1031 sub
1960 956 2239 1029 Yubidis
2292 954 2737 1052 principibus,
2803 954 2932 1027 hoc
2995 965 3100 1027 est
3150 953 3500 1026 undecimo
3556 963 3624 1026 et
3677 953 4074 1025 duodecimo

1318 1074 1617 1165 saecum,
1670 1074 1916 1146 frustra
1971 1072 2472 1145 commendatur
2510 1071 2955 1162 Liturgiarum
2994 1093 3166 1165 quae
3220 1069 3453 1141 eadem
3507 1067 3732 1160 lingua
3787 1071 4078 1162 scriptae

1319 1198 1471 1261 sunt
1525 1192 1900 1283 antiquitas,
1955 1211 2146 1282 quam
2196 1187 2326 1260 illis
2379 1186 2666 1261 saeculis
2720 1188 3134 1282 superiorem
3184 1183 3662 1257 contendimus.

1530 1304 1819 1375 Primum
1871 1306 2069 1394 igitur
2121 1300 2620 1377 observandum
2674 1309 2813 1390 est,
2867 1300 3112 1373 frustra
3162 1298 3513 1373 laborasse
3565 1297 3955 1369 Kircherum
4009 1301 4082 1367 in

1322 1544 1523 1628 atque
1576 1533 1746 1606 adeo
1802 1535 1929 1629 ipsi
1991 1532 2259 1624 linguae
2325 1555 2573 1604 nomen
2631 1530 2906 1603 dederit.
3015 1531 3324 1627 Coptitae
3378 1530 3461 1603 ab
3517 1528 3856 1601 Arabibus
3912 1526 4078 1600 solis

1319 1657 1649 1720 vocantur
1677 1647 1865 1735 Κὲὁὶ,
1924 1658 1993 1719 et
2044 1651 2112 1719 in
2155 1646 2394 1742 plurali
2440 1646 2635 1719 aliter
2669 1645 2983 1732 formam,
3035 1646 3273 1719 Akbat
3321 1645 3650 1740 Aegyptii
3694 1643 4079 1716 Christiani:

1320 1772 1389 1834 et
1439 1766 1528 1833 ita
1581 1761 1789 1853 vulgo
1846 1760 2141 1834 scribunt
2193 1760 2681 1833 Muhamedani.
2789 1761 2883 1832 At
2936 1760 3291 1833 Christiani
3355 1759 3652 1831 Arabice
3704 1757 4079 1833 scribentes

1321 1887 1390 1950 et
1454 1876 1831 1970 loquentes,
1897 1898 2055 1948 raro
2112 1876 2495 1972 Aegyptios
2565 1886 2818 1948 vocant
2870 1877 3060 1963 Isim,
3116 1880 3266 1949 sive
3322 1874 3646 1970 Coptitas,
3699 1895 3935 1946 verum
3990 1892 4076 1942 eo

1314 1996 1585 2064 nomine
1651 1990 2034 2083 Jacobitas‚
2109 1992 2194 2063 ad
2245 1991 2709 2063 Melchitarum
2780 1994 2931 2063 sive
3006 1990 3552 2063 orthodoxorum
3615 1989 4077 2076 differentiam,

1315 2105 1536 2181 solent
1605 2105 1983 2198 designare.
2105 2106 2181 2179 Si
2251 2104 2534 2202 Coptice
2600 2104 2955 2200 loquuntur
3025 2116 3137 2177 aut
3216 2106 3514 2179 scribunt
3579 2100 4081 2203 Ηανγύπτιος,

1317 2229 1429 2292 aut
1479 2218 1897 2319 Νιγύπτιος,
1953 2230 2066 2293 aut
2118 2226 2621 2320 Ηανρέφχημι
2690 2229 2942 2293 vocant
3002 2221 3304 2318 Aegypti
3370 2220 3625 2293 incolas
3681 2228 3749 2290 et
3784 2219 4081 2312 'indige-

1313 2358 1472 2408 nas:
1528 2337 1838 2430 Coptitas.
1889 2358 2221 2431 nunquam
2275 2357 2396 2410 eos
2450 2339 2812 2427 nominant,
2868 2360 2997 2432 qua
3052 2336 3530 2409 observatione
3595 2333 3753 2405 nihil
3804 2339 4081 2425 certius,

1324 2474 1477 2522 cum
1543 2474 1694 2523 eam
1748 2450 2139 2523 confirment
2204 2450 2623 2524 Glossarium
2688 2449 2774 2522 ab
2846 2456 2997 2547 ipso
3066 2450 3393 2524 Kirchero
3459 2450 3737 2542 editum,
3805 2461 3875 2522 et
3945 2452 4082 2524 alia

1315 2566 1561 2638 inedita
1612 2567 1817 2659 longe
1881 2567 2179 2639 meliora.
2284 2566 2447 2640 Inde
2510 2575 2697 2662 patet
2765 2589 3010 2639 vocem
3084 2565 3531 2664 Οορῐίῐαιιιιιι,
3586 2589 3709 2641 seu
3762 2566 3952 2657 Kiht,
4006 2578 4084 2638 ut

1313 2679 1612 2753 Arabice
1688 2682 1993 2772 effertur,
2065 2705 2106 2753 a
2173 2703 2355 2754 voce
2431 2680 2803 2781 αἰγύπτιος
2885 2682 3237 2755 formatam
3307 2705 3464 2756 esse
3483 2735 3505 2773 ‚
3576 2703 3712 2752 non
3766 2681 3852 2754 ab
3906 2682 4082 2755 urbe

1319 2797 1560 2891 Copto,

1525 2911 1697 2982 Mira
1751 2911 1835 2983 de
1889 2912 1998 2982 illa
2049 2909 2219 2983 urbe
2287 2894 2801 2984 comminiscitur
2868 2911 3231 2986 Kircherus
3254 2966 3276 3002 .‚
3327 2936 3548 3008 neque
3602 2921 3825 2984 tamen
3875 2910 4078 2982 ullam

1316 3037 1617 3100 autorum
1676 3029 1785 3121 qui
1839 3025 1924 3098 de
1980 3049 2062 3098 ea
2114 3025 2266 3099 fuse
2321 3029 2751 3122 scripserunt,
2805 3030 3105 3099 notitiam
3153 3027 3419 3100 videtur
3457 3025 3792 3102 habuisse.
3898 3027 4083 3098 Nota

1314 3153 1460 3215 erat
1513 3143 1797 3236 antiquis
1853 3139 2313 3237 Geographis‚
2380 3140 2733 3233 Straboni,
2801 3142 3191 3214 Ptolemaeo
3245 3152 3314 3214 et
3380 3142 3548 3233 aliis,
3604 3153 3801 3236 atque
3854 3141 3936 3215 ab
3992 3166 4081 3214 ea

1317 3256 1615 3352 Coptites
1668 3257 1924 3329 Nomus
1981 3255 2463 3352 appellabatur.
2571 3255 2820 3328 Plinius
2877 3280 3025 3328 eam
3078 3261 3401 3349 nominat,
3455 3261 3678 3353 aitque
3734 3277 3893 3330 esse
3942 3259 4080 3330 In-

1316 3375 1625 3444 dicarum
1677 3372 2275 3466 Arabicam-amque
2325 3375 2648 3443 merciam
2681 3371 2845 3442 Nilo
2893 3377 3282 3466 proximum
3338 3377 3724 3466 emporium.
3830 3373 3938 3445 Ad
3993 3397 4079 3446 ea

1311 3485 1529 3559 verba
1582 3486 2005 3560 doctissimus
2060 3489 2312 3578 editor,
2381 3487 2499 3561 sed
2571 3491 2640 3558 in
2696 3487 3140 3560 Orientalibus
3195 3487 3403 3559 literis
3457 3510 3593 3559 non
3648 3492 4076 3561 exercitatus.

1314 3604 1666 3696 Aeqyplus
1716 3606 1871 3696 ipsa
1915 3604 2254 3698 indiqenis
2292 3604 2510 3696 Kupti
2560 3609 2849 3673 vocatur
2873 3604 3147 3692 detrita,
3201 3610 3277 3674 ut
3326 3610 3641 3697 apparel,
3698 3626 3795 3677 ex
3845 3611 4080 3674 vetere

1316 3716 1782 3808 appellatione
1819 3719 2191 3813 Aeqypbm‚
2240 3723 2474 3812 prima
2522 3717 2807 3810 syllaba.
2912 3718 3094 3788 Hinc
3138 3719 3412 3814 linquae
3445 3719 3777 3812 Copticae
3816 3741 4078 3790 nomen.

1314 3829 1411 3900 At
1461 3830 1820 3926 Aegyptus
1871 3843 2157 3904 vocatur
2211 3832 2296 3905 ab
2351 3833 2682 3926 indigenis
2726 3838 2964 3928 Χημι,
3017 3855 3150 3905 ιιοιι
3201 3835 3443 3928 Καρίί,
3497 3844 3566 3904 et
3610 3832 3692 3905 ab
3735 3833 4075 3908 Arabibus

1313 3947 1528 4037 Mean,
1583 3955 1650 4016 et
1699 3947 1925 4039 lingua
1980 3958 2266 4021 vocatur
2320 3947 2626 4046 Coptica,
2684 3951 2835 4044 quia
2892 3947 3330 4043 Coptitarum‚
3385 3970 3508 4022 seu
3560 3947 4078 4045 Aegyptiorum,

1317 4084 1486 4157 quos
1539 4061 1834 4155 ArabeS‚
1885 4074 1958 4135 ut
2010 4063 2331 4154 diximuS‚
2401 4066 2573 4138 Kibt
2632 4074 2884 4138 vocant
2934 4075 3040 4139 est
3088 4069 3375 4162 propria.
3482 4066 3749 4138 Nomen
3807 4065 3979 4138 istud
4040 4085 4081 4133 a

1319 4176 1538 4272 Copto
1594 4178 1762 4251 urbe
1814 4178 2171 4252 formatum
2228 4203 2421 4271 esse,
2477 4181 2788 4277 quidquid
2838 4180 3200 4254 Kircherus
3256 4181 3519 4269 dixerit,
3576 4185 3886 4255 sustineri
3938 4203 4078 4253 non

1318 4303 1557 4390 potest.
1668 4292 1974 4367 Celebris
2029 4305 2176 4367 erat
2224 4297 2339 4368 illa
2391 4296 2553 4369 urbs
2607 4300 2675 4368 in
2729 4295 3106 4367 Thebaide:
3160 4297 3429 4388 longam
3484 4295 3569 4367 de
3622 4295 3795 4367 illius
3853 4299 4078 4387 origi-

1318 4406 1536 4497 nibuS‚
1593 4418 1660 4479 et
1713 4410 2207 4504 antiquitatibus
2259 4414 2708 4483 narrationem
2750 4420 2984 4483 texunt
3015 4410 3306 4504 ArabeS,
3361 4421 3433 4481 ut
3483 4414 3655 4481 inter
3709 4411 3877 4483 alios
3914 4412 4079 4482 Ma-

1318 4522 1588 4612 krizius‚
1640 4522 2003 4598 Kazuinius
2057 4535 2126 4596 et
2180 4525 2334 4617 alii,
2405 4526 2527 4600 sed
2579 4526 2822 4599 fabulis
2875 4529 3486 4621 inquinatissimam.
3595 4524 4084 4599 Celebrabatur

1319 4639 1716 4733 praesertim
1768 4639 2280 4732 smaragdorum
2334 4645 2578 4733 insigni
2631 4641 2882 4732 fodina‚
2935 4641 3151 4713 Plinio
3203 4664 3340 4713 non
3393 4644 3648 4732 ignota,
3705 4663 3897 4734 quam
3953 4665 4084 4711 ac-

1322 4761 1553 4822 curate
1606 4753 1921 4826 describit
1970 4754 2231 4829 Ahmed
2286 4755 2456 4828 filius
2508 4758 2707 4854 Ayaz
2771 4760 2841 4828 in
2894 4778 3102 4852 opere
3159 4755 3661 4852 Geographico.,
3714 4766 3932 4826 tamen
3995 4756 4081 4829 ab

1322 4865 1434 4936 illa
1484 4865 1775 4957 linguam
1830 4870 2325 4965 Aegyptiacam
2377 4893 2623 4943 nomen
2677 4876 3050 4968 accepisse,
3102 4894 3301 4944 nemo
3341 4874 3737 4967 scriptorum
3779 4869 4083 4943 Arabum

1323 4983 1684 5054 memoriae
1760 4983 2064 5078 prodidit.
2161 4986 2353 5058 Haec
2435 4990 2655 5060 omnia
2745 5011 2916 5083 quae
3001 5011 3093 5060 ex
3188 4986 3669 5084 probatissimis
3740 4986 4083 5059 autoribus
