4525 6034
479 626 661 705 ldNATll
692 625 1023 705 Patrlnncnnn
1058 626 1356 710 luttocntntt.
1527 631 1604 708 529

231 815 375 886 mentiae
401 823 489 886 tuae.
542 813 698 887 Extende
724 837 915 910 supernos
942 815 1116 889 dexteram
1144 825 1254 907 tuam,
1282 817 1413 892 colloca
1444 783 1509 892 dos
1542 819 1604 894 snb

231 928 348 1003 umbra
376 939 441 1002 tua.
493 932 734 1021 Peccavimus,
751 934 952 1038 ¹insipienter
984 942 1018 1004 et
1053 935 1153 1029 impie
1186 937 1338 1026 egimus,
1369 936 1478 1009 verba
1511 935 1604 1009 Pro-

230 1046 400 1142 phetamm
427 1051 680 1136 centensimus,
715 1049 953 1145 praedicationi
985 1049 1227 1145 Apostolorum
1267 1072 1367 1124 aures
1407 1050 1604 1125 clausimus:

232 1161 416 1235 doctrinam
441 1165 575 1236 Patruro
602 1166 799 1264 rejecimus,
824 1176 1006 1262 praecepta
1033 1175 1088 1237 tna
1115 1164 1252 1238 vivifica
1283 1187 1351 1238 nou
1384 1171 1606 1245 servavimus.

230 1278 357 1351 Verum
383 1283 459 1374 quia
484 1302 608 1352 nomen
633 1290 723 1352 tuum
749 1302 817 1353 non
845 1279 1103 1373 abnegavimus,
1128 1304 1174 1353 ne
1208 1280 1359 1375 abneges
1393 1305 1457 1358 nos
1474 1306 1606 1358 coram

229 1395 331 1468 Patre
356 1405 428 1467 tuo:
455 1418 517 1470 nos
545 1399 601 1490 qui
627 1395 820 1469 confitemur
846 1407 881 1468 te
912 1419 1026 1470 coram
1058 1396 1264 1487 bominibus,
1297 1398 1458 1473 confitere
1490 1423 1606 1475 coram

229 1511 372 1606 Angelis
398 1516 481 1585 tuis:
506 1523 645 1609 propter
670 1512 766 1604 baec,
793 1523 827 1585 et
851 1511 916 1585 alia
942 1515 1105 1607 eJusmodi
1120 1513 1275 1588 Ecclesia
1293 1524 1349 1589 tua
1366 1526 1477 1610 rogat,
1503 1540 1605 1610 grex,

230 1638 266 1701 et
291 1649 376 1701 oves
403 1639 480 1704 tuae
507 1628 692 1726 supplicant
718 1640 752 1702 et
778 1628 1016 1725 deprecantur,
1043 1640 1078 1703 et
1103 1654 1166 1727 per
1192 1641 1241 1723 te,
1270 1640 1369 1727 atque
1395 1643 1504 1705 tecum
1531 1632 1604 1704 Pa-

161 1787 164 1794 ·
230 1755 314 1818 trem
340 1755 430 1817 tuum
456 1746 582 1820 dicens.
1313 1765 1315 1768 ’

332 1862 494 1956 Populus.
544 1861 717 1950 Miserere.

295 2030 298 2036 ·
332 1977 521 2052 Diocooua.
576 1979 685 2065 Quam
710 1978 854 2050 timenda
881 1988 935 2050 est
959 1977 1045 2050 baec
1069 1978 1163 2052 bora.

469 2254 646 2327 Sacerdos
672 2255 757 2326 dicit
783 2254 1040 2326 invocationem
1065 2252 1218 2348 Spiritus
1243 2256 1365 2326 coacti.

330 2438 344 2483 ³
394 2443 487 2517 Deus
526 2446 645 2534 Pater,
687 2466 820 2519 oramus
867 2466 928 2540 per
968 2443 1201 2516 abundantiam
1239 2443 1491 2516 misericordiae
1524 2455 1602 2518 tuae

229 2559 474 2650 substantialis,
501 2570 535 2632 et
561 2561 733 2652 naturalis,
758 2563 851 2633 mitte
878 2559 1074 2632 directorem
1100 2559 1189 2632 illum
1216 2558 1373 2655 Spiritum
1398 2570 1489 2632 tuum
1516 2583 1601 2633 san-

227 2686 328 2766 ctum,
363 2680 419 2772 qui
445 2700 464 2749 a
491 2687 526 2748 te
552 2678 716 2774 procedit,
743 2685 777 2749 et
813 2679 934 2772 accipit
968 2698 988 2747 a
1022 2676 1109 2748 Filio
1143 2686 1201 2748 tuo
1236 2675 1460 2749 essentialiter
1491 2686 1526 2747 et
1558 2675 1600 2748 ab
1640 2737 1645 2763 ,

227 2802 381 2864 aeterno:
409 2796 464 2889 qui
490 2797 686 2890 supervenit
710 2797 745 2866 in
771 2792 957 2885 Virginem,
985 2791 1232 2887 etpurificavit
1258 2815 1345 2880 eam,
1373 2802 1471 2886 atque
1497 2794 1532 2863 in
1558 2815 1601 2863 ea

226 2909 404 2982 formatum
430 2920 483 2982 est
517 2933 641 3007 corpus
674 2920 824 2983 sanctum
857 2910 1016 3000 unigeniti
1042 2907 1119 2980 Filii
1145 2910 1209 2996 tui,
1246 2911 1303 3003 qui
1334 2907 1414 2979 lecit
1445 2929 1509 2981 nos
1541 2908 1602 2981 tibi
1680 2947 1683 2952 >

225 3024 399 3121 lilios’per
424 3030 566 3118 gratiam
593 3036 691 3114 tuam,
720 3048 786 3121 quo
820 3025 1013 3122 perficiente
1040 3022 1161 3117 divini,
1199 3035 1234 3096 et
1261 3023 1402 3096 deificati
1434 3023 1530 3113 fiunt,
1565 3034 1602 3098 ut

226 3141 341 3213 altaria
374 3165 507 3237 quoque
533 3154 567 3215 et
601 3142 740 3239 templa,
773 3141 815 3213 ad
847 3141 990 3234 gloriam
1023 3142 1195 3212 ministerii
1223 3143 1285 3230 tui,
1317 3139 1373 3212 ille
1404 3143 1478 3235 ipse
1512 3161 1601 3213 ntruc

224 3261 339 3331 veniat
364 3268 399 3331 et
423 3258 576 3332 illabatur
602 3282 704 3355 super
729 3279 805 3348 noS,
832 3268 867 3329 et
891 3279 992 3352 super
1019 3266 1229 3330 sacramenta
1255 3255 1350 3346 baec,
1377 3267 1486 3351 eaque
1512 3279 1598 3329 cor-

222 3396 288 3471 pus
321 3376 457 3467 efficiat,
502 3385 537 3448 et
568 3399 623 3447 me
655 3375 824 3468 iudignum
865 3376 1020 3468 omnique
1052 3371 1143 3446 bono
1179 3382 1348 3445 carentem
1382 3371 1533 3470 purificet
1565 3382 1600 3445 et

191 3508 195 3528 ¹
226 3492 408 3585 abstergat,
436 3514 634 3587 omnemque
661 3513 802 3587 gregem
828 3500 918 3562 tuum
946 3488 1159 3585 spiritualem.

328 3608 490 3702 Populus.
541 3610 661 3682 Amen.

326 3725 511 3797 Sacerdos.
563 3723 699 3796 Exaudi
724 3746 789 3796 ma.

325 3842 516 3913 Diaconos.
568 3841 675 3936 llyrie
701 3839 842 3929 eleison,
869 3839 975 3936 llyrie
1001 3839 1143 3930 eleison,
1168 3837 1275 3934 llyrie
1302 3837 1440 3911 eleison.

327 3957 510 4029 Sacerdos.
563 3955 609 4029 Ut
634 3980 696 4054 per
722 3957 863 4029 adlatum
897 3966 931 4028 et
956 3955 1109 4052 illapsum
1136 3978 1230 4029 suum
1258 3964 1443 4044 secretum,
1475 3977 1597 4050 panem

222 4072 308 4147 bunc
333 4073 484 4169 perficiat
510 4096 633 4169 corpus
661 4082 811 4146 sanctum
838 4081 873 4144 et
899 4076 1076 4144 animatum
1102 4072 1185 4145 lesu
1210 4072 1276 4143 Dei
1303 4074 1415 4144 nostri.

325 4189 486 4283 Populus.
539 4190 661 4265 Amen.
1016 4281 1017 4286 Ἰ
1127 4182 1131 4190 ’

324 4306 510 4377 Sacerdos.
562 4303 607 4379 Et
633 4309 765 4380 mistum
799 4304 886 4400 quod
910 4302 975 4377 boc
1002 4303 1108 4375 calice
1137 4305 1339 4391 continetur,
1370 4300 1483 4374 iaciat
1507 4322 1593 4373 sau-

222 4425 357 4514 guinem
381 4425 511 4513 vivnm,
538 4432 571 4494 et
597 4421 764 4495 intellectu
789 4421 974 4518 praeditum
1000 4420 1083 4492 lesu
1108 4421 1173 4492 Dei
1200 4423 1315 4493 nostri.

323 4537 485 4631 Populos.
536 4537 657 4611 Amen.

323 4653 508 4726 Sacerdos.
561 4654 607 4728 Ut
632 4655 840 4728 sanctificent
867 4673 983 4725 omnes
1010 4673 1072 4726 eos
1099 4652 1155 4746 qui
1182 4674 1223 4723 ea
1250 4659 1397 4738 sument,
1432 4658 1466 4719 et
1491 4650 1590 4743 puri-

219 4769 319 4843 ficent
345 4792 406 4843 eos
433 4793 549 4844 omnes
577 4775 632 4868 qui
657 4775 738 4867 ipsis
774 4767 1090 4842 commiscebuntur:
1126 4767 1369 4861 emundentque
1402 4766 1530 4838 animas
1556 4775 1592 4837 et

220 4908 365 4982 corpora
391 4909 508 4959 eorum
535 4891 590 4982 qui
615 4891 698 4984 ipsis
713 4883 1016 4974 communicabunt3
1044 4888 1175 4978 sintque
1201 4881 1299 4955 nobis
1326 4891 1478 4955 sanctum
1504 4901 1591 4951 san·
1621 4947 1625 4960 ,

220 5003 379 5093 ctiiicans,
406 5007 555 5100 expiatio
582 5014 797 5099 peccatorum
814 5004 1056 5099 propitiatoria,
1081 5022 1195 5073 murus
1213 4999 1256 5072 ad
1276 5001 1499 5086 securitatem,
1527 5019 1591 5068 arx

218 5117 314 5194 fortis
342 5119 384 5192 ad
412 5119 659 5212 defensionem3
691 5125 878 5194 immunitas
905 5141 925 5190 a
952 5120 1152 5192 tentatione:
1178 5117 1411 5212 praeservatio
1439 5138 1459 5186 a
1487 5112 1590 5186 dolis:
