4525 6034
705 468 757 542 24
1162 469 1576 598 ⁸LITURGIA

703 657 1185 752 animarum,·sptritnamqne,
1211 667 1246 730 et
1270 666 1486 754 peccatorum
1511 669 1703 734 nostrorum
1728 650 1960 735 remissionem
1979 684 2083 734 com.

698 771 895 867 parandam.

811 889 1163 961 Tancarmnanicabit
1177 889 1370 981 Sacerdm,
1398 914 1589 988 carpensque
1616 901 1652 966 et
1676 895 1873 986 cananaea
1889 896 2083 986 pretiosius

596 1036 600 1041 ·
634 999 641 1010 ’
698 1003 889 1076 Sacerdoti
914 1009 1010 1077 cocio
1038 1004 1238 1095 distribuet,
1266 1014 1334 1078 tarn
1364 1011 1529 1079 ministris
1562 1017 1597 1082 et
1624 1008 1753 1103 papate
1785 1008 1964 1103 deinceps:
1996 1016 2081 1081 tan-

596 1161 600 1168 ·
701 1118 843 1213 dompne
868 1120 1065 1192 mulieribus
1090 1146 1137 1195 ec
1164 1123 1271 1194 altari
1298 1146 1372 1194 carn
1397 1124 1493 1196 disco
1519 1125 1736 1197 descendens.

711 1313 717 1319 ,
806 1235 912 1308 Dicet
938 1236 1126 1310 Diaconos.
1181 1238 1285 1311 Orate
1310 1261 1374 1336 pro
1402 1240 1554 1317 omnibus
1582 1241 1788 1315 Christiania.

932 1497 1053 1568 Oratio
1080 1500 1272 1592 matiarnrn
1298 1499 1447 1569 actonis
1469 1505 1551 1591 post
1576 1456 1848 1569 communicasse.

804 1701 989 1775 Sacerdos.
1017 1701 1087 1774 Ora
1101 1713 1218 1775 nostra
1243 1701 1371 1799 repleta
1402 1714 1478 1778 sunt
1491 1701 1627 1795 gaudio,
1654 1711 1688 1776 et
1713 1702 1954 1795 ingaanmtra
1971 1702 2078 1775 exul-

701 1821 839 1907 tatione,
874 1820 951 1913 qrria
983 1820 1165 1914 participes
1198 1819 1280 1893 lacti
1313 1839 1426 1893 sumus
1452 1819 1746 1893 sacramentorum
1776 1828 1908 1891 tnornm
1934 1823 2078 1891 immor-

698 1933 834 2025 talium,
869 1930 1012 2006 Domine
1018 1959 1029 2037 3
1066 1937 1258 2030 quinquae
1286 1935 1403 2007 cardus
1436 1957 1505 2008 non
1537 1934 1620 2008 vidit
1651 1943 1686 2006 et
1718 1936 1807 2006 auris
1838 1955 1908 2007 non
1940 1934 2078 2024 audivit,

699 2072 765 2122 nec
789 2048 965 2121 humanum
993 2070 1055 2120 cor
1081 2049 1348 2146 comprehcndit,
1374 2050 1429 2124 illa
1456 2054 1530 2146 ipsa
1556 2052 1765 2146 praeparasti
1791 2049 1902 2140 Deus,
1928 2048 2078 2142 diligen-

699 2163 787 2238 tibus
821 2187 945 2238 nomen
977 2175 1069 2238 mam
1104 2178 1255 2241 sanctum
1290 2177 1324 2239 et
1355 2166 1516 2240 revelasti
1548 2188 1591 2238 ea
1620 2164 1771 2262 parvalis
1796 2164 1974 2238 Ecclesiae
1999 2174 2079 2238 tune

700 2290 850 2354 sanctae.
901 2281 955 2372 Ita
981 2280 1082 2375 Pater
1110 2280 1173 2355 fuit
1197 2275 1441 2380 beneplacitam
1467 2292 1544 2354 ante
1571 2291 1617 2373 te,
1643 2284 1721 2377 quia
1746 2291 1782 2359 tu
1807 2284 2000 2355 misericors
2027 2301 2079 2365 es,

701 2407 736 2469 et
761 2399 918 2469 mittimus
944 2397 1004 2469 tibi
1030 2419 1161 2472 sursum
1187 2398 1343 2490 gloriam,
1356 2397 1531 2488 honorem,
1558 2407 1592 2469 et
1618 2395 1847 2471 adorationem
1862 2398 1965 2487 Patri,
1991 2394 2078 2468 Filio

701 2520 736 2582 et
761 2511 897 2607 Spiritui
924 2522 1054 2603 sancta,
1083 2535 1172 2587 nunc
1198 2524 1231 2585 et
1258 2502 1403 2610 semper,
1430 2522 1494 2584 etc.

1006 2771 1128 2843 Oratio
1155 2771 1389 2842 inclinationis
1404 2761 1491 2863 'post
1516 2773 1786 2841 commonionem.

804 2975 991 3047 Sacerdos.
1049 2975 1151 3047 Servi
1179 2979 1237 3066 tui,
1264 2975 1417 3065 Domine,
1445 2977 1501 3073 qni
1526 2972 1585 3046 tibi
1610 2975 1807 3063 ministrant,
1835 2985 1932 3047 orant
1957 2995 2079 3047 nomen

700 3102 791 3164 tuum
819 3101 983 3181 sanctum,
1010 3092 1175 3187 simulque
1201 3114 1317 3165 ceram
1343 3101 1376 3162 te
1402 3114 1441 3165 se
1467 3090 1634 3162 inclinant.
1661 3088 1745 3162 Esto
1773 3091 1807 3160 in
1833 3089 1896 3162 illis
1923 3090 2078 3181 Domine,

700 3205 833 3279 ambula
871 3210 957 3279 inter
991 3229 1068 3295 eas,
1105 3202 1230 3299 adjuva
1262 3207 1338 3280 illos
1369 3211 1404 3279 in
1436 3213 1525 3282 omni
1561 3231 1666 3305 opere
1698 3207 1809 3295 bono,
1844 3213 1940 3300 erige
1975 3211 2077 3283 corda

700 3346 821 3396 eorum
847 3322 889 3395 ab
918 3326 1008 3395 omni
1033 3345 1199 3419 perversa
1231 3332 1265 3394 et
1291 3334 1424 3396 terrena
1452 3328 1665 3417 cogitatione.
1719 3322 1772 3396 Da
1805 3324 1869 3397 illis
1895 3335 1932 3397 ut
1961 3329 2079 3399 vivant

700 3449 736 3511 et
761 3442 913 3531 cogitent
937 3461 979 3510 ea
1009 3461 1097 3534 qnae
1124 3439 1296 3512 advitam
1322 3443 1500 3535 pertinent,
1526 3439 1777 3534 intelligantqne
1807 3464 1895 3535 qrnae
1921 3450 1977 3513 tua
2004 3450 2079 3514 sunt

700 3577 763 3651 per
788 3553 909 3627 Filium
935 3564 1026 3625 tunm
1059 3558 1262 3646 unigenitum
1294 3554 1412 3628 lesum
1438 3555 1603 3628 Christum
1630 3556 1810 3628 Dominum
1835 3567 2001 3645 nostran,
2035 3556 2077 3628 ad

701 3692 800 3764 quem
825 3688 890 3741 nos
918 3679 952 3740 et
979 3672 1087 3743 omnis
1113 3669 1256 3766 populus
1283 3680 1358 3744 tuus
1385 3670 1566 3744 clamamus
1586 3671 1745 3746 dicentes.
1799 3670 1942 3744 Domine
1967 3675 2076 3744 mise-

700 3809 779 3859 rere
804 3790 923 3877 nostri,
950 3808 972 3859 a
999 3786 1168 3861 Salvator.

1088 4045 1265 4118 Sacerdos
1290 4045 1383 4116 dicet
1407 4044 1684 4116 benedictionem.
1823 4121 1826 4125 ,

806 4249 836 4321 0
862 4248 1018 4337 Domine,
1045 4259 1119 4321 esto
1146 4247 1244 4322 nobis
1271 4251 1475 4345 misericors,
1501 4246 1644 4322 benedic
1661 4250 1771 4339 nobis,
1786 4247 1928 4323 ostende
1954 4247 2075 4321 faciem

700 4375 790 4438 tuam
804 4386 906 4460 super
929 4387 982 4455 cs,
1010 4373 1045 4435 et
1057 4367 1221 4439 miserere
1238 4369 1353 4439 nostri.
1379 4365 1536 4456 Domine,
1562 4366 1694 4439 salvam
1719 4354 1786 4437 lac¹
1800 4363 1959 4461 papulum
1973 4375 2075 4455 mum,

701 4480 844 4555 benedic
869 4479 1067 4553 haereditati
1093 4489 1183 4572 tuae,
1219 4491 1255 4553 et
1279 4503 1365 4574 rege
1392 4502 1465 4570 eos,
1496 4490 1530 4552 et
1556 4480 1682 4554 extolle
1711 4440 1795 4554 illei
1815 4501 1922 4575 usqua
1947 4483 1981 4552 in
2009 4503 2074 4553 ae-

701 4605 841 4670 ternum.
895 4595 1074 4671 conserva
1107 4595 1184 4670 illos
1216 4600 1249 4669 in
1281 4597 1347 4669 fide
1373 4607 1486 4687 recta,
1519 4596 1650 4689 gloria,
1683 4606 1718 4670 et
1748 4595 1897 4687 honore,
1924 4594 2074 4669 omnibus

702 4710 938 4785 diebusvitae
964 4733 1059 4803 suae,
1087 4722 1121 4784 et
1146 4715 1311 4786 constitue
1342 4712 1419 4787 illos
1445 4715 1480 4785 in
1514 4716 1653 4787 caritate
1680 4730 1766 4810 qaae
1793 4715 1905 4787 omnia
1930 4721 2077 4809 superat,

701 4837 738 4899 et
763 4849 849 4923 pace
884 4850 971 4922 quae
1007 4831 1096 4900 omni
1130 4829 1297 4902 intellecta
1324 4830 1480 4925 superior
1507 4840 1571 4922 est,
1596 4853 1658 4927 per
1684 4850 1805 4927 preces
1832 4839 1867 4901 et
1892 4831 2076 4918 stationae,

702 4963 786 5035 quas
812 4941 915 5015 faciet
940 4965 1004 5040 pro
1028 4943 1128 5018 nobis
1154 4945 1299 5018 Domina
1325 4948 1470 5020 omnium
1494 4957 1662 5037 nostrum,
1688 4946 1798 5019 Mater
1824 4944 1901 5036 Dei,
1926 4944 2016 5018 Diva
2041 4953 2077 5016 et
