4525 6034
696 514 772 589 320
1275 523 1505 603 NOTAE

642 686 646 711 ¹
696 700 913 766 elementorum
935 710 1213 772 transmutationem
1234 707 1335 788 valet,
1364 710 1512 792 simulque
1535 713 1600 795 ejus
1623 732 1696 777 vera
1718 715 1809 779 lectio
1836 715 2045 783 confirmentur.

694 800 772 864 Satis
795 808 857 865 tuta
880 810 946 866 erat
968 804 1162 888 Copticorum
1185 808 1322 871 codicum
1343 809 1439 888 lides,
1470 829 1537 873 cum
1566 812 1646 875 nulla
1675 814 1832 878 observari
1853 825 1957 895 posset
1976 816 2046 880 inter

692 899 761 963 illos
784 900 962 984 diversitas,
990 913 1021 969 et
1043 908 1210 970 muniretur
1231 916 1391 989 praeterea
1418 927 1570 973 consensu
1594 912 1777 977 Graecarum
1805 915 1933 977 omnium
1953 915 2046 978 bitur-

691 1000 810 1080 giarum
832 1009 988 1081 veterum,
1008 1004 1135 1085 Jacobi,
1157 1006 1269 1086 blurci,
1299 1008 1401 1071 Busilii
1424 1015 1455 1070 et
1483 1007 1706 1092 Chrysastomi:
1736 1012 1790 1076 sed
1820 1014 1906 1076 istius
1936 1013 2044 1079 Codicis

690 1101 819 1163 maxima
841 1108 889 1163 est
912 1096 1064 1167 autoritas.
1102 1106 1150 1168 Ex
1172 1124 1209 1169 eo
1231 1107 1348 1170 scilicet
1370 1107 1547 1190 intelligitur
1568 1110 1639 1173 nibil
1662 1113 1693 1173 in
1717 1120 1801 1174 textu
1822 1113 1998 1192 mutandum,
2019 1122 2044 1176 et

691 1197 803 1263 frustra
825 1219 895 1264 esse
913 1203 1202 1284 interpretationem,
1222 1224 1309 1286 quam
1327 1206 1488 1270 Salmasius
1510 1207 1718 1293 Gregorianae
1741 1209 1886 1292 Copticaa
1902 1212 2044 1296 Liturgiae

661 1294 668 1317 ⁸
690 1301 919 1364 accommodare
942 1312 1069 1367 conatus
1092 1313 1148 1369 est.
1194 1305 1353 1368 invocatur
1375 1306 1502 1388 Spiritus
1525 1317 1667 1389 sanctus,
1697 1318 1731 1373 ut
1758 1311 1863 1371 acuat
1890 1329 1978 1390 nuper
1995 1332 2044 1375 nas

686 1409 867 1479 peccatores
889 1409 919 1464 et
938 1405 1078 1483 maignus
1099 1424 1207 1467 seruas
1229 1413 1305 1484 tuos,
1329 1407 1370 1468 ait
1393 1405 1554 1486 Sacerdos,
1577 1415 1608 1470 et
1624 1428 1716 1490 suaper
1730 1410 1807 1471 baec
1827 1409 1924 1470 dona:
1946 1427 2043 1490 nempe

690 1515 785 1578 super
806 1500 957 1563 ministros
981 1500 1110 1582 Christi,
1142 1510 1176 1566 ut
1196 1503 1373 1567 Sacerdotio
1401 1522 1457 1568 suo
1485 1507 1543 1569 rite
1573 1504 1750 1591 iungentum
1778 1525 1872 1588 super
1899 1508 1988 1587 dona,
2015 1515 2044 1573 ut

689 1595 741 1659 illa
771 1598 945 1662 sanctificet.
1002 1602 1035 1664 lu
1066 1604 1206 1684 sequenti
1235 1604 1381 1685 particula
1409 1606 1554 1669 orationis
1587 1608 1682 1670 verbu
1713 1605 1829 1669 Graeca
1864 1624 1882 1668 a
1914 1606 2043 1671 Librariis

688 1697 766 1759 male
789 1698 889 1760 habita
910 1708 989 1763 sunt.
1025 1697 1096 1764 Καὶ
1116 1687 1250 1788 ποιήσει
1271 1689 1327 1764 τὸν
1347 1697 1407 1781 μὲν
1430 1692 1527 1789 ἄρτον
1548 1701 1665 1768 τοῦτον
1686 1700 1809 1788 γίνεται
1831 1697 1881 1778 εἰς
1901 1695 1939 1767 cd
1960 1696 2042 1790 ἅγιον

688 1795 785 1874 σῶμα
807 1804 866 1862 etc.
912 1798 987 1862 Cum
1009 1799 1171 1884 legendum
1193 1803 1242 1865 sit.
1286 1797 1358 1864 Καὶ
1377 1791 1499 1887 ποιήσῃ
1521 1791 1577 1866 τόν
1605 1799 1666 1882 μὲν
1695 1793 1791 1893 ἄρτον
1820 1803 1937 1867 τοῦτον
1962 1799 2043 1888 γίνε-

689 1897 774 1959 σθαι
797 1884 888 1979 ἅγιον
911 1897 1015 1979 σῶμα.
1061 1900 1105 1962 lta
1127 1900 1206 1963 enim
1228 1901 1342 1984 legisse
1364 1903 1496 1967 Arabem
1519 1905 1732 1986 interpretem,
1763 1926 1804 1969 ex
1826 1907 1892 1987 ejus
1912 1906 2042 1967 versione
2098 1940 2106 1969 r

687 2005 814 2059 constat.
857 1999 966 2062 Faciat
987 2020 1072 2077 esse,
1101 1999 1152 2063 vel
1178 2001 1249 2081 fieri
1276 2021 1388 2082 carpta
1416 2010 1563 2068 sancum.
1608 2002 1735 2086 Coptica
1761 2007 1866 2068 versio
1891 2004 2042 2085 simplicius

688 2103 720 2158 et
741 2096 857 2159 melius.
901 2098 943 2160 Et
961 2099 1063 2180 faciut
1079 2120 1193 2181 panem
1214 2102 1332 2182 quidem
1359 2103 1449 2163 iatam
1477 2121 1589 2183 corpus
1617 2112 1769 2182 sanctum,
1799 2111 1856 2169 etc.
1902 2104 2042 2169 Sententia

601 2228 605 2231 ·
688 2198 805 2259 utrovis
828 2197 916 2262 moda
939 2201 1125 2280 exprimatur
1147 2201 1253 2264 eadem
1275 2209 1331 2265 est.

920 2460 1127 2560 Προοίμιον
1152 2468 1214 2558 τῆς
1238 2459 1403 2547 adducere.
1458 2462 1583 2535 Oratio
1610 2465 1820 2536 Fractionr‘s.

765 2669 909 2755 Kalaa
936 2694 1002 2756 sive
1026 2694 1219 2756 Fractianem
1239 2702 1350 2757 vacant
1378 2693 1548 2759 Orientales
1583 2714 1650 2759 eam
1677 2696 1833 2780 Liturgiae
1861 2696 2039 2778 partemin

686 2810 745 2873 qua
767 2792 917 2857 Sacerdos
939 2812 1047 2875 panem
1069 2792 1306 2857 Eucharisticum
1328 2793 1440 2880 frangit
1461 2797 1492 2858 in
1512 2797 1616 2878 plures
1639 2796 1818 2879 particulas:
1848 2816 1968 2879 quarum
1988 2814 2040 2858 uua

685 2895 781 2976 major
804 2890 890 2954 calici
912 2894 1090 2974 immittitur,
1120 2900 1151 2956 et
1173 2912 1213 2956 ex
1235 2911 1273 2956 ea
1295 2896 1506 2978 consignatur:
1537 2903 1600 2960 tum
1629 2915 1669 2958 ex
1698 2895 1803 2959 eadem
1835 2898 2039 2980 consignantur

685 2993 761 3055 aliae
784 2993 968 3074 particulae,
993 3012 1070 3076 quae
1093 2994 1123 3056 in
1146 2992 1231 3057 duca
1254 2993 1418 3075 dispositae
1441 3002 1519 3075 suut,
1543 2995 1634 3077 litque
1657 2996 1686 3058 id
1708 2996 1790 3077 quad
1811 2995 1921 3060 Graeci
1943 3000 2040 3057 vocant

684 3083 780 3177 ἁγίαν
801 3088 932 3171 ἕνωσιν,
953 3093 1004 3155 alii
1025 3093 1279 3174 obsignationem:
1302 3101 1409 3175 estque
1431 3094 1502 3155 unio
1525 3093 1649 3156 duarum
1671 3096 1862 3176 specierum,
1892 3114 1947 3177 qua
1974 3112 2040 3156 cae·

684 3195 818 3256 semonia
839 3200 1008 3274 testantur,
1031 3201 1064 3255 ut
1085 3192 1157 3255 dicit
1178 3192 1342 3274 Dionysius
1364 3191 1523 3272 Barsalibi,
1554 3212 1666 3274 corpur
1694 3213 1760 3256 ease
1781 3197 1865 3258 taam
1886 3197 2038 3276 sanquiniq

684 3300 714 3354 et
734 3296 911 3374 sanguinem
931 3294 1013 3355 tutu
1042 3296 1198 3373 emporis,
1232 3310 1309 3374 quae
1339 3311 1410 3355 mox
1438 3293 1722 3357 communicantibus
1750 3294 1970 3359 distribuentur.
2010 3293 2038 3355 lu

586 3456 593 3473 ,
684 3393 742 3455 boc
769 3412 844 3457 vero
874 3393 943 3456 laco
973 3393 1162 3457 Prooemium
1195 3392 1267 3455 nibil
1297 3392 1376 3455 aliud
1405 3393 1555 3475 siguificat
1584 3411 1672 3473 quam
1699 3394 1882 3476 orationem,
1912 3413 1985 3476 quae
2011 3392 2040 3455 tit

684 3499 754 3555 ante
775 3495 871 3574 ipsam
892 3493 1084 3569 fractionem3
1106 3511 1168 3555 non
1190 3494 1269 3556 enim
1290 3500 1338 3555 est
1360 3494 1445 3573 quasi
1468 3492 1592 3554 aliarum
1609 3491 1768 3557 Praelatio.
1815 3494 1935 3577 Quippe
1955 3501 1986 3556 ut
2004 3490 2037 3555 ad

683 3592 768 3673 pacis
791 3593 936 3673 osculum,
960 3592 999 3654 ad
1020 3579 1173 3678 εἰρηνικά,
1194 3593 1259 3656 sive
1281 3610 1392 3675 preces
1413 3608 1470 3673 pro
1489 3611 1564 3674 pace
1583 3592 1799 3673 Ecclesiarum,
1824 3592 1863 3655 ad
1885 3594 2037 3676 gratiarum

684 3692 851 3769 actionem,
873 3694 913 3755 ita
936 3694 972 3755 ad
996 3691 1173 3755 fractionem
1195 3692 1335 3755 diversae
1357 3694 1550 3774 assignantur
1572 3694 1739 3755 orationum
1761 3691 1918 3760 formulae.
1961 3692 2036 3766 Qua-

682 3799 754 3855 tuor
782 3794 813 3855 in
842 3793 899 3856 bac
921 3792 1037 3856 Graeca
1067 3801 1137 3865 sunt
1165 3792 1312 3874 eJusmadi
1334 3793 1501 3855 orationes:
1526 3810 1656 3873 ‚quarum
1678 3793 1775 3873 prima
1796 3793 1910 3876 legitur
1929 3793 1959 3854 in
1979 3790 2035 3853 Co-

683 3894 766 3974 ptico
794 3892 930 3972 Codice,
953 3893 1009 3955 sed
1031 3900 1097 3956 erat
1118 3894 1151 3955 in
1173 3891 1369 3973 Scaligerauo
1399 3886 1480 3955 siae
1496 3892 1599 3971 titula,
1630 3909 1718 3973 quem
1749 3892 1798 3955 alii
1820 3893 1891 3955 libri
1918 3909 2037 3972 reprae-

683 4000 819 4072 sentant,
841 4001 1010 4075 vocantque
1032 3994 1179 4072 similiter,
1203 3992 1395 4054 Prooemium
1413 3991 1592 4072 fractionis,
1622 3993 1664 4054 ita
1689 3991 1869 4055 vertendum
1891 4000 1953 4069 est,
1984 4005 2036 4054 nou

683 4077 852 4172 dividenta,
876 4100 908 4155 ut
929 4092 1076 4157 Maronita
1097 4092 1198 4157 vertit.
1228 4090 1268 4174 ,Si
1290 4090 1409 4171 quidem
1431 4092 1509 4154 actio
1533 4092 1582 4154 illa
1604 4092 1754 4175 significat
1775 4073 1951 4155 fractio'uem
1971 4107 2035 4151 cor-

683 4196 766 4276 poris
790 4192 917 4272 Cbristi,
952 4201 984 4255 ut
1014 4192 1274 4256 Commentatores
1300 4189 1503 4272 biturgiarum
1531 4192 1660 4254 ducent:
1703 4191 1816 4254 Eadem
1847 4201 1895 4256 est
1926 4206 2034 4271 quoque

682 4312 745 4357 vox
768 4292 911 4374 Coptica,
935 4311 1013 4372 quae
1035 4293 1146 4376 legitur
1168 4293 1197 4354 iu
1221 4292 1315 4354 lorma
1337 4290 1499 4352 verborum
1514 4288 1634 4355 Christi.
1664 4290 1731 4353 Hac
1752 4299 1798 4354 eat
1818 4311 1930 4372 carpus
1949 4306 2034 4352 maan

649 4422 652 4429 ⁴
681 4395 763 4476 quad
779 4412 838 4473 pra
860 4392 947 4455 cabis
966 4392 1131 4474 frangitur,
1155 4378 1317 4472 κλώμενον
1338 4376 1637 4476 ιοίθροπτόμενον,
1660 4398 1692 4453 ut
1711 4392 1741 4452 in
1758 4388 2034 4454 ClementinisCau-

391 4504 423 4560 Ρ.
442 4510 484 4559 72.
504 4511 547 4560 73.
566 4518 590 4561 el
606 4510 649 4562 74.

681 4492 883 4557 stitutionibus
907 4499 937 4553 et
959 4492 1104 4573 aliquibus
1120 4493 1265 4576 Litargiis
1284 4490 1404 4573 legitur.
1429 4490 1566 4555 Secunda
1582 4508 1661 4572 quae
1680 4496 1785 4553 sancta
1800 4488 1911 4552 Basilio
1927 4486 2034 4550 adscri-

680 4592 775 4671 bitur,
800 4599 883 4654 extat
904 4593 935 4653 in
957 4591 1093 4674 ejusdem
1115 4591 1233 4654 Graeca
1254 4591 1408 4673 liturgia,
1438 4589 1519 4671 quod
1545 4589 1685 4652 indicium
1712 4596 1760 4651 est
1791 4591 1933 4670 scripturn
1963 4586 2033 4648 illam

680 4693 787 4772 luisse,
812 4699 969 4773 antequam
992 4692 1067 4754 baec
1088 4690 1294 4754 Alexandrina
1316 4691 1453 4753 ordinata
1475 4689 1599 4766 fuisset,
1623 4698 1673 4751 aut
1695 4688 1864 4769 adjunctam
1887 4687 1928 4750 illi
1949 4685 2032 4748 fuisse

679 4793 757 4856 banc
787 4793 968 4871 orationem,
1004 4792 1084 4872 quod
1115 4791 1306 4854 verisimilius
1337 4797 1398 4868 est,
1438 4791 1507 4870 quia
1542 4788 1628 4851 abest
1661 4806 1678 4850 a
1709 4787 1842 4868 Copticis
1873 4785 2031 4850 Codicibus.

681 4893 782 4956 'l'ertia
805 4893 915 4956 inillis
944 4894 1107 4975 reperitur,
1130 4910 1200 4954 cum
1221 4892 1281 4954 levi
1303 4890 1459 4953 admodum
1482 4888 1661 4953 differentia.
1704 4888 1821 4962 Quarta
1841 4886 1958 4950 tandem
1979 4902 2031 4945 er-

595 5044 597 5047 .
679 5001 723 5057 tat
745 5012 865 5076 quoque
887 4995 917 5056 iu
941 4991 1068 5076 Coptica
1089 4992 1237 5076 Litargia,
1260 4991 1316 5055 sed
1339 4989 1478 5054 tribuitur
1498 4989 1607 5053 laarmi
1628 4986 1790 5067 Bostreua,
1812 4987 1872 5068 vel,
1897 4994 1929 5050 ut
1950 4982 2030 5047 babet
