4525 6034
1104 1128 1707 1307 bllUllGlll

874 1461 1319 1581 suolonis
1374 1461 1942 1582 onnrsosronr.

1124 1749 1274 1820 Primum
1301 1749 1422 1820 Oratio
1449 1754 1529 1819 arete
1554 1749 1690 1819 Pacem.

788 1946 946 2050 Dournn
973 1972 1066 2046 Deus
1100 1975 1322 2069 omnipotens,
1348 1992 1471 2045 nomen
1497 1996 1652 2066 magnum
1679 1983 1713 2044 ct
1739 1984 1907 2065 sanctum,
1933 1975 2060 2062 excelse,

720 2090 885 2162 laudande
911 2098 945 2160 et
970 2090 1124 2161 mundum
1151 2099 1316 2184 potestate
1343 2089 1580 2185 complectens,
1608 2092 1663 2186 qui
1689 2087 1730 2162 ab
1758 2089 1822 2162 illis
1849 2090 1994 2163 omnibus
2017 2093 2062 2186 qui

720 2205 941 2279 adversantur
967 2204 1128 2277 voluntati
1155 2205 1333 2278 divinitatis
1360 2216 1457 2295 tuae,
1493 2191 1606 2278 salvas
1640 2204 1715 2279 illos
1749 2209 1803 2301 qui
1829 2217 1924 2278 recte
1948 2191 2060 2298 glorii-
2095 2187 2100 2200 ¹

718 2334 796 2395 caut
821 2332 879 2410 te3
905 2321 1002 2395 nobis
1030 2343 1164 2417 quoque
1190 2326 1300 2395 servis
1334 2334 1368 2395 et
1394 2321 1625 2395 adoratoribus
1658 2325 1721 2393 tuis
1747 2333 1902 2418 praesta,
1928 2322 2061 2408 Domine,

718 2448 755 2510 ut
780 2438 821 2511 ab
849 2441 938 2510 omui
963 2437 1081 2509 fraude
1107 2429 1243 2527 diaboli,
1270 2448 1305 2510 et
1331 2437 1371 2510 ab
1400 2437 1550 2511 omnibus
1577 2437 1834 2530 cogitationibus
1862 2439 1986 2512 dolosis
2008 2437 2060 2508 Ju-

718 2554 782 2626 dae
808 2552 927 2651 procul
952 2553 1050 2642 lacti,
1078 2557 1273 2648 caritatique
1305 2565 1382 2626 tuae
1408 2555 1541 2628 divinae
1577 2553 1814 2643 adhaerentes,
1847 2555 2063 2651 amplectamur

716 2674 862 2743 invicem
893 2671 928 2741 in
962 2669 1078 2744 osculo
1112 2680 1247 2759 sancto,
1280 2670 1464 2762 dominico,
1504 2682 1537 2744 et
1563 2694 1636 2742 curn
1672 2670 1883 2744 humanitate.
1935 2671 2062 2764 Dignam

718 2789 818 2860 etiam
843 2796 879 2858 ιιι
906 2786 1058 2859 omnibus
1085 2784 1201 2859 diebus
1228 2789 1320 2859 vitae
1345 2799 1482 2862 nostrae
1507 2810 1625 2883 pacem
1638 2787 1821 2884 loquamur,
1846 2809 1968 2883 pacem
1990 2808 2062 2882 ope-

717 2926 845 2994 remur,
879 2911 913 2974 et
947 2902 1037 2995 digni
1073 2902 1252 2975 efficiamur
1284 2902 1381 2977 bonis
1408 2908 1471 2980 tuis
1504 2905 1723 2998 coelestibus,
1743 2917 1790 2977 et
1822 2909 1986 2979 aeternis:
2015 2924 2064 3000 per

717 3023 869 3113 gratiam,
903 3017 1163 3092 misericordiam
1198 3028 1232 3091 et
1264 3042 1411 3093 amorem
1448 3044 1531 3115 erga
1563 3021 1711 3095 homines
1738 3025 1900 3113 unigeniti
1926 3020 1996 3094 Filii
2016 3020 2062 3104 tui,

716 3159 779 3231 per
805 3158 904 3231 quem
929 3144 962 3206 et
988 3158 1062 3207 cum
1089 3158 1155 3230 quo
1182 3146 1217 3207 te
1243 3135 1340 3209 decet
1365 3137 1485 3229 gloria,
1510 3138 1617 3211 bonor
1643 3149 1678 3211 et
1701 3141 1868 3235 potentia,
1898 3161 1970 3210 cum
1994 3137 2062 3232 Spi-

717 3256 780 3324 ritu
806 3262 863 3325 tuo
890 3253 1098 3346 sanctissimo
1126 3261 1160 3322 et
1184 3249 1284 3325 bono.

821 3368 982 3461 Populus.
1034 3369 1154 3440 Amen.

821 3484 1005 3555 Sacerdos.
1058 3484 1142 3555 Pan.

820 3599 1006 3671 Diaconos.
1057 3600 1125 3671 Det
1149 3604 1373 3697 unusquisque
1399 3625 1526 3697 pacem.

821 3715 981 3808 Populos.
1034 3718 1165 3808 Dignos
1192 3717 1284 3790 effice
1309 3741 1382 3793 nos.

820 3831 1006 3903 Diaconua.
1060 3832 1153 3907 Post.
1366 3917 1369 3922 ,

821 3948 981 4042 Populos.
1035 3948 1159 4022 Coram
1185 3958 1229 4022 te.

821 4063 1003 4136 Sacerdos.
1056 4066 1109 4137 Tu
1135 4066 1221 4137 enirn
1249 4087 1286 4140 es
1319 4087 1463 4139 summus
1490 4065 1645 4140 excelsus
1672 4077 1706 4138 et
1730 4067 1906 4157 mirabilis,
1939 4079 2062 4162 atqnea

719 4184 841 4252 creatis
874 4180 1025 4254 omnibus
1062 4180 1285 4254 absconditus.
1338 4182 1389 4253 Tu
1429 4204 1467 4253 es
1499 4205 1584 4277 pax,
1611 4193 1644 4254 et
1682 4187 1840 4256 iratorum
1875 4183 2062 4267 conciliator,

717 4299 841 4369 veniae
865 4295 1019 4388 largitor:
1046 4298 1267 4393 insipientium
1301 4319 1440 4389 magnus
1474 4299 1684 4391 consolator,
1714 4298 1899 4373 laetificans
1934 4299 2062 4373 adlictos

718 4413 836 4509 Aperi,
862 4413 1017 4503 Domine,
1044 4415 1163 4485 ostium
1196 4413 1496 4486 misericordiarum
1527 4424 1655 4488 tuarum
1690 4416 1984 4513 supplicationibus
2008 4436 2063 4486 no-

720 4531 814 4616 stris,
857 4538 890 4598 et
922 4531 1056 4623 suscipe
1088 4528 1342 4625 deprecationes
1383 4541 1516 4603 nostras
1551 4536 1649 4624 juxta
1680 4532 1920 4607 multitudinem
1953 4535 2064 4627 madae

719 4655 806 4717 tuac.
859 4643 930 4715 Fac
961 4666 1024 4716 nos
1055 4644 1142 4717 filios
1176 4655 1250 4718 tuos
1284 4656 1318 4717 et
1343 4646 1506 4721 haeredes
1532 4651 1627 4740 regni
1659 4651 1705 4720 tui
1730 4655 1877 4740 aeterni,
1904 4674 1967 4748 per
1989 4670 2063 4741 gra·

719 4762 810 4850 tiam,
835 4760 1106 4849 miscricordiam,
1134 4771 1168 4832 et
1194 4784 1342 4834 amorem
1368 4785 1452 4856 erga
1477 4764 1625 4837 homiues
1651 4766 1807 4859 unigeniti
1832 4766 1909 4839 Filii
1935 4768 1991 4854 tui,
2013 4780 2063 4859 per

720 4895 818 4969 quem
844 4887 978 4948 etcum
1005 4899 1083 4972 quo,
1109 4885 1172 4950 etc.

823 4991 983 5085 Populus.
1035 4993 1155 5066 Amen.
