4525 6034
716 574 794 650 498
1220 573 1584 652 irruisti

716 764 774 856 qui
800 763 914 835 auxilii
940 764 1074 859 petendi
1101 785 1203 836 causa
1237 766 1376 834 veniunt
1408 760 1450 834 ad
1484 759 1675 833 thesaurum
1700 755 1834 859 [ossium
1866 770 2046 861 corumpi

716 877 900 951 effuderunt
926 884 1122 973 sanguinem
1150 902 1246 952 snum
1272 901 1410 975 purum,
1441 888 1597 972 unquam
1625 876 1826 951 oblationem
1853 881 2046 976 acceptabilem

714 1016 831 1066 coram
867 1003 918 1066 te:
953 1000 1008 1090 qui
1043 994 1278 1087 baiulaverunt
1313 1016 1447 1067 crucem
1483 992 1559 1065 Filii
1585 995 1653 1081 tui,
1693 1005 1727 1066 et
1762 998 1795 1066 in
1830 1000 1947 1068 semitis
1971 967 2048 1069 boetis

714 1111 831 1181 imitati
863 1120 898 1182 et
931 1115 1036 1184 secuti
1070 1121 1147 1183 sunt
1178 1113 1323 1202 vestigia
1357 1112 1450 1201 ejus3
1484 1113 1539 1204 qui
1573 1111 1716 1204 pignora
1747 1109 1838 1182 bona
1871 1123 1901 1183 et
1928 1124 2047 1207 tanquam

716 1223 902 1320 depositum
930 1226 1139 1321 praeclarum
1167 1224 1258 1299 orbis
1284 1211 1432 1313 fuerumt,
1467 1225 1509 1297 ad
1545 1223 1713 1297 saeculum
1749 1227 1837 1321 quod
1863 1247 1924 1298 non
1946 1231 2048 1298 hausit:

715 1363 855 1436 qnorum
883 1341 1102 1425 orationibus,
1127 1351 1222 1431 vota,
1249 1344 1409 1437 pn‘mitias
1437 1352 1471 1412 et
1497 1340 1643 1412 decimus
1671 1340 1878 1415 adorantium
1903 1354 1933 1413 te
1954 1364 2048 1414 susce·

713 1466 805 1553 ptum
837 1460 877 1529 iri
912 1458 1141 1546 confidimus3·
1163 1443 1249 1552 quae
1277 1479 1364 1529 nunc
1390 1480 1465 1529 cum
1493 1461 1610 1530 timore
1638 1466 1672 1528 et
1696 1463 1886 1531 reverentia
1911 1460 1961 1531 tibi
1983 1460 2050 1530 olie-

710 1583 830 1644 runtur
857 1572 900 1645 ab
932 1572 1087 1646 Ecclesia
1122 1583 1178 1645 tua
1213 1572 1343 1645 salvata
1377 1595 1438 1668 per
1469 1594 1591 1644 nornen
1624 1583 1713 1645 tuum
1749 1585 1914 1648 sanctum:
1945 1575 2051 1648 salvans

715 1710 802 1760 nunc
829 1710 890 1761 eos
917 1711 979 1785 per
1006 1694 1177 1761 orationes
1204 1711 1321 1761 eorum
1348 1712 1368 1760 a
1394 1694 1563 1784 praesenti
1590 1687 1799 1779 calamitate,
1837 1692 1877 1764 eb
1903 1696 1980 1764 omui
2000 1695 2050 1762 im-

714 1815 794 1899 petu
821 1807 938 1892 noxio,
965 1804 1008 1877 ab
1037 1807 1125 1877 omni
1154 1805 1359 1894 infirmitate,
1389 1814 1423 1876 et
1449 1808 1681 1899 corruptione,
1709 1804 1847 1895 dolore,
1873 1807 2051 1899 aegritudine,

714 1920 836 2010 caede,
870 1919 967 2010 dolo,
999 1920 1089 1993 ianne
1126 1919 1412 1993 conturbationem
1448 1919 1640 2008 inducente,
1676 1930 1854 2017 morteque
1884 1927 2051 2020 perniciosa,

714 2036 757 2108 ab
785 2038 873 2108 omni
900 2034 1084 2108 rebellione
1111 2036 1320 2122 intolerabili,
1349 2047 1382 2108 et
1409 2059 1428 2106 a
1457 2039 1599 2108 saevitia
1626 2036 1826 2110 daemonum
1850 2050 2051 2135 apostatarum,

712 2176 734 2223 a
767 2151 891 2240 caede,
927 2161 961 2223 et
993 2151 1190 2225 alllietione:
1232 2174 1318 2246 quae
1350 2156 1460 2224 omnia
1494 2162 1632 2249 propter
1665 2149 1806 2247 peccata
1844 2166 1953 2227 nostra
1979 2154 2052 2227 nobis

712 2271 969 2363 superveniunt3
996 2278 1030 2339 et
1056 2266 1241 2339 referemus
1268 2266 1326 2339 tibi
1353 2268 1515 2359 gloriam,
1543 2278 1606 2339 etc.

816 2383 978 2477 Populus.
1031 2383 1152 2455 Amen.

816 2498 993 2571 Sacerdos
1019 2499 1213 2570 inclinatus.
1267 2499 1436 2572 Memento
1462 2500 1606 2571 Domine
1632 2502 1776 2571 omniurn
1804 2500 1937 2571 Petrum
1954 2496 2055 2570 Ortho-

708 2613 896 2705 doxorum,
924 2616 977 2710 qui
1005 2638 1025 2686 a
1052 2614 1154 2686 Petro
1185 2609 1200 2649 ⁰
1226 2614 1469 2711 Apostolorum
1495 2617 1652 2711 Principe
1678 2615 1719 2686 ad
1747 2614 1835 2688 hanc
1862 2638 1964 2711 usque
1990 2614 2055 2684 dian

711 2733 857 2823 vestigia
892 2730 1088 2826 Apostolica
1128 2734 1234 2803 secuti
1274 2741 1367 2821 sunt,
1409 2730 1528 2804 domos
1563 2730 1822 2804 Ecclesiasticas
1862 2732 2056 2814 firmaverunt,

710 2856 959 2943 praeceptaque
985 2845 1194 2938 Evangelica
1221 2846 1446 2918 custodierunt
1472 2858 1506 2918 et
1532 2845 1762 2941 perfecerunt,
1790 2858 1827 2919 et
1853 2869 1951 2943 super
1967 2854 2056 2942 petras

709 2965 856 3058 petrinas
883 2959 1106 3034 fundaverunt
1131 2961 1321 3035 Ecclesiam
1348 2973 1456 3034 tuam:
1483 2961 1670 3058 Praecipue
1696 2974 1808 3034 autern
1835 2967 1930 3034 trium
1947 2965 1966 3033 7
1982 2963 2057 3058 Spu-

711 3078 853 3150 odorum
889 3087 1096 3168 sanctanrm,
1132 3089 1166 3150 et
1201 3101 1317 3151 eorum
1344 3082 1400 3172 qui
1426 3080 1573 3174 primarii
1600 3085 1632 3149 in
1659 3078 1722 3150 illis
1749 3078 1903 3168 luerunt3
1928 3089 1962 3149 ut
1983 3079 2058 3149 etiem

709 3215 827 3266 eorum
855 3196 911 3287 qui
938 3192 1098 3289 deinceps
1125 3193 1254 3266 illorum
1283 3193 1439 3289 exemplo
1466 3193 1650 3290 perfidem
1677 3206 1806 3266 rectam
1834 3194 1974 3267 illustres
1996 3192 2057 3263 iue-

709 3320 806 3396 runt,
832 3308 1026 3399 Athanasii,
1051 3311 1229 3405 Dionysii,
1257 3309 1459 3398 Caelestini,
1487 3306 1623 3405 Gyrilli,
1649 3310 1833 3401 Dioscuri,
1861 3311 1954 3399 ludii,
1971 3309 2059 3380 tom-

708 3430 780 3512 nis,
806 3423 944 3515 Jacobi,
972 3425 1149 3517 Gregorii,
1175 3427 1401 3522 Dioscorique
1412 3428 1570 3517 junioris,
1598 3426 1873 3523 reliquorumque
1887 3447 1967 3524 qrros
1980 3445 2059 3496 oon·

708 3563 952 3630 memoramus,
978 3551 1164 3630 memento,
1191 3551 1225 3612 et
1251 3545 1395 3636 quietern
1421 3542 1485 3614 illis
1512 3553 1658 3637 praesta.

813 3657 963 3729 Eleeune
988 3680 1115 3730 vocem.
1168 3657 1294 3730 Eorum
1321 3661 1376 3753 qui
1403 3667 1557 3752 tanquam
1585 3659 1761 3731 columnae
1789 3660 1963 3747 veritatis,
1995 3677 2060 3728 ere·

707 3781 832 3844 xerunt
864 3784 897 3844 et
938 3772 1221 3845 confirmaverunt
1258 3772 1432 3846 Ecclesias
1473 3784 1547 3846 tues
1582 3784 1735 3863 sanctes,
1777 3779 1834 3870 qui
1870 3779 2059 3871 portavenmt

707 3888 838 3982 pondus
865 3888 931 3961 diei
963 3900 997 3961 et
1028 3899 1176 3962 aestum:
1212 3892 1268 3984 qui
1302 3889 1455 3962 athletice
1487 3894 1668 3963 certamina
1701 3891 1882 3986 praeclara
1915 3889 2061 3962 ediderunt

704 4004 876 4096 religionis
903 4027 1022 4078 cansa:
1050 4008 1105 4099 qui
1132 4014 1236 4077 totum
1263 4004 1379 4078 orbem
1407 4004 1558 4078 doctrina
1584 4029 1645 4079 sua
1673 4006 1785 4078 divina
1820 4007 2060 4081 illustraverunt:

707 4121 763 4212 qui
790 4118 987 4216 depulerunt
1012 4143 1129 4194 omnes
1156 4121 1317 4193 haereses
1344 4121 1420 4194 falsi
1446 4125 1607 4211 nominis,
1635 4126 1779 4212 erroris,
1812 4124 2060 4214 seductionispue

705 4234 933 4329 plenissimas:
961 4240 1015 4331 qui
1041 4235 1212 4309 lucernam
1239 4238 1317 4311 fidei
1344 4260 1445 4333 super
1479 4237 1714 4311 candelabrum
1747 4240 1991 4313 accenderunt:
2019 4236 2061 4328 qui

704 4348 826 4422 nnllam
854 4361 1059 4425 terrenarum
1086 4375 1199 4452 rerum
1225 4352 1478 4426 sollicitudinem
1503 4353 1708 4444 hahuerunt,
1743 4376 1859 4450 neque
1893 4355 1982 4430 obliti
2003 4359 2061 4427 sunt

703 4470 880 4559 passiones
892 4468 1055 4541 salutares
1070 4468 1145 4540 Filii
1159 4471 1219 4540 tui:
1231 4472 1286 4563 qui
1303 4469 1497 4542 refellerant
1508 4468 1713 4563 abnegantes
1731 4474 1992 4544 incarnationem
2002 4467 2060 4540 Fdii

702 4584 768 4653 tui:
789 4593 823 4653 et
849 4584 974 4656 iontem
996 4589 1100 4672 vitae,
1129 4588 1369 4680 susceptricem
1385 4585 1468 4662 lueis
1489 4588 1626 4657 etvitae
1639 4588 1838 4679 genitricem
1862 4589 1928 4660 Dei
1946 4582 2061 4682 praedi-

703 4707 878 4790 cavenmt,
899 4722 967 4772 non
995 4698 1084 4795 quod
1105 4723 1152 4772 ex
1170 4724 1211 4773 ea
1238 4704 1361 4772 initium
1390 4701 1544 4774 hvinitas
1571 4706 1748 4797 acceperit,
1775 4704 1840 4775 sed
1870 4702 1957 4800 quod
1982 4705 2010 4772 iu
2031 4717 2062 4767 et

704 4818 851 4886 essentia
873 4817 947 4906 ejus
972 4814 1183 4906 habitaverit,
1203 4827 1237 4888 et
1263 4841 1310 4889 ex
1336 4841 1377 4890 ea
1404 4818 1558 4890 divinitas
1585 4829 1660 4891 orta
1680 4818 1792 4908 luerit,
1822 4831 1964 4916 propter
1986 4834 2062 4911 quum

704 4934 821 5001 vocati
847 4952 961 5003 sumus
986 4930 1044 5003 lilii
1070 4935 1116 5004 tui
1144 4932 1342 5018 secundnm,
1360 4937 1523 5025 gratiam,
1558 4957 1580 5008 o
1607 4913 1708 5006 Pater
1732 4934 1915 5024 coelestis3
1940 4935 1991 5029 qui
2013 4946 2062 5001 nos

700 5043 981 5130 confirmaverunt
1010 5049 1043 5118 in
1075 5045 1141 5120 lide
1175 5047 1389 5142 Orthodoxa,
1422 5072 1488 5145 qua
1522 5053 1556 5123 in
1590 5061 1624 5123 te
1656 5049 1849 5144 credimus,
1886 5061 1922 5123 et
1954 5049 2058 5139 absque
