4525 6034
601 547 632 621 S.
665 545 863 623 JOlllt'lllS
894 548 1231 626 Plrnlandnnn.
1519 555 1592 630 481
1660 628 1665 640 ,

221 730 485 827 Episcoporum,
519 733 575 823 qni
607 732 640 800 iu
674 755 881 829 quacumque
912 735 1053 823 regione
1086 733 1165 806 olim
1199 737 1343 830 quietem
1377 751 1595 832 acceperunt:
1721 763 1723 768 ⁴

222 849 276 939 qui
302 871 322 918 a
349 847 449 918 Petro
481 849 496 883 ⁴
523 856 557 916 et
581 845 713 918 Jacobo
745 848 933 943 Apostolis,
961 847 1127 921 adfinem
1154 870 1260 944 usqne
1287 851 1414 924 saecnb
1448 875 1511 948 per
1538 854 1595 925 di-

221 963 371 1032 vinorum
400 984 509 1034 rerum
537 960 720 1033 doctrinam
733 963 898 1058 praeclari
914 963 1164 1058 splenduerunt,
1182 969 1303 1060 quique
1315 954 1596 1061 praedicaverunt

220 1078 253 1144 in
279 1076 443 1148 Ecclesiis
471 1080 534 1148 tuis
562 1080 686 1148 sanctis
713 1087 747 1148 et
774 1079 1047 1152 sacerdotalibus.
1099 1074 1113 1114 ⁵
1139 1081 1324 1176 Praecipue
1351 1103 1437 1154 vero
1463 1082 1615 1175 Ignatii'

220 1192 385 1286 Dionysii,
411 1193 599 1279 Athanasii,
625 1191 752 1281 Basilii,
779 1193 948 1285 Gregorii,
969 1194 1145 1283 Timothei,
1172 1195 1323 1285 Joannis,
1351 1195 1482 1292 Gyrilli,
1508 1198 1593 1269 Pbi-

218 1305 346 1393 loxeni,
374 1304 569 1394 Coelestioi,
597 1305 790 1395 Clementis,
808 1309 942 1396 Severi,
969 1309 1100 1398 iacobi,
1117 1309 1298 1405 prraem,
1326 1313 1592 1408 etreliqnornm3

218 1423 469 1517 Apostolorum,
496 1421 763 1517 sanctorumque
791 1422 1073 1513 orthodoxorum,
1104 1429 1159 1519 qui
1186 1424 1244 1497 tibi
1271 1427 1442 1500 manifesti
1464 1439 1498 1499 et
1524 1450 1592 1499 co-

218 1540 300 1628 gniti
327 1548 412 1610 sunt.
766 1625 774 1636 ἱ
891 1545 895 1550 ’

322 1652 498 1723 Sacerdos
525 1652 663 1722 elecem
688 1673 813 1722 ccccm
836 1653 969 1729 ¹lasere
996 1654 1028 1723 in
1054 1653 1154 1726 nobis
1179 1653 1324 1725 Domine
1350 1653 1448 1726 [idem
1470 1677 1593 1735 ,eorum

218 1790 351 1853 veram,
382 1767 555 1861 zelumque
589 1766 718 1838 illorum
758 1765 956 1838 laudabilem
991 1790 1053 1861 pro
1087 1789 1171 1838 vera
1205 1765 1387 1858 religione,
1420 1773 1593 1841 caritatem

219 1906 334 1956 corum
362 1884 539 1968 sinceram,
566 1904 679 1954 mores
706 1904 822 1955 eorum
850 1892 979 1970 castos,
1014 1882 1125 1974 leges·
1139 1903 1255 1953 eorum
1281 1891 1409 1969 rectas,
1443 1906 1592 1978 praece-

218 2009 341 2094 ptaque
368 2007 482 2069 sancta
511 1996 653 2087 illorum,
681 2001 735 2091 qui
761 2001 1029 2093 persecutionem
1045 2007 1079 2068 at
1097 1996 1258 2091 colaphos
1284 2001 1376 2092 passi
1403 2009 1478 2069 sunt
1496 2021 1591 2094 pro-

218 2124 293 2209 pter
319 2111 416 2185 litlem
444 2110 679 2183 orthodoxam:
708 2115 762 2206 qni
790 2123 929 2208 propter
955 2134 1077 2184 nomen
1098 2120 1186 2182 tuum
1202 2122 1351 2183 sanctum
1369 2117 1593 2185 sustinuerunt

218 2229 487 2321 persecutioneS‚
524 2236 709 2314 tormenta,
737 2237 770 2298 et
797 2231 963 2300 cruciatus
991 2248 1104 2298 coram
1131 2224 1302 2318 Regibus,
1339 2237 1373 2298 et
1407 2228 1494 2299 colla
1530 2251 1592 2301 sua

217 2340 420 2412 tradiderunt
445 2363 508 2436 pro
535 2346 678 2412 veritate
705 2341 780 2413 lrdei
797 2353 887 2433 tuae,
914 2351 1194 2436 certaveruntque
1208 2362 1387 2432 generose.
1424 2342 1591 2416 Conlirma

216 2455 404 2527 Ecclesiam
433 2466 583 2528 sanctam
609 2479 671 2551 per
698 2459 869 2528 orationes
903 2479 1020 2528 eorum
1048 2454 1295 2550 acceptabiles,
1328 2467 1362 2526 et
1393 2478 1456 2552 per
1481 2457 1591 2532 obse-

217 2574 385 2642 crationes
412 2592 527 2642 eorum
555 2570 659 2642 audiri
687 2572 818 2663 dignas,
845 2593 964 2666 pacem
983 2580 1177 2666 perpetuam
1193 2568 1370 2642 EcclesIae
1398 2579 1475 2644 tuae
1501 2595 1591 2645 con-,-

217 2687 310 2757 cede,
353 2685 548 2756 Doctrinam
575 2707 690 2757 eorum
719 2690 752 2757 in
780 2685 951 2757 animabus
978 2689 1103 2756 nostris
1129 2685 1308 2772 confirma,
1335 2689 1428 2757 etin
1454 2685 1591 2759 babita-

117 2820 124 2833 ·
215 2800 299 2871 culis
332 2823 448 2872 corum
484 2799 667 2871 benedictis
700 2823 763 2872 nos
798 2801 947 2873 colloca:
980 2821 1044 2871 nos
1078 2822 1212 2893 quoquc
1243 2797 1340 2871 bonis
1373 2802 1436 2874 illis
1472 2800 1590 2896 quibus

215 2915 438 3010 perfruuntur,
465 2913 519 2984 iac
546 2914 705 3006 gaudere.
744 2915 868 2987 Libera
895 2937 1028 3009 quoque
1054 2935 1118 2985 nos
1146 2913 1187 2985 ab
1216 2914 1368 2987 omnibus
1393 2915 1615 3004 haeresibus,

215 3032 426 3125 perniciosis,
453 3039 487 3099 et-
514 3028 637 3125 dissipa
664 3029 807 3125 populos
836 3034 891 3124 qui
916 3029 1004 3110 bella
1031 3028 1162 3124 volunt:
1189 3026 1403 3117 rebelliones,
1431 3041 1466 3101 et
1492 3031 1591 3101 cala-

216 3147 347 3216 mitates
376 3147 407 3213 in
434 3146 593 3216 universo
622 3142 706 3215 orbe
725 3149 921 3240 comprime:
948 3148 1065 3236 virgas
1092 3143 1216 3215 luroris
1243 3154 1277 3214 et
1304 3147 1501 3218 tentationes
1528 3167 1591 3216 ar·
1712 3217 1714 3222 .

217 3259 299 3331 diras
334 3257 429 3329 aufer
463 3281 483 3329 a
516 3257 623 3330 nobis.
685 3258 738 3331 Da
773 3260 869 3332 nobis
906 3269 941 3331 ut
974 3280 1178 3331 exornemur
1211 3257 1361 3330 moribus
1393 3260 1522 3354 pudicis
1557 3269 1592 3330 ct
1629 3325 1631 3328 .

120 3437 132 3454 ,
217 3372 375 3469 operibus
402 3376 599 3461 sanctitatis,
626 3383 802 3468 menteque
830 3374 1036 3447 orthodoxa:
1074 3382 1107 3444 et
1132 3384 1267 3469 praesta
1294 3371 1392 3446 nobis
1419 3383 1454 3445 ut
1479 3396 1590 3446 reve-

215 3488 282 3558 lata
309 3487 398 3557 facie
425 3490 528 3558 simus
562 3510 675 3560 coram
710 3498 753 3577 te,
788 3493 864 3584 quia
898 3501 931 3561 tu
965 3489 1073 3562 bonus
1107 3499 1141 3560 et
1173 3487 1338 3580 benignus
1372 3510 1430 3575 ee,
1467 3489 1591 3584 tibique

216 3601 358 3693 gloriam
387 3612 420 3672 ct
445 3601 577 3673 laudem
605 3591 772 3676 ollerimns
793 3615 863 3676 etc.

321 3715 483 3808 Populos.
536 3719 657 3789 Amen.

319 3831 495 3902 Sacerdos
521 3834 714 3906 inclinatae.
764 3834 816 3904 'lu
843 3836 898 3928 qui
924 3833 1032 3907 bonus
1060 3853 1110 3921 es,
1136 3831 1322 3927 plenusque
1348 3829 1590 3922 misericordia,

217 3956 382 4017 memento
410 3968 471 4041 per
498 3951 638 4037 gratiam
665 3959 764 4036 tuam,
797 3957 831 4020 et
856 3971 959 4043 parce
986 3971 1048 4044 per
1073 3947 1139 4019 boc
1165 3946 1361 4018 sacrificium
1388 3945 1589 4018 Sacerdoti-

216 4061 278 4133 bus
306 4060 512 4134 Ortbodoxis
540 4067 594 4158 qui
621 4064 700 4135 olim
728 4067 937 4158 quieverunt,
963 4065 1134 4149 DiaconiS,
1153 4061 1385 4147 Subdiaconis,
1412 4060 1589 4147 Solitariis,
1654 4057 1662 4074 ‘

216 4175 402 4262 lllonacbis,
429 4188 464 4248 et
488 4180 664 4272 unicuique
691 4202 808 4251 eorum
843 4180 957 4271 quiin
984 4180 1167 4249 ministerio
1194 4176 1436 4249 Ecclesiastico
1463 4195 1590 4243 recen-

216 4301 339 4360 sentur.
393 4292 547 4366 Patribus
575 4298 674 4365 etiam
709 4305 743 4365 et
775 4290 932 4365 iratribus
958 4295 1092 4377 uostris,
1118 4302 1184 4362 tam
1213 4289 1393 4362 secundum
1427 4290 1590 4382 spiritum,

215 4428 315 4499 quam
342 4408 522 4480 secundum
549 4430 686 4503 corpus:
724 4409 954 4502 defunctisque
980 4406 1130 4479 fidelibus
1165 4408 1222 4499 qui
1256 4401 1482 4474 decubuerunt
1515 4422 1591 4470 cum

215 4543 278 4615 spe
305 4531 372 4612 tua,
399 4527 432 4593 in
459 4523 523 4593 fide
549 4545 649 4606 vera:
676 4535 712 4595 ut
738 4523 835 4594 etiam
850 4545 966 4594 eorum
988 4544 1126 4617 quorum
1153 4525 1281 4611 ignota,
1309 4517 1352 4588 ad
1378 4535 1590 4588 commemo·

214 4635 352 4706 randum
382 4648 457 4708 suot
482 4641 628 4726 nomina,
656 4649 689 4710 et
716 4659 856 4732 quornm
882 4660 1039 4709 numerus
1066 4644 1166 4710 notus
1189 4630 1337 4709 esttibi:
1365 4633 1431 4701 mei
1458 4649 1592 4724 quoquo

214 4749 344 4838 infirmi,
371 4760 567 4845 patrumque
595 4776 745 4825 meorum
771 4751 995 4847 corporalium
1023 4762 1057 4823 et
1083 4748 1320 4846 spiritualium:

320 4863 481 4957 Populus.
535 4867 640 4962 llyrie
667 4869 804 4939 eleison.
