4525 6034
449 600 837 679 notionum
887 597 1334 678 shbouoauu.
1502 599 1578 671 415

310 788 486 860 Sacerdos
520 788 713 861 inclinatae.
765 787 952 875 Memento,
987 786 1149 877 Domine,
1190 787 1365 860 Pastorum
1404 786 1579 860 heatomm
1626 799 1751 870 Dionysii.

208 908 262 1002 qui
287 910 322 978 iu
348 903 500 976 Ecclesia
527 916 584 977 tua
610 915 725 977 sancta
760 914 921 985 steterunt
955 906 987 976 in
1020 906 1240 996 generatione
1273 910 1307 973 et
1348 906 1578 994 generatione,

206 1043 412 1126 gregemque
438 1030 528 1092 tuum
555 1018 800 1094 sacerdotalem
825 1030 1009 1115 pavemnt‚
1040 1031 1075 1093 et
1109 1027 1290 1107 rexerunt,
1327 1029 1362 1090 et
1395 1019 1438 1091 ad
1474 1039 1580 1114 aquas

207 1140 326 1232 quietis
354 1135 576 1209 deduxerumt:
604 1159 732 1232 eosque
759 1139 814 1232 qui
841 1140 874 1207 in
900 1158 1018 1208 errore
1045 1144 1157 1222 erant,
1192 1133 1339 1206 doctrina
1374 1144 1429 1207 tua
1467 1135 1580 1207 divina

204 1252 464 1342 illustraverunt,
492 1263 590 1348 atque
618 1251 659 1324 ad
687 1264 721 1325 te
747 1252 940 1325 direxerunt
967 1262 1000 1323 et
1026 1260 1282 1340 converterunt,
1310 1255 1430 1349 quique
1456 1257 1489 1324 iu
1515 1253 1581 1325 fide

208 1379 301 1441 recta
333 1368 502 1441 Trinitatis
538 1378 676 1440 sanotae
708 1369 867 1465 populum
901 1367 1031 1440 fidelem
1064 1366 1364 1456 confirmaverunt,
1398 1391 1581 1464 omnesque

207 1485 376 1558 doctrinas
410 1485 638 1558 schismaticas
671 1495 706 1557 et
738 1485 899 1558 haereses
934 1488 1142 1579 perniciosas
1176 1484 1378 1557 sustulerunt
1413 1497 1448 1558 et
1480 1509 1580 1558 corn-

208 1612 414 1698 presserunt,
440 1605 621 1697 praecipue
639 1623 724 1675 vero
751 1603 883 1693 lguatii,
909 1601 1076 1698 Dionysii,
1102 1600 1194 1689 Julii,
1221 1623 1296 1671 cum
1313 1599 1448 1696 reliquis
1468 1604 1581 1674 onmi-

209 1718 272 1792 hus
299 1722 453 1814 quicum
481 1717 545 1792 illis
572 1728 710 1815 propter
735 1739 857 1791 nornen
889 1728 979 1790 tuum
1013 1726 1161 1791 sanctum
1196 1720 1462 1812 persecutionem
1489 1720 1587 1811 passi

211 1844 296 1908 sunt.

315 1951 464 2021 Elecooo
488 1973 613 2022 nocero.
648 1950 692 2023 Et
717 1952 858 2041 illorum,
886 1954 941 2046 qui
968 1950 1160 2023 alllictiones
1188 1958 1221 2020 et
1248 1948 1470 2023 adversitates
1498 1973 1580 2021 sus·
1629 1962 1769 2015 Eleazaro.

209 2072 386 2156 tinuerrmt,
422 2078 455 2139 et
480 2070 573 2163 passi
600 2079 692 2156 sunt,
732 2090 794 2165 pro
821 2071 955 2140 nornine
990 2078 1046 2139 tuo
1083 2076 1210 2141 sancto.
1263 2064 1414 2158 Dignare
1440 2065 1582 2138 Domine

210 2187 400 2258 meminisse
439 2183 569 2255 illorum
606 2187 661 2279 qui
694 2187 855 2280 mysteria
897 2194 1012 2258 sancta
1043 2185 1249 2278 interpretati
1283 2191 1375 2272 suut,
1410 2181 1582 2253 illustrium

208 2323 413 2398 praeconum
440 2303 604 2389 veritatis,
632 2305 687 2396 qui
720 2310 869 2373 sanctam
895 2300 1082 2374 Ecclesiam
1117 2297 1396 2387 aedificaverunt,
1432 2308 1466 2369 et
1499 2296 1582 2370 fun-

212 2417 366 2490 damenta
393 2415 589 2512 templorum
618 2428 807 2491 sanctorum
833 2419 957 2489 nomini
991 2425 1046 2514 tuo
1075 2416 1258 2489 dicatomm
1290 2426 1490 2512 posuerunt3
1527 2419 1583 2510 qui

210 2544 349 2629 propter
374 2541 408 2603 te
434 2535 702 2627 persecutionem
730 2538 971 2622 sustinuerunt3
1007 2541 1041 2604 et
1072 2554 1189 2604 eorum
1222 2536 1276 2628 qui
1308 2531 1456 2629 colaphis
1490 2534 1583 2604 caesi

191 2659 287 2724 ‘sunt
311 2672 374 2746 pro
402 2653 543 2721 veritate
569 2660 645 2722 tua:
673 2653 729 2745 qui
755 2662 905 2723 errantes
933 2648 975 2720 ad
1010 2652 1235 2741 cognitionem
1268 2660 1358 2720 tuam
1393 2656 1582 2749 converte-

209 2777 302 2848 runt:
340 2767 394 2861 qui
421 2764 565 2837 tulerunt
591 2788 724 2837 crucem
750 2768 909 2858 unigeniti
941 2768 988 2837 tui
1023 2769 1057 2837 in
1083 2765 1235 2861 populis,
1269 2775 1304 2836 et
1334 2766 1476 2836 nominis
1510 2766 1583 2855 ejus

210 2882 354 2975 gloriam
379 2885 414 2952 in
447 2881 602 2973 gentibus
628 2892 915 2979 propagaverunt:
950 2891 988 2954 ut
1017 2904 1079 2977 per
1113 2885 1283 2955 orationes
1319 2901 1436 2952 eorum
1469 2900 1582 2974 puras,

212 3001 328 3071 eleves
356 3006 390 3068 ot
416 2995 561 3071 extollas
588 3019 652 3071 nos
679 2997 722 3070 ad
749 3007 791 3070 te.
845 2997 956 3069 Trahe
988 2999 1211 3090 cogitationes
1245 3008 1379 3071 nostras
1415 2995 1457 3067 ad
1483 2996 1583 3066 veri·

212 3125 311 3188 tatem
340 3123 373 3186 et
399 3113 453 3185 iae
479 3135 542 3187 nos
570 3113 701 3209 dignos,
727 3124 762 3185 ut
789 3136 863 3187 oum
889 3114 954 3185 illis
990 3117 1045 3208 qui
1078 3124 1111 3185 te
1147 3112 1421 3207 glorificaverunt
1446 3111 1584 3183 refera-

211 3255 283 3305 mus
310 3230 368 3303 tibi
394 3231 536 3323 gloriam
564 3239 597 3302 et
621 3230 763 3320 laudem,
790 3232 1028 3324 unigenitoque
1060 3228 1146 3302 Filio
1179 3239 1255 3320 luo,
1290 3238 1324 3300 et
1354 3229 1491 3323 Spiritui
1525 3236 1604 3299 tuo.

212 3359 339 3422 sancto.

186 3479 198 3503 ·
318 3464 495 3536 Sacerdos
520 3463 713 3534 inclinatur.
745 3463 934 3552 Memento,
960 3464 1123 3550 Domine,
1151 3460 1430 3557 Presbyterorum
1453 3460 1581 3534 Ortho-
1629 3478 1718 3540 ticoni
1735 3480 1830 3533 reatin
1847 3479 1936 3555 rto-⁴

214 3582 389 3672 doxorum,
417 3582 471 3675 qui
497 3578 624 3676 pridem
652 3578 816 3668 obierunt,
843 3581 1086 3667 Diacouorum,
1112 3576 1419 3667 subdiaconorum,
1446 3569 1664 3650 Psalta-mlfli·

213 3721 297 3786 rum,
325 3696 514 3786 Lectorum,
541 3697 770 3792 interpretum,
798 3693 997 3783 Cantormn,
1023 3693 1298 3783 Exoroistarum,
1330 3694 1581 3783 Monachorum,

212 3813 460 3906 religiosorum,
487 3822 521 3884 et
548 3835 662 3885 eorum
690 3815 744 3906 qui
769 3814 993 3905 virginitatem
1019 3820 1213 3907 perpetuam
1248 3809 1393 3914 professi
1420 3823 1511 3898 sunt,
1549 3822 1583 3883 et

214 3930 440 4002 Saecularium
469 3933 582 4026 quiin
609 3929 673 4001 lide
702 3924 822 4002 Christi
849 3927 978 4024 pridem
1004 3928 1237 4015 decesserunt,
1265 3939 1301 3999 ut
1328 3932 1425 4000 etiarn
1452 3929 1581 4001 illorum

215 4069 277 4142 pro
305 4045 422 4142 quihus
449 4045 570 4138 singuli
597 4043 802 4134 obtuderunt,
835 4055 1009 4116 eteorum
1036 4066 1097 4140 pro
1126 4043 1243 4140 quibus
1270 4049 1496 4141 unusquisque
1522 4043 1582 4116 oi-

214 4161 303 4235 lerre
329 4168 361 4236 io
389 4165 498 4235 animo
525 4162 646 4235 habuit

319 4280 469 4350 Eteonos
494 4301 619 4349 nocem.
673 4278 819 4364 Placide,
847 4287 880 4348 et
906 4276 1081 4370 tranquihe
1097 4279 1232 4371 suscipe
1258 4301 1319 4374 per
1345 4277 1582 4371 benignitatem
1630 4291 1730 4360 gnatia

214 4408 321 4484 tuam,
348 4398 507 4483 Domine,
541 4398 667 4467 animas
701 4406 735 4466 et
770 4396 902 4490 spiritus
929 4414 1105 4466 servorum
1141 4402 1175 4464 et
1205 4393 1415 4467 adoratorurn
1442 4407 1582 4486 tuorum,
1622 4415 1625 4422 ·

216 4515 270 4606 qui
297 4537 342 4585 err
368 4513 431 4586 hac
457 4517 527 4585 vita
553 4515 783 4605 migraverunt
809 4510 851 4582 ad
878 4522 923 4598 te,
950 4513 1094 4582 maxime
1120 4533 1206 4584 vero
1232 4510 1380 4599 illorum,
1412 4531 1474 4604 pro
1502 4511 1582 4601 qui-

213 4628 277 4703 bus
304 4638 338 4702 et
364 4651 503 4726 quorum
528 4632 648 4723 gratia,
676 4627 870 4701 sacrificium
898 4627 984 4699 istud
1010 4627 1134 4699 illatum
1157 4637 1191 4698 ct
1211 4624 1356 4699 oblatum
1383 4638 1443 4698 est.
1472 4625 1582 4712 Quie-

214 4755 280 4817 tem
306 4746 370 4820 illis
396 4757 544 4843 praesta,
571 4756 605 4818 et
631 4744 761 4817 coboea
788 4765 849 4817 eos
875 4748 908 4815 in
940 4742 1133 4816 habitaculis
1160 4744 1261 4833 lucis,
1295 4747 1329 4814 in
1361 4741 1444 4813 locis
1476 4746 1581 4838 spiri-

215 4874 325 4954 tuum,
366 4867 407 4936 in.
424 4862 612 4962 Jerusalem
650 4862 809 4952 coelesti,
848 4865 883 4932 in
919 4859 1074 4933 Ecclesia
1119 4863 1412 4955 primogenitorum
1446 4859 1580 4932 descri-

213 4990 344 5075 ptorum
384 4983 418 5053 in
461 4979 582 5053 coelis:
634 4979 999 5070 commemorationem,
1047 4988 1081 5049 et
1119 4978 1269 5072 requiem
1313 4979 1459 5049 maxime
1496 4976 1579 5049 leli-

215 5120 309 5188 cem,
342 5120 405 5193 per
437 5120 583 5171 amorem
610 5118 693 5189 erga
719 5096 881 5189 homines,
906 5092 970 5167 illis
996 5106 1182 5192 praestans.
1219 5092 1362 5185 Largire
1388 5093 1451 5166 ibis
1477 5099 1580 5166 vitam
