4525 6034
678 608 753 681 222
1158 598 1593 679 COMMENTARIUS

679 791 855 873 quaerenda
879 798 926 855 est
948 788 1084 866 occasio,
1110 803 1176 848 eam
1198 785 1377 862 orationem,
1402 801 1479 864 quae
1501 783 1634 848 totaaibi
1647 792 1801 859 constans,
1825 792 1856 847 et
1871 802 1939 848 cum
1954 784 2053 849 Grae·

679 892 724 953 ois
747 891 933 971 aliarumque
956 888 1086 950 omnium
1113 886 1284 965 linguarum
1306 882 1409 945 oiilciis
1438 885 1641 964 conveniens,
1671 902 1689 946 n
1717 885 1851 967 genuino
1881 901 2052 947 sensusne

678 990 795 1053 moveri
817 1008 879 1052 non
901 996 1021 1071 potest,
1043 985 1081 1049 ad
1104 994 1211 1067 typos,
1235 983 1451 1067 figuratamque
1474 984 1666 1046 mutationem
1694 980 1919 1065 significandam
1946 982 2054 1046 detor-

681 1090 802 1169 quendi.
847 1088 974 1169 Reliqua
997 1086 1034 1149 ad
1058 1085 1123 1166 ejus
1148 1083 1374 1145 Grammaticam
1397 1081 1629 1174 explicationem
1650 1082 1849 1162 pertinentia,
1871 1099 1933 1144 nou
1954 1083 2054 1164 magni

669 1190 823 1250 ‘momenti
846 1193 931 1264 sunt,
961 1193 993 1247 ut
1021 1183 1161 1265 enallage
1192 1181 1264 1243 satis
1287 1179 1431 1262 frequens
1454 1198 1621 1260 personae,
1650 1180 1719 1242 dum
1741 1182 1771 1242 in
1794 1178 1970 1261 quibusdam
1991 1187 2054 1241 tota

682 1286 720 1349 ad
743 1287 839 1349 Deum
862 1285 998 1366 operatio
1022 1282 1170 1361 refertur,
1193 1297 1302 1359 nempe
1324 1280 1393 1343 dum
1415 1288 1542 1363 rogatur
1564 1288 1597 1342 ut
1624 1281 1719 1342 mittat
1748 1279 1891 1361 Spiritum
1919 1286 2053 1342 sanctam

680 1385 731 1467 qui
754 1404 810 1467 per
834 1385 970 1466 illapsum
993 1383 1082 1446 iaciat
1104 1382 1183 1445 dona
1205 1380 1361 1460 proposita
1384 1396 1496 1461 corpus
1526 1388 1557 1442 et
1578 1381 1756 1462 sanguinem
1784 1379 1913 1457 Christi,
1943 1376 1994 1438 vel
2021 1383 2054 1438 ut

678 1483 802 1562 facins,
834 1492 948 1558 mutes,
978 1481 1150 1560 transferes
1184 1477 1301 1544 eadem.
1345 1479 1451 1561 Neque
1479 1479 1559 1542 enim
1585 1486 1726 1559 qnantum
1753 1476 1793 1540 nd
1817 1494 1895 1559 opus
1924 1476 2054 1539 divinum

684 1582 765 1663 quod
787 1582 973 1664 postulatur,
1003 1581 1102 1661 aliqua
1131 1582 1161 1641 in
1190 1587 1321 1659 utroque
1349 1596 1442 1641 sensu
1468 1577 1637 1641 differentia
1668 1586 1724 1641 est.
1768 1576 1834 1639 Jam
1864 1576 1903 1639 ad
1926 1574 2052 1655 reliqua,

681 1682 712 1744 in
735 1683 842 1762 quibus
864 1690 926 1744 tota
949 1680 1036 1762 hujus
1060 1679 1206 1741 orationis
1229 1677 1377 1740 sententia
1401 1677 1572 1740 continetur
1592 1674 1781 1760 pergendum
1803 1683 1859 1738 est

417 1776 503 1827 tectio
545 1773 668 1827 codicum
768 1781 843 1843 Mlnd
865 1781 962 1861 primo
986 1787 1102 1841 certum
1124 1784 1155 1840 et
1177 1776 1373 1839 indubitatum
1394 1775 1500 1838 haberi
1522 1776 1626 1854 debet,
1657 1794 1722 1838 eam
1748 1792 1837 1856 quam
1866 1771 2054 1846 exhibemus,

357 1859 576 1930 Aegyptiacorum
612 1861 669 1913 “¹³⁵⁸
682 1881 770 1961 hujus
793 1879 994 1942 invocationis
1017 1876 1311 1958 interpretationem,
1336 1875 1521 1938 conformem
1551 1891 1621 1937 esse
1642 1872 1766 1937 lectioni
1795 1871 2055 1934 constantissimae

358 1947 474 2000 monibus
492 1948 637 2002 conformis.

680 1980 951 2060 manuscriptorum
974 1975 1119 2039 Codicum
1141 1974 1349 2057 Aegyptiacae
1370 1973 1473 2036 Basilii
1493 1973 1665 2054 liturgiae,
1688 1979 1747 2035 tam
1768 1970 2055 2035 secundumexem-

680 2080 748 2161 piar
771 2080 934 2153 Graecum,
959 2084 990 2139 et
1013 2075 1189 2156 Copticum,
1212 2092 1301 2156 quam
1323 2072 1488 2136 secundum
1508 2071 1678 2154 adjunctam
1690 2071 1851 2133 Arabicam
1871 2069 2054 2134 versionem.

680 2179 787 2259 Neque
809 2179 850 2240 ita
872 2176 970 2240 solum
996 2175 1109 2257 legitur
1135 2175 1167 2235 in
1193 2171 1297 2256 Regiis
1327 2171 1505 2249 Codicibus,
1539 2188 1666 2253 quorum
1695 2168 1829 2232 nonnulli
1857 2167 2056 2249 antiquissimi

680 2285 766 2356 sunt,
789 2277 897 2338 sedin
920 2273 1096 2337 Colbertino
1120 2290 1197 2348 uno,
1220 2272 1395 2349 innostro,
1419 2278 1450 2333 et
1473 2270 1553 2351 quod
1576 2287 1636 2332 non
1658 2276 1774 2331 temere
1796 2267 1907 2330 dictum
1924 2266 2056 2349 judicari

649 2378 651 2382 ’
681 2376 789 2451 debet,
811 2376 842 2435 in
865 2373 1019 2450 omnibus,
1044 2370 1164 2453 quando
1180 2371 1377 2451 antiquissimi
1389 2370 1552 2452 i'heologi,
1575 2368 1694 2432 Rituum
1711 2367 1909 2447 interpretes,
1933 2364 2055 2428 Gabriel

681 2473 872 2551 Patriarcha,
895 2471 994 2534 Autor
1016 2470 1166 2534 scientiae
1196 2468 1444 2543 Ecclesiasticae,
1471 2468 1667 2546 Abulbircat,
1696 2484 1758 2529 non
1784 2466 1874 2529 aliter
1901 2465 2055 2548 legerunt,

681 2582 714 2636 ut
737 2592 778 2635 ex
801 2589 906 2633 eorum
934 2570 1036 2632 verbis
1065 2567 1221 2631 manifesto
1252 2567 1482 2631 demonstratur.
1527 2566 1655 2630 Accedit
1681 2566 1826 2629 autoritas
1853 2565 2055 2647 Liturgiarum

680 2671 944 2753 Aethiopicarum‚
967 2687 1045 2749 quae
1068 2686 1108 2731 ex
1129 2666 1330 2749 Aegyptiacis
1352 2667 1450 2730 iactae
1472 2673 1555 2729 sunt:
1577 2664 1779 2729 Jacobitarum
1800 2664 2003 2745 syriacorum,
2025 2670 2057 2726 et

681 2771 945 2845 Nestorianarum,
968 2766 1168 2840 Armenicae,
1192 2773 1222 2827 et
1245 2764 1428 2829 Graecarum
1451 2767 1597 2844 omniurn,
1620 2782 1745 2846 querum
1758 2782 1817 2826 une
1831 2764 2055 2844 communisque

679 2871 772 2933 lectio
796 2876 851 2931 est.
898 2865 1012 2930 Contra
1035 2866 1128 2949 igitur
1150 2873 1263 2927 certam
1286 2872 1539 2946 perspectamque
1562 2865 1751 2927 autoritatem
1773 2870 1931 2944 peccatum
1960 2869 2008 2924 est
2036 2881 2056 2924 a

680 2968 830 3031 Maronita
852 2968 1035 3047 interprete,
1058 2963 1127 3026 dum
1145 2966 1186 3026 ita
1208 2964 1288 3026 hunc
1310 2962 1408 3025 locum
1431 2963 1570 3052 reddidit.
1614 2962 1701 3026 Mnnc
1712 2981 1833 3042 ponem
1852 2961 2056 3041 facitcorpns

680 3087 767 3129 mnne
789 3067 1010 3145 sanctificatum
1032 3064 1107 3138 sibi,
1130 3062 1277 3125 Dominus
1298 3071 1402 3124 noster
1422 3062 1514 3125 iesus
1526 3061 1678 3140 Christus,
1701 3061 1824 3124 debitur
1842 3062 1876 3121 in
1896 3061 2054 3122 remissio-

678 3187 746 3228 nem
765 3171 976 3246 peccatoram,
997 3170 1027 3225 et
1047 3163 1112 3224 oitn
1135 3171 1259 3224 octena
1281 3162 1410 3223 sumenti
1430 3182 1470 3223 es
1492 3181 1537 3223 eo.
1582 3160 1620 3223 Et
1642 3161 1679 3222 ad
1709 3160 1842 3222 calicem.
1887 3158 1945 3220 Mic
1970 3159 2056 3220 cebir

680 3268 789 3340 enom,
823 3263 983 3343 sanguinis
1010 3263 1141 3340 pretiosi
1172 3260 1351 3322 Testamenti
1376 3262 1451 3322 nooi
1482 3259 1607 3322 Domirri
1635 3261 1734 3321 nostri
1760 3266 1791 3320 et
1816 3258 1876 3319 Dei
1899 3259 2000 3319 nostri
2025 3264 2056 3319 et

678 3363 853 3426 Salomone
873 3361 973 3422 nostri
992 3359 1068 3421 Jesu
1096 3358 1226 3435 Christi,
1255 3359 1379 3421 dabitur
1402 3361 1435 3419 in
1465 3360 1673 3421 remissionem
1699 3364 1909 3438 peccator-mn,
1935 3364 1965 3417 et
1990 3358 2055 3418 nito

679 3470 807 3523 celerem
829 3459 958 3521 smnenti
979 3478 1019 3520 ec
1040 3460 1118 3540 ipso.
1164 3457 1197 3519 ln
1221 3456 1336 3520 duabus
1359 3457 1426 3519 aliis
1451 3454 1584 3537 Copticis
1607 3456 1753 3538 Liturgiis
1775 3454 1892 3518 fidelius
1913 3461 2055 3518 versatus

589 3603 593 3610 ·
679 3551 742 3639 es‘t,
766 3567 798 3622 et
819 3559 954 3639 quamvis
976 3575 1097 3618 sensum
1121 3574 1182 3618 non
1205 3557 1294 3638 plane
1324 3556 1475 3636 integrum
1503 3554 1689 3633 reddiderit,
1718 3553 1826 3617 saitem
1853 3571 1929 3648 non,
1960 3562 1995 3616 ut
2024 3556 2055 3616 in

678 3661 753 3738 ista,
776 3659 866 3740 plene
890 3656 1040 3737 corrupit;
1066 3655 1147 3736 quod
1169 3654 1309 3717 indicium
1333 3653 1512 3716 estfactum
1540 3655 1570 3718 id
1592 3654 1693 3736 potius
1723 3671 1794 3717 esse
1822 3671 1879 3734 per
1904 3653 2055 3733 ignoran-

678 3759 766 3835 tiam,
789 3773 877 3836 qurm
899 3760 985 3817 certo
1009 3754 1148 3816 consilio.
1194 3752 1273 3816 Sane
1297 3772 1363 3815 cum
1387 3750 1511 3832 Coptica
1533 3753 1626 3817 verba
1644 3753 1818 3831 habeamus,
1840 3770 1918 3833 quaa
1940 3770 1980 3813 ne
1995 3751 2054 3812 mi·

680 3857 789 3917 nimam
811 3851 931 3934 quidem
953 3852 1167 3915 obscuritatem
1189 3852 1315 3931 habent,
1338 3850 1450 3913 frustra
1473 3852 1647 3933 quaerenda
1669 3860 1739 3916 sunt
1761 3850 1953 3929 inArabicis‚
1975 3869 2054 3931 quae

680 3953 806 4018 secundi
830 3960 942 4015 tantum
964 3952 1148 4032 exemplaris
1171 3951 1270 4013 locnrn
1293 3951 1446 4027 obtinent,
1469 3950 1674 4036 subterfugia,
1701 3950 1739 4014 ad
1766 3951 1853 4014 istam
1881 3950 2054 4012 versionem

680 4051 892 4116 excusandam.

406 4174 494 4227 Lecto
512 4174 556 4225 iq,
574 4175 667 4225 immu-
765 4152 806 4213 At
829 4151 858 4212 in
882 4145 948 4211 aliis
971 4167 1068 4230 prope
1091 4148 1228 4210 omnibus
1251 4148 1413 4232 Liturgicis
1436 4148 1549 4212 ciliciis·
1563 4149 1764 4231 quaellomae
1787 4148 1866 4211 edita
1885 4154 1964 4226 sunt,
1986 4166 2053 4210 ma-

356 4266 409 4310 tata
433 4259 576 4312 instincti
601 4261 667 4327 Syro
680 4253 760 4314 xime
783 4250 815 4312 in
836 4250 1046 4325 versionibus,
1069 4265 1148 4309 nova
1170 4264 1297 4329 prorsus
1320 4256 1351 4310 et
1373 4247 1410 4310 ab
1433 4257 1569 4312 autorum
1591 4255 1691 4312 mente
1714 4248 1804 4311 lectio
1825 4247 1983 4311 substituta
1997 4254 2053 4309 est

357 4342 454 4397 homae
472 4344 550 4399 edito.

683 4351 881 4414 Commissum
904 4348 933 4410 id
956 4348 1084 4408 maxime
1108 4347 1137 4408 in
1152 4347 1266 4410 Missaii
1289 4347 1371 4410 edito
1395 4347 1433 4410 ad
1455 4366 1542 4410 usum
1563 4344 1792 4423 Maronitarum,
1820 4348 1933 4428 quiex
1954 4346 2053 4408 multis

679 4446 854 4510 Jacobiticis
882 4446 1027 4527 Liturgiis
1056 4445 1203 4508 coniiatus
1233 4454 1289 4507 est.
1334 4445 1368 4508 ln
1396 4465 1432 4510 eo
1463 4448 1542 4510 enim
1572 4466 1676 4510 omnes
1705 4444 1907 4509 Invocationis
1940 4444 2053 4508 iormae

680 4549 709 4608 in
731 4544 808 4609 hanc
834 4546 1014 4609 sententiam
1036 4551 1232 4607 commutatae
1256 4544 1533 4625 deprehenduntur.
1577 4545 1618 4608 m
1637 4546 1716 4608 Anno
1726 4565 1848 4625 panem
1871 4563 1981 4625 corpas
2001 4545 2054 4606 ei-

680 4647 787 4708 deticet
809 4645 940 4720 Christi,
960 4643 1061 4722 saciat
1081 4644 1171 4705 nobis
1188 4644 1335 4723 prodesse
1356 4646 1556 4721 mmentibns,
1579 4645 1623 4706 ad
1642 4646 1849 4706 resmissionem
1860 4650 2055 4723 peccator-rm

679 4752 710 4805 et
730 4746 824 4805 vitam
846 4751 1020 4806 aeternam:
1043 4741 1084 4803 lit
1103 4743 1182 4804 hrrnc
1204 4742 1346 4822 calicem,
1368 4746 1543 4824 sangninem
1552 4745 1716 4823 pretiosam
1732 4741 1855 4818 Christi,
1874 4741 1975 4820 sociat
1992 4761 2054 4804 no·

611 4905 615 4930 ¹
678 4839 728 4904 bis
746 4843 912 4921 prodesse,
936 4849 993 4904 etc.
1039 4839 1073 4902 ln
1097 4839 1257 4904 Codicibus
1279 4860 1355 4904 vero
1378 4843 1588 4924 manuscriptis
1611 4843 1726 4905 illarum
1750 4842 1879 4904 omnium
1900 4839 2054 4920 Liturgin-

680 4959 747 5002 rum
769 4948 800 5003 et
823 4941 948 5003 aliarum
971 4957 1047 5021 quos
1062 4939 1228 5019 habuimus,
1251 4940 1323 5002 nihil
1346 4941 1442 5004 simile
1464 4940 1592 5023 legitur,
1615 4940 1670 5003 sed
1688 4940 1832 5022 simplex,
1856 4940 1944 5020 eique
1965 4955 2053 5018 quam

681 5040 875 5118 exposuimus
898 5039 1017 5114 similis,
1041 5039 1203 5101 sententia:
1226 5047 1260 5101 nt
1287 5041 1454 5104 advertisne
1479 5039 1611 5120 Spiritus
1637 5047 1778 5113 sanctus,
1807 5036 1923 5119 efficiat
1943 5055 2054 5116 panem
