<?xml version="1.0" encoding="UTF-8"?>
<!DOCTYPE html PUBLIC "-//W3C//DTD XHTML 1.0 Transitional//EN"
    "http://www.w3.org/TR/xhtml1/DTD/xhtml1-transitional.dtd">
<html xmlns="http://www.w3.org/1999/xhtml" xml:lang="en" lang="en">
 <head>
  <title>
</title>
<meta http-equiv="Content-Type" content="text/html;charset=utf-8" />
  <meta name='ocr-system' content='tesseract 3.04.00' />
  <meta name='ocr-capabilities' content='ocr_page ocr_carea ocr_par ocr_line ocrx_word'/>
</head>
<body>
  <div class='ocr_page' id='page_1' title='image "./liturgiarumorie00unkngoog_0294.png"; bbox 0 0 4525 6034; ppageno 0'>
   <div class='ocr_carea' id='block_1_1' title="bbox 676 598 1580 692">
    <p class='ocr_par' dir='ltr' id='par_1_1' title="bbox 676 598 1580 692">
     <span class='ocr_line' id='line_1_1' title="bbox 676 598 1580 692; baseline -0.01 -1"><span class='ocrx_word' id='word_1_1' title='bbox 676 598 772 692; x_wconf 71' lang='lat' dir='ltr'><em>134v</em></span> <span class='ocrx_word' id='word_1_2' title='bbox 1215 604 1580 688; x_wconf 79' lang='lat' dir='ltr'>trrunotl</span> 
     </span>
    </p>
   </div>
   <div class='ocr_carea' id='block_1_2' title="bbox 673 787 2073 5143">
    <p class='ocr_par' dir='ltr' id='par_1_2' title="bbox 673 787 2073 5143">
     <span class='ocr_line' id='line_1_2' title="bbox 673 787 2049 919; baseline -0.005 -42"><span class='ocrx_word' id='word_1_3' title='bbox 673 814 709 877; x_wconf 93' lang='lat' dir='ltr'>et</span> <span class='ocrx_word' id='word_1_4' title='bbox 739 824 868 876; x_wconf 90' lang='lat' dir='ltr'>renova</span> <span class='ocrx_word' id='word_1_5' title='bbox 902 810 1016 873; x_wconf 85' lang='lat' dir='ltr'>eorum</span> <span class='ocrx_word' id='word_1_6' title='bbox 1051 819 1193 873; x_wconf 85' lang='lat' dir='ltr'>ascensu</span> <span class='ocrx_word' id='word_1_7' title='bbox 1224 796 1344 871; x_wconf 82' lang='lat' dir='ltr'>faeiem</span> <span class='ocrx_word' id='word_1_8' title='bbox 1387 790 1526 876; x_wconf 83' lang='grc' dir='ltr'><strong>τόπους.</strong></span> <span class='ocrx_word' id='word_1_9' title='bbox 1553 789 1735 919; x_wconf 84' lang='grc' dir='ltr'><em>εύφρανον</em></span> <span class='ocrx_word' id='word_1_10' title='bbox 1751 787 1811 865; x_wconf 88' lang='grc' dir='ltr'><em>καλ</em></span> <span class='ocrx_word' id='word_1_11' title='bbox 1824 787 2049 870; x_wconf 82' lang='grc' dir='ltr'><em>ύνακαλνισον</em></span> 
     </span>
     <span class='ocr_line' id='line_1_3' title="bbox 673 892 2049 1025; baseline -0.003 -47"><span class='ocrx_word' id='word_1_12' title='bbox 673 918 794 980; x_wconf 90' lang='lat' dir='ltr'>terrae</span> <span class='ocrx_word' id='word_1_13' title='bbox 820 904 929 978; x_wconf 88' lang='lat' dir='ltr'>Rivos</span> <span class='ocrx_word' id='word_1_14' title='bbox 957 907 1029 1025; x_wconf 80' lang='lat' dir='ltr'>ejus</span> <span class='ocrx_word' id='word_1_15' title='bbox 1055 901 1202 989; x_wconf 75' lang='lat' dir='ltr'>inebria,</span> <span class='ocrx_word' id='word_1_16' title='bbox 1227 900 1344 974; x_wconf 87' lang='lat' dir='ltr'>multi·</span> <span class='ocrx_word' id='word_1_17' title='bbox 1387 926 1432 1023; x_wconf 82' lang='grc' dir='ltr'><em>τη</em></span> <span class='ocrx_word' id='word_1_18' title='bbox 1417 892 1707 992; x_wconf 79' lang='grc' dir='ltr'><em>καταβάσει’</em></span> <span class='ocrx_word' id='word_1_19' title='bbox 1660 902 1782 972; x_wconf 66' lang='lat' dir='ltr'>ovinia</span> <span class='ocrx_word' id='word_1_20' title='bbox 1804 893 1848 969; x_wconf 89' lang='grc' dir='ltr'><em>τιλ</em></span> <span class='ocrx_word' id='word_1_21' title='bbox 1868 894 2049 1025; x_wconf 78' lang='grc' dir='ltr'><em>πρόςωπον</em></span> 
     </span>
     <span class='ocr_line' id='line_1_4' title="bbox 674 999 2051 1129; baseline -0.004 -47"><span class='ocrx_word' id='word_1_22' title='bbox 674 1010 761 1108; x_wconf 90' lang='lat' dir='ltr'>plica</span> <span class='ocrx_word' id='word_1_23' title='bbox 788 1012 955 1101; x_wconf 82' lang='lat' dir='ltr'>genimina</span> <span class='ocrx_word' id='word_1_24' title='bbox 969 1010 1051 1100; x_wconf 90' lang='lat' dir='ltr'>ejus.</span> <span class='ocrx_word' id='word_1_25' title='bbox 1078 1003 1254 1080; x_wconf 77' lang='lat' dir='ltr'>Fructibus</span> <span class='ocrx_word' id='word_1_26' title='bbox 1268 1015 1345 1076; x_wconf 89' lang='lat' dir='ltr'>ter-</span> <span class='ocrx_word' id='word_1_27' title='bbox 1388 1009 1449 1129; x_wconf 75' lang='grc' dir='ltr'><em>της</em></span> <span class='ocrx_word' id='word_1_28' title='bbox 1466 1007 1541 1127; x_wconf 76' lang='grc' dir='ltr'><em>γης,</em></span> <span class='ocrx_word' id='word_1_29' title='bbox 1564 1002 1624 1078; x_wconf 83' lang='grc' dir='ltr'><em>λ’να</em></span> <span class='ocrx_word' id='word_1_30' title='bbox 1646 1004 1686 1076; x_wconf 75' lang='grc' dir='ltr'><em>ἐν</em></span> <span class='ocrx_word' id='word_1_31' title='bbox 1707 1009 1782 1084; x_wconf 86' lang='grc' dir='ltr'><em>ταῖς</em></span> <span class='ocrx_word' id='word_1_32' title='bbox 1799 999 1972 1126; x_wconf 75' lang='grc' dir='ltr'><strong><em>σταγόσιν</em></strong></span> <span class='ocrx_word' id='word_1_33' title='bbox 1987 1031 2051 1077; x_wconf 53' lang='grc' dir='ltr'><em>σοι</em></span> 
     </span>
     <span class='ocr_line' id='line_1_5' title="bbox 674 1100 2049 1205; baseline -0.005 -20"><span class='ocrx_word' id='word_1_34' title='bbox 674 1136 747 1205; x_wconf 67' lang='lat' dir='ltr'>rae,</span> <span class='ocrx_word' id='word_1_35' title='bbox 773 1111 926 1201; x_wconf 71' lang='grc' dir='ltr'><em>λλοιιιίιιο,</em></span> <span class='ocrx_word' id='word_1_36' title='bbox 941 1110 1140 1195; x_wconf 63' lang='lat' dir='ltr'>benedicite</span> <span class='ocrx_word' id='word_1_37' title='bbox 1164 1108 1351 1205; x_wconf 87' lang='lat' dir='ltr'>salvosque</span> <span class='ocrx_word' id='word_1_38' title='bbox 1388 1113 1449 1203; x_wconf 84' lang='grc' dir='ltr'><em>τῆς</em></span> <span class='ocrx_word' id='word_1_39' title='bbox 1471 1102 1785 1203; x_wconf 81' lang='grc' dir='ltr'><em>εύφρανθήσηται,</em></span> <span class='ocrx_word' id='word_1_40' title='bbox 1807 1100 2049 1181; x_wconf 76' lang='grc' dir='ltr'><em>ἀνατέλλουσα</em></span> 
     </span>
     <span class='ocr_line' id='line_1_6' title="bbox 675 1204 2050 1336; baseline -0.005 -47"><span class='ocrx_word' id='word_1_41' title='bbox 675 1215 774 1289; x_wconf 86' lang='lat' dir='ltr'>nobis</span> <span class='ocrx_word' id='word_1_42' title='bbox 808 1226 842 1288; x_wconf 91' lang='lat' dir='ltr'>et</span> <span class='ocrx_word' id='word_1_43' title='bbox 874 1219 1086 1310; x_wconf 84' lang='lat' dir='ltr'>incorruptos</span> <span class='ocrx_word' id='word_1_44' title='bbox 1125 1221 1346 1286; x_wconf 85' lang='lat' dir='ltr'>conservato:</span> <span class='ocrx_word' id='word_1_45' title='bbox 1389 1205 1562 1305; x_wconf 86' lang='grc' dir='ltr'><em>Ποτύμια</em></span> <span class='ocrx_word' id='word_1_46' title='bbox 1589 1205 1760 1283; x_wconf 73' lang='lat' dir='ltr'>iidata</span> <span class='ocrx_word' id='word_1_47' title='bbox 1735 1204 1896 1336; x_wconf 65' lang='grc' dir='ltr'><em>ανύηαγε</em></span> <span class='ocrx_word' id='word_1_48' title='bbox 1926 1207 1981 1283; x_wconf 80' lang='grc' dir='ltr'><em>ἐπὶ</em></span> <span class='ocrx_word' id='word_1_49' title='bbox 2011 1208 2050 1283; x_wconf 82' lang='grc' dir='ltr'><em>τὸ</em></span> 
     </span>
     <span class='ocr_line' id='line_1_7' title="bbox 677 1310 2051 1411; baseline -0.004 -19"><span class='ocrx_word' id='word_1_50' title='bbox 677 1319 799 1394; x_wconf 84' lang='lat' dir='ltr'>exbibe</span> <span class='ocrx_word' id='word_1_51' title='bbox 836 1319 933 1392; x_wconf 92' lang='lat' dir='ltr'>nobis</span> <span class='ocrx_word' id='word_1_52' title='bbox 980 1339 1040 1391; x_wconf 87' lang='lat' dir='ltr'><em>eos</em></span> <span class='ocrx_word' id='word_1_53' title='bbox 1086 1321 1120 1389; x_wconf 91' lang='lat' dir='ltr'>in</span> <span class='ocrx_word' id='word_1_54' title='bbox 1157 1337 1272 1390; x_wconf 91' lang='lat' dir='ltr'>semen</span> <span class='ocrx_word' id='word_1_55' title='bbox 1314 1323 1348 1386; x_wconf 91' lang='lat' dir='ltr'>et</span> <span class='ocrx_word' id='word_1_56' title='bbox 1392 1311 1489 1389; x_wconf 81' lang='grc' dir='ltr'><em>λ’(λιον</em></span> <span class='ocrx_word' id='word_1_57' title='bbox 1505 1310 1785 1411; x_wconf 70' lang='grc' dir='ltr'><em>ια’τροναύτύν,</em></span> <span class='ocrx_word' id='word_1_58' title='bbox 1801 1310 1982 1411; x_wconf 83' lang='grc' dir='ltr'><em>εύφρανον</em></span> <span class='ocrx_word' id='word_1_59' title='bbox 1997 1311 2051 1386; x_wconf 89' lang='grc' dir='ltr'><em>καλ</em></span> 
     </span>
     <span class='ocr_line' id='line_1_8' title="bbox 676 1412 2050 1513; baseline -0.007 -15"><span class='ocrx_word' id='word_1_60' title='bbox 676 1446 830 1498; x_wconf 84' lang='lat' dir='ltr'>messem</span> <span class='ocrx_word' id='word_1_61' title='bbox 857 1421 1051 1494; x_wconf 85' lang='lat' dir='ltr'>Benedicito</span> <span class='ocrx_word' id='word_1_62' title='bbox 1065 1425 1255 1511; x_wconf 77' lang='lat' dir='ltr'>etiamnum,</span> <span class='ocrx_word' id='word_1_63' title='bbox 1267 1416 1347 1491; x_wconf 89' lang='lat' dir='ltr'><em>Do</em></span> <span class='ocrx_word' id='word_1_64' title='bbox 1390 1415 1627 1492; x_wconf 91' lang='grc' dir='ltr'><em>ανακαινισον</em></span> <span class='ocrx_word' id='word_1_65' title='bbox 1639 1443 1683 1512; x_wconf 83' lang='grc' dir='ltr'><em>τη</em></span> <span class='ocrx_word' id='word_1_66' title='bbox 1668 1412 1932 1513; x_wconf 78' lang='grc' dir='ltr'><em>αναβασιι</em></span> <span class='ocrx_word' id='word_1_67' title='bbox 1886 1444 2002 1491; x_wconf 87' lang='grc' dir='ltr'><em>αοτων</em></span> <span class='ocrx_word' id='word_1_68' title='bbox 2013 1444 2050 1490; x_wconf 93' lang='grc' dir='ltr'><em>το</em></span> 
     </span>
     <span class='ocr_line' id='line_1_9' title="bbox 676 1516 2053 1648; baseline -0.004 -49"><span class='ocrx_word' id='word_1_69' title='bbox 676 1531 783 1618; x_wconf 77' lang='lat' dir='ltr'>mine,</span> <span class='ocrx_word' id='word_1_70' title='bbox 825 1548 974 1599; x_wconf 80' lang='lat' dir='ltr'>toronae</span> <span class='ocrx_word' id='word_1_71' title='bbox 1020 1529 1096 1597; x_wconf 88' lang='lat' dir='ltr'>anni</span> <span class='ocrx_word' id='word_1_72' title='bbox 1135 1523 1347 1618; x_wconf 81' lang='lat' dir='ltr'>benignitatis</span> <span class='ocrx_word' id='word_1_73' title='bbox 1390 1517 1579 1648; x_wconf 75' lang='grc' dir='ltr'><em>πρόςσνιον</em></span> <span class='ocrx_word' id='word_1_74' title='bbox 1601 1526 1662 1616; x_wconf 81' lang='grc' dir='ltr'><em>τῆς</em></span> <span class='ocrx_word' id='word_1_75' title='bbox 1682 1526 1755 1622; x_wconf 74' lang='grc' dir='ltr'><em>γῆς.</em></span> <span class='ocrx_word' id='word_1_76' title='bbox 1795 1516 1885 1603; x_wconf 86' lang='grc' dir='ltr'><em>Τοιλς</em></span> <span class='ocrx_word' id='word_1_77' title='bbox 1907 1517 2053 1603; x_wconf 77' lang='grc' dir='ltr'><em>αὔλακας</em></span> 
     </span>
     <span class='ocr_line' id='line_1_10' title="bbox 675 1621 2053 1748; baseline -0.004 -45"><span class='ocrx_word' id='word_1_78' title='bbox 675 1642 763 1719; x_wconf 84' lang='lat' dir='ltr'>tuae,</span> <span class='ocrx_word' id='word_1_79' title='bbox 790 1640 927 1726; x_wconf 87' lang='lat' dir='ltr'>propter</span> <span class='ocrx_word' id='word_1_80' title='bbox 952 1651 1118 1726; x_wconf 84' lang='lat' dir='ltr'>pauperes</span> <span class='ocrx_word' id='word_1_81' title='bbox 1149 1628 1264 1724; x_wconf 92' lang='lat' dir='ltr'>populi</span> <span class='ocrx_word' id='word_1_82' title='bbox 1290 1629 1347 1714; x_wconf 73' lang='lat' dir='ltr'>tui,</span> <span class='ocrx_word' id='word_1_83' title='bbox 1390 1623 1498 1719; x_wconf 83' lang='grc' dir='ltr'><em>αὐτῆς</em></span> <span class='ocrx_word' id='word_1_84' title='bbox 1509 1621 1957 1751; x_wconf 71' lang='grc' dir='ltr'><em>μέθρσον,πληιλονον</em></span> <span class='ocrx_word' id='word_1_85' title='bbox 1915 1651 1959 1696; x_wconf 86' lang='grc' dir='ltr'><em>τα</em></span> <span class='ocrx_word' id='word_1_86' title='bbox 1958 1650 2053 1748; x_wconf 77' lang='grc' dir='ltr'><em>γεν-</em></span> 
     </span>
     <span class='ocr_line' id='line_1_11' title="bbox 675 1724 2052 1854; baseline -0.003 -49"><span class='ocrx_word' id='word_1_87' title='bbox 675 1743 813 1830; x_wconf 89' lang='lat' dir='ltr'>propter</span> <span class='ocrx_word' id='word_1_88' title='bbox 838 1734 973 1806; x_wconf 86' lang='lat' dir='ltr'>viduam</span> <span class='ocrx_word' id='word_1_89' title='bbox 1004 1741 1039 1804; x_wconf 95' lang='lat' dir='ltr'>et</span> <span class='ocrx_word' id='word_1_90' title='bbox 1068 1742 1207 1854; x_wconf 89' lang='lat' dir='ltr'>propter</span> <span class='ocrx_word' id='word_1_91' title='bbox 1232 1729 1347 1828; x_wconf 91' lang='lat' dir='ltr'>pupil-</span> <span class='ocrx_word' id='word_1_92' title='bbox 1390 1726 1533 1825; x_wconf 83' lang='grc' dir='ltr'><em>νήματα</em></span> <span class='ocrx_word' id='word_1_93' title='bbox 1559 1725 1673 1823; x_wconf 80' lang='grc' dir='ltr'><em>αὐτῆς.</em></span> <span class='ocrx_word' id='word_1_94' title='bbox 1716 1725 1806 1811; x_wconf 89' lang='grc' dir='ltr'><em>Τοιλς</em></span> <span class='ocrx_word' id='word_1_95' title='bbox 1826 1724 1984 1825; x_wconf 83' lang='grc' dir='ltr'><em>καρπούς</em></span> <span class='ocrx_word' id='word_1_96' title='bbox 1998 1734 2052 1822; x_wconf 82' lang='grc' dir='ltr'><em>τῆς</em></span> 
     </span>
     <span class='ocr_line' id='line_1_12' title="bbox 676 1827 2054 1933; baseline -0.004 -25"><span class='ocrx_word' id='word_1_97' title='bbox 676 1837 757 1910; x_wconf 89' lang='lat' dir='ltr'>lum:</span> <span class='ocrx_word' id='word_1_98' title='bbox 784 1846 922 1933; x_wconf 94' lang='lat' dir='ltr'>propter</span> <span class='ocrx_word' id='word_1_99' title='bbox 946 1839 1172 1933; x_wconf 70' lang='lat' dir='ltr'>peregrinum,</span> <span class='ocrx_word' id='word_1_100' title='bbox 1201 1845 1234 1907; x_wconf 88' lang='lat' dir='ltr'>et</span> <span class='ocrx_word' id='word_1_101' title='bbox 1259 1856 1347 1930; x_wconf 91' lang='lat' dir='ltr'>pro·</span> <span class='ocrx_word' id='word_1_102' title='bbox 1390 1839 1455 1932; x_wconf 73' lang='grc' dir='ltr'><em>γῆς</em></span> <span class='ocrx_word' id='word_1_103' title='bbox 1476 1828 1577 1929; x_wconf 85' lang='grc' dir='ltr'><em>κύριε</em></span> <span class='ocrx_word' id='word_1_104' title='bbox 1603 1827 1819 1931; x_wconf 74' lang='grc' dir='ltr'><em>εύλόηησον,</em></span> <span class='ocrx_word' id='word_1_105' title='bbox 1851 1828 1967 1914; x_wconf 84' lang='grc' dir='ltr'><em>σώους</em></span> <span class='ocrx_word' id='word_1_106' title='bbox 1999 1828 2054 1904; x_wconf 90' lang='grc' dir='ltr'><em>καλ</em></span> 
     </span>
     <span class='ocr_line' id='line_1_13' title="bbox 674 1931 2053 2067; baseline -0.003 -55"><span class='ocrx_word' id='word_1_107' title='bbox 674 1951 751 2038; x_wconf 88' lang='lat' dir='ltr'>pter</span> <span class='ocrx_word' id='word_1_108' title='bbox 778 1940 959 2013; x_wconf 83' lang='lat' dir='ltr'>advenam:</span> <span class='ocrx_word' id='word_1_109' title='bbox 986 1949 1124 2037; x_wconf 90' lang='lat' dir='ltr'>propter</span> <span class='ocrx_word' id='word_1_110' title='bbox 1145 1961 1208 2010; x_wconf 95' lang='lat' dir='ltr'><em>nos</em></span> <span class='ocrx_word' id='word_1_111' title='bbox 1231 1959 1347 2010; x_wconf 88' lang='lat' dir='ltr'>omnes</span> <span class='ocrx_word' id='word_1_112' title='bbox 1390 1933 1674 2034; x_wconf 80' lang='grc' dir='ltr'><em>α’κεραλονςῆμῖν</em></span> <span class='ocrx_word' id='word_1_113' title='bbox 1679 1932 1925 2067; x_wconf 70' lang='lat' dir='ltr'>drqrqpqoon·</span> <span class='ocrx_word' id='word_1_114' title='bbox 1942 1931 2053 2034; x_wconf 82' lang='grc' dir='ltr'><em>παρά-</em></span> 
     </span>
     <span class='ocr_line' id='line_1_14' title="bbox 676 2036 2054 2139; baseline -0.005 -21"><span class='ocrx_word' id='word_1_115' title='bbox 676 2055 851 2139; x_wconf 86' lang='lat' dir='ltr'>sperantes</span> <span class='ocrx_word' id='word_1_116' title='bbox 877 2047 910 2115; x_wconf 93' lang='lat' dir='ltr'>in</span> <span class='ocrx_word' id='word_1_117' title='bbox 923 2054 968 2133; x_wconf 70' lang='lat' dir='ltr'>te,</span> <span class='ocrx_word' id='word_1_118' title='bbox 995 2052 1030 2116; x_wconf 94' lang='lat' dir='ltr'>et</span> <span class='ocrx_word' id='word_1_119' title='bbox 1040 2047 1234 2115; x_wconf 82' lang='lat' dir='ltr'>invocantes</span> <span class='ocrx_word' id='word_1_120' title='bbox 1261 2064 1347 2115; x_wconf 89' lang='lat' dir='ltr'>san·</span> <span class='ocrx_word' id='word_1_121' title='bbox 1390 2064 1525 2137; x_wconf 89' lang='grc' dir='ltr'><em>στησον</em></span> <span class='ocrx_word' id='word_1_122' title='bbox 1538 2039 1626 2135; x_wconf 80' lang='grc' dir='ltr'><em>ἡμῖν</em></span> <span class='ocrx_word' id='word_1_123' title='bbox 1642 2036 1772 2122; x_wconf 85' lang='grc' dir='ltr'><em>αύτούς</em></span> <span class='ocrx_word' id='word_1_124' title='bbox 1785 2041 1831 2122; x_wconf 86' lang='grc' dir='ltr'><em>εἰς</em></span> <span class='ocrx_word' id='word_1_125' title='bbox 1844 2042 1985 2134; x_wconf 69' lang='grc' dir='ltr'><em>σπέρμα</em></span> <span class='ocrx_word' id='word_1_126' title='bbox 2001 2036 2054 2111; x_wconf 87' lang='grc' dir='ltr'><em>καλ</em></span> 
     </span>
     <span class='ocr_line' id='line_1_15' title="bbox 676 2140 2053 2242; baseline -0.001 -24"><span class='ocrx_word' id='word_1_127' title='bbox 676 2157 765 2219; x_wconf 86' lang='lat' dir='ltr'>otum</span> <span class='ocrx_word' id='word_1_128' title='bbox 806 2169 928 2221; x_wconf 91' lang='lat' dir='ltr'>nomen</span> <span class='ocrx_word' id='word_1_129' title='bbox 967 2157 1065 2218; x_wconf 89' lang='lat' dir='ltr'>tuum.</span> <span class='ocrx_word' id='word_1_130' title='bbox 1120 2146 1217 2220; x_wconf 84' lang='lat' dir='ltr'>Oculi</span> <span class='ocrx_word' id='word_1_131' title='bbox 1260 2147 1348 2216; x_wconf 91' lang='lat' dir='ltr'>enim</span> <span class='ocrx_word' id='word_1_132' title='bbox 1391 2146 1436 2227; x_wconf 85' lang='grc' dir='ltr'><em>εἰς</em></span> <span class='ocrx_word' id='word_1_133' title='bbox 1458 2140 1647 2242; x_wconf 80' lang='grc' dir='ltr'><em>θερισμόν.</em></span> <span class='ocrx_word' id='word_1_134' title='bbox 1675 2140 1901 2242; x_wconf 75' lang='grc' dir='ltr'><em>Εύλύγησον,</em></span> <span class='ocrx_word' id='word_1_135' title='bbox 1916 2140 1975 2215; x_wconf 89' lang='grc' dir='ltr'><em>καλ</em></span> <span class='ocrx_word' id='word_1_136' title='bbox 1992 2148 2053 2216; x_wconf 85' lang='grc' dir='ltr'><em>νύν</em></span> 
     </span>
     <span class='ocr_line' id='line_1_16' title="bbox 677 2245 2055 2374; baseline -0.003 -51"><span class='ocrx_word' id='word_1_137' title='bbox 677 2255 821 2324; x_wconf 92' lang='lat' dir='ltr'>omnium</span> <span class='ocrx_word' id='word_1_138' title='bbox 852 2255 886 2322; x_wconf 91' lang='lat' dir='ltr'>in</span> <span class='ocrx_word' id='word_1_139' title='bbox 918 2260 953 2322; x_wconf 91' lang='lat' dir='ltr'>te</span> <span class='ocrx_word' id='word_1_140' title='bbox 979 2260 1132 2371; x_wconf 87' lang='lat' dir='ltr'>sperant</span> <span class='ocrx_word' id='word_1_141' title='bbox 1167 2260 1201 2321; x_wconf 92' lang='lat' dir='ltr'>et</span> <span class='ocrx_word' id='word_1_142' title='bbox 1228 2260 1261 2321; x_wconf 94' lang='lat' dir='ltr'>tu</span> <span class='ocrx_word' id='word_1_143' title='bbox 1287 2247 1347 2319; x_wconf 91' lang='lat' dir='ltr'><em>das</em></span> <span class='ocrx_word' id='word_1_144' title='bbox 1390 2246 1503 2373; x_wconf 85' lang='grc' dir='ltr'><em>κύριε</em></span> <span class='ocrx_word' id='word_1_145' title='bbox 1511 2245 1578 2322; x_wconf 81' lang='grc' dir='ltr'><em>τὸν</em></span> <span class='ocrx_word' id='word_1_146' title='bbox 1585 2251 1783 2374; x_wconf 72' lang='grc' dir='ltr'><em>στέιρανον</em></span> <span class='ocrx_word' id='word_1_147' title='bbox 1805 2252 1871 2320; x_wconf 76' lang='grc' dir='ltr'><em>κού</em></span> <span class='ocrx_word' id='word_1_148' title='bbox 1899 2249 2055 2320; x_wconf 81' lang='grc' dir='ltr'><em>ἐνιαυτοῦ</em></span> 
     </span>
     <span class='ocr_line' id='line_1_17' title="bbox 678 2346 2054 2451; baseline -0.003 -24"><span class='ocrx_word' id='word_1_149' title='bbox 678 2377 792 2427; x_wconf 87' lang='lat' dir='ltr'>escam</span> <span class='ocrx_word' id='word_1_150' title='bbox 818 2358 965 2451; x_wconf 90' lang='lat' dir='ltr'>ipsorum</span> <span class='ocrx_word' id='word_1_151' title='bbox 991 2357 1024 2425; x_wconf 93' lang='lat' dir='ltr'>in</span> <span class='ocrx_word' id='word_1_152' title='bbox 1039 2363 1189 2448; x_wconf 85' lang='lat' dir='ltr'>tempore</span> <span class='ocrx_word' id='word_1_153' title='bbox 1216 2373 1348 2448; x_wconf 91' lang='lat' dir='ltr'>op-por</span> <span class='ocrx_word' id='word_1_154' title='bbox 1391 2378 1452 2446; x_wconf 81' lang='grc' dir='ltr'><em>της</em></span> <span class='ocrx_word' id='word_1_155' title='bbox 1457 2375 1697 2450; x_wconf 83' lang='grc' dir='ltr'><em>χρηστοτητος</em></span> <span class='ocrx_word' id='word_1_156' title='bbox 1706 2375 1784 2437; x_wconf 85' lang='grc' dir='ltr'><em>σου,</em></span> <span class='ocrx_word' id='word_1_157' title='bbox 1799 2346 1862 2423; x_wconf 86' lang='grc' dir='ltr'><em>ιλια</em></span> <span class='ocrx_word' id='word_1_158' title='bbox 1870 2377 2054 2433; x_wconf 84' lang='grc' dir='ltr'><em>τουςπτοι-</em></span> 
     </span>
     <span class='ocr_line' id='line_1_18' title="bbox 677 2450 2055 2551; baseline -0.002 -21"><span class='ocrx_word' id='word_1_159' title='bbox 677 2468 767 2530; x_wconf 86' lang='lat' dir='ltr'>tuno.</span> <span class='ocrx_word' id='word_1_160' title='bbox 812 2457 877 2544; x_wconf 81' lang='lat' dir='ltr'>Qui</span> <span class='ocrx_word' id='word_1_161' title='bbox 903 2457 963 2529; x_wconf 87' lang='lat' dir='ltr'><em>das</em></span> <span class='ocrx_word' id='word_1_162' title='bbox 990 2480 1104 2532; x_wconf 88' lang='lat' dir='ltr'>escam</span> <span class='ocrx_word' id='word_1_163' title='bbox 1131 2460 1218 2530; x_wconf 89' lang='lat' dir='ltr'>omni</span> <span class='ocrx_word' id='word_1_164' title='bbox 1245 2457 1349 2545; x_wconf 78' lang='lat' dir='ltr'>carni,</span> <span class='ocrx_word' id='word_1_165' title='bbox 1389 2482 1558 2584; x_wconf 78' lang='grc' dir='ltr'><em>χορςτοο</em></span> <span class='ocrx_word' id='word_1_166' title='bbox 1542 2459 1761 2546; x_wconf 83' lang='grc' dir='ltr'><em>λαούσοο,</em></span> <span class='ocrx_word' id='word_1_167' title='bbox 1783 2450 1908 2527; x_wconf 81' lang='lat' dir='ltr'>dmi</span> <span class='ocrx_word' id='word_1_168' title='bbox 1864 2480 1933 2549; x_wconf 87' lang='grc' dir='ltr'><em>την</em></span> <span class='ocrx_word' id='word_1_169' title='bbox 1947 2451 2055 2551; x_wconf 77' lang='grc' dir='ltr'><em>χήραν</em></span> 
     </span>
     <span class='ocr_line' id='line_1_19' title="bbox 677 2555 2055 2657; baseline -0.001 -25"><span class='ocrx_word' id='word_1_170' title='bbox 677 2561 777 2657; x_wconf 89' lang='lat' dir='ltr'>imple</span> <span class='ocrx_word' id='word_1_171' title='bbox 803 2559 926 2653; x_wconf 89' lang='lat' dir='ltr'>gaudio</span> <span class='ocrx_word' id='word_1_172' title='bbox 954 2570 987 2631; x_wconf 93' lang='lat' dir='ltr'>et</span> <span class='ocrx_word' id='word_1_173' title='bbox 998 2560 1123 2633; x_wconf 81' lang='lat' dir='ltr'>laetitia</span> <span class='ocrx_word' id='word_1_174' title='bbox 1149 2560 1253 2632; x_wconf 84' lang='lat' dir='ltr'>eorda</span> <span class='ocrx_word' id='word_1_175' title='bbox 1278 2581 1349 2631; x_wconf 90' lang='grc' dir='ltr'><em>ιιο-</em></span> <span class='ocrx_word' id='word_1_176' title='bbox 1392 2586 1452 2633; x_wconf 91' lang='grc' dir='ltr'><em>και</em></span> <span class='ocrx_word' id='word_1_177' title='bbox 1443 2556 1581 2632; x_wconf 90' lang='grc' dir='ltr'><em>ιλια</em></span> <span class='ocrx_word' id='word_1_178' title='bbox 1540 2585 1606 2634; x_wconf 87' lang='grc' dir='ltr'><em>τον</em></span> <span class='ocrx_word' id='word_1_179' title='bbox 1617 2586 1792 2657; x_wconf 81' lang='grc' dir='ltr'><em>ορφανον,</em></span> <span class='ocrx_word' id='word_1_180' title='bbox 1806 2555 1923 2632; x_wconf 87' lang='grc' dir='ltr'><em>ιλια</em></span> <span class='ocrx_word' id='word_1_181' title='bbox 1880 2585 2055 2657; x_wconf 84' lang='grc' dir='ltr'><em>τονπρος-</em></span> 
     </span>
     <span class='ocr_line' id='line_1_20' title="bbox 678 2658 2056 2759; baseline -0.003 -20"><span class='ocrx_word' id='word_1_182' title='bbox 678 2676 766 2753; x_wconf 73' lang='lat' dir='ltr'>stra,</span> <span class='ocrx_word' id='word_1_183' title='bbox 793 2674 829 2736; x_wconf 92' lang='lat' dir='ltr'>ut</span> <span class='ocrx_word' id='word_1_184' title='bbox 855 2686 988 2759; x_wconf 89' lang='lat' dir='ltr'>semper</span> <span class='ocrx_word' id='word_1_185' title='bbox 1015 2687 1146 2737; x_wconf 90' lang='lat' dir='ltr'>omnem</span> <span class='ocrx_word' id='word_1_186' title='bbox 1173 2663 1348 2736; x_wconf 84' lang='lat' dir='ltr'>sufficien—</span> <span class='ocrx_word' id='word_1_187' title='bbox 1394 2660 1545 2759; x_wconf 79' lang='grc' dir='ltr'><em>ήλιπον,</em></span> <span class='ocrx_word' id='word_1_188' title='bbox 1567 2659 1658 2736; x_wconf 84' lang='grc' dir='ltr'><em>ιλι’</em></span> <span class='ocrx_word' id='word_1_189' title='bbox 1635 2667 1728 2759; x_wconf 79' lang='grc' dir='ltr'><em>ημᾶς</em></span> <span class='ocrx_word' id='word_1_190' title='bbox 1746 2659 1881 2745; x_wconf 79' lang='grc' dir='ltr'><em>πάντας</em></span> <span class='ocrx_word' id='word_1_191' title='bbox 1903 2658 1983 2745; x_wconf 86' lang='grc' dir='ltr'><em>τούς</em></span> <span class='ocrx_word' id='word_1_192' title='bbox 2002 2663 2056 2735; x_wconf 80' lang='grc' dir='ltr'><em>ε’λ-</em></span> 
     </span>
     <span class='ocr_line' id='line_1_21' title="bbox 677 2764 2056 2859; baseline -0.001 -19"><span class='ocrx_word' id='word_1_193' title='bbox 677 2770 758 2841; x_wconf 84' lang='grc' dir='ltr'><em>λλοιιι</em></span> <span class='ocrx_word' id='word_1_194' title='bbox 786 2767 959 2859; x_wconf 79' lang='lat' dir='ltr'>babenteS‚</span> <span class='ocrx_word' id='word_1_195' title='bbox 986 2766 1190 2842; x_wconf 87' lang='lat' dir='ltr'>abundemus</span> <span class='ocrx_word' id='word_1_196' title='bbox 1206 2772 1350 2839; x_wconf 91' lang='lat' dir='ltr'>inomne</span> <span class='ocrx_word' id='word_1_197' title='bbox 1395 2764 1564 2855; x_wconf 87' lang='grc' dir='ltr'><em>πίζοντας</em></span> <span class='ocrx_word' id='word_1_198' title='bbox 1587 2766 1643 2840; x_wconf 81' lang='grc' dir='ltr'><em>ε’πί</em></span> <span class='ocrx_word' id='word_1_199' title='bbox 1666 2791 1721 2856; x_wconf 85' lang='grc' dir='ltr'><em>σε,</em></span> <span class='ocrx_word' id='word_1_200' title='bbox 1746 2764 1806 2839; x_wconf 87' lang='grc' dir='ltr'><em>καλ</em></span> <span class='ocrx_word' id='word_1_201' title='bbox 1828 2768 2056 2858; x_wconf 71' lang='grc' dir='ltr'><em>ἐπικαλουμέ-</em></span> 
     </span>
     <span class='ocr_line' id='line_1_22' title="bbox 680 2865 2056 2998; baseline -0.004 -53"><span class='ocrx_word' id='word_1_202' title='bbox 680 2894 766 2994; x_wconf 86' lang='lat' dir='ltr'>opus</span> <span class='ocrx_word' id='word_1_203' title='bbox 792 2870 963 2962; x_wconf 76' lang='lat' dir='ltr'>bonum,</span> <span class='ocrx_word' id='word_1_204' title='bbox 953 2894 985 2943; x_wconf 92' lang='grc' dir='ltr'><em>ιιι</em></span> <span class='ocrx_word' id='word_1_205' title='bbox 1013 2871 1147 2945; x_wconf 85' lang='lat' dir='ltr'>Christo</span> <span class='ocrx_word' id='word_1_206' title='bbox 1172 2872 1255 2945; x_wconf 89' lang='lat' dir='ltr'>Jesu</span> <span class='ocrx_word' id='word_1_207' title='bbox 1271 2871 1350 2943; x_wconf 90' lang='lat' dir='ltr'><em>Do·</em></span> <span class='ocrx_word' id='word_1_208' title='bbox 1394 2898 1480 2998; x_wconf 69' lang='lat' dir='ltr'>uque</span> <span class='ocrx_word' id='word_1_209' title='bbox 1500 2867 1543 2943; x_wconf 84' lang='grc' dir='ltr'><em>τύ</em></span> <span class='ocrx_word' id='word_1_210' title='bbox 1566 2869 1683 2964; x_wconf 75' lang='grc' dir='ltr'><em>ὄνομα</em></span> <span class='ocrx_word' id='word_1_211' title='bbox 1707 2894 1776 2943; x_wconf 90' lang='grc' dir='ltr'><em>σου</em></span> <span class='ocrx_word' id='word_1_212' title='bbox 1800 2868 1843 2943; x_wconf 84' lang='grc' dir='ltr'><em>τὸ</em></span> <span class='ocrx_word' id='word_1_213' title='bbox 1870 2868 1984 2969; x_wconf 74' lang='grc' dir='ltr'><em>ἅγιον.</em></span> <span class='ocrx_word' id='word_1_214' title='bbox 2016 2865 2056 2943; x_wconf 80' lang='grc' dir='ltr'><em>(λλ</em></span> 
     </span>
     <span class='ocr_line' id='line_1_23' title="bbox 678 2970 2056 3105; baseline -0.004 -57"><span class='ocrx_word' id='word_1_215' title='bbox 678 2980 769 3048; x_wconf 88' lang='grc' dir='ltr'><em>ιιιλιιο</em></span> <span class='ocrx_word' id='word_1_216' title='bbox 795 2985 920 3047; x_wconf 89' lang='lat' dir='ltr'>nostro.</span> <span class='ocrx_word' id='word_1_217' title='bbox 947 2975 1026 3047; x_wconf 85' lang='lat' dir='ltr'><em>Rex</em></span> <span class='ocrx_word' id='word_1_218' title='bbox 1039 2974 1185 3067; x_wconf 69' lang='lat' dir='ltr'>Regum,</span> <span class='ocrx_word' id='word_1_219' title='bbox 1213 2985 1247 3047; x_wconf 91' lang='lat' dir='ltr'>et</span> <span class='ocrx_word' id='word_1_220' title='bbox 1272 2973 1352 3045; x_wconf 90' lang='lat' dir='ltr'><em>Do-</em></span> <span class='ocrx_word' id='word_1_221' title='bbox 1395 3000 1466 3074; x_wconf 70' lang='grc' dir='ltr'><em>γαρ</em></span> <span class='ocrx_word' id='word_1_222' title='bbox 1486 2970 1680 3105; x_wconf 77' lang='grc' dir='ltr'><em>ὀφθαλμρλ</em></span> <span class='ocrx_word' id='word_1_223' title='bbox 1702 2972 1853 3049; x_wconf 81' lang='grc' dir='ltr'><em>πάντων</em></span> <span class='ocrx_word' id='word_1_224' title='bbox 1879 2973 1926 3057; x_wconf 78' lang='grc' dir='ltr'><em>εἴς</em></span> <span class='ocrx_word' id='word_1_225' title='bbox 1939 2996 1980 3045; x_wconf 82' lang='grc' dir='ltr'><em>σε</em></span> <span class='ocrx_word' id='word_1_226' title='bbox 2002 2974 2056 3043; x_wconf 78' lang='lat' dir='ltr'>il-</span> 
     </span>
     <span class='ocr_line' id='line_1_24' title="bbox 679 3071 2056 3208; baseline -0.001 -56"><span class='ocrx_word' id='word_1_227' title='bbox 679 3084 769 3152; x_wconf 90' lang='lat' dir='ltr'>mine</span> <span class='ocrx_word' id='word_1_228' title='bbox 801 3078 1052 3167; x_wconf 66' lang='lat' dir='ltr'>dominantium,</span> <span class='ocrx_word' id='word_1_229' title='bbox 1086 3100 1228 3171; x_wconf 89' lang='lat' dir='ltr'>regnum</span> <span class='ocrx_word' id='word_1_230' title='bbox 1260 3080 1353 3151; x_wconf 88' lang='lat' dir='ltr'>servi</span> <span class='ocrx_word' id='word_1_231' title='bbox 1397 3075 1580 3168; x_wconf 79' lang='grc' dir='ltr'><em>πιςοοσιν,</em></span> <span class='ocrx_word' id='word_1_232' title='bbox 1592 3078 1653 3151; x_wconf 93' lang='grc' dir='ltr'><em>και</em></span> <span class='ocrx_word' id='word_1_233' title='bbox 1663 3102 1709 3152; x_wconf 92' lang='grc' dir='ltr'><em>σο</em></span> <span class='ocrx_word' id='word_1_234' title='bbox 1699 3071 2056 3208; x_wconf 79' lang='grc' dir='ltr'><em>ιλιιλολςτὴντροφην</em></span> 
     </span>
     <span class='ocr_line' id='line_1_25' title="bbox 680 3175 2058 3306; baseline -0.001 -52"><span class='ocrx_word' id='word_1_235' title='bbox 680 3186 726 3254; x_wconf 92' lang='lat' dir='ltr'><em>tui</em></span> <span class='ocrx_word' id='word_1_236' title='bbox 760 3181 940 3255; x_wconf 80' lang='lat' dir='ltr'>orthodoxi</span> <span class='ocrx_word' id='word_1_237' title='bbox 973 3193 1007 3254; x_wconf 88' lang='lat' dir='ltr'>et</span> <span class='ocrx_word' id='word_1_238' title='bbox 1034 3179 1200 3255; x_wconf 82' lang='lat' dir='ltr'>Christum</span> <span class='ocrx_word' id='word_1_239' title='bbox 1233 3204 1354 3254; x_wconf 86' lang='lat' dir='ltr'>aman·</span> <span class='ocrx_word' id='word_1_240' title='bbox 1396 3178 1563 3256; x_wconf 79' lang='grc' dir='ltr'><em>αύτιύνλν</em></span> <span class='ocrx_word' id='word_1_241' title='bbox 1571 3179 1738 3279; x_wconf 77' lang='grc' dir='ltr'><em>εὐκαιρίᾳ</em></span> <span class='ocrx_word' id='word_1_242' title='bbox 1752 3175 2058 3306; x_wconf 77' lang='grc' dir='ltr'><em>Ὁιλιιλοιλςτροφύν</em></span> 
     </span>
     <span class='ocr_line' id='line_1_26' title="bbox 680 3279 2058 3414; baseline -0.004 -56"><span class='ocrx_word' id='word_1_243' title='bbox 680 3290 723 3358; x_wconf 92' lang='lat' dir='ltr'><em>tis</em></span> <span class='ocrx_word' id='word_1_244' title='bbox 749 3286 856 3378; x_wconf 86' lang='lat' dir='ltr'>Regis</span> <span class='ocrx_word' id='word_1_245' title='bbox 882 3290 998 3376; x_wconf 71' lang='lat' dir='ltr'>nostri</span> <span class='ocrx_word' id='word_1_246' title='bbox 1025 3309 1123 3382; x_wconf 90' lang='lat' dir='ltr'>quem</span> <span class='ocrx_word' id='word_1_247' title='bbox 1151 3307 1252 3381; x_wconf 89' lang='lat' dir='ltr'>super</span> <span class='ocrx_word' id='word_1_248' title='bbox 1279 3296 1354 3357; x_wconf 89' lang='lat' dir='ltr'>ter·</span> <span class='ocrx_word' id='word_1_249' title='bbox 1397 3281 1493 3380; x_wconf 82' lang='grc' dir='ltr'><em>πύση</em></span> <span class='ocrx_word' id='word_1_250' title='bbox 1513 3285 1640 3411; x_wconf 75' lang='lat' dir='ltr'>oqui,</span> <span class='ocrx_word' id='word_1_251' title='bbox 1662 3282 1856 3383; x_wconf 83' lang='grc' dir='ltr'><em>πλήρωσον</em></span> <span class='ocrx_word' id='word_1_252' title='bbox 1879 3290 1989 3414; x_wconf 82' lang='grc' dir='ltr'><em>χαρᾶς</em></span> <span class='ocrx_word' id='word_1_253' title='bbox 2005 3279 2058 3355; x_wconf 89' lang='grc' dir='ltr'><em>καλ</em></span> 
     </span>
     <span class='ocr_line' id='line_1_27' title="bbox 681 3386 2058 3515; baseline -0.003 -55"><span class='ocrx_word' id='word_1_254' title='bbox 681 3412 752 3463; x_wconf 88' lang='lat' dir='ltr'><em>ram</em></span> <span class='ocrx_word' id='word_1_255' title='bbox 789 3412 934 3483; x_wconf 87' lang='lat' dir='ltr'>regnare</span> <span class='ocrx_word' id='word_1_256' title='bbox 962 3391 1086 3482; x_wconf 84' lang='lat' dir='ltr'>justum</span> <span class='ocrx_word' id='word_1_257' title='bbox 1113 3391 1287 3480; x_wconf 82' lang='lat' dir='ltr'>censuisti,</span> <span class='ocrx_word' id='word_1_258' title='bbox 1320 3393 1355 3459; x_wconf 90' lang='lat' dir='ltr'>in</span> <span class='ocrx_word' id='word_1_259' title='bbox 1397 3386 1619 3515; x_wconf 78' lang='grc' dir='ltr'><em>εὐφροσύνης</em></span> <span class='ocrx_word' id='word_1_260' title='bbox 1631 3387 1694 3473; x_wconf 78' lang='grc' dir='ltr'><em>τοὶς</em></span> <span class='ocrx_word' id='word_1_261' title='bbox 1709 3386 1897 3489; x_wconf 69' lang='grc' dir='ltr'><em>καριλιάςζ</em></span> <span class='ocrx_word' id='word_1_262' title='bbox 1873 3394 1987 3485; x_wconf 81' lang='grc' dir='ltr'><em>ημιύν,</em></span> <span class='ocrx_word' id='word_1_263' title='bbox 2006 3387 2058 3458; x_wconf 79' lang='grc' dir='ltr'><em>ἵνα</em></span> 
     </span>
     <span class='ocr_line' id='line_1_28' title="bbox 682 3489 2058 3590; baseline 0.004 -25"><span class='ocrx_word' id='word_1_264' title='bbox 682 3517 778 3589; x_wconf 82' lang='lat' dir='ltr'>pace,</span> <span class='ocrx_word' id='word_1_265' title='bbox 805 3492 1066 3581; x_wconf 72' lang='lat' dir='ltr'>errorumque,</span> <span class='ocrx_word' id='word_1_266' title='bbox 1094 3504 1127 3564; x_wconf 89' lang='lat' dir='ltr'>et</span> <span class='ocrx_word' id='word_1_267' title='bbox 1150 3496 1293 3586; x_wconf 78' lang='lat' dir='ltr'>justitia,</span> <span class='ocrx_word' id='word_1_268' title='bbox 1320 3502 1356 3564; x_wconf 84' lang='grc' dir='ltr'><em>ολ</em></span> <span class='ocrx_word' id='word_1_269' title='bbox 1397 3489 1550 3567; x_wconf 79' lang='grc' dir='ltr'><em>πάντοτε</em></span> <span class='ocrx_word' id='word_1_270' title='bbox 1562 3500 1682 3568; x_wconf 83' lang='grc' dir='ltr'><em>πᾶσαν</em></span> <span class='ocrx_word' id='word_1_271' title='bbox 1692 3490 1909 3590; x_wconf 82' lang='grc' dir='ltr'><em>αύτιλρκειαν</em></span> <span class='ocrx_word' id='word_1_272' title='bbox 1923 3493 2058 3588; x_wconf 66' lang='grc' dir='ltr'><em>ἔχοντες,</em></span> 
     </span>
     <span class='ocr_line' id='line_1_29' title="bbox 682 3592 2058 3720; baseline -0.001 -51"><span class='ocrx_word' id='word_1_273' title='bbox 682 3596 932 3690; x_wconf 72' lang='lat' dir='ltr'>tranquillitate,</span> <span class='ocrx_word' id='word_1_274' title='bbox 950 3606 1164 3670; x_wconf 85' lang='lat' dir='ltr'>conservato</span> <span class='ocrx_word' id='word_1_275' title='bbox 1191 3595 1354 3688; x_wconf 84' lang='lat' dir='ltr'>Suincito</span> <span class='ocrx_word' id='word_1_276' title='bbox 1398 3592 1661 3692; x_wconf 74' lang='grc' dir='ltr'><em>περισσεύομεν</em></span> <span class='ocrx_word' id='word_1_277' title='bbox 1682 3598 1727 3680; x_wconf 83' lang='grc' dir='ltr'><em>ελς</em></span> <span class='ocrx_word' id='word_1_278' title='bbox 1748 3608 1822 3671; x_wconf 82' lang='grc' dir='ltr'><em>πᾶν</em></span> <span class='ocrx_word' id='word_1_279' title='bbox 1844 3592 1995 3696; x_wconf 77' lang='grc' dir='ltr'><em>λ’ργον’</em></span> <span class='ocrx_word' id='word_1_280' title='bbox 1974 3620 2058 3720; x_wconf 75' lang='grc' dir='ltr'><em>αηρ-</em></span> 
     </span>
     <span class='ocr_line' id='line_1_30' title="bbox 684 3695 2058 3820; baseline -0.004 -48"><span class='ocrx_word' id='word_1_281' title='bbox 684 3702 716 3772; x_wconf 85' lang='grc' dir='ltr'><em>ολ</em></span> <span class='ocrx_word' id='word_1_282' title='bbox 750 3699 860 3820; x_wconf 69' lang='lat' dir='ltr'>Depo,</span> <span class='ocrx_word' id='word_1_283' title='bbox 895 3721 1026 3772; x_wconf 90' lang='lat' dir='ltr'>omnem</span> <span class='ocrx_word' id='word_1_284' title='bbox 1057 3699 1187 3773; x_wconf 90' lang='lat' dir='ltr'>hostem</span> <span class='ocrx_word' id='word_1_285' title='bbox 1221 3710 1254 3772; x_wconf 93' lang='lat' dir='ltr'>et</span> <span class='ocrx_word' id='word_1_286' title='bbox 1288 3698 1354 3772; x_wconf 91' lang='lat' dir='ltr'><em>ad·</em></span> <span class='ocrx_word' id='word_1_287' title='bbox 1398 3697 1533 3788; x_wconf 41' lang='grc' dir='ltr'><em>θύνβ</em></span> <span class='ocrx_word' id='word_1_288' title='bbox 1515 3731 1554 3774; x_wconf 89' lang='grc' dir='ltr'><em>εν</em></span> <span class='ocrx_word' id='word_1_289' title='bbox 1576 3706 1729 3798; x_wconf 75' lang='grc' dir='ltr'><em>Χριστῷ</em></span> <span class='ocrx_word' id='word_1_290' title='bbox 1749 3697 1857 3798; x_wconf 77' lang='grc' dir='ltr'><em>Ἰησοῦ</em></span> <span class='ocrx_word' id='word_1_291' title='bbox 1883 3708 1935 3795; x_wconf 82' lang='grc' dir='ltr'><em>τῷ</em></span> <span class='ocrx_word' id='word_1_292' title='bbox 1956 3695 2058 3794; x_wconf 85' lang='grc' dir='ltr'><em>κορλῳ</em></span> 
     </span>
     <span class='ocr_line' id='line_1_31' title="bbox 683 3799 2060 3934; baseline -0.001 -59"><span class='ocrx_word' id='word_1_293' title='bbox 683 3806 888 3894; x_wconf 78' lang='lat' dir='ltr'>versarium,</span> <span class='ocrx_word' id='word_1_294' title='bbox 932 3812 996 3875; x_wconf 91' lang='lat' dir='ltr'>tam</span> <span class='ocrx_word' id='word_1_295' title='bbox 1035 3813 1217 3877; x_wconf 85' lang='lat' dir='ltr'>nostratem</span> <span class='ocrx_word' id='word_1_296' title='bbox 1257 3826 1356 3899; x_wconf 88' lang='lat' dir='ltr'>quam</span> <span class='ocrx_word' id='word_1_297' title='bbox 1397 3801 1513 3934; x_wconf 70' lang='grc' dir='ltr'><em>ἦμρλν.</em></span> <span class='ocrx_word' id='word_1_298' title='bbox 1537 3799 2060 3901; x_wconf 74' lang='grc' dir='ltr'><em>Βασιλιύτολνβασιλεοονταν,</em></span> 
     </span>
     <span class='ocr_line' id='line_1_32' title="bbox 685 3905 2059 4006; baseline 0.006 -30"><span class='ocrx_word' id='word_1_299' title='bbox 685 3916 868 3978; x_wconf 87' lang='lat' dir='ltr'>externum.</span> <span class='ocrx_word' id='word_1_300' title='bbox 920 3906 1147 4003; x_wconf 88' lang='lat' dir='ltr'>Apprebende</span> <span class='ocrx_word' id='word_1_301' title='bbox 1185 3930 1277 3981; x_wconf 82' lang='lat' dir='ltr'>orma</span> <span class='ocrx_word' id='word_1_302' title='bbox 1322 3917 1357 3978; x_wconf 90' lang='lat' dir='ltr'>et</span> <span class='ocrx_word' id='word_1_303' title='bbox 1399 3935 1459 3981; x_wconf 93' lang='grc' dir='ltr'><em>και</em></span> <span class='ocrx_word' id='word_1_304' title='bbox 1467 3934 1568 4005; x_wconf 88' lang='grc' dir='ltr'><em>κοριε</em></span> <span class='ocrx_word' id='word_1_305' title='bbox 1576 3936 1650 3983; x_wconf 86' lang='grc' dir='ltr'><em>των</em></span> <span class='ocrx_word' id='word_1_306' title='bbox 1658 3933 1985 4006; x_wconf 78' lang='grc' dir='ltr'><em>κοριευοιαων,την</em></span> <span class='ocrx_word' id='word_1_307' title='bbox 1992 3905 2059 4001; x_wconf 78' lang='grc' dir='ltr'><em>βα-</em></span> 
     </span>
     <span class='ocr_line' id='line_1_33' title="bbox 685 4008 2073 4106; baseline -0.003 -23"><span class='ocrx_word' id='word_1_308' title='bbox 685 4021 832 4099; x_wconf 70' lang='lat' dir='ltr'>scutum,</span> <span class='ocrx_word' id='word_1_309' title='bbox 868 4021 901 4083; x_wconf 91' lang='lat' dir='ltr'>et</span> <span class='ocrx_word' id='word_1_310' title='bbox 934 4034 1065 4104; x_wconf 81' lang='lat' dir='ltr'>exurge</span> <span class='ocrx_word' id='word_1_311' title='bbox 1097 4015 1129 4083; x_wconf 91' lang='lat' dir='ltr'>in</span> <span class='ocrx_word' id='word_1_312' title='bbox 1158 4012 1355 4104; x_wconf 88' lang='lat' dir='ltr'>adjutorium</span> <span class='ocrx_word' id='word_1_313' title='bbox 1399 4011 1538 4085; x_wconf 72' lang='lat' dir='ltr'>orielem</span> <span class='ocrx_word' id='word_1_314' title='bbox 1553 4039 1620 4086; x_wconf 87' lang='grc' dir='ltr'><em>του</em></span> <span class='ocrx_word' id='word_1_315' title='bbox 1605 4010 1770 4101; x_wconf 88' lang='grc' dir='ltr'><em>ιλούλου</em></span> <span class='ocrx_word' id='word_1_316' title='bbox 1787 4036 1855 4085; x_wconf 87' lang='grc' dir='ltr'><em>σου</em></span> <span class='ocrx_word' id='word_1_317' title='bbox 1870 4039 1938 4086; x_wconf 88' lang='grc' dir='ltr'><em>του</em></span> <span class='ocrx_word' id='word_1_318' title='bbox 1923 4008 2073 4106; x_wconf 58' lang='lat' dir='ltr'>tque·</span> 
     </span>
     <span class='ocr_line' id='line_1_34' title="bbox 684 4111 2059 4213; baseline 0.001 -28"><span class='ocrx_word' id='word_1_319' title='bbox 684 4118 731 4185; x_wconf 90' lang='lat' dir='ltr'>ei:</span> <span class='ocrx_word' id='word_1_320' title='bbox 768 4113 897 4186; x_wconf 85' lang='lat' dir='ltr'>effimde</span> <span class='ocrx_word' id='word_1_321' title='bbox 929 4114 1091 4188; x_wconf 88' lang='lat' dir='ltr'>frameam</span> <span class='ocrx_word' id='word_1_322' title='bbox 1127 4126 1162 4188; x_wconf 89' lang='lat' dir='ltr'>et</span> <span class='ocrx_word' id='word_1_323' title='bbox 1194 4114 1356 4188; x_wconf 84' lang='lat' dir='ltr'>conclude</span> <span class='ocrx_word' id='word_1_324' title='bbox 1399 4111 1513 4194; x_wconf 79' lang='grc' dir='ltr'><em>ιλόξοιι</em></span> <span class='ocrx_word' id='word_1_325' title='bbox 1536 4113 1596 4188; x_wconf 87' lang='grc' dir='ltr'><em>καλ</em></span> <span class='ocrx_word' id='word_1_326' title='bbox 1618 4114 1898 4213; x_wconf 67' lang='grc' dir='ltr'><em>φιλοηριστοος</em></span> <span class='ocrx_word' id='word_1_327' title='bbox 1875 4140 1978 4212; x_wconf 85' lang='grc' dir='ltr'><em>ημιιν</em></span> <span class='ocrx_word' id='word_1_328' title='bbox 1992 4112 2059 4207; x_wconf 77' lang='grc' dir='ltr'><em>βα-</em></span> 
     </span>
     <span class='ocr_line' id='line_1_35' title="bbox 685 4209 2059 4339; baseline -0.003 -49"><span class='ocrx_word' id='word_1_329' title='bbox 685 4217 849 4291; x_wconf 84' lang='lat' dir='ltr'>adversus</span> <span class='ocrx_word' id='word_1_330' title='bbox 893 4240 971 4311; x_wconf 83' lang='lat' dir='ltr'>eos,</span> <span class='ocrx_word' id='word_1_331' title='bbox 1015 4223 1070 4314; x_wconf 91' lang='lat' dir='ltr'>qui</span> <span class='ocrx_word' id='word_1_332' title='bbox 1111 4227 1355 4337; x_wconf 80' lang='lat' dir='ltr'>persequuntur</span> <span class='ocrx_word' id='word_1_333' title='bbox 1398 4222 1531 4306; x_wconf 77' lang='grc' dir='ltr'><em>σιλέοις,</em></span> <span class='ocrx_word' id='word_1_334' title='bbox 1538 4209 2059 4339; x_wconf 78' lang='grc' dir='ltr'><em>λλνλιλικαλωσαςβοσιλεύεινύιλ</em></span> 
     </span>
     <span class='ocr_line' id='line_1_36' title="bbox 685 4275 2059 4421; baseline -0.002 -29"><span class='ocrx_word' id='word_1_335' title='bbox 685 4343 776 4393; x_wconf 89' lang='lat' dir='ltr'>eum:</span> <span class='ocrx_word' id='word_1_336' title='bbox 812 4275 974 4394; x_wconf 76' lang='lat' dir='ltr'>obumbrd</span> <span class='ocrx_word' id='word_1_337' title='bbox 1007 4344 1108 4418; x_wconf 91' lang='lat' dir='ltr'>super</span> <span class='ocrx_word' id='word_1_338' title='bbox 1150 4329 1250 4420; x_wconf 84' lang='lat' dir='ltr'>caput</span> <span class='ocrx_word' id='word_1_339' title='bbox 1282 4323 1355 4413; x_wconf 88' lang='lat' dir='ltr'>ejus</span> <span class='ocrx_word' id='word_1_340' title='bbox 1398 4327 1459 4415; x_wconf 83' lang='grc' dir='ltr'><em>τῆς</em></span> <span class='ocrx_word' id='word_1_341' title='bbox 1482 4328 1546 4421; x_wconf 77' lang='grc' dir='ltr'><em>γῆς</em></span> <span class='ocrx_word' id='word_1_342' title='bbox 1567 4325 1605 4397; x_wconf 81' lang='grc' dir='ltr'><em>ἐν</em></span> <span class='ocrx_word' id='word_1_343' title='bbox 1631 4320 1750 4419; x_wconf 85' lang='grc' dir='ltr'><em>εἰρήνη</em></span> <span class='ocrx_word' id='word_1_344' title='bbox 1770 4350 1830 4396; x_wconf 90' lang='grc' dir='ltr'><em>και</em></span> <span class='ocrx_word' id='word_1_345' title='bbox 1823 4320 1986 4419; x_wconf 74' lang='grc' dir='ltr'><em>’ἅνιλρλᾳ</em></span> <span class='ocrx_word' id='word_1_346' title='bbox 2006 4312 2059 4390; x_wconf 89' lang='grc' dir='ltr'><em>καλ</em></span> 
     </span>
     <span class='ocr_line' id='line_1_37' title="bbox 683 4416 2059 4543; baseline -0.001 -47"><span class='ocrx_word' id='word_1_347' title='bbox 683 4428 718 4496; x_wconf 86' lang='grc' dir='ltr'><em>λιι</em></span> <span class='ocrx_word' id='word_1_348' title='bbox 757 4423 811 4496; x_wconf 89' lang='lat' dir='ltr'>die</span> <span class='ocrx_word' id='word_1_349' title='bbox 852 4425 945 4498; x_wconf 83' lang='lat' dir='ltr'>belli:</span> <span class='ocrx_word' id='word_1_350' title='bbox 983 4424 1056 4515; x_wconf 76' lang='lat' dir='ltr'>iac,</span> <span class='ocrx_word' id='word_1_351' title='bbox 1094 4436 1130 4497; x_wconf 89' lang='lat' dir='ltr'>ut</span> <span class='ocrx_word' id='word_1_352' title='bbox 1169 4426 1211 4498; x_wconf 90' lang='lat' dir='ltr'><em>de</em></span> <span class='ocrx_word' id='word_1_353' title='bbox 1248 4423 1356 4498; x_wconf 83' lang='lat' dir='ltr'>fructu</span> <span class='ocrx_word' id='word_1_354' title='bbox 1400 4422 1620 4521; x_wconf 83' lang='grc' dir='ltr'><em>ιλλκαιοσύνη.</em></span> <span class='ocrx_word' id='word_1_355' title='bbox 1633 4421 1652 4459; x_wconf 71' lang='grc'>*</span> <span class='ocrx_word' id='word_1_356' title='bbox 1669 4416 2059 4543; x_wconf 78' lang='grc' dir='ltr'><em>Ὁθεύςπανταέχθριλν</em></span> 
     </span>
     <span class='ocr_line' id='line_1_38' title="bbox 683 4519 2059 4627; baseline -0.002 -29"><span class='ocrx_word' id='word_1_357' title='bbox 683 4526 786 4600; x_wconf 87' lang='grc' dir='ltr'><em>λιιιιιλιλ</em></span> <span class='ocrx_word' id='word_1_358' title='bbox 826 4531 900 4621; x_wconf 84' lang='lat' dir='ltr'>ejus</span> <span class='ocrx_word' id='word_1_359' title='bbox 945 4528 1062 4601; x_wconf 87' lang='lat' dir='ltr'>sedeat</span> <span class='ocrx_word' id='word_1_360' title='bbox 1100 4552 1201 4626; x_wconf 89' lang='lat' dir='ltr'>super</span> <span class='ocrx_word' id='word_1_361' title='bbox 1241 4529 1356 4601; x_wconf 82' lang='lat' dir='ltr'>sedem</span> <span class='ocrx_word' id='word_1_362' title='bbox 1399 4556 1461 4602; x_wconf 88' lang='grc' dir='ltr'><em>και</em></span> <span class='ocrx_word' id='word_1_363' title='bbox 1451 4526 1645 4625; x_wconf 85' lang='grc' dir='ltr'><em>πολεμιον</em></span> <span class='ocrx_word' id='word_1_364' title='bbox 1657 4527 1881 4627; x_wconf 69' lang='grc' dir='ltr'><em>ἕμφυλιοντε</em></span> <span class='ocrx_word' id='word_1_365' title='bbox 1889 4557 1949 4604; x_wconf 89' lang='grc' dir='ltr'><em>και</em></span> <span class='ocrx_word' id='word_1_366' title='bbox 1940 4519 2059 4600; x_wconf 89' lang='grc' dir='ltr'><em>αλλο-</em></span> 
     </span>
     <span class='ocr_line' id='line_1_39' title="bbox 685 4629 2059 4732; baseline 0 -30"><span class='ocrx_word' id='word_1_367' title='bbox 685 4633 767 4724; x_wconf 88' lang='lat' dir='ltr'>ejus.</span> <span class='ocrx_word' id='word_1_368' title='bbox 794 4631 951 4727; x_wconf 86' lang='lat' dir='ltr'>Loquere</span> <span class='ocrx_word' id='word_1_369' title='bbox 983 4633 1026 4704; x_wconf 90' lang='lat' dir='ltr'><em>ad</em></span> <span class='ocrx_word' id='word_1_370' title='bbox 1058 4655 1119 4704; x_wconf 86' lang='lat' dir='ltr'><em>eor</em></span> <span class='ocrx_word' id='word_1_371' title='bbox 1151 4635 1222 4725; x_wconf 87' lang='lat' dir='ltr'>ejus</span> <span class='ocrx_word' id='word_1_372' title='bbox 1253 4631 1357 4724; x_wconf 83' lang='lat' dir='ltr'>bona,</span> <span class='ocrx_word' id='word_1_373' title='bbox 1400 4638 1529 4732; x_wconf 82' lang='grc' dir='ltr'><em>φολον.</em></span> <span class='ocrx_word' id='word_1_374' title='bbox 1563 4637 1740 4730; x_wconf 79' lang='grc' dir='ltr'><em>ἐπιλαβοῦ</em></span> <span class='ocrx_word' id='word_1_375' title='bbox 1767 4633 1881 4708; x_wconf 84' lang='grc' dir='ltr'><em>ὅπλου</em></span> <span class='ocrx_word' id='word_1_376' title='bbox 1908 4661 1967 4707; x_wconf 89' lang='grc' dir='ltr'><em>και</em></span> <span class='ocrx_word' id='word_1_377' title='bbox 1958 4629 2059 4702; x_wconf 69' lang='grc' dir='ltr'><em>ιλι-</em></span> 
     </span>
     <span class='ocr_line' id='line_1_40' title="bbox 684 4727 2059 4834; baseline 0.004 -29"><span class='ocrx_word' id='word_1_378' title='bbox 684 4757 747 4831; x_wconf 90' lang='lat' dir='ltr'><em>pr0</em></span> <span class='ocrx_word' id='word_1_379' title='bbox 775 4747 890 4809; x_wconf 79' lang='lat' dir='ltr'>saneta</span> <span class='ocrx_word' id='word_1_380' title='bbox 917 4746 973 4808; x_wconf 84' lang='lat' dir='ltr'>tua</span> <span class='ocrx_word' id='word_1_381' title='bbox 994 4733 1178 4826; x_wconf 75' lang='lat' dir='ltr'>catholiea,</span> <span class='ocrx_word' id='word_1_382' title='bbox 1205 4745 1239 4807; x_wconf 87' lang='lat' dir='ltr'>et</span> <span class='ocrx_word' id='word_1_383' title='bbox 1252 4735 1356 4832; x_wconf 91' lang='lat' dir='ltr'>Apo·</span> <span class='ocrx_word' id='word_1_384' title='bbox 1401 4735 1518 4833; x_wconf 82' lang='grc' dir='ltr'><em>ραλοιι,</em></span> <span class='ocrx_word' id='word_1_385' title='bbox 1543 4763 1603 4809; x_wconf 89' lang='grc' dir='ltr'><em>και</em></span> <span class='ocrx_word' id='word_1_386' title='bbox 1594 4735 1854 4834; x_wconf 73' lang='grc' dir='ltr'><em>ἀνάστηθι</em></span> <span class='ocrx_word' id='word_1_387' title='bbox 1826 4767 1872 4821; x_wconf 78' lang='grc' dir='ltr'><em>εις</em></span> <span class='ocrx_word' id='word_1_388' title='bbox 1891 4764 1958 4832; x_wconf 86' lang='grc' dir='ltr'><em>την</em></span> <span class='ocrx_word' id='word_1_389' title='bbox 1973 4727 2059 4829; x_wconf 71' lang='grc' dir='ltr'><em>βοή-</em></span> 
     </span>
     <span class='ocr_line' id='line_1_41' title="bbox 686 4834 2058 4937; baseline -0.003 -24"><span class='ocrx_word' id='word_1_390' title='bbox 686 4838 802 4913; x_wconf 88' lang='lat' dir='ltr'>stolica</span> <span class='ocrx_word' id='word_1_391' title='bbox 827 4839 996 4930; x_wconf 76' lang='lat' dir='ltr'>Ecclesia,</span> <span class='ocrx_word' id='word_1_392' title='bbox 1022 4850 1057 4912; x_wconf 90' lang='lat' dir='ltr'>et</span> <span class='ocrx_word' id='word_1_393' title='bbox 1083 4844 1172 4911; x_wconf 91' lang='lat' dir='ltr'>omni</span> <span class='ocrx_word' id='word_1_394' title='bbox 1193 4839 1357 4913; x_wconf 83' lang='lat' dir='ltr'>Christum</span> <span class='ocrx_word' id='word_1_395' title='bbox 1400 4841 1510 4917; x_wconf 81' lang='grc' dir='ltr'><em>θειαν</em></span> <span class='ocrx_word' id='word_1_396' title='bbox 1526 4837 1655 4932; x_wconf 78' lang='grc' dir='ltr'><em>αὑτοῦ,</em></span> <span class='ocrx_word' id='word_1_397' title='bbox 1676 4840 1736 4916; x_wconf 91' lang='grc' dir='ltr'><em>καλ</em></span> <span class='ocrx_word' id='word_1_398' title='bbox 1753 4841 1874 4937; x_wconf 75' lang='grc' dir='ltr'><em>ἔκχεον</em></span> <span class='ocrx_word' id='word_1_399' title='bbox 1888 4834 2058 4937; x_wconf 79' lang='grc' dir='ltr'><em>(λοιιραλοιν</em></span> 
     </span>
     <span class='ocr_line' id='line_1_42' title="bbox 687 4941 2058 5044; baseline 0.001 -31"><span class='ocrx_word' id='word_1_400' title='bbox 687 4954 818 5015; x_wconf 88' lang='lat' dir='ltr'>amante</span> <span class='ocrx_word' id='word_1_401' title='bbox 846 4943 983 5040; x_wconf 75' lang='lat' dir='ltr'>populo,</span> <span class='ocrx_word' id='word_1_402' title='bbox 1009 4954 1096 5015; x_wconf 90' lang='lat' dir='ltr'>utet</span> <span class='ocrx_word' id='word_1_403' title='bbox 1120 4964 1184 5015; x_wconf 88' lang='lat' dir='ltr'><em>nos</em></span> <span class='ocrx_word' id='word_1_404' title='bbox 1211 4946 1245 5013; x_wconf 92' lang='lat' dir='ltr'>in</span> <span class='ocrx_word' id='word_1_405' title='bbox 1261 4953 1358 5014; x_wconf 85' lang='lat' dir='ltr'>tran·</span> <span class='ocrx_word' id='word_1_406' title='bbox 1402 4970 1462 5017; x_wconf 91' lang='grc' dir='ltr'><em>και</em></span> <span class='ocrx_word' id='word_1_407' title='bbox 1453 4941 1690 5044; x_wconf 78' lang='grc' dir='ltr'><em>σύγκλεισον</em></span> <span class='ocrx_word' id='word_1_408' title='bbox 1706 4944 1986 5028; x_wconf 77' lang='grc' dir='ltr'><em>ἐξιναντλαςτιῦν</em></span> <span class='ocrx_word' id='word_1_409' title='bbox 1997 4964 2058 5013; x_wconf 89' lang='grc' dir='ltr'><em>κα-</em></span> 
     </span>
     <span class='ocr_line' id='line_1_43' title="bbox 687 5045 2058 5143; baseline 0.002 -27"><span class='ocrx_word' id='word_1_410' title='bbox 687 5045 842 5140; x_wconf 78' lang='grc' dir='ltr'><em>ηιιλλλλιειο</em></span> <span class='ocrx_word' id='word_1_411' title='bbox 851 5049 936 5139; x_wconf 80' lang='lat' dir='ltr'>ejus,</span> <span class='ocrx_word' id='word_1_412' title='bbox 951 5047 1159 5143; x_wconf 84' lang='lat' dir='ltr'>tranquillam</span> <span class='ocrx_word' id='word_1_413' title='bbox 1172 5056 1208 5119; x_wconf 94' lang='lat' dir='ltr'>et</span> <span class='ocrx_word' id='word_1_414' title='bbox 1219 5049 1361 5143; x_wconf 83' lang='lat' dir='ltr'>quietum</span> <span class='ocrx_word' id='word_1_415' title='bbox 1402 5045 1660 5125; x_wconf 86' lang='grc' dir='ltr'><em>ταιλιωκύντοιν</em></span> <span class='ocrx_word' id='word_1_416' title='bbox 1684 5046 1807 5126; x_wconf 76' lang='grc' dir='ltr'><em>αὐτόν.</em></span> <span class='ocrx_word' id='word_1_417' title='bbox 1850 5045 2058 5124; x_wconf 75' lang='grc' dir='ltr'><em>Ἐπισκλασον</em></span> 
     </span>
    </p>
   </div>
   <div class='ocr_carea' id='block_1_3' title="bbox 0 0 2286 6034">
    <p class='ocr_par' dir='ltr' id='par_1_3' title="bbox 0 0 2286 6034">
     <span class='ocr_line' id='line_1_44' title="bbox 0 0 2286 6034; baseline 0 0"><span class='ocrx_word' id='word_1_418' title='bbox 0 0 2286 6034; x_wconf 95' lang='lat' dir='ltr'><em> </em></span> 
     </span>
    </p>
   </div>
  </div>
 </body>
</html>
