4525 6034
701 580 1121 660 ulrtnolnu
1540 583 1585 667 11

212 773 336 841 minum
362 779 396 841 at
421 768 649 842 vivificantem
675 771 795 842 omnia.
829 768 895 856 Qui
920 766 1074 863 procedit
1099 789 1145 839 ex
1170 766 1282 839 Patra.
1310 765 1375 853 Qui
1390 788 1464 839 oum
1490 768 1592 841 Patre

212 896 247 957 ot
279 885 364 958 Filio
398 883 554 958 adoratur
590 894 625 956 et
658 883 881 977 glorificatum:
918 885 973 979 qui
1005 883 1137 956 locutus
1169 894 1222 956 est
1254 904 1316 978 por
1342 880 1529 978 Prophetas
1557 893 1591 956 at

210 1000 409 1097 Apostolos.
461 1000 506 1073 Et
531 1003 566 1072 in
591 1023 692 1073 unam
716 1000 905 1074 Ecclesiam
931 1009 1103 1090 sanctam,
1138 997 1346 1072 catholicam
1373 1008 1407 1071 ot
1431 999 1592 1095 Aposto-

209 1115 319 1188 licam,
346 1116 551 1190 Conlitamur
576 1139 677 1187 unum
702 1117 873 1213 Baptisma
898 1118 932 1186 in
958 1117 1192 1187 remissionem
1206 1124 1432 1211 peccatorum,
1460 1122 1494 1185 et
1520 1138 1591 1187 ox-

209 1242 386 1327 paotamus
410 1235 691 1305 resurrectionem
718 1256 738 1303 a
764 1232 923 1324 mortuis,
954 1240 989 1302 et
1014 1234 1118 1304 vitam
1144 1253 1268 1303 novam
1294 1232 1427 1304 venturi
1454 1230 1590 1303 saecoli.

210 1348 333 1420 Amor.
655 1358 662 1370 '

317 1464 494 1537 Sacerdos
520 1464 615 1534 lauat
641 1470 815 1535 extremos
840 1465 968 1556 digitos
994 1470 1029 1533 et
1055 1463 1159 1533 dicit.-

316 1580 406 1654 Lavi
432 1600 549 1653 manus
575 1601 670 1652 meas
697 1601 796 1675 pura:
824 1587 859 1651 at
884 1577 1086 1650 onoumdedl
1114 1576 1221 1649 altare
1247 1587 1337 1649 tuum
1363 1579 1525 1651 Domina:
1552 1587 1588 1649 ut

211 1696 344 1769 audiam
378 1716 502 1768 voram
532 1692 660 1785 laudis,
693 1705 728 1766 at
760 1717 913 1766 enarrem
946 1696 1104 1766 universa
1138 1691 1300 1765 mirabilia
1327 1703 1397 1765 tua:
1437 1692 1592 1765 laetabor

210 1822 246 1889 at
272 1811 434 1885 exultabo
460 1814 494 1883 in
520 1820 567 1899 te,
594 1822 630 1882 ot
655 1810 795 1907 psallam
821 1813 947 1884 nomini
973 1820 1030 1882 tuo
1058 1808 1227 1882 altissima.

316 1928 364 1998 Et
396 1928 529 1999 deinde.
583 1927 761 2019 Ingressus
797 1948 869 1999 sum
909 1931 942 1998 in
978 1926 1109 1997 domum
1145 1935 1233 1996 tuam
1271 1934 1305 1996 at
1337 1946 1453 1996 coram
1493 1923 1592 1996 thro-

209 2066 255 2118 no
282 2056 342 2117 tuo
368 2054 486 2117 sancto
511 2042 654 2141 procidi,
680 2042 758 2115 Rex
785 2043 961 2115 coelestis:
989 2041 1113 2113 dimitto
1140 2039 1219 2112 milri
1247 2043 1358 2112 onmia
1391 2062 1476 2134 quaa
1502 2062 1592 2135 pao-

211 2164 292 2233 oavi
319 2159 387 2233 nbi.

317 2274 509 2347 lncllnutur
544 2297 663 2347 coram
697 2275 822 2361 ultori,
860 2279 896 2344 et
927 2297 1009 2346 moa
1043 2275 1090 2343 od
1121 2272 1333 2345 Sacerdotes
1367 2278 1402 2343 et
1432 2273 1593 2366 populum

211 2414 399 2465 moveram
423 2394 559 2463 veniam
579 2393 670 2485 petit
696 2397 731 2462 et
756 2412 794 2461 ae
816 2389 981 2483 precibus
1007 2389 1230 2477 commendat,
1259 2389 1397 2460 divana:

319 2509 424 2581 Orata
449 2530 513 2605 pro
540 2530 595 2580 ma
620 2516 760 2604 propter
785 2506 973 2578 Dominum.

528 2819 576 2890 Et
601 2818 724 2909 incipit
749 2813 975 2908 Anaptoram
1000 2816 1073 2884 aive
1099 2811 1281 2884 Cononem.
