4525 6034
700 589 1240 668 tintinnalia.
1584 589 1659 663 393

292 781 439 878 saiplina,
465 789 503 853 ut
528 783 584 876 qui
610 789 708 853 extra
724 777 966 854 Alexandriam
992 777 1162 853 ordinatus
1177 776 1306 868 inisset,
1331 780 1367 851 in
1385 781 1548 872 majorem
1560 779 1660 870 ejus·-

290 898 367 970 dem
397 895 491 970 urbis
515 895 704 970 &clamem
729 901 878 987 veniret,
910 896 1022 992 ibique
1056 900 1129 990 ejus
1162 896 1395 992 proclamatio,
1428 904 1464 967 et
1492 893 1660 968 inthroni-

290 1018 377 1087 satio
403 1012 511 1100 beret
537 1012 626 1108 quod
650 1022 770 1109 postea
798 1021 956 1086 accurate
981 1011 1198 1085 observatum
1223 1011 1294 1108 brit

350 1163 355 1166 ·
393 1129 533 1202 LXXX.
557 1129 727 1203 Macarius
755 1133 810 1224 qui
836 1127 993 1201 blichaeli·
1014 1132 1194 1217 successit,
1225 1127 1457 1202 Alexandriae
1490 1126 1661 1200 ordinatus
1716 1137 1810 1190 rona
1827 1135 1920 1189 narra
1938 1152 1985 1191 seu

290 1246 425 1340 naar,
451 1257 487 1316 a
513 1243 650 1318 anau
665 1245 714 1317 n.
740 1244 878 1317 rasa·
893 1244 997 1318 nnn
1028 1243 1171 1317 maan
1196 1244 1317 1318 arun
1350 1244 1477 1316 neam
1510 1243 1661 1315 raama
1675 1220 1794 1278 cnr...

294 1363 433 1436 Lxxlt
467 1361 595 1434 llisrae
620 1383 682 1435 sen
709 1359 854 1434 Calirae
879 1361 1050 1433 ordinatus
1076 1370 1144 1433 est:
1168 1358 1398 1435 festinantibus
1423 1359 1601 1456 Episcopis
1629 1367 1663 1431 et

289 1478 471 1552 laicorum
495 1477 708 1574 primoribus,
735 1479 844 1550 statim
870 1488 970 1571 atque
995 1486 1211 1573 pracceptum
1237 1475 1280 1549 de
1306 1482 1380 1572 cjrrs
1406 1477 1663 1550 manatense

292 1594 402 1669 Calila
427 1593 650 1682 obtiuumam,
684 1596 760 1689 pria
787 1594 915 1666 adiret
945 1593 1051 1666 lnnes
1078 1591 1209 1689 qnidam
1236 1591 1439 1682 Monachus,
1473 1591 1597 1665 ambitu
1631 1602 1666 1665 et

290 1711 470 1803 largitione
495 1709 583 1806 apud
610 1709 738 1782 aubcos
764 1708 931 1797 effecerat,
957 1720 994 1782 ut
1018 1730 1113 1782 mora
1139 1713 1352 1806 interposita,
1384 1710 1503 1783 electio
1531 1715 1605 1804 ejus
1630 1713 1665 1782 in

292 1832 521 1924 quaestionem
548 1849 662 1899 coram
689 1826 940 1900 Mubamedan‘m
961 1826 1128 1919 judicibus
1142 1837 1335 1918 nocareto,
1361 1837 1396 1899 et
1421 1830 1451 1900 si
1476 1826 1550 1899 fieri
1575 1849 1664 1924 pos-

291 1957 358 2032 set,
383 1949 476 2017 irrita
505 1944 742 2017 declararetur.
774 1941 879 2016 Simili
906 1942 1063 2038 exemplo
1097 1942 1247 2016 loannes
1272 1942 1358 2015 lilius
1383 1940 1564 2035 Abugaleb
1590 1942 1665 2015 Pa-

290 2060 434 2133 triarcba
459 2059 613 2133 LXXIV.
665 2060 792 2132 llisrae
818 2057 988 2131 ordinatus
1013 2057 1147 2132 dicitur:
1174 2081 1252 2131 nam
1277 2057 1320 2131 de
1333 2058 1451 2131 Marco
1476 2059 1515 2130 F.
1533 2059 1666 2131 Zaraae

291 2182 367 2270 ejus
394 2178 588 2266 decessore,
614 2175 671 2249 ubi
688 2175 859 2249 ordmna
885 2173 996 2266 brerit,
1023 2174 1121 2248 silent
1146 2174 1302 2248 historici.
1341 2175 1491 2247 Tandem
1518 2174 1666 2272 Cprillus

291 2295 333 2366 F.
345 2292 498 2382 Lalrlalri,
524 2296 560 2365 in
572 2314 638 2387 quo
655 2291 776 2364 desinit
792 2291 942 2363 Historia
963 2290 1209 2380 Patriarcbalis,
1237 2290 1407 2364 ordinatas
1427 2289 1488 2365 init
1505 2291 1665 2365 Alexan-

293 2412 406 2499 driae3
438 2410 511 2497 sed,
536 2420 572 2482 ut
597 2431 644 2480 ex
673 2410 867 2481 narratione
899 2410 1025 2481 autoris
1057 2406 1208 2504 aequalis
1240 2406 1450 2482 manifestum
1485 2419 1556 2499 est,
1589 2411 1666 2504 quia

291 2539 371 2624 post
397 2550 558 2600 annorum
583 2546 689 2622 prope
715 2526 834 2617 viginti
860 2527 1104 2615 contentiones,
1130 2535 1165 2597 et
1189 2523 1279 2616 lites,
1304 2524 1438 2598 tandem
1452 2535 1666 2622 praeceptum

293 2668 315 2716 a
347 2643 486 2716 Sullano
517 2641 628 2715 Adelo
663 2640 853 2714 obtinuerat
885 2640 927 2712 de
959 2662 1020 2714 sna
1051 2640 1288 2733 Ordinatione,
1317 2643 1351 2713 in
1383 2664 1480 2736 quam
1516 2641 1667 2738 plerique

236 2836 239 2842 ,
291 2760 520 2833 lacobitarum
546 2766 799 2846 consenserant,
825 2758 1040 2853 Decretoque
1073 2756 1116 2829 de
1151 2761 1224 2851 ejus
1251 2758 1416 2830 electione
1449 2757 1668 2854 subscripse-

291 2886 377 2949 rant
430 2874 516 2948 lllnd
538 2884 575 2946 ut
600 2873 763 2969 Principis
798 2876 974 2948 autoritate
1008 2874 1278 2964 confirmarem,
1312 2874 1553 2948 Alexandriam
1579 2898 1668 2972 pro-

291 2994 401 3066 fectus
428 3002 512 3079 erat,
537 2989 594 3063 ubi
619 2989 676 3062 ille
703 2990 747 3063 ob
775 2994 865 3062 aeris
892 2989 1113 3079 clementiam,
1139 2990 1340 3064 valetudinis
1363 2991 1532 3064 curandae
1557 2994 1668 3084 gratia

294 3122 373 3183 tunc
406 3107 683 3180 commorabatur.
736 3107 860 3179 Postea
892 3129 979 3179 vero
1010 3109 1190 3180 institutum
1227 3107 1361 3180 videtur
1394 3108 1498 3182 luisse
1530 3111 1667 3201 majoris

293 3228 482 3299 securitatis
510 3244 624 3311 causa,
650 3233 686 3293 ut
712 3222 947 3296 Ordinationes
980 3221 1247 3296 Patriarcbarum
1273 3223 1399 3299 Misrae
1430 3246 1492 3298 seu
1525 3223 1668 3297 Gabinae

293 3344 415 3416 fierent
441 3343 474 3411 in
500 3337 658 3413 Ecclesia
683 3337 889 3428 lluhallaca,
924 3362 1023 3435 quam
1055 3340 1328 3414 consuetudinem
1359 3353 1395 3414 ut
1425 3363 1487 3415 suo
1519 3351 1668 3436 tempore

294 3467 478 3554 receptam,
504 3458 700 3552 perscripsit
724 3455 942 3529 Ebnassalus.
982 3455 1108 3528 Verum
1136 3460 1223 3552 quia,
1250 3467 1286 3528 ut
1310 3456 1453 3546 videtur,
1479 3460 1575 3530 varia
1597 3461 1667 3550 jam

295 3585 381 3662 erat,
407 3595 471 3644 nec
497 3593 632 3667 semper
658 3572 776 3646 cadem
808 3572 997 3669 disciplina,
1032 3573 1131 3669 paulo
1164 3582 1242 3669 post
1273 3572 1406 3666 scribit,
1441 3572 1668 3647 deducendum

295 3713 377 3764 esse
402 3688 654 3776 Alexandriam,
682 3699 780 3784 atque
805 3689 852 3762 ibi
875 3693 1042 3778 constitui,
1067 3690 1279 3787 ordinarique
1291 3690 1528 3764 Patriarcham.
1555 3691 1666 3763 Port-

296 3830 408 3902 quora,
435 3807 550 3900 inquit,
576 3806 756 3878 &dinam
789 3811 841 3878 cst
874 3807 1021 3894 Kornos,
1053 3810 1127 3879 sice
1153 3807 1383 3903 Heprcncnua,
1417 3831 1490 3879 eren
1523 3807 1667 3902 amplia-

294 3926 381 3997 se‘rao
422 3926 602 4010 comitatu,
639 3923 752 3994 Mirra
790 3944 865 3994 mna
898 3922 1066 3994 dedocent
1105 3924 1376 4014 Alexandriam,
1415 3924 1462 3995 acl
1499 3946 1598 4019 quom
1636 3925 1669 3995 ai
1705 3989 1709 4000 .

293 4042 493 4134 poeoeamit
518 4044 599 4109 aaa
624 4037 841 4110 Dominicarn
866 4038 965 4131 diora,
991 4042 1028 4110 in
1053 4038 1225 4111 nrburbiis
1259 4046 1389 4129 maaet,
1417 4040 1526 4111 donec
1551 4045 1667 4111 metu-

295 4160 403 4227 ta'aam
428 4155 575 4247 cicadam
600 4154 671 4226 diei
697 4161 826 4248 tenrpee
850 4155 1050 4227 mouerit:
1074 4162 1221 4251 teneque
1256 4159 1349 4229 cicer
1374 4164 1501 4229 exeunt
1533 4163 1567 4231 ei
1599 4159 1667 4231 ob-

296 4276 398 4358 viam,
426 4277 462 4342 at
486 4275 523 4343 ia
550 4278 622 4364 epm
648 4271 810 4366 obsequio
833 4272 1156 4368 procedentesque
1181 4273 1228 4344 od
1248 4273 1441 4345 Ecclesium
1466 4273 1575 4364 Sotir,
1601 4275 1668 4347 boc

298 4395 353 4462 est
377 4388 572 4475 calcatoria
599 4389 751 4483 quamvis
776 4387 974 4463 Ahnlbircat
1000 4393 1054 4485 qui
1081 4399 1154 4462 erat
1179 4394 1365 4479 recentior,
1393 4392 1544 4483 assignet
1570 4391 1668 4464 ordi-

299 4508 426 4578 nationi
451 4503 638 4577 Ecclesiam
663 4504 705 4577 D.
732 4503 856 4594 Marci,
883 4508 1086 4602 respiciens,
1122 4517 1158 4578 ut
1187 4507 1369 4580 verisimile
1396 4517 1466 4598 est,
1500 4508 1543 4580 ad
1576 4519 1668 4581 tem·

298 4625 394 4719 poris
421 4622 472 4695 sui
499 4619 713 4717 disciplinam.

405 4736 558 4809 LXXXI.
610 4739 719 4811 Porro
744 4738 822 4812 licet
848 4738 1072 4812 Ordinationis
1104 4743 1186 4812 ritus
1217 4748 1376 4812 accurate
1402 4742 1609 4838 explicentur
1635 4744 1669 4814 in
1716 4755 1789 4808 Sacri
1803 4757 1866 4811 ritas
1880 4756 1992 4814 ordina.

299 4853 496 4940 Pontificali,
523 4856 617 4946 cnjus
643 4856 835 4929 versionem
862 4856 1102 4949 subjungimus,
1129 4854 1260 4927 videtur
1286 4865 1394 4928 tamen
1428 4880 1555 4955 operae
1581 4842 1758 4956 pre-⁸⁵⁰nis
1776 4860 1808 4897 ⁰¹
1824 4843 1976 4906 Eh¹¹⁸⁸⁸l¹b

300 4974 396 5060 tium,
423 4993 464 5042 ea
490 4968 619 5042 referre
645 4993 732 5066 quae
759 4972 801 5044 de
826 4972 945 5045 iisdem
970 4970 1087 5044 ritibus
1113 4972 1269 5065 legumtur
1297 4971 1384 5067 apud
1411 4984 1555 5047 autores.
1591 4974 1669 5047 Eb-

301 5085 457 5160 nassalus
484 5084 614 5182 quidem
641 5089 697 5182 qui
723 5085 784 5160 sub
813 5085 941 5187 Gprillo
967 5088 1034 5162 idio
1060 5086 1203 5161 Laklalri
1223 5088 1416 5164 Patriarcba
1442 5090 1580 5166 LXXV.
1605 5094 1667 5167 vi-
