4525 6034
614 605 815 682 SEVERI
852 605 1220 687 antiocneni.
1532 612 1608 688 329

86 886 96 895 ο
229 792 355 879 ritulis,
391 812 489 886 quam
525 812 647 885 magna
678 800 731 865 est
763 791 953 867 sollicitudo
986 803 1042 865 tua
1076 805 1238 889 patema,
1272 805 1428 890 quantam
1463 796 1607 893 pelagus

230 910 360 998 gratiae
387 917 464 979 tuae
490 929 574 979 vere
601 911 701 980 etiam
727 907 786 981 tibi
801 907 956 1001 'gloriam
983 907 1159 986 referimus
1186 922 1220 984 et
1236 914 1407 1004 unigenito
1434 913 1520 986 Filio
1538 922 1606 986 tuo.

333 1022 519 1098 Sacerdos.
572 1025 655 1096 Pax.

287 1222 289 1227 ¹
334 1139 496 1232 Populos.
548 1137 692 1211 Etcum
719 1142 835 1234 spiritu
861 1147 929 1211 tuo.

337 1253 522 1328 Sacerdos.
576 1257 719 1329 Domine
744 1255 838 1329 Deus
865 1258 1037 1351 spirituum
1064 1266 1099 1327 et
1125 1259 1231 1330 omnis
1258 1260 1388 1347 carnis,
1416 1261 1471 1353 qni
1498 1259 1609 1332 iecisti

229 1393 293 1442 nos
321 1370 442 1464 dignos
469 1376 701 1445 communione
728 1371 792 1444 hac
820 1371 949 1461 divina,
977 1382 1011 1443 et
1037 1376 1251 1468 susceptione
1285 1377 1417 1465 gratim
1443 1385 1538 1461 tuae,
1573 1386 1608 1448 tn

231 1506 348 1558 omnes
384 1509 503 1559 sensus
528 1499 665 1562 nostros
692 1512 712 1560 a
746 1486 947 1560 mortalitate
982 1491 1175 1583 passionum
1209 1486 1332 1562 libera:
1366 1498 1473 1563 statue
1507 1494 1607 1564 etiam

228 1602 293 1677 illis
321 1606 472 1701 principii
498 1608 576 1677 vice
602 1609 753 1676 timorem
780 1615 870 1676 tuum
897 1613 931 1675 et
956 1613 1101 1676 mentem
1127 1606 1330 1676 interiorem.
1387 1603 1511 1678 Oculus
1526 1605 1607 1677 nihil
1731 1662 1736 1671 .

230 1717 435 1791 obscoenum
463 1723 618 1816 aspiciat:
654 1719 784 1793 auditus
811 1711 881 1792 non¹
911 1729 1025 1814 pateat
1060 1719 1177 1791 verbis
1212 1721 1350 1808 otiosis,
1387 1729 1421 1790 et
1454 1718 1606 1792 cantibus

228 1833 375 1907 lascivis.
428 1833 537 1907 Labia
562 1846 678 1909 nostra
706 1858 792 1931 quae
818 1845 852 1906 te
883 1832 1082 1928 glorificant,
1110 1833 1264 1929 purifica:
1300 1834 1393 1906 effice
1427 1843 1463 1905 ut
1487 1858 1606 1910 manus

229 1943 366 2023 noslrae
392 1949 580 2025 abstineant
606 1950 648 2023 ab
677 1951 836 2047 operibus
862 1954 1049 2044 nequitiae,
1077 1959 1110 2021 et
1137 1960 1300 2025 exorsae
1327 1952 1392 2022 sint
1411 1951 1453 2022 ad
1467 1953 1605 2025 miseri·

230 2065 379 2138 cordiam
406 2068 658 2163 praestandam3
693 2088 833 2158 gressus
860 2076 995 2139 nostros
1021 2077 1140 2138 averte
1173 2089 1193 2137 a
1229 2068 1356 2139 semitis
1391 2070 1537 2161 peccati,
1573 2078 1607 2139 et

230 2180 274 2253 ad
300 2204 432 2255 cursum
458 2181 640 2276 Evangelii
667 2183 867 2274 dirigantur:
902 2185 936 2253 in
963 2181 1115 2255 omnibus
1143 2180 1301 2254 membris
1335 2185 1459 2255 nostris
1493 2185 1606 2256 insere

228 2300 381 2370 timorem
408 2309 510 2386 tunm,
538 2309 572 2371 et
598 2310 726 2370 mentes
753 2309 888 2371 nostras
915 2298 1086 2387 confirma,
1112 2309 1148 2369 ut
1173 2297 1301 2370 habitet
1326 2301 1360 2369 in
1386 2296 1484 2370 nobis
1511 2297 1605 2368 divi-

228 2417 316 2485 nitas
350 2424 416 2485 tua.
469 2413 514 2485 Et
546 2417 632 2487 sicut
663 2413 806 2510 Moyses
840 2415 895 2509 qui
929 2416 1178 2486 ministraverat
1213 2412 1313 2486 cultui
1345 2412 1535 2487 umbrarum
1571 2423 1606 2485 et

228 2529 427 2621 figurarum,
461 2530 592 2624 quande
629 2528 806 2602 deseendit
834 2527 876 2600 de
909 2539 1043 2619 monte,
1076 2531 1207 2621 agnitus
1241 2527 1303 2600 init
1335 2555 1355 2603 a
1381 2527 1456 2600 liliis
1488 2526 1606 2618 lsrael,

228 2643 318 2739 quod
345 2667 420 2715 cum
445 2644 521 2717 Deo
554 2655 774 2719 conversatus
807 2653 914 2716 esset:
946 2647 993 2715 ita
1021 2646 1218 2732 etiamnum„
1253 2644 1315 2716 sed
1346 2641 1539 2741 perfectiori
1572 2653 1607 2714 et

230 2759 384 2832 diviniori
410 2759 523 2849 modo,
550 2763 660 2853 gratia
687 2771 741 2832 tua
769 2758 928 2831 adveniat
961 2770 996 2831 et
1022 2761 1197 2831 exoriatur
1223 2781 1325 2854 super
1352 2780 1413 2832 eos
1442 2761 1496 2852 qui
1522 2779 1605 2853 mv-

229 2879 333 2948 sterio
359 2876 457 2969 hujus
484 2879 657 2948 ministerii
684 2874 865 2972 spiritualis
893 2878 1084 2947 consecrati
1106 2882 1194 2966 sunt,
1221 2882 1423 2971 apparentes
1449 2884 1607 2970 tanquam

228 2989 401 3064 luminaria
428 2995 460 3063 in
488 2992 622 3082 mundo,
650 3001 682 3063 et
711 3000 861 3063 tenentes
887 2989 1028 3062 verbum
1061 2993 1170 3063 vitae:
1209 2988 1347 3063 salvans
1378 3013 1441 3064 nos
1473 3013 1605 3061 acru-

228 3109 316 3178 ciatn
343 3111 398 3202 qui
433 3107 532 3179 linem
557 3130 625 3180 nnn
652 3104 772 3197 habet,
803 3116 1026 3181 transmutans
1058 3106 1199 3199 iigrnam
1233 3108 1389 3202 corporis
1416 3104 1605 3178 humilitatis

227 3233 381 3309 nostrae,
409 3227 441 3294 in
469 3222 712 3296 similitudinem
738 3222 869 3315 gloriae
902 3232 996 3312 tuae,
1022 3224 1056 3292 in
1083 3226 1154 3294 vita
1181 3222 1301 3311 beata,
1336 3230 1371 3292 et
1405 3220 1605 3293 indeficienti

227 3346 263 3409 et
288 3328 475 3412 reiere'mus
507 3338 565 3411 tibi
598 3339 740 3432 gloriam
773 3349 807 3410 et
833 3338 983 3427 laudem,
1016 3348 1050 3408 et
1081 3338 1174 3410 Patri
1206 3347 1264 3410 tuo
1298 3337 1353 3432 qui
1386 3338 1474 3409 misit
1501 3347 1534 3409 te
1561 3336 1604 3408 ad
1722 3416 1725 3423 ἢ

227 3453 369 3539 salutem
396 3464 559 3543 nostram,
586 3467 621 3526 et
646 3455 782 3552 Spiritui
808 3464 866 3525 tuo
893 3456 1117 3542 sanctissimo,
1145 3464 1179 3525 et
1205 3452 1394 3540 adorando,
1421 3451 1603 3524 vivificanti

226 3568 351 3663 tibique
379 3569 652 3643 consubstantiali
679 3580 743 3642 etc.

648 3841 1204 3941 w
1293 3870 1297 3875 .

386 4179 483 4270 ln
546 4160 1059 4271 t'irttuoiun
1121 4173 1443 4268 SEVERI

570 4346 1256 4517 onsnnvurtonnn

810 4700 843 4770 1.
889 4694 1022 4771 Severi.

312 4895 422 4989 ,Qnurr
453 4905 583 4969 celebria
610 4904 650 4967 sit
673 4903 752 4966 illius
774 4903 918 4966 memoria
941 4919 1030 4965 nemo
1053 4901 1193 4982 ignorat,
1224 4914 1292 4960 eum
1318 4895 1385 4977 ipse
1407 4890 1603 4958 Jacobiticam

229 5017 344 5073 sectam
367 5028 424 5092 per
444 5026 543 5072 annos
557 5007 665 5071 multos
688 5006 915 5088 propagaverit,
938 5012 970 5068 et
991 5003 1133 5067 infinitam
1156 5001 1300 5064 librorum
1322 4997 1440 5078 copiam
1461 4994 1501 5058 ad
1522 4994 1603 5058 illius

228 5126 339 5172 causae
362 5107 570 5174 defensionem
591 5105 731 5171 ediderit.
774 5103 839 5168 Etsi
865 5120 942 5167 vero
973 5102 1066 5166 multa
1083 5102 1147 5197 jam
1169 5097 1288 5164 munde
1309 5105 1380 5162 nota
1402 5103 1504 5177 erant,
1534 5111 1602 5158 cum
