4525 6034
703 624 1117 702 LITURGIAE.
1544 628 1594 699 27

329 814 420 907 Ignis
446 816 547 886 vivus
573 817 726 911 corporis
752 816 799 886 tui
825 824 859 887 et
884 815 1053 905 sanguinis
1079 814 1126 885 tui
1152 815 1308 909 pretiosi,
1341 810 1475 886 Christe
1501 815 1594 889 Deus

226 943 360 1020 noster,
386 932 560 1022 extinguat
586 931 752 1005 carbones
777 931 883 1023 ignis,
910 932 1141 1025 cruciatusque
1167 928 1333 1002 terribiles
1360 940 1394 1001 et
1405 927 1592 1003 vehemen-

225 1060 278 1121 tes
306 1073 326 1121 a
352 1044 509 1120 membris
535 1050 636 1138 meis,
664 1059 698 1120 et
724 1044 766 1118 ab
785 1043 957 1120 animabus
976 1045 1239 1142 corporibusque
1261 1045 1488 1119 defunctorum
1505 1046 1595 1120 fide-

224 1164 322 1251 lium,
349 1166 405 1259 qui
430 1161 605 1237 induerunt
629 1176 663 1237 te
690 1185 737 1235 ex
763 1184 849 1259 aqua
876 1173 909 1235 et
935 1166 1061 1259 spiritu.
1113 1162 1210 1235 Voca
1238 1172 1272 1234 et
1298 1165 1462 1236 constitue
1484 1186 1544 1237 eos
1561 1168 1594 1237 in

225 1279 340 1354 ultimo
366 1278 420 1351 die
446 1279 489 1352 ad
514 1292 643 1375 partem
670 1279 844 1354 dexteram
870 1288 977 1367 tram,
1003 1283 1089 1353 sicut
1113 1278 1278 1376 pollicitus
1305 1300 1354 1352 es.

330 1410 509 1504 Levatque
535 1410 659 1506 dipitos
683 1433 763 1483 satos
788 1416 858 1496 ter,
884 1412 1051 1503 incipiens
1076 1432 1100 1479 a
1125 1409 1273 1480 dextera
1297 1434 1416 1498 moso,
1444 1416 1480 1481 et
1502 1411 1595 1482 dicit.

330 1524 542 1598 llodulentur
575 1525 668 1619 digiti
700 1528 765 1598 mei
796 1524 912 1598 laudes
946 1537 1037 1611 tuas,
1068 1535 1102 1597 et
1136 1547 1176 1598 os
1206 1548 1315 1598 meum
1348 1525 1595 1600 confessionem

224 1654 325 1716 tuam.
352 1641 420 1713 Per
445 1639 563 1716 clavos
589 1641 738 1715 manibus
765 1643 829 1713 tuis
856 1637 1055 1737 etpedibus
1081 1640 1216 1731 infixos,
1243 1663 1306 1736 per
1329 1641 1480 1715 lanceam
1508 1666 1595 1738 quae

223 1756 313 1831 lutus
339 1769 428 1830 mum
455 1757 761 1847 transverberavit,
787 1779 892 1853 parce
917 1756 996 1828 mibi
1023 1755 1141 1829 delicta
1169 1768 1203 1830 et
1227 1767 1367 1853 peccata
1399 1779 1485 1829 mea.
1536 1759 1598 1830 Ad

225 1897 361 1945 manum
385 1876 576 1962 sinistrum,
603 1874 698 1944 dicit.
752 1871 890 1946 Custodi
915 1895 969 1944 me
996 1874 1138 1946 Domine
1165 1870 1207 1944 ab
1235 1871 1386 1947 omnibus
1413 1870 1596 1966 fraudtus,

224 2003 259 2064 et
286 1989 428 2062 dextera
455 2000 510 2062 tua
538 1988 673 2081 adjuvet
698 2011 772 2079 me,
798 1999 833 2061 et
858 1986 901 2060 ab
934 1987 1090 2085 operibus
1124 1991 1265 2063 sinistris
1296 1994 1496 2086 praeservet
1529 2012 1596 2081 me,

222 2108 256 2179 in
284 2104 421 2181 saecula
447 2103 665 2178 saeculorum.

330 2223 378 2293 Et
404 2246 477 2293 corn
502 2221 589 2292 bibit
613 2224 725 2292 cirtam
750 2222 840 2316 qood
864 2225 997 2294 miscuit
1023 2244 1069 2292 cc
1096 2221 1285 2311 oblatione,
1312 2222 1405 2296 dicit.

330 2335 582 2411 inebriabuntur
608 2336 650 2410 ab
676 2335 829 2411 ubertate
855 2337 973 2412 domus
999 2348 1076 2409 tuae
1103 2349 1137 2411 et
1162 2348 1311 2411 torrente
1341 2349 1398 2413 tuo
1434 2339 1594 2415 delicioso

223 2454 378 2553 potabis,
405 2465 469 2527 etc.

330 2589 444 2660 Levat
468 2611 586 2673 mosam
610 2612 692 2660 scas
717 2610 808 2682 aquo
820 2640 831 2675 ‚
859 2594 893 2659 ct
918 2589 1004 2659 dicit
1028 2587 1116 2658 banc
1141 2587 1320 2660 Paetinam.

330 2720 449 2794 ludica
474 2743 530 2793 me
555 2722 699 2794 Domine
725 2722 879 2816 quoniam
904 2724 938 2792 in
961 2722 1086 2812 justitia
1112 2743 1189 2793 mea
1217 2721 1402 2814 ambulavi,
1429 2733 1492 2795 etc.

329 2855 509 2948 Abstcrqit
534 2878 666 2943 monos,
695 2860 729 2925 et
754 2855 848 2927 dicit.
899 2853 1028 2926 Allerte
1053 2854 1198 2928 Domino
1224 2854 1310 2929 filios
1338 2858 1485 2930 arietum.

329 2988 428 3060 Dicit
452 2988 599 3061 Sedrcm
621 3010 689 3082 pso
715 2985 900 3081 defunctis,
926 2992 961 3058 et
983 2989 1094 3081 primo
1119 2986 1345 3058 Procmsimr.

329 3121 381 3193 Illi
413 3125 468 3217 qui
499 3144 562 3217 per
593 3131 734 3196 mortem
769 3142 863 3193 suam
895 3118 1058 3193 destruxit
1090 3130 1230 3193 mortem
1263 3132 1434 3209 nostram,
1468 3132 1503 3194 et
1532 3144 1595 3220 per

223 3235 483 3311 immolationem
515 3258 610 3312 suam
641 3259 703 3332 pro
737 3234 855 3327 nobis,
891 3237 1043 3331 expiavit
1077 3257 1195 3309 omnes
1226 3234 1313 3310 filios
1347 3235 1471 3310 Adam:
1504 3236 1593 3314 bcno

223 3353 289 3445 ilii,
317 3353 473 3441 debetur,
500 3365 563 3426 etc.
615 3353 708 3424 Atio.
761 3351 968 3426 Mortuerum
994 3353 1191 3440 suscitator,
1219 3355 1339 3448 quique
1364 3357 1592 3429 resurreetio-

223 3491 302 3541 nem
328 3480 483 3566 praestas
509 3470 666 3567 sepultis3
693 3479 728 3541 tu
752 3469 895 3542 Domina
922 3469 1053 3563 suscipe
1086 3469 1213 3539 animas
1245 3489 1421 3541 servorum
1452 3480 1593 3563 tuorum,

224 3608 365 3681 quormn
391 3585 490 3659 bodie
515 3587 862 3660 commemorationem
890 3582 1114 3671 celebramus,
1146 3594 1181 3657 et
1206 3583 1337 3658 colloca
1363 3606 1424 3659 eos
1449 3586 1593 3660 Domine
1653 3638 1656 3645 -

223 3704 257 3777 iu
283 3700 481 3776 habitaculis
507 3702 689 3776 benedictis
722 3700 839 3775 domus
870 3703 973 3795 patris
1005 3703 1069 3788 tui,
1102 3720 1178 3769 cum
1209 3699 1399 3791 Abrabam,
1431 3701 1528 3776 Isaac
1560 3714 1595 3777 et

222 3816 332 3891 Jacob
360 3817 488 3892 dilectis
515 3821 604 3907 tuis,
630 3829 664 3890 et
690 3840 764 3889 cum
791 3815 943 3890 omnibus
968 3814 1118 3889 fidelibus
1151 3825 1186 3887 et
1217 3817 1360 3904 sanctis,
1393 3819 1449 3912 qui
1483 3817 1592 3890 decu-

222 3932 367 4007 buerunt
392 3958 467 4007 eum
493 3956 556 4031 spe
581 3946 659 4008 tua·
701 3933 832 4006 Suscita
866 3932 941 4006 illos
974 3943 1009 4005 et
1038 3933 1202 4005 constitue
1235 3930 1310 4004 illos
1343 3929 1386 4002 ad
1417 3930 1592 4007 dexteram

222 4061 334 4141 tuam,
362 4062 395 4124 et
421 4073 522 4146 super
547 4071 611 4123 uos
637 4071 754 4124 omnes
780 4047 983 4121 effundantur
1009 4050 1240 4122 miserationes
1259 4059 1353 4136 tuae,
1380 4046 1588 4123 referemus-

223 4188 289 4262 que
323 4163 381 4238 tibi
414 4166 566 4258 laudem,
599 4165 841 4260 reddemusque
867 4168 1047 4257 graiorum
1074 4165 1239 4237 actionem
1264 4162 1413 4237 Trinitati
1441 4174 1591 4257 sanctae,

222 4303 330 4376 nuno,
357 4284 421 4355 etc'.
554 4316 561 4321 ·

335 4412 468 4487 Versus.
519 4413 597 4487 Non
621 4417 656 4486 in
679 4413 853 4506 judicium,
889 4423 945 4486 aut
977 4404 1216 4486 invindictam
1242 4434 1364 4509 corpus
1396 4423 1483 4485 tuum
1510 4415 1590 4487 Dc-

223 4533 313 4603 mine
340 4531 615 4626 (acceperimus).
667 4530 786 4603 Manus
813 4553 899 4627 quae
924 4529 1052 4626 palmas
1087 4550 1166 4601 suas
1198 4527 1433 4617 extenderunt,
1466 4551 1591 4604 susce-

223 4656 410 4743 peruntque
437 4669 483 4720 ex
508 4658 549 4720 te.
567 4649 710 4721 Domine
736 4646 956 4720 arrhabonem
981 4645 1079 4718 tilium
1105 4644 1187 4731 Dei,
1219 4666 1286 4718 uon
1313 4643 1516 4741 abripiuntur
1548 4643 1591 4716 ad

223 4762 369 4836 tribunal
391 4762 506 4855 judicii
531 4765 565 4835 in
591 4764 646 4835 die
671 4765 874 4850 novissimo,
900 4785 962 4859 per
987 4761 1142 4836 ardorem
1166 4758 1337 4851 flammae,
1364 4760 1495 4855 quaudo
1511 4762 1591 4855 qui-

225 4878 301 4951 dem
329 4901 451 4977 corpus
478 4891 568 4953 mum
594 4890 820 4972 gestaverunt
862 4878 937 4952 'libi
960 4877 1140 4951 offeruntur
1161 4874 1341 4966 sacrificia,
1365 4872 1444 4946 Rex
1460 4874 1592 4950 Christe

226 5018 273 5068 ex
297 4995 449 5081 manibus
476 4995 695 5069 sacerdotum
722 5016 896 5068 servorum
923 5005 1073 5084 tuorum,
1105 4976 1239 5087 suscipe
1269 4990 1325 5063 illa
1350 5010 1413 5088 per
1438 4987 1591 5062 clemen-

223 5114 305 5185 tiam
330 5123 419 5184 tuam
445 5113 607 5205 Domine,
633 5114 687 5208 qui
714 5134 805 5185 amas
831 5115 1056 5208 poenitentes:
1082 5105 1257 5205 placabilis
1284 5118 1357 5182 esto
1386 5103 1505 5180 adea.

251 5252 374 5297 romasu
1360 5225 1384 5300 7
