4525 6034
510 604 595 684 SIVE
623 604 753 683 CANON
779 596 1026 685 UNIVERSALIS
1054 606 1283 685 AETllldPUld.
1505 608 1581 683 477

476 882 599 952 Oratio
624 902 691 974 pro
718 880 787 953 illia
813 884 871 976 poi
897 881 1084 953 attulerant
1110 881 1311 953 oblationes.

307 1067 430 1141 Iterum
458 1069 676 1166 deprecemur
700 1072 958 1167 omnipotentem
974 1071 1100 1163 Deum,
1126 1072 1260 1144 Patrem
1287 1069 1421 1142 Domini
1448 1082 1482 1143 et
1508 1072 1582 1144 sal-

197 1188 333 1256 vatoris
358 1187 464 1256 nostri
490 1186 573 1259 lesu
604 1184 743 1274 Christi,
779 1209 841 1282 pro
873 1186 1018 1282 illisqui
1051 1186 1239 1262 obtuderunt
1270 1208 1419 1276 munera,
1446 1191 1480 1259 in
1507 1210 1583 1275 una,

198 1299 396 1389 Catholica,
422 1300 575 1374 Ecclesia
603 1312 738 1393 sancta,
766 1300 970 1390 oblationes,
998 1306 1177 1399 primitias,
1205 1303 1351 1376 decimas
1379 1302 1422 1375 ad
1448 1307 1582 1394 gratia-

196 1439 276 1488 rum
303 1420 469 1490 actionem
495 1426 529 1489 et
554 1420 768 1508 memoriam,
795 1421 869 1490 sive
900 1418 1050 1506 multum,
1084 1423 1159 1490 sive
1189 1417 1373 1515 paululum,
1407 1421 1483 1491 sive
1513 1442 1583 1515 pu-

195 1531 310 1623 blice,
338 1537 412 1607 sive
438 1546 591 1607 secreto:
618 1546 655 1606 ut
680 1536 779 1605 etiam
805 1556 867 1629 pro
895 1532 959 1606 ilbs
986 1539 1040 1630 qui
1067 1535 1245 1607 voluemnt
1279 1534 1420 1624 ollerre,
1455 1546 1489 1608 et
1514 1559 1583 1608 non

194 1662 399 1745 potuerunt:
426 1660 599 1746 acceptum
625 1653 667 1723 sit
692 1659 808 1722 votnm
835 1660 868 1721 et
895 1649 1093 1723 desiderium
1120 1655 1285 1741 omnium,
1319 1654 1352 1722 in
1379 1651 1477 1724 coelo
1505 1656 1582 1749 spi-

196 1765 332 1856 rituali,
359 1770 567 1861 gratiamque
592 1764 832 1839 benedictionis
860 1771 949 1838 omni
977 1770 1071 1863 operi
1088 1767 1270 1859 concedat,
1297 1770 1349 1840 cni
1364 1762 1514 1864 potestas
1531 1779 1583 1842 est

197 1884 369 1955 Dominus
395 1884 488 1957 Deus
514 1891 640 1954 noster.

306 2002 497 2073 Diaconos.
524 1998 628 2070 Orate
653 2021 715 2093 pro
742 1998 806 2071 illis
834 2003 888 2094 qui
915 1998 1105 2074 obtulerunt
1130 2023 1277 2072 munera.
1633 2084 1636 2093 Ι

308 2117 501 2191 Sacerdos.
527 2114 671 2187 Domine
709 2115 802 2188 Dens
839 2118 1065 2212 omnipotens,
1101 2138 1261 2210 rogamus
1296 2126 1330 2188 et
1363 2115 1583 2211 deprecamur

198 2245 232 2307 te
260 2258 327 2332 pro
354 2235 418 2307 illis
445 2235 500 2328 qui
527 2230 716 2304 obtulerunt
741 2253 897 2321 munera,
924 2233 966 2304 ad
1000 2244 1168 2321 sanctam,
1202 2234 1331 2304 unicam
1367 2243 1401 2304 et
1428 2231 1582 2305 Catholi-
1675 2236 1678 2245 ’

197 2373 277 2423 cam
305 2351 517 2427 Ecclesiam,
551 2349 626 2420 sive
653 2346 786 2418 multum
814 2349 888 2419 sive
914 2347 1097 2443 paululum,
1132 2352 1208 2420 sive
1245 2345 1377 2444 publice
1410 2351 1486 2422 sive
1518 2371 1581 2420 se-

198 2476 315 2539 creto:
343 2476 377 2538 et
402 2486 464 2561 pro
491 2463 555 2535 illis
583 2466 638 2557 qui
664 2461 842 2534 voluerunt
867 2485 931 2534 nec
957 2473 1153 2560 potuerunt:
1182 2475 1355 2560 acceptum
1391 2467 1434 2538 sit
1465 2475 1581 2537 votum

197 2594 234 2654 et
268 2581 470 2653 desiderium
519 2580 681 2652 omnium:
722 2576 765 2648 da
807 2576 870 2649 illis
904 2579 1111 2670 mercedem,
1152 2590 1187 2652 at
1231 2579 1420 2653 benedictio
1457 2579 1582 2676 duplex

196 2697 265 2771 illis
296 2720 316 2769 a
342 2709 377 2769 te
402 2695 604 2770 concedatur
628 2716 692 2790 per
716 2697 921 2784 unigenitum
946 2695 1066 2767 Filium
1092 2708 1200 2769 mum:
1233 2718 1295 2792 per
1322 2718 1419 2791 quem
1447 2709 1481 2772 et
1506 2719 1581 2771 cum

199 2836 290 2908 quo,
319 2824 453 2885 etcum
480 2820 596 2885 sancto
611 2811 735 2906 Spiritu
762 2808 819 2882 tibi
847 2820 899 2885 est
924 2812 1033 2904 gloria
1061 2823 1096 2884 et
1120 2820 1283 2909 potestas,
1309 2835 1396 2883 nnnc
1424 2821 1458 2884 et
1483 2834 1581 2886 sem-

197 2953 276 3027 per,
306 2939 340 3001 et
365 2932 398 3000 in
425 2927 561 3003 saecula
590 2924 806 3000 saeculoram.
837 2928 957 3001 Arnen.

592 3167 629 3237 d.
672 3169 794 3239 Oratio
822 3167 1007 3239 oblationis
1031 3171 1202 3262 mysticae.

310 3343 470 3436 Princeps
496 3340 578 3413 lesu
606 3336 749 3429 Christe,
783 3344 877 3433 cnjus
913 3338 1096 3413 substantia
1128 3339 1218 3412 iacta
1251 3363 1319 3413 non
1354 3353 1406 3414 est
1439 3340 1580 3414 verbam

199 3483 324 3557 parurn
357 3459 593 3552 genitoris...
620 3457 711 3527 Patri
743 3465 779 3526 et
812 3456 949 3551 Spiritui
976 3468 1113 3546 sancto;
1153 3466 1188 3528 tu
1228 3456 1376 3551 aequalis
1412 3481 1450 3531 es
1483 3464 1579 3556 panis

200 3581 307 3651 vivus
334 3578 389 3672 qni
415 3571 587 3645 descendit
613 3571 655 3643 da
681 3571 795 3659 coelo,
823 3576 878 3667 qui
904 3576 996 3668 prius
1022 3574 1112 3646 bristi
1139 3576 1173 3644 in
1203 3572 1309 3666 ligura
1343 3576 1421 3667 agni
1456 3577 1579 3647 imma-

201 3691 307 3764 culati
341 3711 402 3786 pro
433 3692 504 3762 vita
536 3687 665 3760 mundi:
704 3710 791 3759 nunc
824 3710 983 3781 rogamus
1023 3698 1057 3761 et
1090 3688 1306 3762 obsecramus
1341 3689 1580 3783 benignitatem

202 3820 314 3896 mam,
341 3815 470 3878 amator
495 3803 677 3877 bominum:
706 3803 845 3877 ostende
872 3803 991 3876 faciem
1019 3816 1108 3878 tuam
1136 3828 1238 3902 super
1263 3805 1350 3878 bunc
1380 3830 1517 3903 panem,
1545 3816 1581 3879 et

152 4000 156 4007 ,
203 3947 309 4021 snper
341 3922 427 3994 banc
460 3920 619 4010 calicem,
660 3943 745 4015 quos
779 3925 1015 4016 proposuimus
1049 3945 1151 4019 super
1176 3922 1240 3995 boc
1274 3922 1378 3995 altare
1409 3924 1580 4019 spirituale

201 4050 313 4116 tuum:
339 4037 490 4126 benedic,
518 4036 688 4110 sanctifica
716 4046 749 4108 et
775 4037 910 4132 purifica
937 4036 1031 4128 illos3
1059 4040 1133 4111 bet
1149 4048 1330 4111 transmuta
1346 4038 1433 4112 hunc
1446 4062 1579 4136 panem,

203 4169 240 4231 ut
268 4158 325 4229 liat
350 4177 472 4250 corpus
499 4163 590 4227 tnurn
616 4175 748 4249 purum:
778 4163 812 4225 et
838 4153 925 4248 quod
954 4159 1084 4228 mistum
1111 4160 1222 4228 estin
1256 4155 1321 4226 boc
1356 4156 1461 4228 calice
1492 4178 1578 4229 san-

203 4278 281 4368 guis
309 4285 384 4349 tuus
409 4276 594 4372 pretiosus,
621 4273 764 4369 fiantque
790 4273 889 4347 nobis
917 4271 1089 4362 omnibus,
1117 4270 1241 4345 oblatio
1269 4269 1312 4344 ad
1339 4271 1515 4361 medelam,
1544 4281 1579 4344 et

205 4392 248 4464 ad
276 4391 417 4463 salutem
443 4393 574 4464 animae
599 4400 735 4463 nostrae
762 4399 796 4461 et
821 4396 988 4487 corporis:
1016 4393 1091 4486 qnia
1118 4399 1153 4460 tu
1180 4411 1217 4460 es
1243 4388 1321 4460 Rex
1336 4392 1481 4461 omnium
1506 4410 1577 4459 no-

205 4521 311 4581 strum
338 4506 469 4581 Christe
496 4510 589 4580 Deus
614 4517 747 4597 noster,
775 4517 809 4578 et
836 4511 1000 4580 mittemus
1026 4506 1084 4578 tibi
1102 4527 1245 4595 sursum,
1272 4505 1578 4591 sanctificationem,

205 4625 352 4719 gloriam
377 4636 411 4697 et
437 4623 685 4715 adorationem,
712 4622 873 4719 simulque
899 4626 990 4696 Patri
1023 4634 1080 4696 tuo
1113 4622 1203 4694 bono
1236 4621 1397 4710 coelesti,
1433 4633 1467 4694 et
1492 4620 1577 4717 Spi-

207 4745 282 4815 ritui
309 4753 366 4814 mo
392 4750 508 4813 sancto
524 4741 718 4828 vivificanti,
745 4762 832 4811 nnnc
859 4752 892 4812 et
918 4762 1067 4836 semper,
1096 4748 1129 4810 et
1155 4742 1188 4810 in
1206 4736 1339 4810 saecula
1357 4737 1575 4810 saeculomm.

206 4860 327 4933 Arnen

310 4975 499 5046 Diocoom.
525 4972 676 5046 Adorate
701 4972 809 5044 Deum
836 4993 909 5042 cam
938 4976 1066 5045 timore.

311 5091 472 5184 Populos.
500 5089 623 5163 Coram
651 5101 684 5162 te
710 5086 853 5159 Domine
880 5086 1079 5180 adoramus,
1106 5098 1141 5160 et
1166 5087 1388 5182 glorificamus
1415 5096 1458 5158 te.

1302 5208 1350 5280 76
1364 5204 1386 5246 ⁴*
