4525 6034
668 560 723 637 40
1178 561 1540 638 LITURGIA

668 752 790 837 nostri,
818 771 893 821 cum
920 773 986 844 quo
1012 744 1165 821 laudatus
1192 759 1226 820 et
1251 746 1447 821 benedictus
1474 770 1529 837 ee,
1556 751 1591 821 in
1617 749 1723 843 coelis
1750 759 1784 822 ct
1809 752 1844 821 in
1857 759 1948 821 terra
1965 772 2034 821 cum

670 867 787 962 spiritu
814 875 887 953 tuo,
915 873 978 937 etc.

773 980 935 1074 Populea.
961 981 1082 1053 Amen.

748 1095 751 1100 ’
775 1096 952 1167 Sacerdos
978 1095 1064 1169 Pax.
1223 1095 1385 1189 Populus.
1413 1096 1457 1169 Et
1485 1120 1569 1170 cum.

773 1212 958 1284 Sacerdos.
986 1210 1240 1284 Misericordiae
1266 1211 1342 1284 Dei.

773 1328 936 1421 Populus.
963 1326 1108 1400 Etcum
1135 1331 1250 1422 spiritu
1277 1339 1343 1399 tuo.
1906 1415 1912 1420 ,

773 1444 961 1515 Diaconos.
988 1443 1224 1538 Unusquisque
1257 1466 1332 1516 cum
1358 1447 1479 1517 timore
1505 1454 1540 1516 et
1565 1454 1712 1516 tremore
1739 1445 1783 1517 ad
1809 1446 1916 1519 Deum
1949 1449 2035 1542 aspi-

640 1652 642 1656 *
670 1561 756 1649 ciat,
783 1569 818 1630 ct
843 1559 1105 1633 misericordiam
1132 1569 1166 1631 et
1192 1564 1333 1652 gratiam
1361 1584 1381 1632 a
1408 1563 1552 1633 Domino
1578 1560 1734 1656 postulet.

773 1675 957 1746 Sacerdos.
982 1675 1140 1765 Sanctus,
1170 1676 1331 1767 Sanctus,
1357 1676 1500 1749 Sanctus
1520 1677 1684 1751 Dominus
1710 1679 1804 1751 Deus
1830 1689 1952 1774 potens
1974 1679 2033 1751 Sn-

667 1788 786 1881 baoth,
812 1791 902 1888 pleni
928 1800 1006 1864 sunt
1032 1792 1119 1865 coeli
1148 1802 1182 1864 ct
1209 1803 1299 1865 terra
1325 1793 1478 1867 laudibus
1504 1798 1579 1866 tuis.
1632 1792 1796 1865 Exultare
1815 1816 1916 1890 super
1932 1795 2034 1867 coelos

667 1907 776 1995 Deus,
805 1918 839 1979 et
865 1930 966 2004 super
993 1931 1124 1981 ornnem
1152 1919 1275 1981 terram
1302 1910 1410 2002 gloria
1434 1920 1507 1983 tua:
1535 1909 1578 1982 ad
1607 1921 1642 1982 te
1667 1910 1783 1982 levavi
1809 1911 1926 1983 oculos
1954 1931 2034 1984 meos

669 2028 724 2118 qui
750 2022 880 2096 habitas
908 2027 942 2095 iu
968 2025 1093 2113 coelis,
1122 2036 1187 2097 etc.

767 2139 819 2210 Et
834 2146 916 2233 port
931 2164 1050 2233 pecca
1071 2141 1331 2212 Eocburialc'om
1352 2145 1528 2235 occipiens
1543 2146 1579 2212 ia
1591 2140 1746 2212 aeonibus
1762 2142 1848 2212 dicit
1872 2142 1935 2212 ille
1953 2164 2032 2213 occe.

771 2255 896 2329 Sancta
929 2259 1052 2328 sanctis
1086 2259 1119 2328 in
1152 2257 1376 2353 perfectione,
1409 2261 1553 2354 puritate
1586 2266 1621 2329 et
1653 2262 1831 2331 sanctitate
1866 2258 2031 2331 traduntur.

560 2454 563 2463 Ι
775 2371 856 2442 Tem
882 2372 999 2443 dimcct
1025 2395 1139 2445 omnes
1164 2360 1282 2473 simol}
1299 2373 1390 2445 Unus
1417 2375 1518 2446 Pater
1544 2382 1693 2463 sanctus,
1721 2397 1805 2446 unus
1829 2372 1934 2447 Filius
1959 2396 2031 2447 san-

561 2484 564 2497 '
666 2495 756 2575 ctus,
782 2510 868 2561 unus
895 2488 1038 2585 Spiritus
1064 2501 1210 2563 sanctus.
1247 2490 1298 2562 Sit
1323 2513 1446 2564 nomen
1467 2492 1604 2564 Domini
1628 2475 1852 2579 benedictum,
1881 2495 1936 2587 qui
1961 2510 2031 2563 mus

666 2608 777 2676 estin
804 2604 901 2677 coelo
929 2614 964 2676 et
988 2609 1023 2677 iu
1050 2615 1155 2678 terra:
1182 2609 1247 2702 ipsi
1273 2608 1382 2699 gloria
1409 2608 1442 2676 in
1469 2605 1613 2681 saecula.
1669 2605 1785 2678 Gloria
1800 2606 1891 2678 Patri
1921 2616 1955 2679 et
1977 2607 2029 2678 Fi-

664 2719 732 2810 lio,
759 2731 792 2793 et
818 2720 953 2815 Spiritui
980 2733 1116 2812 sancto,
1146 2726 1256 2795 omnia
1283 2722 1517 2811 sanctificanti,
1546 2734 1580 2795 et
1606 2725 1718 2795 omnia
1747 2725 1907 2817 expianti.
1939 2756 1941 2759 ’

769 2837 954 2909 Sacerdos.
1007 2840 1152 2912 Domine
1178 2861 1262 2911 vere
1290 2851 1324 2912 et
1351 2848 1443 2911 certo
1470 2838 1654 2926 credimus,
1685 2848 1719 2910 et
1744 2841 1778 2908 in
1805 2847 1838 2909 tc
1865 2838 2028 2927 credimus,

666 2952 941 3047 quemadmodum
969 2955 1134 3028 creditin
1168 2967 1202 3028 te
1237 2955 1393 3028 Ecclesia
1428 2966 1545 3028 sancta
1582 2963 1616 3026 et
1647 2952 1836 3026 Catholica:
1874 2953 1962 3048 quod
1991 2955 2029 3026 sis

663 3090 749 3140 unus
775 3068 877 3142 Pater
903 3081 1058 3162 sanctus,
1086 3074 1138 3142 cui
1165 3075 1208 3143 sit
1234 3073 1362 3164 gloria,
1388 3073 1509 3146 Amen.
1550 3070 1643 3142 Unus
1669 3070 1773 3142 Filius
1801 3079 1956 3160 sanctus,
1978 3069 2031 3163 ipsi

662 3184 756 3276 laus,
786 3186 907 3259 Amen.
943 3186 1037 3259 Unus
1062 3186 1205 3283 Spiritus
1240 3198 1387 3277 sanctus,
1423 3190 1485 3282 ipsi
1511 3186 1619 3278 gloria
1646 3196 1679 3257 et
1700 3188 1884 3277 gratiarum
1905 3186 2031 3257 actioin

662 3300 812 3401 saecula,
838 3302 958 3374 Arnen.

773 3419 963 3491 Diaconos.
1021 3419 1059 3491 ln
1093 3422 1343 3492 resurrectione
1378 3419 1501 3492 Christi
1536 3418 1643 3509 Regis
1681 3419 1883 3511 accipiamus
1915 3420 2031 3489 veniam

668 3532 841 3608 animabus
877 3537 999 3608 nostris
1035 3536 1069 3606 iu
1101 3534 1189 3628 ilde,
1230 3546 1264 3607 et
1298 3535 1445 3608 dicamus
1483 3556 1599 3606 omnes
1632 3534 1832 3627 acqualiter,
1870 3535 1953 3608 Filio
1986 3533 2030 3626 qui

663 3648 811 3723 salvavit
837 3671 900 3722 nos
927 3673 990 3745 per
1015 3673 1149 3723 crucem
1176 3673 1280 3725 suam.
1334 3650 1534 3722 Benedictus
1561 3647 1721 3721 Salvator
1747 3660 1864 3722 noster
1890 3651 2028 3731 Sanctus

662 3764 827 3855 Sanctus,
857 3765 1001 3839 Sanctus
1028 3788 1067 3839 es
1095 3766 1247 3840 omnibns
1274 3767 1402 3856 modis,
1429 3765 1647 3857 magnificans
1679 3769 1874 3837 memoriam
1901 3764 2029 3858 genitri-

663 3881 713 3951 cis
740 3901 843 3970 suae,
870 3894 1061 3954 sanctorum
1088 3894 1122 3955 ct
1149 3881 1377 3956 defunctorum
1404 3881 1563 3971 fidelium,
1590 3879 1743 3952 Alleluia.
1777 3880 1926 3952 Virtutes
1952 3898 2028 3950 coe·

664 3995 774 4068 lorum
801 4007 889 4069 stant
914 3996 1089 4072 nobiscum
1117 4002 1150 4069 in
1184 3996 1295 4069 medio
1329 4000 1528 4086 sanctuarii,
1569 4008 1603 4067 ct
1637 3999 1855 4069 ministerium
1891 3991 2030 4067 exhibent

663 4115 800 4206 corpori
825 4112 900 4184 Filii
927 4114 1010 4206 Dei,
1039 4117 1093 4211 qui
1121 4113 1309 4187 immolatus
1325 4122 1390 4186 'est
1416 4136 1532 4185 coram
1565 4110 1672 4184 nobis.
1731 4111 1913 4198 benedito,
1945 4109 2029 4180 acci-

662 4230 731 4323 pite
759 4250 805 4299 ex
833 4252 874 4302 eo
902 4232 1134 4303 remissionem
1161 4240 1377 4325 peccatorum
1404 4240 1438 4300 el
1474 4227 1687 4315 delictorum,
1719 4225 1876 4300 Alleluia.
1932 4224 2030 4318 Super

664 4342 771 4415 altare
797 4356 888 4417 tuum
915 4356 1064 4417 sanctum
1092 4347 1253 4433 Domine,
1288 4334 1448 4418 memoria
1476 4345 1533 4415 irat
1559 4356 1708 4440 patrum,
1734 4340 1891 4431 fratrum,
1916 4340 2028 4411 docio-

662 4481 803 4555 rumque
830 4471 1040 4550 nostrorum,
1066 4471 1311 4556 resurgantque
1339 4461 1380 4532 ad
1408 4460 1581 4532 dexteram
1609 4472 1698 4532 tuum
1726 4461 1760 4528 in
1783 4456 1838 4528 die
1858 4466 1944 4528 ortus
1961 4475 2029 4524 mu·

661 4575 792 4665 jestalis
820 4586 916 4662 tuae,
944 4573 1023 4645 Rex
1050 4573 1192 4647 Christe.
1245 4575 1400 4649 Alleluia.
1454 4576 1655 4647 Benedictus
1685 4574 1848 4646 Dominus
1875 4575 1926 4665 qui
1951 4565 2029 4639 dedit

666 4688 765 4764 nobis
792 4712 916 4785 corpus
943 4702 978 4762 et
1005 4694 1203 4782 sanguinem
1230 4714 1324 4765 suum
1352 4695 1486 4780 vivum,
1518 4704 1554 4765 ut
1579 4714 1641 4787 per
1668 4688 1723 4760 illa
1750 4691 1883 4761 veniam
1913 4703 2029 4757 cousc-

666 4827 819 4899 quamur,
848 4816 912 4877 etc.
966 4804 1050 4877 Cum
1077 4808 1171 4879 statis
1199 4810 1232 4878 in
1261 4811 1451 4881 sanctuario
1478 4808 1682 4881 Sacerdotes
1711 4808 1840 4900 aperite
1860 4807 1941 4876 ostia
1955 4821 2029 4871 cor·

666 4916 752 4991 dium
768 4931 976 5015 vestrorum,
999 4922 1097 4993 dicite
1122 4922 1287 5017 psalmum
1307 4934 1341 4994 et
1360 4923 1547 4995 benedicite
1570 4944 1672 5019 super
1693 4919 1931 4994 Eucharislium
1952 4915 2027 4985 hanc

667 5035 702 5104 in
729 5026 918 5110 sanctuario
945 5041 1098 5134 positam.
1152 5038 1309 5111 Pcolmca
1337 5039 1424 5110 150.
