4525 6034
694 559 772 634 214
1176 555 1581 638 COMMENTARIUS

696 747 834 827 corporis
858 744 970 808 Christi
992 746 1139 808 contineri
1162 742 1354 825 pertendunt.
1398 743 1465 807 lloo
1491 745 1667 822 ostendant,
1690 745 1785 825 inquit
1806 744 1982 824 Basanon,
2002 765 2066 827 po-

691 847 757 926 pali
779 847 822 908 od
843 864 881 908 eo
902 845 997 907 cerba
1018 846 1239 925 responsiones.
1290 841 1458 906 Sacerdote
1479 847 1558 907 οιιίιο
1579 845 1634 906 ills
1662 843 1774 921 cerba,
1802 852 1836 906 at
1866 863 1923 908 oos
1955 847 2069 909 Graeci

694 946 815 1022 soletis,
844 947 1079 1025 praesensionis,
1117 945 1264 1005 consterna
1290 944 1418 1023 papatus
1444 945 1477 1005 io
1502 952 1631 1025 ancone
1656 950 1746 1023 porte
1774 946 1936 1024 respondet
1954 945 2064 1023 Amen,

695 1047 786 1125 quusi
807 1047 901 1119 dicat,
923 1063 993 1106 oeae
1015 1045 1061 1105 ito
1083 1051 1129 1106 est
1148 1050 1183 1104 at
1203 1042 1313 1106 dicis...
1336 1042 1433 1105 Amen
1454 1046 1547 1124 igitar
1569 1044 1612 1105 cd
1633 1043 1779 1104 οοοοιοο
1800 1046 1985 1123 respondeas
2003 1063 2065 1125 po-

691 1144 795 1225 palus:
819 1152 911 1218 certe,
934 1144 1045 1223 inquit,
1079 1162 1191 1222 coepas
1219 1151 1248 1204 et
1274 1145 1401 1223 sanquis
1432 1141 1547 1207 Christi
1572 1150 1643 1205 nait
1665 1162 1792 1206 macero
1814 1145 1876 1205 istu
1893 1147 2065 1225 proposita,

695 1246 741 1306 ito
770 1243 937 1317 credimus,
968 1244 1013 1304 ita
1041 1244 1223 1322 confitemur.
1269 1241 1467 1305 Confirmatur
1497 1244 1585 1305 etiam
1619 1242 1695 1305 haec
1721 1244 1871 1306 sententia
1904 1262 1962 1324 per
1991 1261 2065 1306 ora·

695 1343 807 1405 tionem
838 1360 926 1422 quam
954 1341 1062 1405 Graeci
1091 1343 1170 1404 iuter
1199 1342 1276 1405 haec
1304 1342 1398 1405 verba
1421 1345 1634 1423 pronunciant,
1665 1361 1732 1405 oum
1762 1342 1858 1405 Amea
1884 1341 1994 1406 dictum
2017 1350 2066 1405 ast

695 1428 850 1504 Πιοτεοω
872 1428 962 1523 κύριε
984 1437 1038 1503 καὶ
1069 1429 1268 1525 dpoloyoi,‘
1255 1430 1309 1505 ότι
1335 1430 1379 1504 οὐ
1407 1430 1485 1505 el
1467 1461 1485 1504 o
1513 1430 1660 1527 Χριστος
1680 1429 1796 1514 δοιὰς
1815 1440 1875 1506 τοῦ
1894 1438 1982 1504 θεοῦ
2002 1439 2066 1504 τοῦ

695 1529 871 1618 ζῶντος,ι
852 1560 871 1602 o
893 1529 1056 1602 ewmv‘
1025 1560 1073 1614 εις
1093 1534 1151 1603 τοι
1172 1528 1293 1618 κόσμον
1314 1529 1532 1628 &captatoris
1551 1539 1659 1603 σῶσαι
1681 1526 1726 1603 ὧν
1747 1537 1877 1626 πρῶτος
1897 1532 2007 1619 eipt‘
1988 1530 2065 1624 εγώ.

696 1640 1228 1722 CicdoDomiaeotqacconfiteor,
1251 1639 1933 1722 quomammmctrtetmpttmltetetot,
1960 1642 2101 1721 qma.

694 1741 834 1803 ιιιιιιιάιιοι
855 1742 965 1804 venati
982 1747 1162 1820 peccatores
1182 1741 1316 1815 salom,
1337 1758 1464 1821 quarm
1482 1742 1601 1820 prium
1621 1757 1677 1819 epo
1698 1758 1774 1801 aas.
1817 1739 1866 1801 Ex
1893 1759 1931 1802 ea
1952 1741 2064 1820 quippe

407 1827 501 1882 M
520 1829 615 1886 l3·
616 1833 681 1885 ··2⁶
695 1838 846 1902 Arcudius
876 1839 955 1901 elicit
978 1837 1200 1902 contessionem
1221 1840 1401 1916 breviarem,
1425 1857 1504 1920 qnae
1527 1857 1584 1919 per
1604 1838 1700 1901 Amen
1721 1838 1902 1920 explicatur,
1925 1840 1963 1902 ad
1985 1856 2063 1901 con-

373 1914 428 1966 ltere
406 1915 518 1986 ””·Ρ
537 1919 596 1972 ¹³⁸
694 1939 873 2002 secrationis
895 1939 993 2001 iactae
1015 1939 1171 2001 veriorem
1194 1947 1363 2020 pertmere3
1393 1947 1483 2019 atque
1512 1939 1639 2001 adeam
1671 1939 1841 2019 opinionem
1869 1939 1987 2002 accedit
2007 1939 2065 2002 Ja-

695 2037 789 2102 cobus
812 2037 950 2102 Goarius.
995 2038 1034 2101 Et
1055 2057 1129 2101 sane
1161 2038 1401 2120 quandoquidem
1431 2057 1471 2101 ex
1492 2039 1695 2100 aemsbssima
1723 2037 1881 2101 Ecclesiae
1909 2037 2065 2119 dlsepttm

694 2139 817 2216 scimus,
840 2138 961 2218 fideles,
990 2157 1058 2201 cum
1080 2138 1138 2202 illis
1170 2138 1356 2201 Eucharistia
1385 2137 1630 2217 distribueretur,
1662 2137 1900 2219 sacerdotesque
1927 2136 2066 2201 dicerent

694 2237 811 2319 Corpus
829 2235 958 2312 Christi,
981 2237 1053 2299 nihil
1075 2237 1154 2301 aliud
1176 2236 1372 2319 respondisse
1394 2256 1482 2319 quarn
1503 2237 1620 2312 Assem
1642 2245 1674 2300 et
1695 2239 1727 2299 iu
1744 2238 1794 2299 illa
1816 2245 1914 2300 tamen
1936 2238 2066 2318 simplici

692 2338 892 2420 responsione
915 2339 1101 2400 contineatur
1123 2336 1276 2400 conlassio
1299 2336 1338 2399 de
1359 2339 1486 2401 veritato
1507 2339 1645 2419 corporis
1668 2345 1699 2399 et
1721 2338 1876 2420 sanguinis
1899 2335 2010 2399 Christi
2033 2338 2065 2399 ia

692 2437 880 2500 Eucharistia
903 2436 1038 2515 exhibiti,
1059 2435 1166 2500 cadem
1189 2435 1355 2499 affirmandi
1382 2436 1527 2514 iorniula,
1550 2455 1640 2518 amm
1662 2435 1817 2519 Liturgiae
1840 2434 1987 2517 Copticae
2007 2454 2064 2498 re-

695 2542 905 2618 praesentant,
932 2536 1057 2598 similem
1084 2554 1207 2598 sensum
1240 2537 1322 2598 initio
1349 2536 1462 2599 habere
1489 2538 1598 2618 potuit:
1626 2555 1726 2618 neque
1755 2536 1835 2598 enim
1860 2536 1953 2598 ullum
1974 2535 2065 2598 alian

693 2636 755 2717 pati
777 2652 870 2715 posse
892 2635 1011 2698 videtur
1041 2637 1070 2697 in
1098 2635 1214 2698 Graeca
1240 2635 1333 2698 Marci
1360 2636 1511 2719 liturgia,
1540 2637 1592 2699 ubi
1618 2636 1712 2698 Amen
1739 2654 1801 2698 uon
1828 2635 1980 2698 multoties
2008 2654 2065 2698 re-

694 2735 811 2815 peritur
832 2742 901 2816 post
923 2734 1043 2818 singula
1065 2734 1177 2812 verba,
1206 2743 1239 2797 ut
1260 2736 1291 2797 iu
1314 2735 1448 2816 Copticis
1477 2735 1717 2816 exemplaribus,
1751 2734 1807 2797 sed
1834 2734 1927 2797 semel
1949 2743 2064 2798 tantm

692 2841 763 2916 post
785 2835 890 2912 uerba,
913 2852 992 2915 quae
1015 2833 1052 2897 ad
1074 2835 1161 2915 panis
1183 2837 1443 2898 consecrationem
1466 2836 1626 2917 pertinent
1649 2834 1738 2909 Quod
1758 2853 1835 2898 aero
1857 2834 2065 2916 multiplicatio

693 2933 914 2998 acclamationis
936 2933 1041 3008 Αοιεο,
1064 2933 1143 2997 hanc
1164 2936 1318 3016 pepererit
1340 2934 1563 3017 ambiguitatem
1583 2935 1771 2998 manifestum
1792 2941 1850 2997 est.
1893 2933 1938 2996 Ea
1959 2935 1987 2996 ω’
2005 2934 2066 2997 dc-

695 3034 744 3110 sit,
768 3034 848 3096 nulla
871 3032 1031 3096 difficultas
1055 3043 1197 3115 superest
1220 3036 1305 3116 quin,
1327 3042 1361 3096 ut
1383 3035 1462 3116 apud
1489 3036 1628 3116 antiquos
1652 3034 1846 3108 Πιήεῖὶιοοε,
1868 3035 1962 3095 itaet
1984 3033 2065 3114 apud

694 3131 829 3214 Coptitas
851 3133 890 3196 de
912 3134 1040 3196 veritate
1062 3135 1260 3212 narrationis,
1282 3153 1344 3197 nou
1366 3136 1472 3215 magis,
1495 3153 1583 3215 mam
1605 3134 1644 3196 de
1664 3136 1794 3197 veritate
1823 3135 1957 3214 mysterii
1986 3151 2066 3215 pas-

692 3233 750 3295 sini
773 3232 901 3317 intelligi
909 3254 918 3307 ;
948 3235 1128 3314 praesertim
1156 3251 1224 3296 cum
1252 3234 1387 3316 liturgia
1416 3232 1558 3314 Coptica,
1587 3252 1666 3316 quae
1694 3234 1804 3296 dudum
1835 3232 1913 3295 lacta
1945 3241 1996 3295 ast
2023 3251 2066 3295 ex

694 3331 857 3396 Codicibus
879 3334 929 3413 qui
951 3332 1096 3414 vulgares
1127 3332 1262 3396 Graecos
1281 3333 1456 3415 aanuitate
1477 3341 1640 3414 superant,
1667 3333 1754 3397 aliam
1775 3351 1879 3396 samm
1910 3332 2065 3394 acclama-

693 3433 806 3494 tiouum
828 3431 1053 3512 dispositionem
1075 3431 1195 3510 habeat,
1217 3435 1425 3516 integramque
1455 3433 1494 3495 de
1515 3435 1644 3495 veritate
1670 3434 1808 3514 eorporis
1841 3431 1953 3494 Christi
1985 3449 2065 3493 con-
2198 3457 2199 3466 ¹

692 3530 866 3594 sessionem.
890 3530 1001 3594 Saltem
1016 3549 1056 3592 ex
1071 3532 1194 3594 innoxia
1216 3531 1267 3594 illa
1290 3532 1450 3594 lectionum
1470 3532 1644 3595 damnate
1665 3534 1791 3614 agnosci
1812 3539 1914 3613 potest
1935 3530 2064 3593 alteru
2197 3535 2198 3556 ¹

693 3628 775 3691 ibam
797 3647 919 3693 sensum
940 3648 1002 3693 non
1025 3633 1066 3693 ita
1088 3628 1219 3704 excludi,
1242 3633 1316 3713 quin
1329 3634 1418 3694 etiam
1430 3631 1588 3694 commode
1602 3632 1788 3714 Coptitarum
1799 3630 2062 3694 acclamationibus

694 3728 816 3813 adjungi
838 3738 943 3812 queat:
972 3730 1002 3792 id
1024 3732 1051 3792 si
1073 3731 1134 3808 liat,
1157 3730 1229 3793 nihil
1251 3750 1364 3794 uorum
1385 3739 1436 3794 aut
1457 3731 1620 3794 inauditum
1641 3731 1856 3814 postulabitur,
1879 3731 1949 3793 dum
1970 3749 2061 3793 asss-

695 3830 787 3890 rimus
811 3847 865 3892 eos
889 3831 973 3911 ipsis,
996 3831 1103 3912 quibus
1126 3831 1246 3911 audqua
1269 3830 1425 3910 Ecclesia,
1447 3831 1548 3894 rerb's
1571 3831 1659 3895 Mem
1681 3831 1853 3914 explicasse
1875 3849 1969 3893 sum
1995 3829 2060 3892 Le·

693 3930 754 3991 ctio
777 3928 893 3992 Graeca
916 3929 1035 3993 Codicis
1057 3929 1092 3993 li
1115 3931 1288 4010 opinionem
1309 3930 1416 3993 mmet

406 4193 578 4252 crs-ta
1050 4192 1699 4294 nemausa-,mamaea

406 4435 680 4492 imbuamur
776 4401 2060 4494 HmclormabeuedicendicaliciseodemmodosehabetinCodioemmcrmta

371 4521 464 4576 utica
693 4515 812 4581 Graeca
824 4517 948 4583 Coutt
970 4506 1552 4602 Ὀμοίωςκοὶτοποτήριονμετᾶτο
1543 4505 1949 4603 asomum&
1969 4515 2058 4579 οἷιοι·

693 4605 1157 4704 mlidctoc,e231cpcosrooc.
1184 4607 1325 4690 ‘Clade
1352 4605 1458 4701 Ἀμην.
1486 4606 1891 4704 scammoniam
1911 4605 2059 4698 ογιᾰσιο

690 4703 871 4798 baben
892 4717 924 4780 Γ
921 4735 1106 4796 stowam
1128 4708 1240 4792 πάλιν,
1258 4708 1360 4781 ἔδωκε
1377 4718 1447 4790 τοῖς
1468 4706 1693 4802 ἇγίοιςαπου
1676 4716 1889 4800 pollucis.
1914 4717 2060 4779 Sin&

693 4816 1930 4900 etmlicenpodqaoecoeaacslnisccasctaiaoctagaamtiasopmlop.
1946 4817 2058 4878 Auen.-

693 4914 1034 4981 oaeccmrm.
1067 4917 2057 4999 &comunes-mmmcccch

693 5006 2057 5102 camecssnveronoemtereduttemsmpumaqurecedqtme,
