4525 6034
690 588 767 663 454
950 591 1078 669 NOTAE
1104 593 1145 668 ΙΝ
1170 591 1379 669 LITURGldhl
1404 592 1570 672 utbutstt
1596 594 1802 672 BARSALIBI.

688 773 873 857 Expugnata
903 784 1002 839 autem
1030 776 1081 839 illa
1110 785 1158 839 est
1186 794 1265 840 anno
1302 775 1415 839 Christi
1444 774 1580 840 tixctx.
1610 778 1742 862 llegirae
1771 777 1961 843 CCCCXCll.
1992 800 2054 845 ean

689 891 767 937 anno
789 873 1021 940 mctxxxvtt.
1043 877 1164 956 recepit
1186 875 1420 938 Salaheddinus:
1465 861 1643 958 Dionysium
1667 880 1745 940 intra
1767 878 1824 940 hos
1846 880 2008 959 nonaginta
2030 889 2056 943 et

689 972 804 1054 aliquot
834 991 928 1037 annos
959 975 1075 1038 vixisse
1104 975 1268 1037 verisimile
1299 982 1363 1050 est,
1395 976 1494 1056 potius
1524 994 1613 1057 quarn
1642 976 1728 1039 brevi
1755 976 1808 1038 illo
1838 978 1994 1040 intervallo
2023 980 2056 1041 ab

689 1090 768 1134 anno
797 1072 908 1135 Christi
935 1069 1152 1137 llCCXXVlll.
1198 1073 1330 1155 Hegirae
1360 1072 1520 1136 Dcxxvt.
1551 1093 1649 1156 usque
1679 1075 1716 1137 ad
1746 1093 1855 1137 annum
1876 1074 2055 1141 uccxttv.

688 1171 821 1254 Hegirae
843 1170 985 1236 Dcxttt.
1009 1190 1069 1252 quo
1091 1174 1230 1235 restituta
1251 1190 1309 1254 per
1332 1173 1485 1251 inducias,
1509 1172 1689 1255 aliquamdiu
1710 1175 1741 1237 in
1762 1175 1946 1237 Francorum
1967 1184 2058 1258 pote·

689 1278 767 1332 state
791 1268 855 1332 luit.

977 1445 1012 1515 2.
1053 1445 1185 1517 Panem
1212 1468 1308 1540 quem
1334 1450 1470 1539 occepit
1496 1446 1684 1535 benedixit,
1713 1455 1776 1563 etc.

802 1582 880 1659 lona
910 1596 969 1659 hoc
996 1596 1065 1659 loco
1087 1597 1192 1659 vitium
1215 1604 1265 1659 cst
1287 1614 1324 1659 ac
1347 1598 1378 1659 in
1400 1616 1460 1660 una
1482 1616 1523 1660 ex
1544 1597 1688 1680 Litargiis
1711 1597 1801 1659 Petro
1824 1597 2000 1680 adscriptis,
2029 1608 2056 1662 et

687 1699 718 1759 in
740 1714 800 1759 una
823 1706 874 1760 aut
897 1697 992 1761 altera
1022 1698 1096 1762 alia:
1127 1699 1241 1762 idcirco
1265 1717 1343 1780 quae
1366 1699 1403 1763 ad
1425 1701 1505 1763 illam
1528 1702 1660 1782 priorem
1683 1700 1845 1763 observata
1867 1709 1954 1782 sunt,
1985 1703 2052 1764 huic

687 1815 808 1878 quoque
831 1798 985 1880 liturgiae
1009 1801 1209 1876 conveniunt,
1239 1806 1270 1860 et
1298 1801 1410 1881 potiori
1438 1800 1567 1881 quodam
1592 1802 1672 1882 jure.
1716 1798 1915 1862 Barsalibium
1937 1803 2057 1884 quippe,

687 1915 755 1959 cum
770 1900 800 1958 in
816 1895 1038 1961 Commentario
1054 1917 1111 1962 suo
1135 1897 1284 1976 docuerit,
1307 1898 1497 1961 sacerdotem
1519 1897 1614 1960 verba
1638 1898 1747 1961 Christi
1770 1907 1910 1980 tanquam
1933 1902 2056 1980 exejus

685 2015 818 2078 persona
846 1999 1067 2078 pronunciare,
1097 1999 1202 2061 eadem
1233 2017 1273 2060 ox
1295 1998 1432 2080 liturgia
1460 2016 1513 2060 sua
1542 1997 1701 2059 sustulisse
1730 2016 1791 2060 non
1819 2006 1866 2060 est
1888 1998 2057 2075 verisimile,

687 2097 865 2177 praesertim
888 2105 994 2159 contra
1017 2105 1061 2160 ιοι
1074 2097 1199 2161 aliarum
1214 2097 1349 2175 formam,
1372 2115 1450 2179 quac
1473 2099 1577 2180 ignota
1600 2096 1643 2157 illi
1666 2115 1735 2159 csse
1757 2115 1819 2158 non
1841 2105 1972 2178 poterat,
1994 2117 2057 2158 nam

686 2193 725 2255 de
747 2194 812 2256 aliis
835 2195 980 2279 Liturgiis
1003 2196 1135 2278 loquitur
1157 2198 1186 2258 in
1210 2196 1312 2277 operis
1335 2197 1384 2258 sui
1406 2196 1475 2258 line.
1520 2195 1564 2258 lta
1586 2195 1681 2257 verba
1703 2195 1812 2258 Christi
1834 2197 1947 2258 omissa
1968 2195 2058 2258 luisse

686 2291 828 2355 videntur
853 2294 1044 2358 librariorum
1072 2296 1173 2375 potius
1202 2293 1307 2375 culpa,
1346 2312 1435 2375 quam
1464 2295 1578 2355 autoris
1601 2301 1685 2355 certo
1709 2293 1852 2371 consilio,
1884 2294 1936 2373 qui
1958 2294 2057 2355 eadem

685 2391 713 2453 si
743 2410 847 2473 parum
877 2395 1052 2457 neccssaria
1081 2394 1298 2470 existimasset,
1329 2393 1561 2456 contradixisset
1590 2394 1657 2474 ipse
1685 2393 1757 2470 sibi,
1786 2393 1869 2473 quod
1891 2392 1929 2455 de
1952 2392 2057 2476 insigni

687 2491 845 2573 'theologo
870 2511 958 2555 nemo
980 2492 1069 2556 iacile
1092 2494 1305 2575 suspicabitur.
1350 2491 1489 2555 Brevitas
1511 2492 1599 2573 hujus
1618 2490 1773 2573 liturgiae
1795 2488 1878 2565 iacit,
1899 2498 1933 2551 ut
1955 2510 2020 2554 cam
2041 2511 2055 2552 a

686 2590 853 2654 Barsalibio
876 2594 1072 2674 compositam
1090 2593 1277 2674 judicemus,
1305 2609 1343 2654 eo
1367 2592 1443 2669 line,
1473 2599 1508 2653 ιιι
1529 2610 1596 2654 cum
1618 2589 1787 2673 Baptismus
1808 2589 1989 2651 moribundo
2011 2591 2056 2650 in·

686 2688 759 2752 ianti
781 2690 1032 2754 administrandus
1056 2700 1149 2771 esset,
1173 2690 1319 2754 haberent
1340 2690 1517 2754 sacerdotes
1540 2690 1666 2752 sormam
1686 2708 1773 2770 quam
1785 2697 1998 2770 sequerentur,
2020 2709 2055 2751 ae

686 2789 755 2851 dum
778 2798 810 2852 ut
832 2792 907 2872 ipsis
930 2793 1115 2873 praecipitur
1137 2809 1194 2873 per
1216 2792 1315 2855 varias
1339 2791 1588 2869 Constitutiones,
1611 2789 1744 2852 Officium
1757 2790 1787 2851 in
1804 2789 1964 2850 breviores
1987 2808 2056 2851 ora-

685 2889 784 2953 tiones
813 2891 1011 2966 contrahunt,
1038 2892 1230 2954 necessarias
1257 2890 1399 2973 quasdam
1430 2891 1611 2952 omitterent.
1655 2888 1697 2950 lta
1726 2887 1837 2949 iactum
1857 2886 1913 2949 luit
1936 2906 1954 2949 a
1976 2887 2056 2951 Cre-

686 2990 776 3071 goric
806 2988 858 3052 illo
883 2990 1040 3054 Catholico
1072 2991 1123 3071 qui
1145 2990 1251 3053 iacobi
1273 2991 1438 3071 liturgiam
1460 2988 1633 3066 breviorem
1655 2986 1747 3061 dedit,
1770 3005 1848 3067 quae
1872 2987 1954 3049 edita
1976 2996 2056 3049 esta

686 3087 773 3151 nobis
797 3091 946 3170 superius.
992 3090 1023 3152 ld
1047 3098 1147 3152 autem
1170 3108 1187 3151 a
1209 3088 1376 3152 Barsalibio
1399 3089 1548 3170 praestari
1570 3089 1678 3168 potuit,
1702 3104 1760 3148 non
1785 3086 1874 3149 modo
1898 3087 1980 3167 quod
1993 3086 2056 3148 lle-

685 3187 825 3268 tropolita
848 3207 915 3251 cum
939 3196 1037 3266 esset,
1067 3188 1127 3251 tale
1151 3190 1202 3270 jus
1231 3188 1376 3251 habebat:
1403 3206 1509 3250 verum
1532 3187 1614 3269 quod
1636 3187 1799 3267 praecipua
1822 3186 1861 3248 ob
1884 3204 2056 3248 rerumsa-

686 3305 806 3349 ciarum
817 3290 965 3370 peritiam,
989 3289 1150 3370 essetejus
1167 3287 1246 3350 inter
1268 3305 1340 3350 suos
1364 3287 1519 3362 autoritas,
1543 3304 1603 3349 non
1626 3287 1722 3347 minus
1745 3284 1774 3346 id
1786 3284 1909 3365 publico
1933 3285 2055 3348 consilio

685 3385 787 3449 iacere
801 3395 932 3467 poterat,
955 3385 1205 3469 quamCancnes,
1228 3394 1259 3449 et
1281 3387 1482 3467 poenitentiae
1506 3385 1704 3466 imponendae
1728 3384 1973 3464 relaxandaeqac
1996 3385 2057 3447 lor-

685 3505 762 3547 mam
793 3486 1022 3567 praescribere,
1052 3494 1086 3548 ut
1113 3485 1225 3548 iecisse
1254 3503 1322 3548 eum
1350 3486 1492 3566 superius
1522 3485 1759 3547 observavimus.
1806 3483 1882 3546 Cum
1912 3485 2058 3564 igituriu

686 3586 820 3649 breviori
843 3586 931 3649 simili
953 3585 1107 3667 Liturgiae
1129 3585 1241 3662 torma,
1265 3602 1322 3665 per
1344 3584 1553 3666 compendium
1575 3601 1663 3645 sacra
1684 3583 1780 3645 verba
1803 3583 1963 3664 designata
1986 3583 2057 3644 hiu-

687 3693 765 3763 sent,
790 3686 921 3766 petenda
945 3685 1080 3762 aliunde,
1109 3692 1140 3747 et
1164 3684 1377 3749 Sacerdotibus
1400 3685 1570 3762 notissima,
1595 3682 1689 3744 omitti
1710 3689 1873 3762 potuerunt
1898 3702 1915 3744 a
1937 3682 2054 3744 librario

687 3785 837 3864 imperito,
861 3786 946 3866 cujus
970 3792 1127 3864 peccatum
1148 3783 1275 3863 reliquis
1297 3783 1395 3845 fraudi
1417 3782 1481 3846 fuit.
1508 3782 1583 3844 Nam
1606 3781 1687 3861 quod
1710 3781 1891 3843 existimavit
1913 3782 2053 3843 Ricardus

631 3943 636 3952 ,
688 3883 807 3960 Simon,
830 3901 950 3946 causam
973 3884 1053 3945 illius
1075 3883 1247 3946 omissionis
1269 3885 1300 3944 in
1322 3884 1393 3958 ista,
1423 3890 1454 3943 et
1475 3875 1580 3963 paucis
1603 3881 1668 3942 aliis
1690 3880 1850 3963 liturgiiS,
1881 3901 1952 3943 esse
1979 3880 2053 3961 quod

686 3982 857 4046 Orientales
881 3990 971 4045 totam
994 3983 1234 4045 consecrationis
1257 3983 1316 4043 vim
1338 3980 1522 4045 lnvocationi
1551 3981 1678 4061 Spiritus
1701 3980 1797 4042 sancti
1820 3980 1970 4058 tribuant,
1997 3998 2053 4042 non

689 4080 799 4145 Christi
812 4081 925 4161 verbis,
948 4081 1018 4145 alibi
1041 4082 1132 4162 plene
1155 4080 1385 4160 confutavimus,
1408 4098 1467 4144 nec
1489 4079 1580 4144 ullum
1602 4079 1693 4143 babet
1714 4080 1743 4141 in
1768 4079 2054 4162 Theologiatlvien-

686 4181 738 4243 tali
761 4181 953 4263 praesidium.

773 4280 860 4343 Edita
883 4289 931 4343 est
953 4280 1028 4342 haec
1051 4279 1185 4362 liturgia
1209 4280 1239 4341 in
1262 4277 1374 4342 llissali
1398 4278 1576 4358 Chaldaico,
1606 4278 1691 4342 titulo
1714 4280 1816 4340 amacii
1835 4277 1960 4339 Domiti
1977 4277 2054 4338 Dio-

684 4383 778 4463 nysii,
809 4382 944 4462 quamvis
967 4377 1089 4442 Gabriel
1120 4380 1235 4444 Sionita
1258 4388 1392 4442 autorem
1419 4378 1615 4441 Barsalibium
1642 4379 1833 4459 agnovisset,
1863 4377 1894 4437 in
1921 4376 2050 4457 Epistola

685 4478 723 4540 ad
752 4477 924 4541 Bartoldum
953 4478 1125 4554 Nihusium,
1157 4477 1237 4558 quod
1266 4479 1457 4540 confirmant·
1473 4476 1601 4541 Codices
1629 4476 1714 4541 MSS.
1741 4476 1852 4558 Magna
1880 4477 1974 4560 igitur
1997 4493 2051 4536 nec
2100 4557 2103 4564 ς

684 4579 859 4641 excusanda
889 4587 937 4641 est
966 4578 1180 4640 Maronitarum
1209 4578 1259 4658 qui
1282 4576 1405 4640 editioni
1428 4576 1624 4657 praefuerunt
1646 4575 1833 4658 negligentia
1856 4583 1908 4636 aut
1930 4565 2049 4648 inscide,

687 4677 916 4761 quiLiturgiam
938 4676 1065 4739 hominis
1079 4677 1246 4755 lacebitae,
1269 4678 1348 4739 inter
1370 4677 1443 4739 alias
1466 4676 1651 4759 selegerunt,
1674 4683 1707 4737 ut
1727 4673 1884 4736 inidissali
1907 4692 1967 4756 quo
1986 4671 2049 4735 solo

684 4776 870 4840 Orthodoxis
900 4777 944 4839 uti
974 4776 1093 4856 liceret,
1124 4776 1222 4839 locum
1253 4783 1381 4840 teneret.
1433 4774 1485 4837 llta
1515 4782 1614 4838 tamen
1643 4776 1680 4837 ab
1709 4775 1873 4857 ipsis·tam
1903 4776 1933 4836 in
1960 4772 2047 4835 torota

684 4876 847 4940 verborum
869 4875 992 4955 Christi,
1016 4894 1105 4957 quarn
1127 4875 1322 4939 lnvocatione
1344 4875 1472 4956 Spiritus
1494 4876 1590 4937 sancti
1613 4882 1660 4937 est
1681 4873 1873 4954 interpolata.

1094 5046 1649 5098 ψ
