4525 6034
654 582 710 657 ae
1170 578 1581 689 niruaarn,

652 780 694 841 tu
722 790 774 858 es,
800 769 923 862 dignos
950 766 1046 841 effice
1073 776 1108 839 ot
1134 770 1279 840 omnium
1305 765 1435 838 illomm
1463 770 1517 861 qui
1545 767 1718 840 asaeoulo
1744 766 1804 841 titt
1828 744 2036 865 placuerunt,

657 889 855 957 memoriam
881 904 1038 977 agamus:
1065 884 1202 955 Petrum
1228 893 1419 955 sauctomm
1446 882 1770 971 ctPatriaroharum,
1796 870 2035 978 Psophetarnm

660 1009 695 1072 et
720 1001 973 1096 Apostolorum,
999 998 1140 1072 loannis
1167 1000 1398 1094 praecursoris
1426 1006 1461 1068 et
1485 999 1670 1094 Baptistae,
1696 998 1732 1070 S.
1759 997 1922 1095 Stephani
1941 1002 2037 1095 primi

606 1202 610 1207 4
656 1117 899 1206 Diaconorum,
927 1126 960 1186 et
986 1117 1082 1211 primi
1107 1114 1306 1210 Martyrum,
1333 1122 1368 1184 et
1393 1124 1532 1186 sanctae
1558 1117 1731 1207 genitricis
1757 1117 1822 1188 Dei
1835 1137 2036 1212 semperque
2091 1180 2110 1249 s
2205 1182 2223 1197 ,

654 1221 807 1324 Virginis
833 1231 957 1304 heatae
984 1229 1112 1302 Mariae
1140 1240 1175 1300 et
1201 1232 1344 1300 omnium
1369 1239 1572 1302 sanctorum
1598 1230 1751 1303 mama
1775 1254 1903 1337 vocem.
1957 1230 2034 1304 Ro-
2070 1250 2157 1321 iso.

657 1370 777 1441 gamus
817 1357 868 1437 te,
911 1349 1071 1433 Domine,
1110 1345 1233 1417 multae
1276 1345 1548 1435 misericordiae,
1592 1350 1648 1441 qui
1682 1346 1900 1443 impossibilia
1934 1346 2037 1419 veluti

659 1462 834 1558 possibilia
860 1483 969 1551 creas,
997 1465 1162 1533 constitue
1189 1482 1252 1534 nos
1287 1462 1321 1532 in
1346 1458 1410 1532 hac
1441 1460 1541 1533 beata
1574 1466 1857 1554 congregatione:
1892 1485 2035 1536 accense

659 1600 724 1650 nos
751 1576 826 1650 huie
853 1577 1042 1668 Ecclesiae,
1069 1587 1267 1650 statuarios
1293 1599 1355 1672 per
1383 1580 1526 1669 gratiam
1552 1588 1641 1650 tuam
1675 1580 1762 1659 inter
1793 1576 1922 1652 electos
1949 1578 2034 1667 illos,

657 1698 715 1790 qui
741 1697 855 1789 scripti
889 1704 964 1766 sunt
997 1697 1031 1764 in
1064 1692 1179 1766 coelis.
1231 1692 1360 1765 Idcirco
1388 1696 1476 1765 enirn
1506 1696 1701 1767 memoriam
1731 1695 1860 1769 illorum
1893 1697 2033 1786 agimus,

655 1819 693 1881 ut
718 1810 794 1882 dum
820 1813 884 1905 ipsi
911 1808 1045 1882 stabunt
1070 1831 1184 1881 coram
1222 1808 1340 1882 throno
1367 1816 1438 1899 tuo,
1463 1820 1602 1883 rosnae
1632 1833 1766 1906 quoque
1799 1814 1967 1884 tenuitatis
2002 1820 2034 1883 et

653 1925 850 1999 infirmitatis
877 1927 1096 2015 meminerint,
1122 1925 1247 2021 tibique
1263 1922 1446 1998 nobiscum
1475 1926 1616 1998 oderant
1641 1926 1840 1999 sacrificium
1866 1926 1933 1999 hoc
1959 1936 2032 1998 tre·

651 2042 810 2113 mendum
838 2051 873 2113 at
898 2044 1114 2133 incruentum,
1142 2041 1184 2113 ad
1210 2041 1394 2113 custodiam
1428 2041 1561 2136 quidem
1592 2062 1710 2113 eorum
1741 2044 1797 2135 qui
1832 2046 1966 2131 nsunt,
1991 2042 2032 2114 ad

650 2155 922 2230 «consolationem
939 2155 1144 2228 intirmorum
1161 2166 1195 2228 ct
1211 2156 1432 2249 indignorum,
1449 2156 1564 2251 quales
1577 2180 1640 2233 nos
1657 2179 1788 2232 sumus:
1815 2159 1858 2232 ad
1878 2162 2031 2254 quietem,

652 2276 916 2368 memoriamque
940 2271 1064 2345 bonam
1099 2294 1234 2361 eorum,
1270 2275 1325 2367 qui
1352 2275 1386 2342 in
1411 2271 1477 2344 lide
1510 2295 1595 2346 vera
1630 2273 1750 2345 dudum
1782 2273 1937 2348 obierunt
1967 2296 2032 2369 pa-

655 2398 752 2476 trum,
777 2386 927 2477 fratrum,
954 2396 989 2459 et
1014 2391 1251 2479 magistromm
1277 2397 1482 2479 nostrorum,
1507 2393 1739 2483 pergratiam
1765 2402 1801 2463 et
1831 2385 2045 2465 misericor·¹

655 2503 756 2592 diam,
784 2512 847 2574 etc.
895 2534 898 2543 ·
1005 2502 1166 2596 Populus.
1193 2505 1314 2575 Amen.

759 2618 948 2690 Dtaconne.
991 2617 1270 2690 Commemorntio
1310 2619 1508 2691 Doctorum.
1569 2620 1691 2693 lterum
1730 2629 2030 2696 commemorantes

654 2755 771 2807 coram
797 2745 848 2823 te,
874 2733 1038 2823 Domine,
1065 2734 1234 2807 Doctores
1261 2734 1410 2823 divinos,
1439 2739 1493 2830 qui
1519 2735 1596 2808 fidei
1628 2735 1929 2832 irreprehensibilis
1962 2759 2030 2808 ex-

653 2849 863 2947 planatores,
890 2853 945 2945 qui
970 2848 1119 2922 moribus
1146 2851 1329 2946 praeclaris
1348 2855 1474 2940 ornati,
1503 2849 1657 2924 obienmt
1677 2863 1710 2925 et
1726 2857 1935 2948 quieverunt,
1962 2875 2029 2924 no-

601 3046 603 3049 ,
654 2962 774 3059 bisque
800 2964 896 3037 tidem
926 2964 1158 3039 Orthodoxam
1176 2964 1423 3040 'ordinavenmt
1449 2978 1483 3039 et
1508 2967 1728 3042 tradidenmt:
1757 2969 1938 3042 Dominum
1964 2969 2030 3042 de-

647 3103 845 3177 precemur,
872 3091 935 3153 etc.

759 3197 935 3269 Sacerdos
965 3196 1158 3269 inclinatos.
1191 3196 1381 3286 Memento,
1414 3197 1575 3288 Domine,
1611 3209 1801 3273 sanctorum
1832 3200 2029 3297 Episcopo-

649 3335 725 3384 rum
754 3316 809 3406 qui
834 3306 962 3407 pridem
990 3311 1257 3401 obdormierunt,
1287 3316 1342 3408 qui
1368 3314 1508 3387 verbum
1535 3318 1686 3388 veritatis
1721 3314 1819 3387 nohis
1847 3318 2030 3412 dispensa-

648 3437 791 3499 uenmt:
828 3432 884 3522 qui
914 3451 935 3499 a
967 3426 1100 3501 Jacobo
1134 3432 1284 3523 principe
1318 3428 1565 3525 Episcoporum
1598 3429 1765 3526 Apostolo
1801 3440 1835 3501 et
1868 3432 2032 3528 lilartpre,

357 3626 365 3647 ,
466 3620 496 3637 μ
645 3564 760 3636 usque
787 3542 830 3615 ad
855 3541 940 3614 hanc
967 3542 1071 3633 diem,
1098 3542 1239 3616 verbum
1265 3543 1341 3616 fidei
1370 3543 1587 3619 Orthodoxae
1613 3545 1814 3619 inEcclesia
1836 3555 1892 3617 trra
1917 3556 2032 3619 sancta

316 3658 421 3731 2⁶12«.
457 3668 571 3769 ‘vste
644 3656 942 3751 praedicaverunt.
994 3659 1148 3759 Dteooos
1165 3681 1307 3761 'coccam
1359 3659 1534 3733 Luminum
1567 3673 1601 3735 et
1633 3663 1819 3736 Doctorum
1853 3660 2032 3733 Ecclesiae

650 3781 730 3844 tuae
763 3784 919 3862 sauctae,
954 3778 1008 3868 qui
1040 3775 1249 3869 praeclarum
1281 3775 1358 3847 fidei
1392 3786 1562 3849 certamen
1596 3777 1786 3868 ediderunt,
1819 3780 1875 3871 qui
1907 3799 2032 3851 nomen

653 3897 743 3960 tunm
769 3898 920 3960 sanctum
945 3888 1089 3962 tulerunt
1115 3912 1230 3962 coram
1256 3891 1406 3987 populis,
1434 3891 1572 3984 regibus
1589 3905 1623 3966 et
1648 3893 1723 3966 tiliis
1738 3894 1862 3992 lsrael,
1888 3915 2029 3965 eornm-

653 4025 718 4098 que
745 4003 900 4099 precibus
928 4016 961 4076 et
987 4005 1303 4101 supplicationibus,
1330 4030 1450 4103 pacem
1476 4017 1564 4081 tuam
1589 4009 1767 4083 Ecclesiae
1792 4020 1870 4082 tuae
1904 4008 2030 4081 tribum:

653 4117 822 4192 doctrinas
849 4142 965 4193 eorum
992 4130 1027 4193 et
1051 4120 1298 4196 confessionem
1325 4144 1441 4195 eorum
1474 4128 1509 4196 in
1542 4129 1659 4200 animis
1691 4129 1815 4200 nostris
1850 4125 2028 4198 confirma:

651 4231 812 4307 haereses
838 4234 937 4308 nobis
963 4241 1085 4309 noxias
1112 4241 1179 4309 oito
1207 4241 1409 4333 comprime,
1437 4250 1472 4310 et
1497 4245 1748 4315 consistentiam
1774 4240 1902 4336 absque
1937 4262 2028 4313 con-

648 4346 801 4440 fusione,
829 4374 944 4423 coram
970 4351 1123 4425 tribunali
1150 4363 1207 4425 tuo
1234 4352 1332 4426 nobis
1350 4355 1518 4428 concede:
1546 4361 1622 4452 qaia
1640 4368 1774 4432 sanctus
1792 4378 1844 4446 es,
1869 4356 2028 4447 Domine,

652 4474 686 4535 et
711 4468 745 4535 in
771 4468 897 4539 sanctis
924 4470 1124 4561 requiescis:
1153 4472 1208 4562 qui
1235 4480 1425 4543 sanctorum
1452 4494 1490 4544 es
1525 4485 1772 4547 consummator
1805 4483 1905 4568 atque
1940 4496 2027 4567 per-

645 4576 775 4652 fector:
803 4591 837 4652 et
863 4579 922 4653 tihi
949 4581 1111 4674 gloriam,
1139 4595 1202 4656 eto.

754 4695 915 4789 Populos.
941 4698 1062 4770 Amen.

753 4812 941 4883 Diaconos.
985 4813 1265 4886 Commemoratio
1296 4816 1447 4911 fidetium
1484 4818 1728 4911 defunctorum,
1766 4819 1887 4892 lterum
1925 4825 2032 4894 etiam

644 4947 947 5006 commemoramus
974 4950 1091 5002 omnes
1125 4930 1298 5021 defunctos
1333 4933 1467 5024 fideles,
1502 4937 1557 5029 qui
1588 4938 1623 5005 in
1655 4933 1721 5007 lide
1759 4957 1845 5008 uara
1880 4934 2034 5010 defuncti

646 5051 739 5129 sunt,
769 5066 814 5114 ex
841 5045 938 5116 altari
963 5044 1027 5117 hoc
1054 5055 1189 5140 sancto,
1218 5060 1252 5122 et
1277 5072 1323 5122 ex
1349 5048 1414 5122 hoc
1440 5071 1551 5145 pago,
1587 5060 1622 5123 et
1648 5073 1694 5124 ex
1730 5073 1939 5148 quaomnque
1965 5076 2036 5126 re-
