4525 6034
583 563 614 640 S.
640 565 662 640 J
671 563 837 643 olitis
862 567 1221 646 ntludttlsrln.
1509 571 1581 644 lot

325 748 484 842 Populea.
509 750 630 824 Amen.

324 866 499 939 Sacerdos
525 869 716 944 inclinatio.
768 873 888 945 lterum
915 896 1210 949 commemoramus
1226 897 1338 948 coram
1355 884 1400 964 te,
1425 877 1581 967 Domine,

226 1005 340 1058 omnes
366 993 501 1057 sanctos
527 995 562 1057 et
586 997 716 1083 patres,
742 1011 815 1061 cum
841 989 1034 1085 Prophetis,
1065 991 1258 1087 Apostolis,
1289 991 1514 1088 Martyribus,
1547 1003 1581 1066 et

224 1097 499 1184 confessoribus:
526 1111 625 1199 atque
650 1109 715 1180 Dei
741 1107 909 1179 (lenitiice
936 1118 970 1178 et
995 1108 1147 1181 omnibus
1173 1111 1305 1181 sanctis.

322 1228 472 1301 mevam
496 1249 621 1298 ccccm.
647 1223 691 1296 Et
718 1224 848 1297 illorum
873 1234 1062 1296 sanctorum
1088 1228 1269 1297 amicorum
1294 1235 1422 1297 tuorum
1449 1247 1578 1299 memo-

221 1346 303 1417 riam
330 1355 491 1439 agentes,
517 1342 734 1416 obsecramus
761 1350 795 1412 et
820 1339 1036 1436 deprecamur
1062 1350 1116 1428 te,
1149 1340 1309 1428 Domine,
1341 1352 1377 1414 ut
1407 1363 1469 1436 per
1498 1342 1581 1415 illo-

219 1483 289 1532 rum
326 1466 496 1535 orationes
531 1481 631 1555 puras
664 1469 699 1529 et
731 1467 882 1544 sanctas,
915 1456 1003 1548 digni
1043 1457 1220 1528 efficiamur
1253 1456 1363 1530 locum
1400 1461 1485 1529 inter
1519 1480 1580 1530 eos

219 1573 371 1666 habendi,
398 1587 432 1651 et
458 1588 581 1650 sortem
601 1597 687 1670 quae
713 1574 777 1645 illis
804 1573 937 1665 obtigit:
963 1577 1190 1667 pergratiam
1218 1584 1316 1662 tuam,
1343 1583 1377 1645 et
1397 1596 1459 1670 per
1474 1577 1607 1647 mise-¹

218 1693 415 1784 momeliam,
453 1713 666 1787 amoremque
691 1712 773 1783 erga
799 1688 949 1762 homines
976 1692 1135 1781 unigeniti
1160 1690 1235 1762 Filii
1254 1694 1315 1779 tui,
1342 1712 1403 1785 per
1429 1713 1526 1786 quem
1548 1703 1583 1763 et

220 1831 293 1879 cum
322 1833 390 1904 quo
417 1820 451 1882 te
477 1810 575 1882 decet
599 1806 725 1900 gloria,
751 1815 813 1879 etc.
1018 1805 1180 1898 Populus.
1206 1807 1324 1878 Amen.

321 1925 499 1998 Sacerdos
524 1924 715 1997 inclinatos.
742 1921 910 1994 Memento
938 1926 1056 2010 etiam,
1083 1923 1243 2011 Domine,
1270 1921 1474 2011 Praesudum,
1501 1925 1580 1996 Do-

217 2050 364 2128 ctomm,
390 2053 425 2114 et
449 2044 625 2116 Pastorum
650 2038 825 2112 Ecclesiae
851 2047 927 2112 tuae
953 2047 1089 2112 sanctae
1116 2039 1341 2112 orthodoxae.

320 2157 624 2230 Discern-vocem.
651 2155 776 2229 Eorum
803 2158 858 2250 qui
883 2178 945 2251 per
971 2155 1152 2227 doctrinam
1178 2178 1294 2227 veram
1315 2166 1349 2227 et
1363 2157 1581 2249 Dominicam,

216 2276 459 2347 constituerumt
482 2271 655 2347 Ecclesias
681 2283 754 2344 tuas
782 2282 936 2359 sanctas,
963 2282 997 2343 et
1023 2269 1064 2343 ab
1092 2271 1155 2344 illis
1182 2271 1439 2345 deturbaverunt
1465 2297 1581 2347 omnes

214 2388 378 2464 haereses
404 2392 631 2486 pemiciosas‚
659 2399 692 2460 et
716 2411 778 2484 per
804 2388 959 2480 dogmata
986 2410 1065 2477 sua,
1091 2392 1267 2461 veritatem
1293 2389 1370 2462 fidei
1386 2412 1491 2463 verae
1511 2414 1579 2487 pu-

214 2503 435 2579 blicaverunt
491 2505 714 2578 Obsecramus
741 2514 792 2593 te,
819 2504 980 2592 Domine,
1007 2516 1043 2576 ut
1068 2528 1129 2600 per
1155 2508 1412 2578 intercessiones
1447 2517 1580 2581 sanctas

215 2620 370 2712 illomm,
397 2622 628 2694 confirmemur
653 2623 687 2691 in
713 2620 862 2693 doctriua
888 2622 1078 2694 vivificante
1104 2621 1249 2695 illorum:
1289 2633 1324 2694 ut
1356 2645 1419 2696 nos
1453 2633 1486 2695 et
1518 2628 1580 2720 ipsi

216 2736 403 2809 referamus
430 2737 507 2826 tihi,
534 2748 606 2840 etc.⁸

322 2853 483 2946 Populus.
509 2855 628 2927 Amen.

320 2968 496 3041 Sacerdos
521 2970 710 3041 inclinatus.
738 2968 927 3056 llemento,
953 2969 1107 3058 Domine,
1133 2993 1195 3065 per
1210 2974 1350 3063 gratiam
1376 2982 1484 3060 tuam,
1511 2995 1579 3045 eo-

215 3107 287 3156 rum
315 3088 370 3180 qui
402 3084 545 3159 anobis
579 3089 724 3182 separati
750 3095 842 3173 sunt,
869 3094 903 3156 et
930 3084 971 3157 ad
997 3096 1030 3156 te
1063 3088 1304 3178 migraverunt:
1339 3091 1394 3183 qui
1428 3110 1580 3183 accepe-

215 3211 290 3273 runt
317 3224 439 3298 corpus
467 3212 501 3273 et
527 3205 721 3294 sanguinem
747 3212 835 3274 tuum
868 3205 1066 3298 pretiosum,
1104 3214 1138 3274 et
1170 3200 1336 3295 obsignati
1369 3202 1500 3276 luenmt
1525 3208 1580 3275 si-

215 3318 361 3411 gnaculo
397 3328 470 3404 tuo,
510 3342 529 3390 a
570 3329 719 3414 tempore
758 3320 885 3413 primae
917 3321 1125 3390 institutionis
1160 3316 1380 3410 Christianae,
1418 3319 1459 3391 ad
1494 3319 1580 3393 hunc

218 3456 325 3530 usque
352 3434 448 3508 diem.

319 3551 468 3621 Elceooa
493 3572 617 3621 eccon.
645 3550 696 3621 'lu
723 3572 761 3621 es
788 3552 873 3621 enim
900 3557 1032 3621 creator
1057 3552 1237 3621 animarum
1265 3562 1517 3649 etcorporum,
1546 3564 1580 3625 et

216 3676 250 3738 te
277 3675 478 3762 exspectant
505 3669 559 3761 qui
587 3664 826 3754 decubuerunt,
853 3675 887 3737 et
913 3687 1006 3759 spem
1033 3675 1119 3738 tuam
1140 3665 1362 3740 vivificantem
1389 3674 1578 3766 respiciunt.

215 3783 348 3854 Suscita
374 3782 468 3873 illos,
494 3781 655 3870 Domine,
683 3785 714 3852 in
741 3781 794 3852 die
819 3780 875 3853 illo
902 3785 1101 3854 novissimo:
1136 3782 1393 3877 tranquillusque
1428 3790 1471 3856 sit
1497 3807 1579 3878 erga

214 3900 290 3972 illos
316 3900 427 3971 vultus
456 3909 543 3971 tuus:
570 3910 603 3970 et
629 3898 752 3969 dimitte
779 3920 839 3993 per
865 3897 1124 3970 miscricordiam
1152 3909 1241 3970 tuam
1268 3898 1386 3972 delicta
1413 3913 1447 3973 et
1474 3900 1576 3973 defe-

215 4026 287 4088 ctus
315 4038 446 4088 comm:
483 4019 558 4110 quia
590 4037 705 4087 eorum
737 4017 791 4109 qui
824 4036 924 4110 super
954 4024 1074 4086 terram
1110 4013 1243 4087 fuerunt
1277 4015 1383 4087 nullus
1416 4020 1579 4111 reperitur

215 4131 356 4203 mundus
383 4156 402 4204 a
430 4129 584 4203 sordibus
610 4134 757 4228 peccati,
791 4132 854 4202 nisi
885 4130 1044 4203 Dominus
1078 4130 1171 4203 Deus
1205 4142 1239 4203 et
1272 4131 1429 4203 Salvator
1464 4144 1578 4206 noster

214 4248 317 4320 lesus
346 4229 494 4320 Christus
520 4249 707 4339 unigenitus
732 4246 835 4318 Filius
866 4254 956 4336 tuus;
994 4271 1055 4343 per
1087 4270 1185 4343 quem
1217 4270 1279 4321 nos
1311 4248 1409 4319 etiam
1441 4252 1578 4320 miseri-

215 4363 364 4436 cordiam
392 4367 552 4458 consequi
579 4385 771 4460 speramus,
797 4374 831 4435 et
857 4367 1085 4436 remissionem
1112 4374 1327 4459 peccatorum
1342 4386 1427 4458 quae
1439 4357 1577 4461 propter

215 4501 293 4550 cum
320 4489 388 4567 est,
415 4491 448 4552 ct
473 4478 569 4552 nohis
597 4489 631 4551 et
657 4481 747 4575 ipsis.
862 4479 1022 4573 Populus.
1050 4481 1202 4567 Quietem
1227 4489 1370 4575 praesta.

318 4594 502 4668 Sacerdos.
530 4596 655 4685 Parce,
681 4607 715 4669 et
746 4594 838 4684 dele,
872 4597 1015 4668 Domine
1043 4597 1156 4685 Deus,
1194 4608 1332 4691 peccata
1364 4607 1398 4669 et
1429 4599 1576 4672 maculas

214 4721 368 4798 nostras,
396 4721 430 4784 et
455 4712 603 4803 illorum,
631 4734 857 4808 quaecumque
882 4711 968 4784 male
995 4722 1028 4783 et
1054 4715 1164 4808 inique
1191 4736 1210 4784 a
1243 4712 1339 4786 nobis
1374 4725 1408 4787 et
1438 4714 1479 4787 ab
1513 4714 1576 4787 illis

216 4830 396 4900 commissa
413 4837 502 4901 suut:
529 4828 678 4902 concede
690 4828 787 4901 nobis
802 4830 975 4924 puritatem
991 4838 1025 4900 et
1040 4833 1258 4916 sanctitatem,
1286 4837 1470 4925 statumque
1485 4833 1576 4903 vitae

214 4942 432 5040 inculpatum,
460 4955 494 5018 et
519 4943 669 5018 fiduciam
694 4944 875 5040 perlectam
902 4968 1016 5018 coram
1041 4955 1087 5032 te,
1114 4944 1242 5040 absque
1267 4942 1362 5038 lapsu
1388 4949 1421 5017 in
1446 4968 1576 5042 pecca-

214 5067 301 5132 tum:
327 5068 363 5132 nt
388 5083 521 5158 semper
547 5061 767 5155 glorificetur,
793 5060 956 5151 laudetur,
984 5061 1344 5134 ethonoreturnomcn
1362 5071 1450 5135 tuum
1468 5083 1576 5159 prae-
