4525 6034
624 566 891 648 SANGTI
943 568 1250 646 uraithi.
1569 570 1622 645 49

245 765 357 846 tores,
382 756 488 829 standi
515 780 630 831 coram
655 768 690 829 te
714 761 750 830 in
774 755 841 830 hoc
866 756 944 832 loco
972 768 1109 847 sancto,
1136 769 1171 830 et
1203 758 1394 854 perficiendi
1424 767 1622 856 mysterium

245 870 314 945 hoc
341 885 490 947 sanctum
523 884 558 947 et
589 874 754 948 coeleste:
785 884 822 947 ut
855 874 1131 970 quemadmodum
1164 874 1271 947 iecisti
1302 898 1365 950 uos
1399 876 1519 970 dignos
1553 882 1617 952 ista

246 989 460 1086 perficiendi,
494 993 540 1063 ita
575 994 675 1063 etiam
713 990 805 1085 digni
843 992 1021 1064 efficiamur
1059 994 1292 1065 communione
1330 1004 1364 1065 et
1400 998 1617 1090 perceptione

245 1105 389 1179 illorum.
442 1106 494 1181 Tu
530 1110 586 1203 qui
621 1109 780 1204 aperuisti
814 1107 932 1182 oculos
968 1131 1166 1197 coecorum,
1201 1112 1294 1204 aperi
1325 1110 1442 1183 oculos
1469 1110 1619 1184 cordium
1658 1156 1660 1161 ,

245 1234 449 1311 nostrorum,
475 1233 512 1295 ut
536 1223 737 1320 repellamus
764 1248 784 1296 a
810 1222 908 1297 nohis
934 1225 1092 1298 ienehras
1119 1248 1237 1298 omues
1263 1226 1407 1298 malitiae
1435 1238 1468 1299 et
1493 1232 1620 1322 nequi-

154 1349 157 1356 '
245 1342 328 1430 tiae,
356 1363 442 1435 quae
467 1340 617 1412 maculae
644 1340 886 1414 similitudinem
910 1340 1050 1415 haheat:
1077 1354 1112 1415 ut
1137 1345 1305 1439 possimus
1323 1343 1476 1416 attollere
1501 1346 1618 1417 oculos

247 1468 385 1531 nostros
412 1458 455 1530 ad
481 1458 693 1554 splendorem
723 1458 854 1550 gloriae
885 1469 961 1530 tuae
991 1470 1137 1532 sancum.
1190 1460 1302 1556 Atque
1336 1464 1421 1533 sicut
1453 1442 1616 1532 mundasti

246 1571 338 1646 lahia
365 1578 457 1647 servi
482 1579 529 1647 tui
553 1576 662 1647 lsaiae
688 1573 889 1670 Prophetae,
916 1575 1048 1670 quando
1075 1575 1249 1672 Seraphim
1276 1599 1359 1649 unus
1386 1580 1515 1673 accepit
1540 1576 1618 1649 lor-

248 1692 325 1784 cipe
353 1689 532 1763 carbonem
559 1691 705 1788 desuper
731 1690 836 1778 altari,
864 1701 898 1763 et
924 1696 1068 1765 accessit
1095 1692 1137 1764 ad
1155 1716 1242 1782 eum,
1269 1692 1416 1788 dixitque
1442 1692 1506 1764 illi:
1534 1716 1616 1765 ecce

249 1810 358 1898 teligit
382 1807 447 1880 hoc
472 1806 562 1880 lahia
595 1819 668 1899 tua,
701 1818 735 1879 et
769 1806 960 1880 auferentur
992 1811 1177 1904 iniquitates
1212 1820 1288 1881 tuae
1314 1819 1348 1881 et
1376 1808 1620 1883 mundabuntur

154 2013 156 2030 μ
248 1928 363 1996 omnia
388 1936 529 2020 peccata
556 1936 621 2012 tua,
648 1927 694 1996 ita
720 1947 853 2020 quoque
878 1923 933 1996 iac
959 1948 1043 2018 erga
1068 1923 1220 1997 imhclles
1239 1936 1447 2022 peccatores,
1474 1929 1617 1999 miseros

154 2117 157 2126 ,
248 2061 374 2113 servos
400 2052 487 2114 uros.
539 2043 689 2133 Dignare
722 2041 929 2114 sanctificare
972 2046 1098 2114 animas
1130 2052 1281 2132 nostras,
1314 2064 1458 2138 corpora
1491 2054 1616 2129 nostra,

246 2154 338 2229 lahia
365 2168 399 2228 et
424 2159 528 2230 corda
555 2169 687 2231 nostra:
715 2169 749 2230 et
775 2157 818 2230 da
842 2158 940 2231 nohis
960 2157 1141 2232 carbonem
1161 2158 1252 2231 illmn
1277 2181 1406 2249 verum,
1434 2164 1489 2255 qui
1509 2182 1616 2256 prae-

247 2284 315 2346 stat
339 2277 443 2346 vitum
470 2273 660 2366 animohm,
688 2272 885 2370 corporibus
920 2287 953 2347 et
980 2274 1145 2371 spiritibus
1170 2280 1307 2365 nostriS,
1334 2277 1389 2371 qui
1416 2287 1467 2348 est
1493 2300 1615 2373 corpus

156 2403 157 2408 ’
247 2400 398 2463 sanctum
425 2401 459 2462 et
484 2394 620 2485 sanguis
654 2394 822 2487 pretiosus
858 2387 979 2464 Christi
1011 2395 1072 2464 tui:
1115 2414 1183 2464 non
1218 2392 1260 2463 ad
1296 2392 1614 2479 condemnationem,

248 2516 305 2577 aut
339 2511 385 2579 ita
416 2518 452 2579 ut
484 2506 666 2580 incidamus
705 2509 739 2579 in
775 2506 953 2599 jndicium3
986 2531 1096 2604 neque
1130 2508 1173 2579 ad
1199 2511 1440 2599 confusionem,
1481 2521 1537 2583 aut
1573 2510 1615 2583 ad

154 2609 155 2618 ἵ
245 2620 360 2695 ilatum
392 2632 531 2720 propter
571 2623 690 2696 delicta
721 2633 854 2713 nostra,
890 2635 1020 2698 utnon
1055 2624 1190 2718 indigne
1224 2627 1288 2700 illis
1323 2629 1616 2713 communicemur,

246 2750 281 2811 et
306 2752 444 2836 propter
469 2741 525 2812 illa
551 2744 602 2812 rei
628 2763 695 2813 non
721 2740 852 2813 fiamus:
878 2763 987 2836 neque
1014 2739 1184 2815 multitudo
1211 2741 1447 2816 henehciorurn
1476 2755 1616 2833 tuorum,

154 2871 156 2940 2
246 2858 404 2946 Domine,
430 2879 532 2929 causa
559 2861 602 2930 sit
626 2856 724 2930 nohis
751 2861 932 2950 gravioris,
959 2867 993 2928 et
1018 2859 1156 2949 majoris
1179 2861 1305 2951 judicii,
1332 2864 1361 2933 si
1388 2882 1472 2954 erga
1499 2871 1532 2932 te
1558 2863 1616 2933 in-

154 3055 158 3062 ,
246 2979 334 3066 grati
361 2996 486 3063 sumus,
513 2972 676 3047 honorum
703 2986 830 3048 auctor.
857 2973 983 3047 Verum
1008 2974 1132 3067 largire
1159 2975 1257 3050 nohis
1291 2980 1439 3074 spiritum
1467 2989 1616 3050 sanctum

156 3084 162 3097 '
246 3100 346 3177 maun,
372 3101 409 3162 ut
434 3091 590 3164 cordihus
608 3094 710 3187 puris,
728 3103 763 3164 et
788 3094 1000 3163 conscieutiis
1011 3091 1134 3186 nitidis,
1160 3092 1314 3189 facieque
1339 3092 1524 3181 inconfusa,
1552 3093 1617 3165 lide
1643 3154 1646 3161 .

156 3240 162 3253 ·
246 3226 317 3276 uon
349 3205 443 3294 licta,
491 3211 629 3279 cantate
661 3208 821 3302 perfecta,
857 3216 891 3277 et
923 3228 984 3302 spe
1022 3206 1127 3295 firma,
1172 3209 1351 3283 audeamus
1387 3232 1462 3282 curn
1496 3209 1615 3282 fiducia

248 3343 368 3409 orare,
405 3323 545 3396 dicendo
574 3326 758 3396 orationem
786 3333 935 3397 sanctam
962 3347 1057 3419 quum
1094 3324 1233 3399 dilectus
1265 3326 1350 3399 lilius
1382 3338 1457 3400 tuus
1483 3326 1616 3400 tradidit

246 3436 461 3512 familiaribus
490 3444 570 3528 suris,
598 3443 720 3513 sanctis
748 3439 916 3537 discipulis
944 3451 978 3512 et
1001 3442 1177 3538 Apostolis
1204 3444 1318 3517 dicens
1344 3443 1417 3519 illis.
1451 3443 1614 3530 Quoties-

248 3577 388 3650 cumque
418 3558 551 3653 precari
584 3557 775 3645 volueritis,
815 3566 911 3629 orate
942 3559 976 3630 in
1006 3556 1092 3630 hunc
1128 3559 1261 3632 modum
1297 3570 1331 3632 et
1357 3561 1461 3633 dicite.
1514 3560 1617 3633 Pater

247 3680 364 3742 noster
390 3675 445 3766 qui
471 3693 510 3743 es
535 3675 570 3743 in
596 3671 710 3745 coelis.

677 4063 797 4134 Oratio
821 4071 901 4157 post
926 4067 1036 4137 Putea·
1061 4073 1187 4139 noster.

351 4306 533 4394 Sacerdos.
575 4322 748 4415 Rogamus
779 4334 831 4411 tc,
858 4326 950 4398 Deus
983 4323 1084 4397 Pater
1118 4328 1346 4422 omnipotens,
1379 4348 1423 4397 ne
1458 4347 1522 4398 nos
1554 4329 1614 4398 in-

247 4436 352 4511 ducas
385 4443 420 4510 ia
451 4445 680 4527 tentationem,
714 4439 776 4515 sed
801 4439 906 4513 libera
937 4464 1001 4516 nos
1028 4466 1048 4514 a
1074 4442 1181 4516 malo:
1208 4447 1356 4516 actiones
1383 4441 1564 4517 diabolicas
1593 4470 1612 4518 a

246 4555 346 4629 nohis
372 4579 529 4629 remove:
556 4558 692 4631 insidias
718 4579 782 4654 per
808 4557 946 4630 consilia
969 4556 1193 4655 improborum
1217 4557 1394 4659 hominum,
1422 4580 1537 4631 omues
1555 4562 1616 4630 in-

245 4671 345 4745 utiles
371 4672 475 4745 effice.
527 4673 674 4766 Protegc
699 4695 762 4746 uos
782 4695 924 4771 vsemper
950 4674 1090 4747 dextera
1115 4686 1172 4747 tua
1198 4676 1406 4766 vivificante,
1432 4685 1468 4746 tu
1494 4679 1549 4771 qui
1575 4697 1613 4747 es

246 4788 379 4880 adjutor
402 4800 527 4877 noster,
563 4801 597 4862 et
630 4790 807 4863 auxiliator
836 4801 962 4880 noster,
995 4813 1057 4887 per
1090 4789 1256 4864 Christum
1287 4791 1403 4863 Jesum
1437 4791 1614 4864 Dominum

156 4930 162 5001 ι
244 4915 397 4978 nostrum
423 4909 487 4994 cui,
516 4916 576 4978 etc.
1087 4932 1089 4937 ⁴

1334 5027 1409 5101 22*
