4525 6034
440 588 490 666 llll
507 586 762 665 lllllRGlthlhl
777 585 1030 663 OlllElllhhlllll
1041 585 1193 664 OllllllllE
1205 588 1253 664 m
1265 585 1515 664 hUl’ORl‘lhl'll.
1568 583 1666 658 XVII

292 774 339 849 ah
375 776 555 872 Apostolis
592 774 760 847 traditam:
793 783 939 867 atquae
970 773 1077 846 forma
1103 773 1300 870 Apostolica
1342 796 1420 846 esse
1461 779 1666 868 agnoscitur,

285 891 451 965 malem
476 891 715 984 Evangelicam
742 911 875 983 qnoque
904 910 982 963 esse
1007 912 1151 964 necesse
1178 900 1241 978 est,
1267 913 1341 962 cum
1368 891 1538 964 traderent
1561 891 1667 986 Apo·
1705 940 1709 951 ·

282 1009 387 1099 stoli,
417 1010 550 1105 quoda
576 1007 708 1081 Christo
736 1014 944 1100 acceperant.
995 1006 1064 1078 Tot
1088 1006 1295 1079 diversarum
1322 1006 1459 1081 Coenae
1485 1007 1668 1080 celebran-

279 1123 356 1195 dae
395 1124 610 1197 formularum
640 1122 728 1194 nulla
755 1121 952 1217 Apostolica
981 1133 1037 1193 ant
1060 1123 1268 1215 Evangelica
1302 1145 1343 1194 eo
1370 1123 1444 1198 solo
1472 1120 1668 1217 argumento

278 1240 356 1312 dici
388 1249 515 1336 potest,
542 1239 630 1334 quod
656 1241 752 1310 unius
769 1237 941 1334 archetypi
967 1248 1016 1309 tot
1041 1242 1127 1310 inter
1153 1262 1192 1312 se
1209 1240 1379 1312 dissimilia
1407 1241 1561 1338 exempla
1587 1264 1666 1314 esse

275 1379 359 1429 non
390 1361 530 1452 possint
581 1356 629 1428 At
653 1359 687 1427 in
712 1355 872 1447 Liturgiis
900 1352 1038 1427 Graecis
1066 1364 1100 1427 et
1124 1356 1250 1427 Latinis
1279 1353 1449 1427 veteribus
1481 1367 1515 1427 et
1540 1379 1667 1429 recen-

276 1474 440 1546 tioribus
465 1471 639 1545 manifesta
665 1480 717 1543 est
745 1475 831 1542 inter
858 1492 897 1543 se
929 1471 1105 1543 similitudo
1134 1481 1254 1543 etcum
1278 1473 1451 1566 primaeva
1477 1470 1533 1543 illa
1559 1472 1666 1545 torna

279 1612 398 1683 quam
424 1590 653 1685 Apostolicam
679 1586 804 1677 fuisse,
839 1597 915 1659 ante
934 1587 1193 1660 ⁴lhotestantium
1220 1586 1438 1659 deiectionem
1471 1609 1570 1659 nemo
1597 1586 1666 1659 dn-

279 1702 483 1795 hitaverat3
508 1715 543 1776 et
567 1728 607 1776 ea
634 1726 696 1798 per
721 1713 835 1799 partes
861 1712 914 1774 est
940 1703 1149 1799 explicanda.

407 1820 692 1895 Convenientihus
725 1824 824 1911 igitur
859 1819 1051 1893 Christianis
1084 1819 1319 1915 praesidebant
1358 1841 1425 1891 non
1460 1823 1667 1916 quicumque,
1696 1834 1736 1887 m
1752 1851 1800 1902 par
1817 1847 1902 1902 paras
1923 1855 1970 1890 01-

288 1938 356 2011 sed
397 1961 481 2032 quos
516 1942 740 2037 προεστῶτας
766 1946 867 2009 vocat
902 1937 1050 2009 lustinus
1084 1935 1233 2031 Martyr3
1265 1935 1425 2031 Episcopi
1458 1936 1584 2008 scihcet
1609 1938 1666 2010 vel
1679 1920 1796 1989 ΡΜ·

293 2053 522 2127 Sacerdotes:
550 2053 635 2125 adeo
661 2062 697 2123 ut
723 2051 850 2148 alisque
875 2052 941 2125 illis
968 2055 1238 2124 commemoratio
1264 2051 1410 2143 legitima
1437 2051 1520 2125 lesu
1546 2052 1666 2127 Christi
1696 2007 1854 2062 ⁵⁸de

294 2171 485 2243 secundmn
508 2173 581 2262 ejus
606 2171 840 2242 institutionem
866 2190 933 2242 non
959 2167 1069 2241 lieret:
1096 2168 1184 2240 idem
1211 2188 1343 2264 semper
1369 2176 1403 2239 et
1428 2166 1571 2263 ubique,
1599 2179 1664 2241 tam

296 2291 330 2359 in
359 2286 498 2360 Oriente
526 2309 623 2380 quam
648 2288 682 2356 in
709 2284 890 2358 Occidente
917 2282 1129 2358 observatum
1158 2294 1218 2358 est.

402 2402 497 2474 Vasa
523 2424 633 2491 sacra,
659 2404 758 2472 etiam
785 2400 860 2472 dum
888 2404 1138 2495 persecutiones
1166 2402 1350 2491 saevirent,
1377 2400 1566 2472 adsacrum
1593 2406 1663 2474 mi·
1677 2403 1746 2457 vna
1763 2421 1844 2461 naen.
1950 2414 1953 2419 ’

300 2522 471 2591 nisterium
497 2515 640 2589 adhibita
665 2516 770 2590 luisse
797 2539 899 2589 aurea
926 2526 960 2589 et
982 2527 1155 2609 argentea,
1180 2519 1385 2589 notissimum
1411 2527 1463 2590 est
1489 2539 1535 2589 ex
1554 2517 1665 2592 Gestis

301 2637 506 2732 purgationis
534 2633 728 2725 Caeciliani,
754 2632 933 2705 Prudentia
961 2643 995 2705 et
1022 2632 1103 2706 aliis.

400 2751 532 2823 Altaria
559 2771 689 2845 quoque
715 2760 750 2821 ut
777 2749 945 2821 l'hronum
965 2747 1100 2842 Oluisti,
1126 2750 1159 2820 in
1177 2770 1298 2841 magna
1312 2730 1530 2821 veneratione
1549 2750 1665 2843 luisse,
1680 2749 1786 2806 Aturia.

300 2894 407 2966 neque
435 2867 478 2940 ah
506 2868 578 2941 aliis
606 2890 704 2962 quam
730 2891 750 2939 a
775 2867 961 2939 Donatistis
996 2875 1052 2936 aut
1082 2865 1236 2954 Arianis,
1269 2864 1326 2938 vel
1361 2863 1508 2936 Ethnicis
1543 2888 1665 2939 eversa

302 2998 334 3058 et
357 2985 535 3082 profanata
568 2983 693 3072 fuisse,
726 3006 773 3055 ex
804 2982 947 3079 Optato,
978 2981 1181 3071 Athanasio,
1215 2991 1248 3052 et
1279 2981 1352 3053 aliis
1387 3004 1494 3076 aeque
1527 2989 1664 3053 certum.

299 3102 426 3175 Eadem
460 3104 489 3173 si
522 3099 622 3171 rebus
654 3098 831 3173 Ecclesiae
873 3098 1131 3187 florentissimis,
1165 3100 1270 3169 variis
1302 3095 1478 3192 precihus,
1516 3097 1665 3192 reliquiis

300 3230 482 3315 martyrum
509 3226 543 3288 et
568 3218 666 3308 signo
693 3218 800 3287 crucis
827 3225 1022 3289 consecrata
1039 3221 1130 3286 sunt:
1156 3212 1235 3284 nihil
1260 3216 1293 3284 in
1308 3213 1426 3284 Latina
1452 3213 1508 3284 vel
1535 3213 1664 3286 Graeca

297 3334 454 3408 Ecclesia
481 3336 693 3406 commissum
720 3340 772 3404 est
797 3341 912 3404 canna
937 3341 1089 3404 veterem
1116 3329 1342 3426 disciplinam,
1375 3352 1460 3426 quae
1486 3328 1608 3424 ubique
1633 3334 1667 3402 in

300 3450 445 3523 Graecia
464 3459 498 3521 et
521 3447 658 3520 Oriente
679 3470 747 3520 non
766 3450 872 3519 minus
897 3447 1002 3520 adhuc
1020 3450 1127 3541 viget,
1150 3470 1246 3542 quam
1269 3449 1302 3518 in
1327 3445 1478 3519 Romana
1503 3445 1665 3519 Ecclesia.

398 3566 525 3639 Vestes
560 3567 664 3638 sacris
699 3566 888 3636 ministeriis
920 3566 1073 3661 proprias
1100 3574 1250 3657 gestare,
1277 3563 1353 3635 dum
1387 3562 1539 3656 Liturgia
1567 3565 1665 3636 cele-
1679 3579 1769 3634 veae
1787 3597 1883 3635 sacae.

284 3682 459 3772 hraretam,
487 3681 700 3775 antiquissimi
732 3682 829 3750 etiam
856 3684 958 3751 moris
986 3690 1055 3769 est,
1091 3703 1189 3777 quem
1218 3678 1375 3752 Ecclesia
1401 3679 1588 3772 Anglicana
1618 3703 1665 3753 ex

292 3808 397 3897 parte
422 3800 567 3886 retinuit,
594 3805 681 3868 totus
708 3793 829 3867 Oriens
855 3795 1106 3889 religiosissime
1132 3793 1302 3868 observat.

402 3914 681 4009 Praeparatoriae
707 3933 828 4007 preces
854 3912 976 3984 multae
1003 3923 1078 3986 sunt
1104 3922 1139 3984 et
1170 3912 1326 3984 diversae
1359 3914 1393 3983 in
1426 3915 1568 4008 antiquis
1599 3912 1665 3985 Li·
1689 3910 1904 4012 ,saepimenta
1921 3928 1982 4012 ⁰5·-

286 4033 438 4125 turgiis;
471 4032 635 4103 sententia
667 4050 800 4127 semper
834 4030 972 4117 eadem,
1009 4052 1070 4100 nec
1104 4028 1146 4099 de
1171 4028 1235 4101 illis
1270 4033 1499 4101 controversia
1534 4007 1982 4102 moveri‘¹⁰¹¹⁰⁶⁸‘⁰⁸⁸'⁰¹''⁰¹¹¹²⁸‘

284 4149 361 4222 ulla
390 4156 518 4243 potest3
544 4167 619 4216 cnm
646 4168 691 4216 ex
718 4143 782 4217 illis
807 4145 983 4217 nonnullae
1010 4145 1156 4217 selectae
1183 4153 1270 4234 sunt,
1287 4167 1372 4240 quiae
1388 4145 1526 4237 singulis
1554 4144 1666 4249 officiis

286 4267 587 4356 conjungerentur.
641 4259 714 4332 Neo
741 4260 805 4332 alia
831 4265 916 4333 ratio
944 4271 995 4334 est
1022 4281 1135 4332 eorunm
1162 4283 1248 4354 quae
1280 4263 1458 4355 posteriori
1491 4261 1663 4357 disciplina

286 4385 442 4457 instituta
470 4390 558 4470 sunt,
585 4382 675 4449 circa
701 4383 796 4472 panis
823 4389 857 4450 et
883 4382 952 4452 vini
967 4378 1263 4475 praeparationem.
1291 4376 1451 4461 Quamvis
1475 4381 1560 4448 enim
1588 4380 1664 4449 siu-

288 4496 434 4591 gulares
461 4498 543 4568 ritus
569 4517 636 4566 non
661 4491 842 4567 habeamus
870 4497 1045 4591 antiquitus
1079 4497 1301 4590 perscriptos,
1340 4515 1423 4589 quos
1449 4495 1483 4564 in
1511 4492 1663 4567 omnihus

288 4612 462 4685 Ecclesiis
489 4610 691 4685 observatos
718 4610 837 4682 deinde
868 4610 973 4683 luisse
1004 4611 1167 4702 legimus,
1202 4618 1238 4680 ut
1268 4609 1388 4680 munde
1423 4618 1457 4680 et
1489 4607 1663 4701 diligenter

291 4735 597 4825 praepararentur,
630 4748 716 4821 quae
747 4729 781 4798 in
812 4749 934 4824 corpus
969 4737 1003 4799 et
1034 4728 1229 4818 sanguinem
1263 4724 1381 4798 Christi
1417 4726 1662 4798 transmutanda

296 4843 496 4937 credebant,
522 4865 621 4915 nemo
648 4865 790 4938 unquam
816 4854 951 4941 praeter
976 4842 1122 4917 inuiosos
1158 4844 1232 4915 illos
1259 4842 1421 4915 fanaticos
1447 4845 1662 4938 existimavit,

297 4961 537 5056 simplicitatem
561 4958 802 5052 Evangelicam
835 4962 868 5033 in
902 4983 943 5033 eo
977 4962 1179 5051 consistere,
1214 4969 1249 5031 ut
1281 4982 1302 5030 e
1336 4958 1473 5032 taberna
1505 4964 1599 5057 panis
1627 4970 1661 5033 et

300 5080 411 5148 mum
436 5084 646 5172 peterentur,
682 5076 770 5172 quod
802 5099 847 5149 ne
882 5076 923 5148 ad
958 5099 1164 5149 communem
1198 5075 1341 5173 quidem,
1362 5076 1470 5149 cihum
1502 5076 1659 5150 lautiores

325 5214 435 5258 ramus
1433 5192 1458 5266 3
