4525 6034
716 561 793 637 418
1001 562 1219 640 blTUltGld
1244 561 1496 641 bottonis
1522 563 1808 643 salernitati

713 747 834 821 beutur
860 774 880 822 a
906 747 1003 822 nobis
1031 773 1180 823 summae
1207 750 1355 844 dignitati
1381 762 1471 842 tuae,
1497 753 1652 843 Domine,
1680 775 1796 827 omues
1823 755 2050 847 glorificationes

713 865 955 959 indesinentes,
982 890 1098 941 omnes
1124 866 1241 939 laudes
1269 877 1302 940 et
1328 865 1550 941 exaltationes
1576 868 1764 961 gloriosae,
1799 874 1875 966 quia
1909 895 1965 967 per
1992 875 2053 946 de·

714 987 870 1056 mentiam
906 996 1010 1071 tuam,
1051 984 1173 1076 dignos
1205 986 1398 1079 praestitisti
1429 1006 1492 1057 nos
1533 984 1623 1058 douo
1660 985 1837 1082 praeclaro
1878 998 1910 1059 et
1938 990 2054 1062 codesti

714 1098 780 1171 cibi
819 1100 914 1193 hujus
949 1101 1175 1174 indeficientis.
1241 1100 1466 1173 obsecramus
1499 1124 1648 1175 amorem
1683 1113 1772 1174 tuum
1811 1126 1893 1197 erga
1931 1103 2054 1178 homiues

712 1217 929 1306 ineffabilem,
966 1228 1001 1290 ut
1032 1240 1100 1290 non
1142 1228 1322 1290 convertas
1354 1216 1440 1290 festa
1474 1226 1588 1292 nostra
1628 1220 1662 1290 iu
1696 1217 1836 1307 luctum,
1869 1230 1903 1293 et
1938 1222 2055 1314 glorian

712 1344 863 1407 nostram
890 1338 923 1407 in
950 1337 1119 1431 pristinam
1148 1337 1386 1430 captivitatem.
1441 1333 1494 1407 Ne
1519 1334 1656 1408 inclines
1684 1338 1792 1431 capita
1817 1346 1931 1410 nostra
1959 1340 2056 1429 iuju-

714 1450 952 1547 dicimusque
980 1450 1177 1524 confessione
1203 1451 1382 1524 afficiamur
1409 1456 1441 1524 iu
1468 1451 1522 1524 die
1547 1454 1747 1539 novissimo,
1774 1474 1839 1549 quo
1857 1458 2058 1548 uuusquisque

712 1567 878 1639 bominum
905 1571 1205 1640 remunerationem
1231 1570 1389 1663 accipiet,
1426 1578 1459 1640 et
1489 1566 1632 1660 Angelis
1665 1590 1741 1638 cum
1767 1572 1885 1642 timore
1917 1569 2058 1641 adstanti·

712 1681 792 1762 bus,
821 1687 1008 1775 unigenitus
1035 1684 1140 1757 Filius
1167 1694 1241 1755 tuus
1254 1683 1433 1775 judicabit:
1461 1683 1521 1757 sed
1541 1695 1576 1757 ut
1589 1686 1791 1774 misericors,
1820 1688 1980 1781 aspiciens
1998 1707 2058 1774 nos,

712 1803 844 1872 veniam
872 1801 1039 1874 concedas
1067 1803 1214 1872 tenuitati
1242 1803 1372 1874 animae
1398 1811 1544 1874 nostrae.
1597 1800 1762 1873 Miserere
1795 1802 1982 1873 infirmitatis
2004 1825 2059 1873 na·

712 1931 807 1992 turae
834 1929 990 2007 nostrae,
1017 1940 1134 1990 verum
1162 1939 1229 1989 uon
1256 1915 1297 1988 ad
1320 1917 1500 2010 Judicium,
1533 1917 1594 1990 sed
1619 1940 1729 2013 neque
1756 1917 1797 1990 ad
1825 1918 2058 1992 condemnatio-

710 2060 788 2109 nem
815 2039 937 2131 imputa
966 2034 1064 2106 uobis
1091 2056 1209 2105 munus
1236 2033 1301 2105 boe
1327 2043 1434 2122 mum,
1462 2032 1523 2106 sed
1549 2033 1592 2107 ad
1618 2037 1839 2122 mutinam,
1866 2034 2059 2127 mgdlandan,

712 2163 746 2224 et
771 2154 927 2223 viaticum
954 2149 1079 2222 salutis.
1131 2148 1177 2221 Et
1202 2160 1236 2221 te
1263 2149 1360 2221 decet
1387 2149 1515 2243 gloria,
1541 2149 1648 2224 bonor
1666 2160 1700 2221 et
1712 2158 1881 2245 potestas,
1909 2173 1979 2222 cum
1994 2153 2060 2222 nui·
2199 2141 2200 2184 ³

710 2272 825 2361 genito
852 2268 937 2340 Filio
965 2278 1020 2340 tuo
1049 2275 1082 2338 et
1107 2266 1232 2362 Spiritu
1258 2276 1314 2337 tuo
1342 2268 1570 2357 sanctissimo,
1596 2265 1687 2340 bono
1714 2278 1749 2338 et
1775 2264 1956 2338 adorando.

815 2384 976 2478 Papulas.
1030 2384 1150 2456 Amen.

815 2499 999 2572 Sacerdos.
1053 2500 1138 2571 Pax.

816 2617 976 2711 Papulas.
1028 2615 1172 2688 Etcum
1200 2617 1409 2711 spiritutuo.

816 2736 1005 2807 Diaconos.
1058 2734 1158 2805 Ante.

817 2850 978 2945 Papulas.
1033 2848 1158 2923 Coram
1184 2860 1227 2921 te.

815 2968 999 3040 Sacerdos.
1051 2965 1128 3038 Lux
1161 2989 1236 3039 mea
1271 2980 1305 3041 et
1343 2969 1436 3041 Deus
1476 2968 1620 3039 omnirun
1658 2965 1803 3037 Domine
1845 2975 1963 3036 noster
1997 2961 2064 3032 lesu

711 3087 865 3175 Christe,
892 3083 1015 3180 quide
1042 3083 1139 3155 coelo
1167 3082 1368 3158 descendisti
1396 3083 1603 3157 adsalutem
1631 3084 1744 3154 ovium
1762 3091 1914 3170 mamm,
1940 3074 2063 3151 amende

609 3205 613 3210 ’
710 3203 884 3276 dexteram
910 3211 998 3272 tuam
1025 3210 1192 3288 sanctam,
1219 3199 1317 3274 bonis
1344 3199 1580 3286 abundantem,
1607 3207 1641 3269 et
1667 3200 1945 3294 omnipotentem,
1971 3195 2063 3266 bene-

711 3321 829 3415 dicque
855 3316 952 3391 uobis
978 3315 1129 3389 omnibus
1157 3321 1267 3388 servis
1288 3321 1371 3406 tuis,
1397 3315 1613 3410 generaliter,
1641 3318 1771 3407 magnis
1793 3324 1827 3386 et
1847 3316 1974 3410 parvis,
1997 3312 2064 3382 airis

711 3438 806 3512 simul
833 3445 867 3507 et
901 3432 1108 3506 mulieribus:
1139 3433 1319 3527 juvenibus
1355 3444 1389 3506 et
1420 3436 1549 3529 pueris:
1584 3430 1771 3523 virginibus
1806 3442 1842 3502 et
1877 3429 2063 3524 conjugatis:

710 3550 941 3627 sacerdotibus
968 3555 1093 3648 pariter
1119 3559 1154 3622 et
1187 3552 1323 3648 populo.
1375 3549 1511 3623 Viribus
1545 3548 1620 3620 illos
1654 3545 1806 3620 conforta
1843 3551 1901 3642 qui
1935 3543 2063 3618 imbelles

710 3680 802 3744 sunt:
831 3668 951 3740 dintes
978 3671 1011 3738 in
1034 3670 1161 3759 justitia
1189 3667 1335 3756 custodi,
1363 3667 1531 3764 orpbanos
1558 3667 1661 3752 nutri,
1688 3662 1895 3760 pauperibus
1916 3674 1950 3735 et
1973 3657 2064 3732 viduis

710 3784 865 3858 alimenta
891 3782 1027 3880 praebe.
1081 3782 1261 3855 Sanctibca
1289 3807 1350 3858 eos
1377 3786 1490 3879 quiin
1521 3763 1670 3878 peccatis
1695 3780 1905 3852 volutantur:
1939 3775 2064 3850 extende

709 3898 879 3971 brachium
906 3911 994 3972 mum
1022 3893 1109 3973 torte
1137 3910 1172 3971 et
1197 3900 1339 3993 obsigna
1364 3921 1428 3973 nos
1455 3920 1572 3972 omues
1599 3919 1699 3970 cruce
1725 3906 1800 3984 tua3
1834 3900 1952 3968 emitte
1981 3913 2064 3988 super

710 4039 774 4089 nos
801 4039 917 4090 omnes
944 4015 1195 4089 benedictiones
1222 4026 1296 4089 tuas
1324 4026 1476 4103 sanctas,
1502 4037 1563 4110 per
1590 4014 1786 4086 sacrificium
1812 4011 1881 4087 boe
1897 4012 2062 4109 quodsus·

710 4136 867 4228 cepimus.
926 4134 1144 4225 Agnoscatur
1178 4134 1315 4226 sanguis
1360 4142 1434 4205 tuus
1467 4153 1569 4226 puros
1603 4141 1637 4203 et
1668 4139 1802 4202 sauctus
1837 4151 1942 4225 super
1973 4128 2064 4198 limina

708 4260 827 4345 portae
854 4272 1032 4345 corporum
1059 4258 1259 4321 nostrorum.
1311 4249 1408 4322 Meus
1436 4259 1553 4320 nostra
1578 4246 1699 4320 lumine
1725 4257 1782 4319 tuo
1806 4246 1970 4320 illustrata
1993 4265 2064 4339 pru-

632 4407 636 4424 ·
709 4364 839 4437 dentior
866 4364 1002 4439 evadat:
1030 4363 1134 4438 corda
1159 4377 1275 4438 nostra
1303 4366 1461 4439 confirma
1488 4369 1521 4437 in
1549 4364 1697 4436 doctrina
1731 4375 1799 4436 tua:
1836 4383 1978 4456 gressus
2008 4380 2063 4429 no·

710 4491 798 4553 stros
826 4481 933 4576 dirige
961 4484 993 4553 in
1020 4484 1146 4554 semitis
1172 4486 1255 4554 tuis:
1283 4482 1416 4575 lingrrae
1442 4492 1579 4555 nostrae
1605 4485 1670 4554 siut
1696 4502 1823 4574 organa
1854 4478 1963 4552 laudis
1993 4487 2064 4558 mac,

710 4601 786 4693 quia
813 4608 848 4670 tu
873 4598 981 4673 bonus
1010 4608 1044 4670 et
1070 4609 1200 4672 amator
1225 4598 1392 4672 bominum
1418 4622 1478 4690 es,
1505 4607 1539 4671 et
1565 4608 1598 4670 te
1627 4598 1723 4670 deam
1741 4597 1875 4690 gloria,
1903 4594 1990 4684 laus,
2013 4600 2063 4663 en

1060 4941 1065 4946 ·
1127 4920 1662 4968 *φτ
