4525 6034
681 572 824 670 rse-
1187 578 1546 656 uiruncrn

783 757 969 831 Sacerdos.
1021 760 1196 855 Rogamus
1223 774 1256 836 te
1284 763 1380 836 dator
1406 767 1603 856 sanctitatis,
1630 778 1664 840 et
1689 768 1830 861 largitor
1855 777 1961 845 omnis
1980 798 2044 870 pu·

678 880 802 966 ritntis3
830 881 963 972 suscipe
990 882 1088 950 etiam
1116 903 1203 952 nunc
1229 879 1471 952 inclinationem
1504 904 1682 957 servorum
1714 896 1845 958 tuorum
1876 892 1933 983 qui
1962 890 2044 962 com

678 991 861 1084 demittunt,
888 1003 922 1065 et
946 992 1088 1068 benedic
1114 997 1371 1089 congregationi
1398 995 1605 1070 adorantium
1631 1009 1676 1087 te,
1703 1022 1765 1096 per
1790 1005 1933 1094 gratim
1951 1015 2042 1076 tuam

676 1108 781 1205 imple
818 1117 994 1185 sanctitate
1029 1116 1156 1187 animas
1189 1122 1223 1183 et
1254 1133 1398 1207 corpora
1437 1123 1569 1186 nostra:
1608 1112 1715 1186 bbere
1749 1137 1813 1189 nos
1847 1141 1870 1189 a
1906 1129 2041 1214 peceato
2178 1169 2182 1178 ·

679 1226 767 1319 quod
794 1230 827 1299 in
853 1229 953 1303 nobis
979 1242 1043 1320 est,
1069 1240 1105 1302 ut
1130 1236 1247 1302 sancte
1273 1226 1483 1323 perficiamus
1509 1231 1725 1304 ministerium
1750 1230 1837 1322 hoc,
1869 1234 2040 1306 secundum

676 1344 913 1416 institutionem
938 1345 1015 1418 Deo
1044 1345 1190 1437 dignam,
1216 1346 1377 1436 unigeniti
1403 1342 1479 1415 Filii
1505 1347 1568 1416 tui:
1595 1368 1671 1417 cum
1698 1370 1764 1442 quo
1781 1347 1880 1419 decet
1903 1358 1938 1419 te
1962 1348 2040 1442 gio-

676 1460 739 1545 ria,
766 1457 884 1547 bonor,
912 1471 945 1533 et
971 1465 1119 1557 potentia
1147 1483 1220 1532 cum
1247 1461 1372 1557 Spiritu
1399 1469 1456 1531 tuo
1483 1464 1704 1534 sanctissimo.

779 1573 940 1668 Populos.
994 1579 1114 1649 Amen.

791 1849 967 1922 Sacerdos
993 1850 1131 1921 eleoons
1157 1872 1274 1921 ccccm
1300 1849 1385 1920 dicit
1413 1849 1611 1921 Orationem
1636 1872 1738 1942 super
1765 1849 1924 1923 oblutmn.

777 2037 1005 2130 Abscondite‚
1032 2042 1086 2135 qui
1115 2063 1135 2112 a
1161 2040 1324 2112 creaturis
1359 2037 1467 2111 videri
1493 2059 1560 2111 non
1586 2049 1704 2134 potes,
1737 2046 1871 2110 creator
1904 2044 2042 2114 omnium
2122 2110 2128 2119 ,

674 2164 708 2227 et
734 2154 831 2227 dives
858 2159 892 2227 in
918 2153 1092 2243 omnibus;
1126 2154 1193 2227 dita
1229 2176 1293 2227 nos
1323 2154 1515 2227 muneribus
1548 2156 1612 2227 tuis
1638 2152 1774 2242 divinis,
1809 2164 1845 2227 ut
1879 2159 2043 2250 possimus

673 2281 820 2343 tractare
846 2274 1006 2367 mysteria
1033 2269 1136 2358 baec,
1168 2292 1255 2366 quae
1289 2273 1408 2342 mentis
1435 2279 1568 2365 captum
1599 2279 1775 2365 superant3
1810 2275 1888 2366 qiua
1920 2277 2044 2345 nonin

669 2390 797 2480 justitia
823 2396 939 2461 nostra
966 2385 1117 2459 fiduciam
1142 2385 1316 2476 babemus,
1342 2384 1403 2458 sod
1429 2389 1464 2457 in
1477 2384 1707 2457 misericordia
1733 2394 1799 2474 tua,
1826 2410 1914 2482 quae
1929 2389 2043 2461 Filium

673 2513 764 2574 tuum
791 2504 994 2596 unigenitum
1022 2501 1064 2572 ad
1090 2523 1154 2574 nos
1182 2499 1323 2573 demisit.
1375 2502 1429 2572 Da
1455 2497 1555 2573 nobis
1582 2523 1714 2595 quoque
1740 2501 1988 2593 confidentiam,
2012 2515 2045 2577 ut

673 2641 735 2713 per
761 2620 921 2714 mysteria
947 2616 1030 2689 baec
1063 2626 1178 2689 sancta
1212 2615 1474 2702 sanctificemnr3
1511 2618 1755 2688 verumetiam
1787 2637 1851 2700 nos
1878 2618 2043 2690 circumda

672 2733 899 2826 magnitudine
932 2755 1103 2806 munerum
1143 2743 1274 2805 tuorum
1312 2730 1508 2803 divinomm.
1563 2731 1614 2802 'le
1647 2731 1791 2803 Domine
1826 2731 2058 2829 deprecamur

673 2859 707 2920 ct-
740 2852 882 2944 petimus
919 2873 939 2921 a
970 2858 1021 2936 te,
1056 2850 1218 2919 miserere
1250 2849 1374 2935 nostri,
1407 2857 1443 2918 et
1474 2845 1599 2938 largire
1632 2846 1730 2919 nobis
1761 2847 1919 2941 Spiritum
1957 2861 2040 2921 tunm

673 2975 835 3055 sanetum,
862 2967 917 3058 qui
944 2962 1107 3036 mentibus
1134 2964 1227 3058 puris
1253 2961 1386 3040 illucet:
1412 2964 1486 3056 ipse
1512 2964 1629 3034 veniat
1653 2970 1687 3032 et
1712 2964 1970 3034 commisceatur
1994 2961 2040 3036 bis

673 3078 909 3168 oblationibus,
935 3090 971 3152 ut
997 3082 1062 3151 sint
1087 3077 1200 3167 nobis,
1226 3086 1262 3149 ct
1285 3080 1447 3149 universo
1474 3075 1598 3172 populo
1631 3074 1842 3150 baereditatis
1871 3090 1967 3168 urae,
2001 3078 2039 3149 ad

670 3199 804 3267 veniam
845 3204 879 3267 et
917 3196 1150 3268 remissionem
1188 3204 1402 3288 peccatomm
1431 3203 1640 3265 nostrorum:
1677 3201 1712 3264 et
1742 3214 1789 3264 ex
1828 3203 1896 3264 tota
1936 3196 2037 3264 anima

670 3322 785 3383 nostra
817 3313 944 3403 gratias
981 3331 1120 3402 agamus
1156 3306 1215 3380 tibi
1246 3305 1339 3379 Dens
1371 3307 1485 3395 Pater,
1520 3316 1555 3378 et
1588 3306 1673 3379 Filio
1705 3318 1763 3381 tuo
1796 3310 1982 3401 unigenito,
2007 3317 2037 3380 et

669 3427 806 3523 Spiritui
832 3436 889 3499 tuo
916 3436 1043 3499 sancto.

773 3542 935 3635 Populus.
987 3542 1108 3613 Amen.

772 3660 960 3731 Diaconos.
1013 3656 1147 3728 Stemus
1175 3653 1342 3725 decenter.

772 3774 935 3867 Populos.
987 3769 1228 3844 Misericordia.

771 3889 956 3961 Sacerdos.
1010 3886 1152 3960 Caritas,

771 4004 933 4098 Populus.
986 4002 1029 4075 m
1056 4023 1132 4073 cum
1158 4001 1275 4095 spiritu
1302 4009 1369 4072 tuo.

770 4122 956 4195 Sacerdos.
1010 4121 1149 4194 Sursum
1176 4118 1290 4193 corda.

771 4239 936 4332 Populus.
989 4235 1161 4310 Habemus
1188 4234 1230 4305 ad
1255 4233 1444 4305 Dominum.

770 4353 957 4425 Sacerdos.
1011 4351 1147 4424 Gratias
1174 4369 1314 4443 agamus
1340 4349 1426 4419 Deo.

770 4468 933 4562 Populus.
986 4468 1131 4560 Dignum
1157 4473 1192 4537 et
1214 4467 1338 4557 justum
1364 4473 1426 4535 est.

770 4584 947 4655 Sacerdos
982 4582 1175 4655 inclinatus.
1229 4578 1418 4652 Secundum
1445 4579 1620 4650 veritatem
1647 4577 1705 4651 tibi
1731 4575 1876 4651 Domine
1903 4576 2025 4650 debetur

667 4699 832 4789 adoratio,
859 4710 892 4771 et
918 4707 973 4770 tua
1001 4707 1053 4770 est
1078 4699 1152 4771 laus
1179 4718 1266 4792 quae
1298 4692 1357 4766 tibi
1390 4693 1543 4766 refertur.
1598 4694 1759 4781 Quamvis
1785 4705 1897 4767 autem
1923 4710 2023 4765 omncs

665 4823 841 4886 creaturae
868 4836 935 4885 non
963 4812 1141 4902 sufficiant,
1168 4812 1210 4883 ad
1237 4821 1270 4882 te
1295 4808 1495 4882 laudandum
1521 4812 1606 4883 siout
1632 4819 1783 4906 oportet,
1811 4813 1951 4905 suscipis
1974 4815 2021 4876 ta·

665 4952 741 5001 men
779 4929 1007 5002 adorationem
1043 4925 1085 4999 ab
1120 4925 1291 5014 omnibus,
1328 4928 1405 5021 quia
1438 4936 1472 4997 tu
1507 4923 1615 4998 bonus
1647 4946 1703 5020 cs,
1745 4933 1780 4998 et
1808 4927 2019 5001 miserationes

664 5055 742 5116 tuae
768 5067 870 5141 snper
896 5065 1012 5118 omnes
1041 5042 1270 5116 extenduntur.
