4525 6034
693 566 791 641 XXll
1187 570 1566 649 nissuttltlo

796 756 852 831 Ex
877 757 941 835 illis
966 762 1067 853 igitur
1091 783 1178 856 quae
1203 758 1267 831 lruc
1291 780 1399 853 usque
1425 759 1512 832 dicta
1538 768 1633 847 sunt,
1659 770 1751 833 certa
1777 762 1887 857 capita
1903 784 1989 856 quae
2011 763 2055 836 ad

692 875 958 970 perspiciendam
983 876 1206 970 Liturgiarum
1231 897 1349 949 veram
1375 886 1410 948 et
1433 874 1614 969 legitimam
1639 875 1799 965 formam,
1831 887 1898 949 tum
1925 877 1968 951 ad
1995 879 2055 951 le-

693 991 831 1064 reudmn
857 992 900 1064 de
926 992 1065 1068 Graecis
1091 994 1284 1089 Latinisque
1312 992 1467 1084 judicium
1500 994 1646 1064 maxime
1677 992 1867 1082 conferunt,
1901 994 2056 1067 videntur

675 1120 798 1205 'posse
832 1108 954 1201 colligi.
987 1109 1012 1183 1.
1063 1109 1197 1183 Veteris
1235 1118 1270 1182 et
1300 1108 1518 1205 Apostolicae
1550 1107 1723 1201 Liturgiae
1756 1109 1898 1183 formam
1931 1108 2055 1186 mustra

692 1228 808 1320 quaeri
833 1228 866 1296 in
893 1246 991 1298 sacra
1019 1227 1209 1331 Scriptura,
1236 1227 1325 1322 quod
1350 1235 1537 1318 agnoscunt
1560 1225 1805 1317 Protestantes,
1841 1237 1941 1322 atque
1966 1227 2054 1300 adeo

691 1341 915 1436 quaerendum
941 1362 1020 1415 esse
1044 1346 1250 1439 primaevum
1275 1342 1355 1415 illud
1381 1343 1554 1438 exemplar
1577 1346 1612 1414 in
1637 1342 1811 1415 Ecclesia:
1845 1342 1909 1415 lroc
1942 1346 2054 1415 estin

691 1461 855 1529 commonui
881 1457 1141 1531 Christianorun
1167 1461 1310 1532 omnium
1342 1481 1518 1532 consensu.
1552 1460 1592 1532 lI.
1632 1459 1668 1532 lu
1703 1482 1800 1531 unam
1836 1459 2053 1554 eamdemque

689 1569 832 1644 formam
857 1577 1045 1646 consentire
1071 1574 1230 1663 Latinas,
1257 1573 1424 1667 Graecas,
1451 1585 1486 1647 et
1510 1597 1627 1649 omnes
1654 1574 1843 1649 Orientales
1867 1575 2051 1649 Ecclesias.

688 1689 744 1761 ΠΙ.
771 1689 821 1762 lla
848 1694 880 1762 in
907 1690 1024 1785 quibus
1050 1694 1170 1764 rituum
1196 1695 1341 1765 omnium
1370 1691 1581 1782 Latinorum,
1617 1691 1823 1764 Graecorum
1855 1702 1889 1764 et
1922 1691 2052 1766 Orien-

688 1805 801 1878 talium
827 1828 1011 1882 consensus
1038 1811 1249 1902 agnoscitur,
1275 1818 1389 1904 partes
1421 1809 1618 1883 essentiales
1651 1808 1822 1900 Liturgiae
1854 1830 1952 1894 esse,
1987 1830 2051 1881 se·

688 1922 829 1994 cundrnn
856 1945 939 2018 quas
965 1922 1008 1996 de
1033 1946 1075 1997 ea
1102 1935 1155 1997 est
1175 1923 1405 2017 judicandum,
1430 1925 1578 2020 reliquae
1603 1925 1824 1998 indifferentes
1841 1924 1957 1998 haberi
1982 1926 2051 1997 de·

688 2037 777 2112 luent
829 2038 897 2112 lllis
922 2044 968 2112 ita
994 2042 1198 2132 constitutis,
1228 2041 1351 2134 indicia
1383 2041 1637 2116 Prorestantium
1672 2042 1714 2115 de
1748 2040 1887 2115 Graecis
1920 2040 2051 2133 iacobi,

688 2156 814 2249 Marci,
839 2156 954 2230 Basilii
980 2167 1014 2231 et
1039 2156 1270 2254 chrysostomi
1297 2158 1535 2256 expendemus.

1230 2582 1418 2681 titur
1457 2585 1513 2669 lv.

689 2777 777 2865 Quid
791 2778 1012 2870 judicandam
1041 2780 1086 2849 ait
1117 2778 1161 2849 de
1186 2781 1333 2873 antiquis
1359 2780 1504 2853 Graecia
1528 2780 1672 2869 Jacobs,
1704 2782 1834 2869 Marci,
1861 2778 1988 2851 Basilii
2013 2786 2049 2850 et

1152 2898 1377 2992 Chrysostomi
1411 2900 1586 2997 Liturpiis.

724 3258 734 3267 ,
765 3147 925 3254 Juorcrn
950 3176 1208 3249 Protestantium
1241 3174 1285 3247 de
1321 3172 1461 3248 Graecis
1487 3175 1645 3267 Liturgiis
1678 3197 1794 3270 partun
1828 3195 1935 3267 aequa
1971 3197 2048 3248 esse

685 3293 856 3367 mirabitur
885 3314 1003 3382 nemo,
1031 3294 1087 3387 qui
1112 3297 1217 3383 sciet,
1250 3302 1406 3387 quanm
1431 3291 1509 3365 illae
1537 3290 1800 3382 Reformationi,
1826 3293 1916 3361 eirca
1950 3287 2048 3361 iidem

686 3408 928 3497 Eucharistiae,
954 3417 989 3481 et
1013 3409 1098 3481 illios
1125 3406 1347 3481 celebrandae
1373 3410 1506 3480 modum
1529 3407 1783 3481 incommodent
1809 3407 1847 3478 ln
1873 3406 1946 3478 aliis
1961 3409 2047 3478 euim

687 3530 887 3623 antiquitatis
904 3525 1164 3599 Ecclesiasticus
1189 3525 1419 3614 monumentis,
1438 3529 1635 3621 praesertim
1646 3547 1730 3597 vero
1748 3524 1879 3618 scriptis
1906 3533 2047 3596 saucto-

686 3667 759 3716 rum
784 3644 919 3716 Patrom
944 3641 1164 3738 explicandis,
1197 3639 1273 3713 dum
1299 3645 1480 3715 sententias
1512 3645 1707 3739 perspicuas
1738 3638 2048 3713 commentariorum

686 3782 821 3835 suorum
845 3759 992 3833 tenebris
1019 3759 1204 3847 involvunt,
1229 3760 1258 3832 si
1284 3758 1441 3834 subactos
1476 3760 1509 3830 in
1544 3782 1659 3832 eorum
1684 3758 1827 3829 lectione
1853 3754 2046 3847 Theologos

685 3900 802 3975 pamm
829 3886 1059 3967 commovent,
1085 3886 1121 3948 at
1147 3875 1314 3972 discipulis
1350 3885 1384 3948 et
1419 3877 1590 3948 illinisterii
1624 3874 1809 3948 candidatis
1844 3871 1952 3943 fucum
1985 3869 2046 3944 ia-

686 3998 789 4067 ciunt:
823 3996 889 4067 imo
925 4003 959 4066 et
991 3993 1064 4067 aliis
1095 3995 1151 4089 qui
1182 3991 1365 4086 plusculum
1401 3992 1593 4065 eruditionis
1618 3990 1744 4064 habere
1769 3989 1935 4073 videntur,
1970 4009 2045 4058 cum

684 4134 763 4185 raro
791 4133 878 4207 quae
900 4114 1043 4204 juvenes
1070 4110 1250 4197 didicimus,
1277 4132 1376 4183 senes
1396 4119 1580 4182 retractare
1596 4108 1775 4197 soleamus,
1801 4116 1835 4177 et
1860 4106 2046 4196 magistro-

683 4251 757 4300 rum
782 4228 911 4301 dietatis
936 4230 1130 4324 plerumque
1155 4230 1414 4321 aequiescamus.
1444 4226 1604 4300 Catholici
1629 4248 1704 4296 oum
1730 4223 1773 4294 de
1798 4222 1959 4312 Liturgiis
1981 4218 2046 4292 illis

683 4368 752 4419 nou
784 4348 866 4419 satis
901 4345 990 4419 helle
1024 4347 1263 4433 existimarent,
1290 4367 1471 4440 eorumque
1505 4347 1680 4416 autoritate
1713 4344 1776 4411 rix
1805 4346 1987 4425 uterentur,
2012 4336 2046 4409 id

684 4467 772 4536 enim
800 4463 892 4537 solus
917 4485 1024 4559 prope
1050 4462 1131 4534 iecit
1157 4460 1323 4552 Georgius
1350 4459 1557 4555 Cassander,
1584 4458 1754 4530 audaciam
1780 4451 2045 4527 Protestantibus

683 4579 889 4669 addiderunt,
915 4582 1125 4676 praesertim,
1153 4576 1326 4650 camillas
1353 4581 1387 4649 iu
1405 4576 1544 4673 Synodo
1560 4574 1750 4647 Florentina
1778 4597 1798 4645 a
1827 4573 1950 4645 nostris
1976 4567 2044 4640 ho-

683 4694 822 4768 minibus
849 4699 1059 4792 impugnatae
1084 4693 1255 4784 videbant,
1281 4703 1338 4766 aut
1363 4703 1430 4766 tam
1455 4693 1585 4764 irivolis
1601 4692 1803 4784 argumentis
1823 4686 2044 4777 confirmatas,

683 4821 718 4882 ut
742 4811 871 4883 illorum
892 4815 963 4904 iam
984 4811 1118 4885 taedeat
1143 4820 1178 4882 et
1191 4813 1307 4904 pigeat
1325 4811 1534 4882 mediocriter
1560 4808 1719 4880 eruditum
1746 4806 1898 4900 quemvis
1923 4802 2044 4875 Theo-

681 4928 805 5018 logum
855 4928 957 5002 Atei
983 4929 1234 5021 exquisitiorem
1261 4923 1404 4999 Griticen
1437 4928 1470 4997 in
1498 4928 1622 4997 nostris
1656 4926 1774 4995 merito
1803 4919 2043 5008 desideramus,

682 5043 782 5115 multo
808 5046 915 5135 magis
942 5047 975 5115 iu
1000 5040 1275 5133 Protestantilrus,
1302 5065 1344 5116 eo
1363 5045 1560 5139 praesertim
1579 5063 1675 5137 quem
1702 5059 1819 5113 omnes
1845 5036 1951 5109 ierme
1977 5058 2042 5108 re-
