4525 6034
380 566 421 643 [N
439 564 622 646 dluotuu
639 568 865 647 suthantuu
883 570 969 648 stvu
985 569 1194 648 ffluuouu
1211 567 1481 648 nuuffloutnu
1541 569 1619 645 too

245 738 621 837 Graecivacautpeyoilrp
632 748 767 832 εἲςοδον,
776 771 962 818 communem
975 772 1046 817 esse
1062 753 1200 816 omnibus
1212 752 1390 817 Christianis
1402 752 1619 836 Orientalibus,

242 852 318 933 ipsis
340 851 430 913 etiam
452 850 664 934 Aethiopibus.
710 853 810 915 Testis
832 853 970 917 oculatus
992 853 1079 916 istius
1102 854 1314 916 caeremoniae
1326 855 1506 919 Franciscus
1520 852 1619 916 Alva-

244 949 356 1027 rezius,
379 949 460 1013 illam
481 951 512 1012 in
535 951 683 1014 itinerarii
706 952 753 1014 sui
776 951 900 1015 historia
921 953 1095 1034 descripsit,
1118 959 1310 1033 testaturque
1332 970 1451 1034 panem,
1473 953 1539 1015 sive
1559 951 1621 1016 ob·

244 1049 335 1112 latam
365 1048 479 1111 deterri
502 1068 541 1111 en
563 1052 731 1113 secretario
754 1051 784 1113 in
807 1052 972 1134 paropside
994 1052 1140 1132 quadam,
1164 1069 1242 1133 quae
1265 1058 1394 1132 patenae
1417 1059 1542 1114 nostrae
1564 1069 1621 1113 re·

243 1147 391 1228 spondet,
420 1155 452 1210 et
481 1148 607 1211 aliorum
629 1148 826 1213 Orientalium
854 1151 956 1227 disco,
984 1169 1051 1214 eum
1081 1169 1208 1233 pompa,
1239 1151 1338 1214 cereis
1368 1150 1621 1233 praecedentibus

215 1318 222 1333 Χ
243 1245 369 1327 pulsatis
391 1246 478 1309 simul
502 1248 696 1329 campauuhs.
726 1248 788 1313 Sed
808 1249 921 1312 fallitur
948 1249 1018 1318 dum
1040 1249 1187 1331 baymam
1207 1249 1286 1312 illam
1309 1267 1380 1315 esse
1402 1249 1523 1327 scribit,
1552 1265 1621 1310 nam

242 1345 535 1427 praeterllrmenos,
559 1346 740 1411 fermentato
762 1365 842 1428 pane
866 1348 1134 1412 adliucharistiam
1156 1348 1378 1425 celebrandam,
1400 1365 1505 1411 omues
1527 1355 1621 1411 utun·

242 1452 302 1508 tur.
347 1444 380 1506 ln
418 1446 559 1508 versione
589 1444 694 1509 Latina
725 1446 837 1510 dicitur
865 1448 1061 1511 Sacerdotem
1088 1447 1200 1530 afferre
1225 1449 1358 1511 hostiam
1386 1467 1478 1528 saper
1503 1446 1617 1510 attare:

243 1543 326 1624 quod
349 1542 576 1625 intelligendum
599 1553 647 1608 est
668 1564 707 1608 eo
730 1564 819 1626 quem
843 1545 970 1610 diximus
993 1548 1094 1626 modo,
1118 1564 1179 1609 non
1191 1546 1260 1610 Ritu
1271 1546 1389 1627 Latino,
1413 1565 1502 1628 quem
1526 1547 1621 1609 verba

242 1660 320 1723 prae
341 1662 375 1704 se
397 1640 507 1706 ierunt.
552 1644 595 1706 lta
618 1662 740 1726 quoque
761 1645 889 1729 intelligi
912 1646 1003 1709 debet
1025 1646 1122 1709 oratio
1146 1664 1225 1728 quae
1247 1646 1394 1727 sequitur,
1417 1646 1538 1726 pmada
1556 1663 1621 1725 po·

240 1744 326 1803 nitar
347 1743 449 1803 einim
471 1750 602 1824 stapam
622 1745 655 1805 in
677 1745 774 1807 catice
795 1765 816 1807 a
837 1745 987 1822 marotia,
1010 1763 1077 1807 cum
1100 1745 1194 1827 vulgo
1215 1744 1403 1807 inllcclesiis
1417 1742 1621 1807 Orientalibus

242 1838 354 1903 iactum
375 1839 408 1902 id
428 1839 520 1903 buerit
542 1843 573 1904 iu
594 1841 750 1921 Prothesi,
781 1851 832 1906 aut
853 1845 885 1905 in
908 1843 1098 1924 Secretario,
1128 1861 1189 1906 non
1219 1842 1256 1905 sd
1285 1843 1391 1907 altare.
1435 1843 1501 1905 Uno
1525 1842 1621 1906 verba

241 1940 371 2001 maxima
392 1937 590 2003 Rubricarum
612 1960 701 2022 pars,
729 1949 762 2004 ut
784 1942 927 2024 leguntur
948 1944 979 2006 in
1000 1942 1107 2006 Latina
1129 1945 1290 2018 versione,
1317 1940 1416 2004 addita
1439 1949 1487 2004 est
1509 1940 1546 2004 ab
1569 1941 1623 2003 ln-

241 2037 439 2119 terpretibus,
461 2057 520 2101 non
544 2059 585 2103 ex
606 2039 666 2103 lide
689 2040 873 2122 exemplaris
884 2040 1069 2123 Aethiopici,
1084 2044 1113 2104 in
1127 2059 1188 2124 quo
1207 2039 1384 2122 plerumque
1399 2037 1621 2118 desiderantur,

240 2136 301 2199 sed
323 2156 364 2199 er
386 2138 573 2219 conjectura,
596 2157 663 2202 cami
686 2140 772 2203 Ritus
794 2139 965 2204 Orientales
987 2142 1176 2224 ignorarent,
1199 2147 1290 2221 atque
1312 2157 1349 2201 ea
1371 2139 1490 2202 ratione
1510 2137 1621 2201 nullam

241 2233 357 2297 habeut
379 2238 581 2300 autoritatem

435 2497 472 2568 3.
513 2497 690 2570 Sacerdos
715 2498 801 2570 dicit
829 2498 1026 2570 Orationem
1051 2503 1244 2595 pretiorum
1269 2502 1427 2575 actionis.

334 2686 430 2765 Maus
453 2699 484 2761 in
506 2702 650 2764 versione
663 2700 778 2780 Latina,
800 2700 954 2764 Sacerdos
974 2702 1007 2763 in
1027 2705 1202 2783 probarum
1223 2705 1344 2767 actione
1357 2704 1433 2766 dicit
1446 2701 1621 2766 Orationem

238 2811 422 2882 sequentem.
466 2801 521 2865 Est
543 2805 623 2865 enim
645 2802 722 2866 haec
743 2805 851 2883 oratio,
874 2804 980 2868 eadem
1003 2823 1080 2887 quae
1102 2805 1161 2869 hoc
1183 2806 1269 2869 titulo
1280 2806 1457 2869 Oratiamm
1479 2807 1621 2881 muoso,

238 2900 371 2964 babetur
391 2902 422 2962 in
444 2899 581 2986 liturgia
603 2902 723 2983 basilii,
752 2923 842 2986 quam
870 2905 947 2967 male
977 2904 1129 2968 Victorius
1162 2905 1299 2969 Scialach
1329 2907 1543 2986 interpretatus
1572 2911 1620 2966 est

239 2997 419 3062 Orationem
440 3001 484 3062 ad
505 3003 664 3083 mapulam

623 3263 658 3335 l.
700 3263 822 3335 Oratio
849 3263 1035 3335 oblationis
1060 3266 1234 3357 mysticae.

333 3467 388 3547 Ea
412 3496 534 3561 quoque
557 3500 597 3544 en
621 3481 746 3564 Coptica
770 3502 918 3566 expressa
941 3490 1003 3563 est,
1033 3482 1072 3546 de
1100 3500 1160 3565 qua
1182 3480 1249 3544 fuse
1272 3481 1383 3544 dictum
1406 3490 1452 3545 est
1475 3482 1505 3544 iu
1528 3482 1622 3545 Com-

239 3584 404 3647 mentario:
438 3591 469 3645 et
500 3572 707 3665 quaecumque
736 3584 788 3647 illa
818 3585 887 3648 loco
909 3586 1073 3649 observata
1101 3592 1189 3660 sunt,
1217 3602 1315 3665 aeque
1344 3584 1383 3647 ad
1411 3583 1621 3668 Aethiopicam

237 3683 408 3765 Liturgiam
439 3685 599 3764 pertinent.
656 3682 884 3746 Observandum
915 3693 962 3748 cst
998 3687 1029 3749 iu
1059 3684 1204 3748 versione
1235 3683 1340 3746 Latina
1370 3702 1535 3748 occurrere
1564 3685 1621 3748 ista

1669 2821 1947 2894 Tmhpzstwi.
2033 2872 2038 2881 .

238 3782 347 3846 verba.
393 3780 484 3860 Cujus
505 3782 675 3845 mbstanua
698 3791 804 3845 creata
825 3793 968 3860 nonest,
999 3787 1054 3848 sed
1075 3805 1109 3848 es
1126 3803 1238 3865 param
1272 3782 1417 3846 Verbum:
1451 3792 1483 3846 ta
1511 3804 1545 3847 es
1566 3786 1622 3847 Fi·
1690 3856 1697 3870 ‚
1769 3857 1777 3872 .

236 3881 303 3943 licis
323 3880 429 3942 Patris
450 3887 480 3941 et
500 3880 633 3960 Spiritus
655 3884 764 3958 sancti,
787 3882 917 3945 absurde
941 3902 1067 3965 prorsus
1090 3892 1121 3947 et
1144 3883 1292 3964 imperite.
1337 3881 1396 3956 Qui
1417 3883 1494 3947 hanc
1516 3884 1621 3947 Litur-

237 3976 324 4058 giam
346 3979 376 4039 in
398 3976 613 4041 bibliothecam
634 3979 754 4043 Patrum
785 3999 851 4042 cum
881 3983 946 4044 aliis
969 3982 1120 4046 transtulit
1142 3982 1333 4062 Margarinus
1354 3981 1506 4065 bigneus,
1537 4002 1620 4047 more

238 4092 302 4139 suo
323 4073 481 4139 hectorem
504 4080 632 4157 monuit,
663 4087 696 4142 ut
725 4088 813 4143 caute
836 4080 912 4144 haec
934 4082 1067 4164 legeret,
1095 4090 1158 4144 tum
1181 4100 1221 4143 ex
1245 4080 1415 4164 'theologia
1437 4081 1510 4145 nodi
1532 4084 1620 4147 solu-

238 4174 355 4237 tionem
378 4176 547 4259 adscripsit.
592 4179 704 4241 Verum
727 4198 765 4243 eo
788 4179 857 4243 loco
879 4181 1001 4261 hiatum,
1025 4189 1076 4244 aut
1097 4181 1238 4244 mendum
1261 4199 1278 4242 a
1300 4179 1431 4243 librariis
1454 4200 1525 4245 esse
1547 4200 1620 4244 cer-

238 4275 388 4338 tissimum
410 4278 544 4357 videtur,
568 4296 635 4341 cum
658 4280 761 4342 similis
784 4280 943 4343 locutionis
972 4280 1002 4342 iu
1029 4280 1152 4362 scriptis
1175 4279 1402 4362 'theologorum
1424 4279 1620 4342 Orientalium

239 4374 285 4437 de
315 4375 461 4439 Trinitate
490 4376 662 4466 permultis,
692 4386 742 4441 aut
771 4380 801 4441 in
831 4379 896 4442 aliis
926 4378 1027 4458 libris,
1056 4398 1095 4443 ne
1125 4380 1287 4463 vestigium
1316 4378 1435 4460 quidem
1469 4387 1619 4442 occurrat.

237 4472 339 4535 Deest
360 4474 453 4557 igitur
475 4475 604 4557 aliquid3
632 4495 741 4558 nempe
767 4478 860 4565 verba
888 4480 1062 4542 necessaria
1089 4479 1328 4543 adsentantium
1351 4495 1440 4560 quam
1463 4477 1567 4542 Oratio
1590 4480 1621 4542 in

239 4572 411 4655 exemplari
435 4572 562 4657 Coptica
584 4584 796 4657 repraesentat
826 4577 1069 4660 exprimendam,
1100 4577 1151 4641 ubi
1182 4578 1255 4642 nihil
1282 4577 1395 4641 simile:
1427 4578 1483 4641 sed
1513 4578 1622 4641 dicitur

237 4670 338 4734 Filiam
359 4674 627 4737 emimcbstantiatis
648 4675 748 4752 Patri,
770 4684 800 4738 et
820 4676 950 4757 Spiritui
970 4685 1087 4756 saneta,
1110 4686 1141 4740 et
1160 4680 1279 4759 utrique
1301 4685 1490 4740 coarctemus.

330 4768 459 4851 ibidem,
488 4793 580 4853 saper
605 4775 663 4836 hoc
691 4775 791 4838 attare
817 4776 976 4856 spirituale
1003 4785 1093 4839 mam.
1138 4776 1172 4839 ln
1195 4777 1317 4859 vulgata
1340 4777 1498 4853 versione,
1529 4794 1621 4854 super
1658 4780 1670 4801 '

238 4868 303 4931 hoc
323 4870 421 4933 attare
439 4874 584 4952 portatile
605 4874 674 4936 Vox
696 4874 892 4957 Aethiopica,
922 4892 1000 4956 quae
1025 4875 1152 4957 reliquis
1174 4875 1285 4958 linguis
1308 4875 1512 4939 Orientalibus
1535 4891 1620 4936 com·

237 4970 340 5030 munis
363 4976 421 5048 est,
444 4971 515 5034 niihil
538 4971 635 5034 minus
658 4958 819 5056 significat.
854 4975 987 5038 Vocatur
1008 4974 1107 5038 attare
1127 4975 1303 5055 spm'taate,
1324 4974 1355 5037 in
1377 4973 1434 5036 hac
1450 4981 1481 5037 et
1497 4971 1621 5035 inmul-

237 5067 283 5129 tis
305 5067 370 5131 aliis
392 5069 548 5155 liturgiis,
571 5071 642 5154 quia
664 5074 839 5154 mysterium
861 5074 892 5137 in
914 5092 953 5138 eo
976 5074 1172 5154 celebrium,
1198 5074 1333 5154 quanvis
1356 5091 1431 5138 vere
1454 5081 1486 5138 et
1506 5074 1619 5156 reipsa,

266 5190 381 5237 rma
1361 5177 1410 5251 79
