4525 6034
709 576 784 651 358
1211 577 1572 656 LlTllllGlll

707 765 800 837 lecti:
827 764 902 836 Filii
930 768 975 836 tui
1002 765 1151 860 aequalis
1179 763 1237 836 tibi
1264 768 1440 858 unigeniti,
1468 769 1522 862 qui
1550 776 1602 838 est
1627 764 1742 840 simdis
1768 764 1849 855 ubi,
1875 776 1907 837 et
1929 789 2050 862 persona

707 903 754 953 ex
790 880 973 954 substantia
1007 891 1078 954 tua:
1111 881 1216 953 Filius
1250 880 1449 978 'praeclaros
1486 884 1669 975 majestatis
1709 891 1804 955 tuae:
1844 884 1952 955 oriens
1982 885 2051 957 lueis

706 1006 801 1085 tuae,
829 1009 863 1070 et
889 995 1045 1094 splendor
1071 1000 1159 1091 ignis
1186 1000 1251 1086 tui,
1277 1020 1416 1090 germen
1443 997 1575 1091 gloriae
1600 1008 1696 1088 tuae,
1723 1009 1757 1070 et
1782 1001 1892 1092 imago
1914 998 2051 1071 substan-

705 1117 773 1186 tiae
800 1123 896 1201 tuae,
924 1117 1132 1210 omnipotens
1159 1116 1282 1185 virtute
1308 1113 1405 1186 verbi
1432 1118 1492 1187 tui:
1521 1116 1575 1210 qui
1601 1112 1643 1186 ab
1672 1124 1809 1187 aeterno
1837 1137 1882 1186 ex
1913 1124 1945 1185 te
1967 1118 2052 1208 geni-

705 1242 759 1303 tus
786 1242 855 1319 est,
883 1241 916 1303 et
942 1231 1070 1326 absque
1096 1231 1204 1303 initio:
1232 1239 1350 1326 estque
1377 1240 1485 1303 tecum
1513 1229 1771 1304 substantialiter
1798 1241 1832 1302 et
1846 1229 1968 1325 absque
1990 1230 2053 1322 fine,

704 1347 738 1416 in
766 1368 831 1441 quo
858 1355 893 1417 et
917 1368 979 1442 per
1005 1370 1102 1443 quem
1129 1349 1288 1419 creavisti
1314 1346 1469 1419 mundum
1494 1369 1556 1443 per
1581 1350 1722 1440 gratim
1755 1357 1854 1420 tuam
1905 1346 1972 1419 Nos
1995 1350 2053 1440 igi-

705 1472 758 1533 tur
784 1461 926 1535 Domine
953 1475 986 1536 te
1013 1475 1047 1537 et
1080 1462 1169 1535 illum
1205 1473 1239 1535 et
1269 1463 1426 1559 Spiritum
1460 1475 1608 1537 sanctum
1645 1463 1840 1551 adoramus,
1874 1462 2053 1552 matema,

706 1588 740 1649 et
765 1572 1010 1670 glorificamus,
1038 1582 1112 1675 quia
1140 1589 1174 1651 tu
1201 1601 1285 1651 unus
1312 1602 1350 1653 es
1378 1578 1549 1676 tripliciter
1576 1577 1703 1677 absque
1731 1578 1906 1652 divisione.

809 1695 983 1767 Sacerdos
1018 1695 1156 1767 olerone
1189 1718 1315 1767 nocem.
1370 1695 1486 1769 Gloria
1521 1696 1579 1769 tibi
1615 1697 1759 1770 Domine
1794 1719 1856 1792 per
1890 1694 2054 1770 Ecclesiam

705 1823 815 1899 tuam,
851 1834 948 1906 qnam
985 1810 1173 1884 illuminasti
1201 1811 1243 1884 ad
1277 1812 1512 1907 praestandam
1546 1810 1603 1884 tibi
1637 1812 1884 1886 adorationem:
1916 1813 1983 1885 laus
2010 1809 2056 1882 tibi

705 1925 861 1999 reddatur
886 1949 949 2023 per
978 1951 1038 2000 ora
1067 1951 1153 2024 quae
1180 1949 1304 2001 novam
1330 1926 1566 2024 perverbum
1592 1940 1682 2001 tuum
1709 1926 1903 2020 dignitatem
1928 1949 2055 2025 accepe-

705 2056 795 2117 runt:
823 2055 958 2117 sanctus
985 2044 1106 2118 dicaris
1134 2042 1175 2116 ab
1203 2044 1376 2116 immundis
1403 2043 1467 2117 illis
1494 2048 1550 2140 qui
1576 2043 1727 2142 hyssopo
1755 2054 1811 2117 tuo
1837 2048 1968 2140 purgati
1980 2055 2055 2129 sunt3

705 2184 773 2235 non
800 2161 888 2257 quod
914 2159 1157 2254 glorificatione
1172 2171 1286 2234 nostra
1303 2161 1539 2253 magnificeris,
1566 2171 1623 2234 aut
1637 2161 1725 2256 qnod
1742 2163 1928 2252 matianum
1945 2161 2056 2229 actione

706 2300 768 2353 seu
794 2274 1009 2349 confessione
1030 2285 1158 2365 nostra,
1185 2298 1340 2370 magnum
1368 2275 1490 2371 aliquid
1516 2276 1575 2349 tibi
1593 2278 1741 2350 accedat.
1794 2276 1881 2348 Sunt
1906 2277 1988 2346 enim
2010 2275 2056 2344 tibi

704 2397 738 2465 in
765 2391 869 2466 coelis
895 2394 1066 2466 coelorum
1092 2391 1282 2467 laudatores
1309 2391 1437 2488 absque
1462 2416 1617 2467 numero:
1641 2396 1799 2486 juventus
1826 2390 1935 2464 lucida
1960 2399 1991 2462 et
2012 2393 2057 2460 in-

705 2509 874 2598 deficiens
901 2512 1070 2583 exercitus
1097 2509 1264 2581 coelestes
1292 2513 1346 2604 qui
1372 2508 1547 2606 praeclare
1575 2513 1754 2583 essentiam
1768 2519 1860 2581 tuam
1874 2506 2057 2600 glorificant:

706 2628 839 2717 agmina
866 2624 974 2698 lucida
1002 2647 1087 2721 quae
1113 2647 1236 2718 magna
1269 2646 1358 2698 voce
1390 2625 1533 2721 hymnos
1560 2626 1601 2697 ad
1638 2629 1780 2698 invicem
1806 2634 1944 2711 canunt,
1975 2621 2057 2694 millia

706 2740 857 2831 millium,
884 2751 918 2814 et
942 2741 1114 2839 myriades
1140 2739 1343 2837 myriadum,
1371 2764 1456 2836 quae
1483 2766 1598 2816 coram
1625 2754 1659 2815 tc
1686 2744 1871 2815 consistunt
1899 2749 1933 2812 et
1956 2760 2059 2811 nomer

705 2868 855 2930 sanctum
881 2868 970 2930 tuum
997 2858 1155 2931 adorant:
1183 2860 1288 2932 series
1314 2857 1532 2951 longissimae
1558 2864 1645 2953 ignis
1672 2858 1886 2932 devorantis:
1921 2859 1974 2952 qui
2002 2855 2057 2952 hp-

705 2995 801 3047 mnos
839 2972 968 3066 gloriae
1003 2958 1168 3067 majestati
1204 2970 1292 3047 tuae'
1323 2972 1479 3066 ollerunt;
1517 2980 1660 3050 virtutes
1695 2973 1910 3049 admirabiles
1937 2973 2059 3069 spitus

704 3088 931 3179 vehementis,
957 3113 1044 3186 qnae
1069 3089 1320 3165 benedictiones
1347 3095 1475 3165 mittunt
1500 3093 1576 3166 illuc
1602 3091 1659 3165 ubi
1690 3115 1747 3165 es:
1778 3092 1936 3183 legiones
1967 3109 2058 3160 exer-

704 3210 825 3280 cituum
852 3204 1102 3293 flammantium,
1131 3230 1217 3304 quae
1251 3207 1367 3281 laudes
1402 3220 1523 3299 canunt
1557 3221 1697 3282 naturae
1729 3218 1807 3279 tuae
1839 3204 2058 3280 absconditae:

705 3326 862 3420 strepitus
889 3334 1054 3413 rotarum,
1080 3346 1255 3420 vocesque
1283 3322 1459 3397 Cherubim
1488 3330 1542 3421 qui
1568 3327 1709 3418 gloriam
1742 3335 1831 3396 tuam
1859 3321 2058 3394 benedictio-

704 3437 801 3512 nibus
834 3452 1098 3537 prosequuntur:
1134 3451 1249 3512 coetus
1282 3438 1457 3538 Seraphim
1490 3447 1546 3538 qui
1584 3465 1669 3515 sono
1703 3439 1830 3512 alarum
1858 3460 2002 3524 suanm,
2033 3444 2059 3505 et

704 3554 823 3651 plausu
855 3560 952 3628 suavi
987 3555 1118 3630 volatus
1153 3559 1222 3645 sui,
1255 3560 1385 3631 cantica
1418 3558 1608 3631 dulcissima
1634 3559 1799 3632 sanctitati
1835 3565 1915 3627 tuae
1947 3560 2058 3637 canunt

705 3669 819 3744 oribus
846 3677 946 3765 igneo
974 3674 1114 3764 ardore,
1141 3683 1175 3745 et
1199 3671 1298 3746 labiis
1325 3674 1506 3748 carbonum
1532 3679 1636 3748 instar
1667 3672 1899 3761 irrllammatis,
1931 3668 2058 3767 triplices

705 3786 982 3861 sanctificationes
1008 3788 1203 3879 inclamant,
1230 3788 1459 3863 vociferantur
1484 3802 1519 3864 et
1545 3792 1663 3864 dicunt.

807 3904 969 3999 Poprdus.
1023 3904 1176 3978 Sanctus.

806 4020 983 4094 Sacerdos
1008 4022 1201 4094 inclinatur.
1254 4022 1368 4095 Voces
1396 4021 1574 4096 Cherubim
1600 4022 1743 4095 Domine
1768 4021 1966 4094 Trinitatem
1984 4027 2058 4089 uon

705 4138 889 4235 explicant:
916 4149 950 4210 et
975 4141 1259 4231 congregationes
1286 4137 1459 4236 Seraphim
1477 4138 1707 4215 absconditam
1723 4150 1877 4210 naturam
1900 4149 1983 4209 uam
2001 4134 2057 4205 be·

703 4253 875 4328 nedicunt:
904 4255 1038 4329 ordines
1064 4255 1274 4348 Angelorum
1294 4254 1512 4329 substantiam
1529 4266 1615 4328 tuam
1633 4252 1861 4328 admirabilem
1878 4252 2056 4346 glorificant

705 4369 820 4444 Gloria
847 4370 923 4462 tibi,
950 4373 1006 4466 qui
1031 4393 1139 4465 genus
1170 4380 1319 4444 nostrum
1345 4375 1453 4465 gratia
1487 4381 1543 4443 tua
1578 4369 1791 4463 magnificam
1824 4373 1932 4441 misce
1965 4385 2056 4438 voces

592 4532 598 4543 ,
703 4496 837 4562 nostras
864 4498 1016 4561 terrenas
1043 4511 1118 4560 cum
1144 4487 1275 4586 hymnis
1310 4487 1505 4561 coelestium
1538 4488 1698 4560 ordinum.
1751 4487 1803 4559 'lu
1836 4488 1978 4559 Domine
2006 4502 2056 4577 per

702 4606 935 4677 miserationes
961 4614 1034 4677 tuas
1061 4627 1221 4697 magnam
1247 4606 1364 4678 misisti
1390 4603 1432 4676 nd
1457 4626 1521 4678 nos
1547 4603 1760 4677 Salvatorem
1786 4615 1821 4677 ct
1845 4602 2056 4684 liberatorem,

703 4722 907 4813 unigenitum
932 4719 1050 4792 Filium
1077 4730 1167 4792 tuum
1194 4720 1365 4795 dilectum:
1393 4724 1447 4817 qui
1473 4732 1566 4794 ortus
1593 4731 1646 4795 est
1671 4742 1718 4792 ex
1744 4731 1776 4793 te
1803 4720 1965 4812 oVirgo
1989 4727 2054 4787 tnn-

704 4858 802 4929 quam
828 4836 940 4909 radius
967 4859 1013 4908 ex
1039 4836 1113 4908 luce
1141 4840 1174 4907 in
1200 4837 1299 4911 oculo
1325 4859 1410 4934 puro
1437 4836 1608 4930 effidgens.
1660 4836 1804 4933 Accepit
1829 4831 2055 4909 similitudinem

704 4954 796 5022 servi
823 4974 869 5022 ex
894 4960 989 5026 utero
1017 4962 1154 5044 sancto,
1181 4976 1255 5025 com
1281 4976 1366 5025 vere
1392 4957 1436 5027 sit
1461 4952 1637 5026 similitudo
1653 4953 1835 5045 majestatis
1851 4962 1945 5025 trae:
1970 4946 2053 5020 homo

701 5065 808 5142 factus
835 5077 887 5140 est
913 5071 1096 5165 sicutipse
1122 5067 1245 5162 voluit,
1271 5080 1306 5142 ut
1331 5069 1459 5144 faceret
1483 5093 1546 5146 nos
1572 5071 1687 5159 Deos,
1714 5067 1986 5166 quemadmodum
2002 5060 2054 5157 ipsi
