4525 6034
527 595 748 674 concord
778 595 1019 674 onrnouor
1052 597 1280 694 onruurrs,
1317 613 1368 675 a.
1522 555 1599 676 aar

334 783 519 857 Sacerdos.
572 785 656 856 Pax.

333 899 495 995 Populus.
547 899 591 974 Et
618 923 692 974 cunr
719 904 834 998 spiritu
863 910 928 973 tuo.

207 1051 210 1056 ·
333 1017 521 1089 Diaconos.
574 1018 667 1106 Post,
694 1027 756 1089 etc.
816 1063 822 1074 ·

331 1133 493 1228 Populus.
548 1133 671 1207 Coram
700 1143 732 1205 te
757 1136 910 1207 Domine.

330 1249 516 1323 Sacerdos.
570 1249 666 1322 Nunc
698 1252 841 1322 Domina
873 1249 1137 1346 quandoquidem
1164 1273 1225 1346 per
1251 1256 1392 1344 gratiam
1427 1263 1515 1326 tuam
1541 1258 1600 1325 in-

230 1366 573 1465 comprehensibilem,
600 1370 794 1463 praestitisti
820 1366 918 1441 nobis
944 1377 979 1440 ut
1005 1373 1325 1442 communicaremus
1342 1368 1415 1443 huic
1436 1374 1598 1467 mysterio

229 1481 364 1572 divino,
391 1494 424 1556 et
451 1482 581 1555 divinos
614 1483 769 1573 iaciente,
796 1498 897 1579 utque
931 1483 1028 1558 nobis
1059 1489 1207 1557 uniretur
1242 1507 1364 1581 corpus
1396 1486 1476 1575 boc,
1509 1486 1598 1582 quod

228 1608 281 1672 est
307 1592 428 1695 corpus
455 1608 543 1672 turum
572 1610 734 1687 sanctum,
762 1610 795 1671 et
822 1604 958 1693 sanguis
994 1601 1058 1691 hic,
1087 1605 1141 1697 qui
1167 1612 1220 1674 est
1246 1605 1383 1694 sanguis
1410 1611 1484 1675 tuus
1509 1626 1598 1699 pro-

227 1718 426 1810 pitiatoriuS,
452 1740 496 1789 ne
522 1718 726 1791 condemnes
751 1740 815 1791 nos
842 1720 876 1789 in
903 1718 957 1791 die
983 1717 1200 1791 revelationis
1228 1709 1322 1806 luae,
1356 1741 1483 1813 sponse
1511 1743 1599 1792 coe-

229 1830 322 1906 lestis
350 1831 499 1925 Christe3
525 1856 634 1930 neque
660 1833 765 1906 facias
791 1856 854 1908 nos
882 1834 1011 1908 abacos
1030 1858 1050 1906 a
1072 1835 1170 1931 plena
1195 1834 1411 1930 perfectaque
1426 1836 1598 1932 voluptate

228 1952 378 2022 convivii
405 1954 451 2022 tul
478 1949 673 2045 spiritualis:
707 1973 815 2045 neque
843 1951 885 2024 ab
914 1952 970 2025 illo
998 1950 1085 2023 bono
1112 1950 1287 2047 spirituali:
1322 1960 1357 2023 tu
1388 1955 1443 2046 qui
1477 1949 1598 2021 arrha-

227 2063 349 2140 bonem
377 2070 467 2142 vitae
493 2066 611 2138 dedisti
627 2066 737 2155 nobis,
765 2090 887 2163 corpus
904 2074 1165 2163 sanguinemque
1182 2078 1271 2140 tuum
1287 2077 1446 2139 sanctum.
1473 2067 1599 2140 Verum

228 2186 457 2277 pergratiam
485 2193 590 2272 tuarn,
611 2207 715 2280 parce
740 2183 838 2256 nobis
870 2185 1028 2273 Domine,
1062 2206 1172 2278 neque
1200 2182 1345 2279 repellas
1372 2171 1435 2256 nos
1463 2180 1505 2253 ab
1533 2206 1598 2253 ac-

229 2296 340 2370 cubitu
367 2309 434 2386 tuo,
463 2302 614 2395 quamvis
640 2299 742 2372 induti
768 2299 919 2373 vestibus
954 2299 1097 2375 sordidis
1124 2303 1198 2372 ausi
1225 2321 1338 2372 sumus
1364 2298 1528 2371 accedere
1556 2297 1598 2368 ad

229 2424 345 2487 sancta
371 2426 436 2487 tua.
479 2415 529 2486 Tu
558 2419 643 2487 enim
671 2420 744 2512 ipse
771 2438 810 2487 es
836 2417 979 2489 Domine
1005 2420 1060 2512 qui
1086 2438 1149 2513 pro
1175 2414 1410 2512 peccatoribus
1437 2419 1598 2487 incarna-

229 2541 282 2605 tus
309 2553 358 2619 es,
386 2542 520 2604 etcum
547 2532 731 2627 publicanis
759 2542 990 2622 conversatus,
1016 2527 1153 2607 ueniam
1179 2532 1243 2604 illis
1269 2534 1476 2605 concessisti.
1525 2530 1597 2604 Nos

229 2670 361 2744 proque
377 2648 520 2720 Domine
546 2647 592 2719 illi
619 2671 744 2738 sumus,
772 2651 825 2745 qui
852 2660 885 2722 te
912 2650 1059 2723 conlassi
1085 2648 1218 2737 luimus,
1243 2671 1353 2743 neque
1370 2670 1491 2721 nomen
1509 2657 1598 2719 tuum
1656 2645 1659 2650 ’

228 2762 486 2858 abnegavimus:
514 2764 574 2838 sed
601 2769 677 2860 quia
704 2766 862 2863 operibus
882 2769 1005 2839 nostris
1026 2765 1189 2862 deturpati
1216 2787 1341 2853 sumus,
1369 2786 1470 2859 parce
1498 2760 1594 2837 nobis

228 2881 385 2965 obone,
419 2886 561 2975 ignosce
593 2882 739 2956 nobiso
773 2885 979 2955 misericors:
1011 2904 1055 2954 ne
1086 2886 1120 2953 in
1153 2879 1339 2975 gebennam
1374 2879 1487 2953 tradas
1519 2902 1596 2967 nos,

226 3022 302 3071 curn
329 3019 452 3094 corpus
478 3008 569 3072 tuum
595 3010 629 3071 et
656 3002 791 3091 sanguis
819 3010 905 3087 tuus,
932 3002 965 3069 iu
980 2997 1139 3071 membris
1165 3000 1300 3085 nostris,
1327 3000 1361 3068 in
1387 2995 1597 3092 corporibus,

227 3126 262 3187 et
289 3114 461 3187 animabus
488 3118 612 3189 nostris
640 3114 834 3188 abscondita
869 3118 949 3187 sint:
983 3112 1044 3187 sed
1071 3113 1256 3211 depellatur
1282 3117 1369 3206 ignis
1396 3112 1502 3186 odora
1529 3113 1598 3185 ali-

224 3236 357 3304 moniae
383 3230 469 3303 illius
496 3229 649 3303 deilicae:
677 3230 875 3305 obtundatur
888 3234 980 3304 acies
997 3228 1099 3323 gladii
1120 3230 1299 3314 versatilis,
1326 3254 1347 3301 a
1372 3230 1480 3322 ligura
1506 3233 1597 3301 ima-

225 3351 314 3442 ginis
341 3357 418 3420 tuae
445 3358 595 3433 sanctae,
622 3352 698 3443 quia
725 3348 783 3420 tibi
817 3347 959 3442 gloriam
986 3345 1174 3438 relcrimus,
1202 3369 1222 3419 o
1250 3350 1359 3442 pictor
1385 3348 1597 3440 peritissime,

225 3476 260 3538 et
291 3467 381 3537 Patri
415 3474 471 3538 tuo
507 3465 616 3559 opillci
657 3462 857 3555 admirabili,
895 3474 929 3536 et
961 3463 1097 3560 Spiritui
1132 3473 1250 3536 sancto
1284 3461 1479 3558 plasmatori
1505 3484 1591 3558 per-

225 3581 329 3671 fecto,
356 3590 419 3652 etc.
714 3649 718 3656 ,
1358 3601 1363 3616 ’

330 3696 490 3790 Populos.
542 3700 663 3771 Arnen.

332 3814 519 3885 Diaconos.
571 3813 717 3886 Benedio
745 3815 896 3886 Domine.

328 3929 514 4002 Sacerdos.
565 3933 658 4003 Deus
684 3929 826 4003 benedic
852 3921 1003 4004 omnibus
1030 3929 1141 4003 nobis.

647 4238 1182 4281 ψ

288 4578 349 4670 ΙΝ
390 4575 731 4669 LITURGIAM
773 4575 1073 4669 GllllGllllll
1105 4569 1535 4665 titillatam

795 4768 1024 4854 notit.

315 5013 344 5079 l.
389 5002 502 5082 Aaron
524 5013 612 5092 bujns
633 5013 797 5096 liturgiae,
820 5014 846 5076 is
869 5014 935 5095 ipse
958 5015 1009 5095 qui
1032 5032 1072 5076 ex
1090 5010 1221 5074 Historia
1235 5010 1444 5092 Dynastiarurn
1461 5008 1593 5072 Arabico

217 5126 260 5187 ,ct
286 5118 391 5183 Latine
420 5118 457 5182 ab
485 5117 625 5182 Eduardo
656 5116 809 5182 Pooocklo
838 5116 948 5180 Oxonii
978 5114 1070 5182 1666.
1100 5115 1196 5193 edita,
1228 5116 1400 5178 notissimus
1430 5122 1486 5179 est.
1533 5112 1593 5178 Sed

185 5223 188 5228 ’
255 5244 378 5289 romanu.
1342 5219 1391 5292 62
