4525 6034
695 571 762 644 XX
1127 579 1630 660 DISSIIRTATIO

572 770 574 775 ⁴
695 770 779 857 tino,
806 770 839 837 in
865 789 931 862 quo
958 766 1032 839 solo
1065 777 1199 861 repertu
1232 780 1302 857 est,
1338 774 1382 841 ita
1410 780 1521 843 tamen
1556 781 1592 842 ιιι
1623 793 1691 844 non
1725 771 1789 845 soli
1821 774 1959 865 basilio,
1989 776 2045 851 sed

695 869 861 962 Gregorio
896 871 991 943 simrd
1025 871 1237 946 Nazianzeno
1272 874 1450 964 tribuatur,
1478 885 1511 946 et
1546 874 1655 970 aliqua
1687 879 1772 947 inter
1799 880 1898 950 istrum
1922 889 1954 950 et
1976 902 2040 951 eum

695 996 792 1067 quem
818 973 942 1046 Masius
968 979 1200 1072 interpretatus
1229 986 1300 1067 est,
1326 1000 1393 1050 non
1420 988 1530 1049 tamen
1548 982 1664 1071 magni
1676 984 1851 1069 momenti,
1877 981 2040 1056 diversitas

694 1078 980 1150 animadvertatur.
1290 1079 1293 1085 ’

430 1205 469 1258 ιιι,
496 1204 585 1259 orna,
612 1210 682 1278 quor
796 1182 936 1254 XXXII.
970 1182 1024 1254 De
1054 1172 1243 1275 fragmento
1279 1185 1368 1280 quod
1402 1183 1517 1257 Officio
1550 1184 1744 1281 Baptismali
1776 1186 1898 1259 Severi
1927 1188 2040 1261 Antio-

374 1292 453 1345 curru
469 1291 634 1347 noueremus.
694 1286 789 1358 cbeni
816 1285 957 1377 subjecit
982 1284 1090 1357 Guido
1117 1286 1290 1359 Fabricius
1316 1287 1536 1378 Boderianus,
1563 1299 1717 1385 superest
1742 1300 1778 1361 ut
1803 1291 1956 1361 nonnulla
1980 1291 2041 1362 ob-

694 1401 880 1463 serventur.
894 1392 977 1463 Pars
985 1401 1036 1463 est
1044 1391 1137 1484 prior
1146 1389 1249 1463 Officii
1258 1394 1449 1479 communis,
1458 1400 1523 1486 qiro
1529 1414 1649 1487 preces
1662 1394 2042 1493 προπαρασκευασιικαὶ

694 1499 911 1581 continentur,
938 1516 1012 1566 cum
1039 1493 1199 1585 adjunctis
1225 1494 1362 1584 ritibus,
1397 1499 1451 1590 qui
1477 1520 1551 1566 cum
1586 1495 1659 1567 aliis
1687 1519 1770 1595 quos
1802 1500 1983 1593 reperimus
2011 1502 2041 1568 in

693 1602 797 1670 variis
823 1597 1006 1688 codichus,
1032 1619 1099 1668 non
1124 1601 1260 1670 omuino
1279 1603 1490 1688 conveniunt,
1518 1600 1578 1671 sed
1597 1599 1684 1671 levis
1700 1609 1752 1671 est
1778 1599 1950 1672 admodum
1976 1601 2041 1673 dis-

695 1705 879 1798 crepantia,
908 1703 1001 1792 cujus
1034 1704 1120 1773 ratio
1152 1700 1309 1773 reddetur
1334 1706 1368 1773 in
1395 1700 1640 1775 Commentario
1668 1702 1709 1773 ad
1734 1703 1853 1776 lacobi
1880 1704 2041 1799 Syriacam

411 1804 884 1898 P-1¹⁹·E‹tse·tirurgam.
917 1803 1006 1877 Esse
1039 1815 1146 1876 autern
1179 1804 1258 1878 illud
1290 1804 1439 1877 Officium
1472 1804 1634 1878 JacobitIs
1665 1809 1835 1902 proprium
1871 1811 2042 1881 certissime

372 1894 427 1946 ¹⁴¹¹·
693 1908 935 1981 demonstratur
968 1931 1014 1980 ex
1045 1912 1196 1981 oratione
1229 1909 1389 2005 quadam,
1423 1930 1484 1981 seu
1522 1909 1753 2005 Respousorio
1788 1911 1930 2002 Severi,
1955 1933 2041 2005 quem

693 2037 766 2084 eum
794 2016 900 2085 saneti
924 2011 1108 2084 honorabili
1135 2011 1241 2100 titulo,
1269 2012 1325 2085 alii
1352 2010 1525 2084 Christiani
1550 2036 1618 2085 non
1646 2014 1882 2109 appellassent.
1934 2014 2041 2109 Neque

692 2126 802 2187 tamen
834 2115 965 2189 Severo
1002 2138 1085 2210 opus
1120 2114 1338 2204 adscribitur,
1371 2120 1470 2188 etlam
1500 2120 1533 2187 in
1565 2120 1639 2212 ipso
1667 2117 1783 2189 codIce
1810 2140 1909 2213 quem
1933 2116 2040 2188 Bode-

690 2224 802 2293 rianus
830 2229 962 2293 secutus
993 2229 1059 2309 est,
1089 2220 1177 2290 unde
1208 2218 1387 2292 lectorIbus
1420 2219 1526 2291 fraudi
1560 2219 1637 2309 luit,
1668 2243 1736 2292 non
1770 2225 1804 2291 in
1839 2223 2041 2316 inscriptione

690 2323 801 2412 modo,
830 2324 891 2396 scd
916 2323 1016 2396 multo
1043 2326 1151 2414 magis
1190 2327 1224 2395 in
1262 2326 1434 2413 versione,
1471 2346 1556 2418 quae
1589 2333 1625 2394 ut
1660 2322 1765 2397 altera
1792 2324 1898 2396 Officii
1932 2325 2040 2419 Rapti-

690 2427 820 2515 smalis,
855 2450 970 2522 parum
996 2437 1151 2499 accurata
1179 2437 1248 2515 est,
1280 2431 1476 2521 praesertim
1509 2431 1542 2497 in
1568 2426 1709 2499 vocibus
1742 2427 1936 2517 ritualibus,
1968 2448 2040 2521 quas

688 2552 766 2601 raro
793 2535 956 2626 interpres
990 2530 1169 2620 intellexit,
1202 2534 1257 2602 vir
1290 2529 1412 2624 alioqui
1444 2534 1477 2601 in
1510 2530 1652 2625 Syriaca
1684 2529 1797 2623 lingua
1833 2531 2041 2602 doctissimus.

687 2633 726 2705 ln
753 2655 794 2705 eo
821 2633 936 2706 Officio
963 2637 1172 2706 continentur
1197 2632 1265 2724 illa,
1292 2656 1377 2728 quae
1403 2632 1615 2728 Anapboram
1642 2639 1777 2729 proprie
1804 2633 1924 2706 dictam
1952 2644 2041 2706 ante-

689 2737 828 2808 cedunt:
855 2760 974 2833 nempe
1000 2760 1106 2831 usque
1134 2736 1175 2809 ad
1202 2735 1352 2811 osculum
1385 2740 1477 2832 pacis
1507 2747 1540 2808 et
1564 2737 1824 2810 Praelationem:
1853 2737 1980 2833 reIIqua
2002 2758 2042 2808 ex

690 2839 763 2913 aliis
789 2841 947 2933 Litargiis
973 2841 1116 2937 petenda
1144 2852 1246 2913 erant.

419 2949 491 3009 ttasii
508 2951 542 3003 te
561 2948 677 3021 liturgia
791 2946 944 3017 XXXIII.
974 2946 1063 3017 Illius
1093 2943 1239 3018 fortasse
1267 2947 1466 3034 occasione,
1500 2943 1700 3016 adducentur
1730 2944 1890 3016 nonnulli⁴
1913 2948 1947 3016 in
1977 2967 2042 3016 eam

367 3030 676 3101 ¹³⁸⁸i¹³¹l⁰d³⁰⁵¹¹¹¹¹¹⁰f⁰¹·
689 3053 884 3122 sententiam
912 3071 1009 3145 quam
1035 3046 1134 3143 paulo
1162 3048 1376 3121 confidentius
1402 3052 1587 3142 proposuit,
1613 3052 1702 3120 circa
1729 3048 1849 3120 editam
1878 3072 1900 3120 a
1927 3048 2040 3121 seba·

368 3119 437 3174 ¹⁵¹⁰*
688 3158 755 3225 tine
780 3152 894 3224 Rasdii
920 3153 1094 3248 Syriacam
1120 3151 1315 3244 Liturgiam‚
1341 3151 1496 3223 Andreas
1522 3149 1664 3225 Masius:
1697 3151 1803 3223 videri
1829 3151 1959 3225 scilicet
1982 3174 2039 3223 an-

687 3260 861 3352 tiquiorem
889 3254 1018 3328 Graeca
1045 3255 1194 3346 ejusdem
1220 3258 1372 3345 nominis,
1400 3255 1487 3349 quod
1514 3265 1548 3325 et
1573 3255 1727 3343 brevior,
1754 3278 1818 3326 nec
1844 3265 1937 3327 tanto
1963 3277 2038 3326 cae-

685 3365 907 3432 remoniamm
934 3369 1095 3455 apparatu
1122 3369 1285 3431 exornata
1308 3357 1403 3430 foret.
1430 3358 1525 3430 Hane
1548 3357 1645 3429 illasii
1661 3361 1850 3453 opinionem
1878 3359 2038 3454 amplexus
2152 3357 2154 3369 '

687 3475 739 3537 est
763 3465 912 3536 famosus
939 3466 1044 3534 nostri
1072 3466 1230 3557 temporIs
1256 3461 1514 3557 hypercriticus,
1542 3466 1595 3555 qui
1621 3461 1664 3533 de
1690 3461 1868 3554 Liturgiis,
1898 3458 2039 3557 quidquid

688 3565 868 3655 scriberet,
902 3574 1035 3661 semper
1061 3564 1184 3661 altquid
1210 3565 1386 3657 injiciebat.
1439 3563 1509 3637 Sed
1534 3587 1739 3660 magnopere
1769 3576 1913 3660 uterque
1944 3563 2038 3636 aber-

685 3675 789 3743 ravit:
815 3694 891 3742 uam
922 3669 1065 3766 SyrIaca
1091 3669 1147 3741 Illa
1173 3668 1288 3757 Masii,
1323 3678 1358 3741 ut
1384 3690 1499 3742 omnes
1533 3668 1692 3762 reliquae,
1719 3691 1792 3739 cum
1819 3669 1864 3742 ab
1894 3669 2039 3741 Oratione

687 3773 792 3846 osculi
818 3777 911 3869 pacis
937 3776 1104 3867 incipiant,
1131 3794 1198 3845 uon
1224 3777 1406 3864 integram,
1438 3772 1498 3845 sed
1525 3771 1723 3843 dimidiatam
1748 3772 1934 3864 Liturgiam
1959 3793 2037 3843 con-

685 3882 802 3959 tinent:
830 3879 970 3972 quaesi
997 3880 1163 3949 communi
1186 3876 1301 3948 Officio
1328 3876 1526 3968 adJungitur,
1553 3875 1642 3969 quod
1668 3897 1800 3971 semper
1825 3876 1901 3947 lieri
1928 3873 2036 3960 debuit,

685 3991 762 4053 tune
796 3982 937 4077 Syriaca
971 3979 1122 4071 LitargIa
1161 3978 1275 4052 Basilii
1314 3979 1476 4051 Graecam
1517 3979 1707 4075 prolixitate
1749 3978 1971 4075 exaequabit,
2008 3986 2036 4047 et

685 4084 830 4158 fortasse
857 4085 1034 4181 superabit.

415 4212 521 4279 syriaca
537 4211 624 4281 lingua
643 4228 674 4263 ex
713 4224 714 4229 ,
789 4189 944 4261 XXXIV.
971 4186 1121 4260 Tandem
1147 4187 1190 4259 de
1215 4185 1327 4279 lingua
1355 4210 1419 4283 qna
1446 4183 1526 4283 Syri
1552 4186 1666 4258 Officia
1678 4209 1739 4259 sua
1754 4184 1927 4257 celebrant
1940 4206 2035 4281 pauca

365 4314 417 4367 <11¹⁰
432 4299 614 4367 vurgnrscsse
627 4299 674 4350 aa·
687 4294 826 4365 dicenda
841 4292 936 4366 ‘sunt
982 4292 1125 4387 Syriaca
1157 4294 1333 4385 antiquitus
1369 4312 1466 4365 sacra
1497 4288 1664 4361 celebrata
1697 4288 1790 4360 iuere
1826 4289 1904 4360 dum
1936 4290 2035 4379 lingna

363 4385 406 4437 '¹³‘
427 4386 454 4436 ³¹¹
480 4387 559 4438 ’πώ
580 4383 675 4438 ΟΜ
687 4396 868 4471 vernacula
903 4397 989 4490 apud
1024 4395 1132 4490 Syros
1168 4405 1258 4466 erat:
1293 4403 1327 4466 et
1352 4392 1467 4465 eadem
1494 4392 1618 4465 Psalmi
1652 4392 1873 4483 canebantur,
1900 4397 2033 4486 scriptu-

361 4477 468 4523 Μ’
687 4525 813 4597 raeque
839 4523 958 4574 sacrae
983 4497 1145 4570 lectiones
1170 4495 1301 4572 fiebant.
1338 4497 1403 4569 Ubi
1433 4496 1582 4588 vulgaris
1618 4519 1695 4568 esse
1722 4496 1836 4585 desiit,
1871 4495 1956 4590 quod
1985 4493 2033 4563 fa-

687 4616 775 4680 cturn
801 4614 864 4694 est,
897 4626 971 4674 cum
1005 4599 1139 4675 Arabes
1180 4611 1282 4673 totum
1315 4601 1420 4672 lerme
1453 4602 1623 4672 Orientem
1654 4602 1753 4672 armis
1785 4604 2033 4695 occupaverunt,

685 4733 753 4783 non
784 4709 908 4781 idcirco
942 4715 1064 4778 mutata
1091 4705 1262 4802 disciplina
1289 4715 1361 4795 est,
1394 4704 1454 4778 sed
1480 4706 1653 4799 primaeva
1682 4702 1796 4794 ltngua
1827 4710 2031 4774 conservata:

684 4825 721 4888 ut
747 4813 833 4909 apud
858 4814 1051 4906 Aegyptios
1079 4808 1235 4905 Coptica:
1264 4806 1396 4881 Graeca
1421 4811 1547 4904 passim
1574 4807 1661 4903 apud
1687 4805 1913 4881 Ortbodoxos.
1945 4804 2030 4879 Scri·

684 4928 852 5013 pturarum
878 4917 991 4988 versio
1018 4911 1165 4985 Arabica
1192 4924 1269 5008 post
1295 4909 1469 5008 Syriacam
1497 4909 1683 5004 legebatur,
1709 4914 1743 4981 in
1769 4913 1911 5002 gratiam
1936 4908 2029 5008 plebis

684 5020 874 5113 illiteratae:
901 5018 963 5091 scd
987 5040 1086 5107 sacra
1113 5020 1220 5107 actio,
1255 5038 1340 5111 quae
1374 5016 1583 5088 sacerdotum
1619 5013 1822 5087 orationibus
1858 5010 2029 5097 constabat,

684 5127 792 5196 veteri
816 5124 929 5217 lingua
955 5120 1198 5215 celebrabatur,
1225 5129 1259 5192 et
1285 5120 1433 5193 eumdem
1466 5140 1593 5192 morem
1625 5116 1688 5191 hue
1722 5141 1827 5214 usque
1854 5112 2028 5190 Orientales
