4525 6034
514 624 598 700 SIVE
625 622 757 701 CANON
781 624 1027 702 UNIVERSALIS
1054 624 1284 703 mimorum.
1512 626 1586 701 491

317 811 502 884 Sacerdos.
528 811 623 884 Mitte
649 814 791 904 grotiem
817 810 960 908 Spiritus
987 815 1093 885 suncti
1120 834 1223 908 super
1248 834 1322 887 nos.

317 927 507 999 Diaconum
534 926 670 1020 surgite
697 927 740 998 ed
766 931 962 1000 orationem.

490 1203 551 1275 15.
588 1203 765 1275 Socerum
791 1202 876 1273 dicit
903 1204 1100 1274 Orationem
1122 1206 1320 1296 fractionis.

317 1391 451 1465 Grotius
484 1390 647 1464 humiliter
689 1413 756 1484 ogo
790 1390 849 1464 tibi
882 1391 1026 1464 Domine
1059 1394 1152 1495 Deus
1193 1414 1308 1482 meus,
1342 1395 1441 1468 totius
1477 1395 1590 1467 mundi

210 1518 351 1603 potens:
379 1512 433 1603 qui
460 1508 559 1581 sedes
586 1530 688 1603 super
714 1507 866 1580 thronum
893 1506 1089 1596 Cherubim,
1124 1511 1179 1602 qui
1206 1511 1239 1579 in
1273 1507 1420 1583 excelsis
1446 1508 1589 1604 habitos,

211 1628 298 1696 etin
316 1623 527 1698 inferioribus
546 1623 761 1717 glorificeris:
790 1627 847 1721 qui
865 1627 899 1696 in
916 1624 1038 1696 lumine
1053 1622 1260 1697 substantioe
1274 1635 1352 1696 niae
1366 1627 1595 1729 'requiescens'

209 1744 245 1813 in
272 1752 459 1829 ueternum,
485 1744 680 1838 mysterium
707 1741 935 1814 absconditum
962 1743 1072 1839 crucis
1098 1738 1318 1813 manifestasti
1343 1741 1451 1815 nobis.
1507 1742 1589 1828 Quis

209 1858 305 1930 Dens
332 1860 526 1929 misericors
553 1868 587 1930 et
612 1866 746 1932 sanctus
773 1861 859 1929 siout
883 1867 939 1947 tu,
966 1858 1060 1948 cujus
1088 1866 1141 1929 est
1166 1860 1331 1951 potentin,
1358 1880 1444 1952 quae
1471 1882 1491 1928 o
1517 1879 1588 1929 no-

209 1971 262 2047 bis
297 1973 457 2066 elongato
489 1995 557 2047 non
593 1983 662 2063 est,
695 1973 826 2069 quando
864 1973 996 2069 quidem
1022 1982 1224 2069 potestatem
1251 1972 1370 2045 dedisti
1401 1972 1589 2069 Apostolis,

210 2099 245 2160 et
270 2087 338 2162 illis
366 2093 422 2185 qui
449 2093 600 2161 serviunt
625 2088 683 2162 tibi
709 2094 842 2162 sincero
870 2088 985 2178 corde,
1013 2101 1047 2161 et
1072 2092 1113 2160 iis
1141 2092 1197 2184 qui
1224 2088 1364 2161 offerunt
1390 2088 1448 2162 tibi
1475 2093 1588 2162 sacri-

208 2204 285 2278 ficio
313 2208 348 2277 in
376 2205 514 2278 odorem
547 2209 737 2292 suavitatis,
774 2228 836 2301 per
870 2207 1047 2278 Dominum
1083 2215 1117 2277 et
1152 2205 1259 2278 Deum
1290 2216 1438 2280 nostrum
1472 2207 1588 2279 Jesum

210 2318 400 2393 Christum:
433 2319 576 2415 tibique,
611 2322 658 2393 iili
684 2332 718 2394 et
743 2320 880 2416 Spiritui
913 2331 1052 2410 sancto,
1094 2318 1234 2394 debetur
1272 2324 1454 2414 gratiarum
1489 2325 1588 2409 ectio,

209 2435 344 2528 gloria,
371 2445 404 2506 et
430 2435 577 2509 laudatio
603 2440 637 2508 in
666 2437 801 2509 saecula
829 2436 1049 2509 soeculorum.
1075 2437 1197 2509 Amen.

314 2549 504 2623 Diaconum
532 2553 597 2639 Qui
624 2556 719 2626 stetis
745 2552 912 2625 humiliate
939 2557 1049 2649 capite
1074 2564 1201 2627 vestro.

196 2682 202 2693 ·
319 2664 504 2740 sacerdon
532 2666 675 2740 Domine
702 2670 756 2764 qui
783 2669 883 2742 sedes
910 2690 1012 2766 super
1038 2668 1235 2757 Cherubim,
1263 2678 1299 2742 et
1324 2671 1445 2765 aspicis
1472 2692 1587 2765 popu·

211 2779 279 2854 lum
309 2792 344 2853 et
369 2779 607 2856 hoereditatem
633 2794 738 2875 mom,
765 2782 906 2857 benedic
933 2787 1042 2859 servis
1069 2797 1103 2857 et
1129 2784 1258 2857 ancillis
1291 2786 1374 2875 tuis,
1406 2808 1588 2882 eorumque

87 2908 93 2921 '
211 2895 302 2989 filiis,
331 2906 365 2969 et
388 2897 536 2972 retribue
561 2902 737 2995 unicuique
764 2903 819 2996 qui
845 2904 960 2973 veniet
984 2910 1113 2997 portem
1140 2910 1337 2997 accepturus
1364 2924 1410 2973 ex
1436 2901 1587 2974 admiro-

210 3009 271 3085 bili
297 3036 414 3087 mensa
441 3026 515 3105 tun,
542 3038 617 3088 curn
643 3017 847 3089 conscientie
873 3038 972 3113 pure,
999 3020 1231 3091 remissionem
1246 3028 1474 3114 peccatorum,
1501 3041 1587 3113 quae

211 3152 288 3201 cnm
316 3129 440 3226 Spiritu
468 3140 585 3207 sancto
612 3136 789 3225 conjuncto
817 3141 887 3224 est,
913 3131 956 3203 nd
982 3131 1122 3205 sulutem
1150 3135 1281 3205 animae
1296 3142 1331 3205 et
1352 3137 1517 3229 corporis,
1545 3132 1588 3205 ed

210 3244 372 3318 coelestis
397 3250 494 3340 regni
520 3247 788 3342 consequendam
815 3245 1067 3319 hoereditatem:
1098 3252 1327 3344 pergratiam
1359 3258 1394 3321 et
1425 3247 1586 3322 volunte-

210 3371 278 3434 tem
308 3365 469 3455 unigeniti
493 3362 568 3434 Filii
595 3366 660 3453 tui,
686 3385 748 3458 per
775 3386 872 3459 quem
899 3362 957 3435 tibi
983 3373 1017 3435 et
1043 3362 1140 3436 simul
1166 3386 1240 3436 cum
1268 3387 1324 3456 eo,
1351 3374 1386 3436 et
1411 3387 1486 3437 oum
1500 3364 1587 3461 Spi-

211 3480 277 3550 ritu
312 3487 450 3570 sencto,
484 3487 537 3553 est
562 3478 671 3571 glorie
697 3490 731 3551 et
756 3489 927 3576 potestas,
961 3500 1049 3550 nunc
1075 3489 1110 3551 et
1136 3501 1290 3575 semper,
1317 3491 1351 3553 et
1383 3482 1417 3553 in
1449 3479 1586 3555 soeculo

212 3592 434 3668 saeculorum.
460 3595 581 3667 Amen.

324 3709 382 3784 16.
408 3710 648 3783 Subdiocoom
672 3711 770 3782 &mol
795 3735 869 3782 cum
888 3712 1018 3805 popolo
1045 3712 1167 3783 dicent.
1220 3711 1400 3785 Exercitus
1426 3712 1586 3804 Angelo-

211 3850 285 3899 rum
316 3827 493 3901 salvatoris
518 3827 629 3900 mundi
655 3838 743 3901 stent
768 3850 882 3901 coram
910 3851 971 3919 eo,
998 3839 1031 3901 et
1045 3832 1317 3925 cingrmtcorpus
1334 3830 1586 3920 etsoogninem

211 3944 350 4017 Domini
375 3952 410 4017 et
435 3944 615 4019 salvatoris
641 3948 747 4019 nostri
771 3945 854 4017 Jesu
882 3943 1018 4018 Christi:
1046 3944 1245 4020 accedemus
1270 3954 1347 4018 note
1367 3943 1488 4016 sociem
1502 3946 1585 4037 ejus,

212 4070 350 4133 etcum
376 4060 441 4133 iide
469 4060 635 4135 Christum
660 4083 870 4134 veneremur.

319 4176 507 4248 Diocoom.
532 4176 684 4250 Adorate
710 4178 818 4250 Deum
845 4200 919 4250 cum
945 4180 1074 4251 timore.

465 4454 526 4525 17.
567 4452 743 4525 Sacerdos
768 4454 853 4525 dicit
881 4452 1077 4524 Orationem
1100 4455 1346 4546 poenitentioe.

319 4642 462 4717 Domine
496 4646 722 4740 omnipotens,
756 4646 810 4738 qui
846 4664 947 4716 sonos
981 4646 1107 4715 enimes
1139 4652 1173 4714 et
1199 4664 1344 4738 corporo
1370 4651 1503 4731 nostre,
1530 4647 1585 4738 qui

212 4781 305 4832 voce
330 4763 490 4851 unigeniti
516 4759 590 4832 Filii
616 4763 663 4831 tui
688 4760 822 4833 Domini
848 4761 913 4833 Dei
940 4771 974 4833 et
1000 4761 1179 4835 salvatoris
1206 4762 1312 4832 nostri
1336 4758 1420 4832 Jesu
1446 4757 1583 4848 Christi,

213 4875 328 4948 dixisti
353 4877 455 4949 Petro
482 4879 568 4973 petri
594 4886 728 4949 nostro:
765 4885 800 4948 tu
826 4899 864 4949 es
891 4878 1010 4968 Petro,
1051 4886 1085 4949 et
1117 4898 1220 4973 super
1250 4874 1336 4948 bnnc
1361 4884 1490 4971 petrem
1517 4896 1583 4946 ae-

211 4990 357 5066 dihcobo
382 4991 571 5068 Ecclesiam
596 5015 716 5081 meam,
743 5003 777 5064 et
802 5005 921 5089 portoe
946 4993 1043 5066 inferi
1068 5015 1137 5065 non
1162 4990 1404 5088 praevalebunt
1435 4991 1477 5064 od
1510 5014 1584 5064 enm

212 5109 483 5182 concutiendum:
510 5109 634 5207 tibique
666 5108 753 5182 dabo
785 5109 900 5184 claves
933 5116 1031 5204 regni
1066 5110 1255 5185 coelorum:
1289 5119 1323 5181 et
1355 5107 1584 5203 quodcumque

251 5245 369 5291 ταωνι
1332 5228 1381 5300 78
