4525 6034
692 598 770 674 250
1202 588 1562 668 LITURGlA

693 788 750 880 qui
776 787 870 858 visus
898 786 940 856 sit
967 763 1068 878 super
1095 789 1217 852 terram
1243 799 1347 874 purus
1374 785 1408 847 et
1435 773 1563 869 absque
1589 772 1730 860 macula,
1757 772 1942 862 unigenitus
1961 772 2047 844 Filius

695 908 788 969 tuus:
815 921 877 994 per
903 920 1001 993 quern
1028 918 1091 967 nos
1118 898 1217 967 etiam
1244 914 1419 989 speramus
1451 887 1714 962 misericordiam
1742 889 1919 979 consequi,
1944 897 1976 958 et
1997 910 2048 957 re-

694 1016 888 1085 missionem
915 1022 1130 1107 peccatorum
1156 1020 1296 1105 propter
1319 1008 1422 1095 illum,
1449 1016 1483 1078 et
1508 1006 1606 1078 nobis
1634 1013 1668 1074 et
1693 1006 1786 1098 ipsis.-

801 1128 963 1222 Popalac.
1018 1129 1170 1215 Quietem
1198 1134 1343 1220 praesta.
1839 1199 1845 1212 Ι

799 1246 976 1316 Sacerdos
1010 1243 1203 1313 inclinatas.
1257 1239 1379 1312 Exime
1405 1240 1550 1311 Domine
1577 1240 1724 1326 animas,
1757 1256 1900 1329 corpora
1935 1243 1966 1304 et
1988 1237 2051 1329 spi·
2106 1257 2112 1270 ’

693 1364 778 1436 ritus
812 1369 966 1448 nostros,
1006 1358 1048 1431 ab
1092 1360 1182 1430 omni
1208 1378 1337 1448 genere
1369 1355 1564 1427 infirmitatis
1597 1354 1827 1449 perniciosae,
1860 1358 1894 1420 et
1923 1352 2051 1420 sarcinis

695 1474 857 1568 gravibus
892 1477 1033 1570 peccati.
1096 1472 1215 1564 Dirige
1250 1493 1390 1564 gressus
1432 1480 1568 1543 nostros
1607 1472 1641 1540 in
1682 1469 1809 1540 semitis
1845 1466 2052 1537 mandatorum

688 1589 980 1683 ‚Evangelicorum
1015 1599 1050 1660 et
1081 1587 1338 1676 vivificantium,
1372 1598 1406 1659 et
1438 1584 1481 1657 da
1511 1584 1609 1656 nobis
1643 1594 1678 1655 ut
1708 1585 1811 1678 simus
1841 1579 1902 1652 tibi
1933 1582 2053 1676 popdus

696 1716 849 1790 sanctus,
876 1707 1097 1805 congregatio
1125 1703 1255 1776 salvata
1283 1712 1317 1775 et
1342 1700 1458 1794 regale
1485 1700 1727 1773 Sacerdotium.

801 1819 952 1891 Elaeam
977 1841 1103 1891 cocena
1157 1818 1202 1890 Ut
1235 1821 1291 1914 qui
1313 1821 1383 1910 jam
1419 1816 1519 1912 plene
1553 1837 1666 1889 sumas
1701 1838 1720 1885 a
1754 1822 1788 1882 te
1821 1811 1975 1906 perfecti,
2005 1835 2054 1908 per

696 1935 894 2008 sacrificium
920 1933 984 2007 boc
1016 1938 1107 2030 pium
1138 1937 1338 2007 innoventur
1373 1936 1503 2005 animae
1539 1943 1574 2004 et
1608 1953 1753 2026 corpora
1785 1940 1919 2004 nostra:
1953 1929 2054 2020 dignos

697 2050 791 2122 effice
818 2072 881 2123 nos
908 2051 1039 2143 gaudiis
1065 2049 1262 2142 Angelicis,
1296 2049 1446 2145 tripudiis
1481 2047 1725 2144 spiritualibus,
1764 2059 1797 2118 et
1830 2045 1961 2117 choreis
1989 2044 2055 2115 lae·

699 2169 808 2237 titiae:
835 2188 909 2236 cum
935 2167 1044 2240 beatis
1071 2169 1154 2237 viris
1181 2165 1245 2237 illis
1273 2164 1370 2237 simul
1396 2167 1549 2236 vivamus
1578 2174 1611 2235 et
1636 2163 1815 2235 laetemur:
1842 2172 1880 2234 ut
1912 2182 1983 2232 cunr
2004 2158 2055 2230 illis

698 2291 732 2352 et
757 2285 843 2352 iuter
870 2304 931 2354 eos
964 2280 1188 2375 glorificemus
1223 2293 1256 2352 et
1290 2279 1462 2352 laudemus
1497 2301 1619 2351 nomen
1654 2289 1762 2370 tuum,
1798 2278 2056 2371 gloriosissimum

699 2404 733 2466 et
758 2393 985 2485 benedictum,
1012 2407 1049 2470 ut
1076 2399 1177 2468 etiam
1202 2398 1337 2469 Domini
1368 2397 1475 2467 nostri
1509 2395 1591 2469 lesu
1627 2394 1751 2468 Christi
1784 2404 1819 2465 et
1850 2393 1988 2490 Spiritus
2021 2391 2057 2460 tui

699 2513 818 2584 sancti.

802 2637 964 2731 Populus.
1017 2640 1072 2713 Ut.

803 2766 989 2841 Sacerdos.
1042 2770 1127 2841 Pax.

804 2895 966 2988 Populus.
1019 2895 1063 2968 Et
1090 2919 1164 2969 curn
1191 2898 1307 2992 spiritu
1334 2905 1401 2967 tuo.

804 3026 989 3097 Sacerdos.
1043 3023 1300 3096 benedictiones
1327 3026 1402 3093 sint.

806 3152 969 3246 Poprdar.
1022 3152 1066 3225 lit
1092 3177 1167 3225 cum
1191 3155 1305 3248 spiritu
1334 3151 1400 3223 tuo.

700 3476 876 3548 Sacerdos
908 3479 1042 3571 fronpit
1084 3475 1241 3547 Oblatum
1275 3482 1310 3546 et
1350 3478 1472 3567 ripam.
1525 3475 1612 3546 Mos
1643 3475 1729 3545 dicit
1763 3472 1964 3543 Orationem
1993 3476 2058 3540 aab
2178 3509 2184 3534 ι

1261 3592 1363 3662 Pater
1388 3601 1515 3664 noster.

805 3794 947 3866 Domine
980 3807 1096 3868 noster
1135 3806 1169 3867 et
1199 3795 1292 3868 Deus
1327 3799 1537 3887 misericors,
1573 3799 1629 3891 qui
1662 3817 1700 3868 es
1733 3795 1819 3867 ultra
1853 3805 2002 3889 tempora
2034 3800 2059 3860 ct

701 3920 847 3998 mentes,
875 3919 908 3981 et
939 3915 1093 4006 superior
1126 3912 1277 3985 omnibus
1310 3911 1546 4008 principatibus
1583 3921 1618 3983 et
1652 3907 1825 3984 ordinibus
1862 3910 2007 3983 excelsis
2035 3915 2061 3977 et

701 4024 923 4098 coelestibus:
951 4030 1006 4120 qui
1033 4031 1262 4122 pergratiam
1290 4033 1324 4099 et
1349 4028 1612 4131 misericordiam
1639 4038 1727 4099 mam
1759 4032 1897 4098 vocasti
1930 4031 2061 4112 nos,et

701 4141 857 4214 addixisti
883 4164 946 4214 nos
974 4146 1127 4214 servituti
1159 4143 1298 4231 beatae,
1334 4153 1368 4213 et
1400 4142 1526 4215 deliciis
1559 4143 1705 4239 paradisi
1739 4141 1847 4214 Edeu.
1904 4144 1972 4214 Sed
2001 4162 2061 4212 cun

701 4258 949 4330 inexcusabiles
976 4261 1233 4346 mansissemus,
1262 4269 1295 4330 et
1321 4259 1476 4330 mandata
1504 4269 1559 4331 tua
1593 4259 1757 4332 dominica
1793 4258 1957 4330 audacter
1988 4277 2060 4330 con-

703 4373 894 4459 culcantes,
932 4384 966 4443 et
1005 4378 1211 4467 transgressi
1249 4373 1324 4446 ideo
1362 4385 1467 4446 morte
1500 4374 1644 4446 damnati
1677 4396 1849 4463 essemus,
1877 4376 2060 4466 unigenitum

701 4487 820 4560 Filium
847 4497 953 4573 tuum,
980 4498 1014 4559 et
1040 4489 1253 4583 splendorem
1280 4488 1485 4562 substantiae
1512 4501 1589 4561 tuae
1620 4493 1739 4562 misisti
1765 4489 1807 4559 ud
1842 4489 1982 4563 salutern
2005 4510 2060 4558 uo-

702 4614 813 4674 stram.
867 4604 900 4674 ls
936 4625 1068 4675 omnem
1101 4604 1383 4700 dispensationem
1420 4627 1514 4677 suam
1547 4606 1726 4678 salutarem
1761 4626 1825 4699 pro
1860 4606 1961 4678 nobis
1990 4622 2060 4698 per-

700 4716 800 4805 iecit,
826 4719 1048 4814 mandataque
1075 4720 1249 4808 salutaria,
1278 4732 1311 4792 et
1337 4720 1433 4812 leges
1460 4722 1670 4793 vivificantes
1697 4720 1797 4792 nobis
1823 4724 2011 4818 proposuit,
2034 4724 2060 4785 nt

700 4830 825 4904 inillis
852 4832 1113 4924 ambularemus,
1141 4836 1445 4930 graderemurque3
1478 4847 1511 4908 et
1543 4842 1797 4931 perveniremus
1832 4837 1876 4908 ad
1903 4847 1954 4926 te,
1978 4834 2060 4905 Patet

700 4947 1003 5020 misericordiarum
1030 4961 1064 5020 et
1089 4949 1183 5060 Deus
1210 4955 1310 5050 totius
1338 4951 1590 5025 consolationis.
1626 4952 1671 5023 llt
1696 4975 1784 5024 nrurc
1812 4953 1948 5025 domine
1971 4951 2058 5032 Deus,

701 5061 743 5132 da
776 5062 891 5153 nobis,
925 5074 961 5136 ut
996 5065 1156 5139 advolent
1192 5089 1313 5162 preces
1349 5078 1486 5141 nostrae
1528 5068 1694 5160 infirmae,
1727 5091 1792 5164 per
1818 5069 1891 5141 alas
1920 5063 2058 5140 amabiles
