4525 6034
586 612 617 691 S.
642 612 780 691 XYSTI
812 612 958 690 PAPAE
989 612 1182 690 ROMANI.
1494 616 1566 692 141

211 800 373 871 inveniant
397 823 459 896 per
484 800 580 888 iliud,
606 799 866 874 misericordiam
891 804 925 872 ia
952 800 1006 872 die
1027 800 1143 893 judicii
1169 803 1203 872 in
1229 802 1373 875 saecula.
1429 805 1477 874 Et
1510 806 1569 874 di-

211 921 294 986 cuut.
318 915 469 988 Laudate
494 916 670 989 Dominum
695 922 731 988 in
757 920 880 989 sanctis
907 919 999 1009 ciue,
1026 929 1087 990 eto.
1553 931 1563 936 ”

306 1032 492 1105 Diaconos.
519 1032 758 1129 Deprecamur.

306 1148 481 1221 Sacerdos
503 1152 639 1243 sraapit
665 1170 805 1242 carpus,
834 1156 869 1222 et
894 1157 966 1220 tres
988 1150 1289 1245 particulaepoait
1313 1174 1416 1245 super
1431 1153 1569 1236 diacum,

209 1264 307 1335 otiam
331 1289 432 1336 mana
457 1269 585 1337 retinet
611 1272 645 1336 et
669 1269 783 1359 aipaat
816 1289 862 1336 ec
894 1288 938 1337 ea
964 1266 1121 1353 euticem,
1156 1274 1191 1337 et
1223 1267 1345 1338 deindo
1376 1269 1570 1360 particulae

208 1402 291 1474 puae
315 1388 394 1452 aunt
418 1384 454 1451 ia
482 1381 575 1452 diaco
603 1385 639 1452 ia
662 1386 808 1476 somnam
833 1386 963 1470 crucia,
990 1387 1025 1451 et
1050 1382 1143 1457 dicit.

303 1496 511 1594 inspergitur
544 1501 682 1591 sanguis
714 1499 848 1571 Domini
881 1500 985 1571 nostri
1011 1520 1113 1594 super
1140 1520 1263 1595 corpus
1294 1503 1367 1593 ejus
1400 1510 1566 1574 sanctum:

204 1614 266 1707 ipsi
290 1611 418 1706 gioria,
446 1623 480 1686 et
505 1636 606 1710 super
630 1636 693 1688 uos
721 1614 947 1688 misericordia
980 1617 1052 1706 ejus
1078 1617 1112 1685 in
1148 1615 1292 1688 saecula.
1345 1615 1402 1699 (ln
1428 1616 1473 1687 ot.
1500 1640 1567 1689 co-

204 1728 362 1819 dicibaa.)
419 1729 457 1800 ln
490 1732 624 1802 nomine
663 1729 772 1804 Patris
804 1740 838 1802 et
870 1729 946 1819 filii,
978 1740 1013 1802 et
1044 1730 1187 1826 Spiritus
1213 1735 1319 1804 sancti
1353 1735 1386 1803 in
1421 1734 1566 1806 saecula.

204 1846 318 1917 Amen.

301 1961 351 2032 Et
376 1965 522 2033 immittit
547 1963 754 2056 particulam
780 1986 879 2057 quam
903 1986 1005 2033 maan
1031 1966 1184 2033 tametio
1211 1963 1368 2052 calicem,
1405 1972 1440 2037 et
1473 1966 1566 2037 dicit.

301 2076 461 2167 Univisti‚
487 2078 648 2169 Domine,
675 2079 880 2152 divinitatem
905 2088 993 2151 tuam
1025 2101 1098 2150 cum
1136 2077 1337 2152 humanitate
1369 2091 1500 2170 nostra,
1532 2095 1567 2155 et

198 2192 431 2267 humanitatem
455 2206 605 2269 nostram
630 2219 704 2269 cum
731 2196 901 2268 divinitate
928 2204 996 2286 tua,
1022 2197 1125 2267 vitam
1150 2205 1238 2267 tuam
1264 2219 1339 2268 cum
1366 2198 1564 2270 mortalitate

200 2321 334 2401 nostra,
362 2322 396 2383 et
420 2311 651 2385 mortalitatem
678 2324 766 2386 tuam
793 2316 962 2385 convita
996 2321 1069 2384 tua:
1097 2313 1254 2407 accepisti
1280 2305 1408 2387 nostra‘
1430 2325 1464 2385 et
1499 2314 1565 2386 de-

201 2427 274 2500 disti
290 2425 399 2530 'nobis
425 2439 500 2517 tua,
528 2429 698 2502 advitam
725 2440 760 2502 et
785 2427 924 2503 salutem
952 2431 1133 2502 animarum
1159 2439 1357 2503 nostrarum.

302 2788 480 2862 Sacerdos
511 2815 585 2863 eum
616 2793 919 2863 communicaturae
944 2798 1011 2880 eat,
1038 2792 1123 2862 dicit
1147 2792 1236 2863 banc
1263 2794 1461 2866 Orationem

784 2906 976 2979 inclinatus.

300 3122 354 3193 'l'e
379 3132 502 3215 gesto,
529 3123 643 3213 Deus,
670 3123 820 3197 manibus
847 3129 930 3198 meis
957 3136 991 3198 et
1016 3125 1223 3221 complector
1248 3127 1392 3223 pugillo,
1418 3130 1561 3201 Domine

197 3238 424 3326 saeculomm,
451 3262 547 3335 quem
575 3248 748 3312 creaturae
773 3263 840 3312 non
866 3246 1050 3315 continent:
1077 3254 1178 3338 teque
1211 3247 1418 3338 omnipotens
1453 3248 1487 3316 in
1523 3231 1565 3317 os

197 3378 311 3427 meum
336 3377 437 3450 pono.
489 3355 628 3429 Praesta
654 3353 747 3446 mihi,
774 3358 935 3446 Domine,
962 3368 997 3430 ut
1023 3358 1195 3431 comedam
1222 3369 1255 3430 te
1282 3369 1416 3449 sancte,
1443 3371 1478 3432 et
1502 3383 1564 3458 per

200 3474 443 3544 comestionem
462 3470 549 3543 iliam
576 3476 634 3561 tui,
661 3475 837 3568 expientur
862 3473 981 3547 delicta
996 3497 1085 3565 mea,
1112 3484 1147 3546 et
1171 3497 1233 3570 per
1258 3474 1451 3549 bibitionem
1477 3499 1564 3550 sau-

194 3591 309 3679 guinis
334 3592 381 3660 tui
408 3587 598 3660 auferantur
616 3611 723 3686 prava
737 3590 901 3663 desideria
917 3614 1008 3665 mea:
1034 3614 1095 3688 per
1108 3601 1141 3663 te
1155 3614 1287 3687 quoque
1303 3592 1421 3685 diguus
1442 3594 1564 3667 efficiar

123 3721 128 3728 ·
194 3707 432 3799 propitiatione
466 3702 660 3777 delictorum
695 3714 728 3778 et
752 3710 948 3781 remissione
980 3719 1195 3805 peccatomm
1221 3710 1254 3780 in
1281 3708 1334 3781 die
1363 3709 1494 3801 judicii,
1530 3714 1563 3782 in

195 3820 344 3892 saecula.
397 3821 536 3893 Praesta
562 3821 678 3910 nobis,
705 3823 847 3895 Domine
873 3823 985 3914 Deus,
1011 3834 1047 3896 ut
1072 3823 1316 3897 sanctificentur
1335 3846 1480 3922 corpora
1493 3849 1563 3899 uo-

194 3944 263 4007 stra
291 3958 356 4032 per
387 3960 509 4034 corpus
535 3948 624 4011 mum
651 3948 818 4012 sanctum:
855 3940 1139 4037 illuminenturque
1173 3943 1303 4013 animae
1334 3953 1470 4014 nostrae
1502 3965 1563 4039 per

194 4057 392 4146 sanguimen
417 4067 507 4134 tuum
534 4058 813 4152 propitiatorium,
848 4060 977 4153 sintque
1009 4058 1106 4131 nobis
1134 4057 1177 4130 ad
1202 4060 1469 4153 propitiationem
1496 4049 1563 4138 de-¹

191 4168 365 4259 lictorum,
392 4182 426 4244 et
451 4175 681 4247 remissionem
707 4183 930 4269 peccatorum.
956 4174 1075 4249 Amen.
1561 4233 1562 4238 ,

298 4287 347 4357 Et
372 4311 446 4359 cum
471 4287 557 4361 bibit
582 4289 738 4378 codicem,
765 4291 857 4362 dicit.
909 4288 953 4361 Et
983 4312 1045 4386 per
1079 4299 1193 4386 potum
1219 4289 1332 4363 calicis
1365 4294 1411 4361 tui
1445 4293 1562 4363 extin-

192 4415 340 4498 guantur
365 4409 541 4502 passiones
567 4428 681 4479 meae:
708 4417 741 4479 et
767 4430 828 4503 per
853 4419 888 4480 te
920 4407 1050 4500 digmus
1077 4407 1201 4479 efficiar
1231 4408 1464 4502 propitiatione
1496 4407 1563 4479 de-

190 4522 363 4610 lictorum,
390 4533 425 4595 et
449 4527 549 4595 venia
575 4532 801 4619 peccatorum,
827 4526 1139 4619 resurrectioneque
1164 4521 1339 4595 benedicta
1366 4547 1386 4594 a
1413 4528 1562 4612 mortaria

191 4649 227 4712 et
252 4642 323 4711 vita
349 4660 459 4729 nova,
485 4642 520 4711 in
547 4639 681 4712 saecula
708 4639 926 4713 saeculorum.
978 4642 1098 4713 Amen.
1150 4640 1217 4711 Per
1249 4641 1444 4731 sanguinem
1472 4648 1560 4710 tuum

190 4759 309 4828 vivum
336 4765 371 4828 et
396 4755 620 4829 vivificantem
647 4760 822 4852 expientur
848 4755 967 4828 delicta
993 4778 1090 4844 mea,
1125 4765 1160 4826 et
1192 4759 1396 4827 remittantur
1420 4766 1560 4849 peccata

190 4895 287 4964 mea,
314 4871 398 4946 Jesu
422 4871 572 4946 Verbum
597 4873 662 4945 Dei
689 4874 745 4968 qui
770 4875 892 4946 venisti
919 4872 961 4944 ad
987 4871 1126 4946 salntem
1152 4881 1309 4946 nostram.

299 4988 379 5061 Can
405 4987 579 5060 distribuit
604 4991 884 5078 communionem,
911 4991 1005 5061 dicit.

299 5103 465 5180 Particula
490 5107 740 5203 propitiatoria,
766 5115 829 5179 etc.
854 5112 892 5178 at
918 5109 954 5178 ia
983 5106 1108 5202 Officio
1134 5103 1298 5199 peneroti.

1280 5220 1357 5296 21*
