4525 6034
533 603 1223 694 Llnnntlnrnnnln.
1484 604 1556 679 157

302 792 451 863 Maccus
475 813 601 864 cocere.
653 791 787 864 Exaudi
812 814 885 879 me,
911 790 1063 865 Domine.

300 908 461 1001 Populus.
513 906 620 1004 Kyrie
646 907 795 996 eleison,
821 906 927 1002 llyrie
953 905 1097 995 eleison,
1124 906 1230 1003 llyrie
1257 904 1395 982 eleison.

300 1024 485 1096 Sacerdos.
537 1021 582 1094 Ut
608 1022 792 1095 adveniens
822 1015 837 1057 ³
864 1022 983 1095 elliciat
1012 1045 1132 1119 panem
1168 1020 1254 1095 bunc
1286 1045 1409 1119 corpus
1443 1022 1564 1096 Christi

198 1142 261 1215 Dei
287 1144 401 1214 nostri.
608 1138 769 1232 Populus.
821 1139 940 1210 Amen.

299 1256 484 1329 Sacerdos.
536 1253 580 1325 Et
606 1254 742 1326 calicem
769 1252 865 1342 bunc,
892 1256 1088 1347 sauguinem
1115 1252 1238 1328 Christi
1263 1254 1327 1328 Dei
1353 1262 1468 1331 nostri.

304 1372 465 1467 Populus.
505 1370 625 1444 Amen.

299 1489 484 1561 Sacerdos.
536 1487 581 1560 Ut
606 1489 671 1560 sint
696 1486 1012 1560 communicantibus
1039 1486 1081 1558 ad
1109 1510 1288 1584 corporum
1322 1499 1355 1560 et
1382 1492 1563 1564 animarum

196 1606 461 1678 emundationem
487 1602 528 1676 ab
557 1602 708 1677 omnibus
733 1603 889 1695 maculis,
920 1603 963 1676 ad
996 1606 1228 1677 remissionem
1263 1615 1495 1701 poeoniorum,
1530 1617 1564 1679 et

195 1726 299 1797 vitum
326 1735 506 1796 aeternam.
608 1707 612 1716 ’

297 1840 461 1934 Populus.
513 1838 632 1911 Amen.

193 1997 201 2019 ι
296 1956 486 2027 Diaconos.
540 1954 693 2026 Oramus.

296 2071 474 2144 Sacerdos
498 2070 689 2141 inclinatus.
741 2067 883 2164 Suscipe
909 2067 1195 2164 deprecationem,
1229 2077 1263 2139 et
1288 2067 1562 2164 supplicationem

194 2200 362 2280 nostram,
388 2190 549 2275 Domine,
577 2197 611 2258 et
637 2185 785 2258 concede
812 2183 1077 2280 mampullitutem
1109 2184 1234 2280 populo
1267 2194 1345 2274 tuo,
1379 2195 1413 2256 et
1443 2208 1563 2281 pacem

195 2309 293 2398 gregi
321 2314 391 2392 tuo,
418 2313 451 2375 et
477 2301 605 2375 custodi
630 2324 734 2375 veros
760 2313 929 2399 pusiones,
955 2323 1028 2372 cum
1056 2297 1305 2388 Sacerdotibus,
1332 2311 1367 2373 et
1389 2302 1562 2396 Diaconis,

196 2403 394 2517 omnemque
421 2419 555 2494 Olenum
580 2418 755 2491 Ecclesiae
781 2427 858 2492 tuae
885 2417 1016 2511 adjuva.

297 2537 450 2610 Eteaaas
475 2558 600 2607 uocem.
653 2533 768 2607 Statue
795 2557 875 2625 eos,
901 2536 1064 2624 Domine,
1098 2531 1230 2624 bunos,
1261 2544 1296 2605 et
1328 2543 1500 2631 potentes:
1527 2549 1562 2610 et

195 2654 341 2746 auxilio,
376 2665 410 2727 et
442 2649 674 2747 tranquillitate
709 2674 795 2747 quae
822 2675 868 2724 ex
894 2661 927 2723 te
954 2661 1029 2740 est,
1056 2649 1215 2723 confirma
1243 2650 1336 2741 illos,
1362 2651 1407 2724 iu
1434 2663 1469 2724 ut
1494 2653 1562 2726 de-

196 2779 415 2867 precatores,
449 2781 483 2842 et
514 2771 759 2841 intercessores
791 2791 853 2865 pro
886 2766 985 2840 nobis
1012 2769 1077 2840 sint
1110 2765 1197 2863 apud
1228 2774 1279 2860 te,
1314 2778 1348 2839 et
1377 2767 1561 2846 reseremus

195 2884 270 2978 tibi,
298 2895 364 2958 etc.
1524 2889 1529 2910 ’

295 3000 459 3095 Populus.
511 3001 632 3073 Amen

295 3118 473 3189 Sacerdos
498 3118 690 3188 inclinatus.
721 3115 851 3187 Rursus
877 3116 1019 3187 Domine
1046 3114 1187 3207 dignare
1213 3118 1403 3188 meminisse
1420 3116 1561 3207 illorum,

195 3239 248 3331 qui
273 3244 520 3331 praeceperunt
545 3230 642 3304 nobis
670 3242 706 3304 ut
729 3252 894 3304 memores
921 3249 1038 3302 cortun
1072 3251 1241 3322 essemus,
1273 3242 1307 3303 et
1341 3255 1457 3305 eorum
1493 3238 1560 3331 qui,

194 3374 266 3424 cum
295 3350 419 3423 ollerre
444 3350 580 3436 vellent,
606 3371 675 3421 non
700 3356 885 3443 potueruut.

298 3467 449 3538 Eteonos
473 3489 600 3537 rocem.
653 3464 819 3536 Memento
846 3465 944 3534 etiam
970 3462 1113 3537 Domine
1145 3485 1261 3536 eorum
1293 3467 1349 3560 qui
1373 3464 1559 3539 Ecclesium

193 3595 283 3656 mam
312 3593 460 3656 sanctam
488 3583 660 3675 adjuvan:
688 3592 761 3653 esto
789 3581 838 3652 eis
865 3577 1032 3651 latibulum
1061 3588 1094 3650 et
1121 3579 1238 3651 domus
1254 3579 1385 3673 relugii,
1411 3579 1558 3654 liberans

195 3724 255 3775 eos
282 3698 326 3774 ab
355 3703 443 3773 omni
470 3699 665 3772 doemonum
692 3696 923 3791 bominumque
948 3719 1091 3792 nequam
1125 3695 1382 3784 machinatione,
1418 3700 1493 3792 quia
1525 3709 1560 3771 tu

195 3817 354 3891 Salvator
380 3840 417 3888 es
445 3819 605 3904 omnium,
632 3825 666 3886 et
692 3813 750 3886 tibi
775 3811 936 3905 gloriam,
963 3823 996 3884 et
1021 3811 1152 3884 laudem
1177 3811 1364 3904 referimus,
1392 3824 1455 3885 etc.

298 3933 458 4026 Populos.
510 3932 629 4005 Amen.

296 4049 473 4120 Sacerdos
498 4049 688 4119 inclinatas.
726 4045 892 4117 Memento
911 4043 1053 4117 Domine
1072 4041 1204 4135 Regum
1221 4045 1376 4136 fidelium,
1395 4041 1409 4079 ⁴
1436 4057 1469 4118 et
1488 4050 1557 4119 im-

194 4169 283 4239 mitte
312 4164 467 4238 cordibus
494 4187 608 4237 eorum
635 4163 774 4236 consilia
800 4160 938 4258 pacifica
966 4164 1054 4233 circa
1080 4162 1236 4256 populum
1264 4174 1360 4236 tuum.
1567 4237 1570 4244 ,

297 4284 448 4354 Elaeam
472 4304 597 4353 uocem.
647 4280 792 4353 Mentem
820 4301 934 4351 eorum
962 4280 1017 4373 qui
1043 4299 1187 4369 regnare
1214 4301 1402 4375 supernos
1430 4280 1557 4370 volunt,

195 4394 248 4468 lec
267 4399 412 4470 Domine
432 4397 623 4494 pacificam,
654 4407 687 4470 et
706 4395 747 4469 ab
768 4394 952 4467 invidorum
969 4392 1177 4488 boetiumque
1192 4394 1342 4467 manibus
1360 4417 1422 4466 nos
1435 4395 1556 4468 bbera:

195 4524 230 4584 ut
254 4513 442 4586 referamus
469 4513 547 4604 tibi,
575 4523 637 4586 etc.
1378 4512 1380 4515 ’

296 4631 458 4724 Populos.
510 4632 629 4704 Amen.

296 4748 472 4820 Sacerdos
497 4747 689 4818 inclinatus.
715 4746 836 4818 lterum
862 4744 1005 4816 Domine
1032 4743 1171 4837 dignare
1196 4746 1387 4818 meminisse
1409 4743 1557 4836 Virginis

197 4874 332 4937 sanctae
357 4866 504 4956 Mariae,
539 4875 572 4937 et
603 4887 676 4935 cum
703 4885 744 4935 ea
772 4864 915 4934 omnium
948 4858 1205 4956 Prophetarum,
1238 4871 1272 4930 et
1302 4859 1555 4954 Apostolorum:

198 5001 270 5052 cum
295 4980 510 5078 Martyribus,
536 4991 572 5092 et
598 4978 875 5069 Coulessoribus,
901 4974 1277 5073 reliquisque'omnibus
1304 4978 1436 5048 sanctis.

1263 5093 1313 5168 23
1332 5093 1350 5128 ⁴*
