4525 6034
676 531 751 604 306
1247 533 1478 612 ΝΟΤΑΕ

673 714 710 776 lis
733 714 891 778 Ecclesiae
914 715 1124 798 Aegyptiacae
1146 734 1217 779 esse
1238 718 1393 797 potuisse,
1424 719 1481 780 etsi
1505 718 1586 781 illius
1609 719 1644 781 ad
1669 737 1705 782 se
1727 721 1885 801 epistolam
1906 718 2048 784 Barthol-

674 810 730 874 dus
753 813 895 877 Nihusius
919 815 1148 897 Symmictorurn
1171 815 1284 894 editor,
1308 814 1350 877 illi
1373 816 1583 896 praemiserit,
1611 819 1643 879 in
1665 837 1724 899 qua
1753 838 1829 898 opus
1857 820 1892 879 id
1912 818 1972 880 Dei
1992 818 2047 879 be-

672 912 768 973 nitote
782 915 894 993 exiguo
913 916 1056 994 temporis
1065 916 1165 993 spatio
1180 916 1409 993 interpretatum
1420 934 1454 975 se
1465 934 1531 977 esee
1544 925 1682 994 testatur,
1693 919 1786 995 jassen
1800 915 2049 996 cmpreqacicua

673 1012 713 1072 de
730 1013 937 1092 propaganda
955 1014 1024 1091 fide.
1049 1013 1242 1075 Festinanter
1264 1030 1337 1076 sane
1360 1013 1480 1074 nimium
1502 1013 1534 1075 id
1556 1017 1719 1093 praestitit,
1749 1016 1930 1097 quicumque
1953 1016 2050 1076 inter-

673 1127 745 1190 pres
766 1108 836 1171 luit:
859 1112 939 1172 etsi
963 1110 1171 1191 congregatio
1195 1129 1234 1172 ex
1258 1111 1307 1172 illa
1331 1111 1475 1173 versione
1497 1112 1536 1174 de
1550 1112 1667 1175 Ritibus
1685 1112 1874 1195 Coptitarum
1893 1113 2049 1194 judicavit,

672 1207 746 1268 nihil
768 1208 864 1297 minus
888 1228 977 1290 qoam
999 1209 1120 1271 illorum
1142 1209 1328 1289 disciplinam
1351 1210 1492 1290 probavit
1514 1218 1565 1272 aut
1587 1212 1777 1292 improbavit.

759 1339 864 1423 ltaque
886 1341 924 1404 de
947 1342 1155 1404 benedictione
1176 1343 1269 1403 certis
1291 1348 1321 1401 er
1341 1343 1462 1421 qnando
1484 1344 1622 1405 locmuto
1643 1353 1698 1420 eat,
1721 1363 1760 1407 ne
1783 1344 1898 1425 syllaba
1919 1344 2048 1423 quidem,

673 1443 785 1504 tamin
809 1440 936 1520 Coptico
959 1447 1063 1515 textu,
1086 1458 1174 1520 quam
1196 1442 1227 1500 in
1249 1437 1402 1502 Arabico:
1426 1459 1493 1502 cum
1516 1442 1546 1501 in
1569 1442 1665 1521 primo
1696 1460 1757 1503 vox
1787 1443 1904 1505 Graeca
1927 1436 2064 1514 Δὶσκος.

673 1547 825 1618 occurrat,
847 1556 925 1619 quae
948 1547 1070 1611 certain,
1092 1556 1244 1618 nunquam
1267 1536 1384 1599 Graece
1407 1547 1457 1600 aut
1473 1537 1599 1619 Coptica
1622 1540 1813 1621 significavit.
1843 1541 1940 1603 Error
1961 1547 2049 1601 natus

673 1658 714 1701 ex
735 1638 812 1701 mala
835 1637 966 1700 lectione
990 1654 1097 1699 vocum
1119 1635 1334 1711 Arabicarum:
1357 1653 1426 1698 narn
1443 1637 1475 1698 in
1491 1638 1633 1718 Coptieas
1653 1656 1693 1700 ne
1713 1638 1834 1719 quidem
1849 1640 1955 1702 oculos
1971 1655 2049 1699 con-

672 1739 783 1818 jecisse
806 1738 1013 1817 interpretem,
1036 1736 1110 1798 satis
1134 1733 1322 1797 manifestum
1345 1742 1401 1797 est.
1431 1735 1491 1799 Sed
1514 1738 1580 1817 quis
1603 1735 1734 1813 tandem,
1757 1739 1835 1800 inter
1849 1736 2048 1819 Episcopales

671 1835 900 1899 benedictiones
923 1834 1138 1915 cujuscumque
1161 1834 1298 1915 linguae,
1322 1833 1425 1895 similis
1449 1814 1574 1916 alicujus'
1596 1835 1759 1918 vestigium
1781 1835 1921 1917 reperit?
1948 1836 2045 1898 Lace·

671 1942 737 1996 rata
759 1934 854 1995 vestis
878 1931 916 1994 ad
938 1940 1087 1995 sartorem
1109 1934 1242 2006 mittitur,
1265 1949 1325 1995 non
1348 1931 1386 1994 ad
1408 1933 1603 2013 Episcopum,
1626 1941 1657 1995 et
1676 1932 1817 1997 diversae
1833 1934 1921 2017 leges
1936 1933 2047 1996 Eccle-

671 2034 813 2095 siastieae
835 2032 1040 2111 praecipiunt,
1062 2039 1095 2092 ut
1117 2030 1346 2106 sacerdotales,
1370 2038 1420 2092 aut
1443 2031 1520 2093 aliae
1542 2040 1645 2093 vestes
1675 2050 1753 2112 qnae
1784 2032 1822 2094 ad
1851 2031 2046 2094 ministerium

671 2148 791 2193 sacrum
812 2130 981 2209 pertinent,
1003 2129 1029 2191 si
1053 2127 1182 2192 detritae
1203 2129 1324 2191 nimium
1346 2130 1419 2207 sint,
1442 2138 1638 2209 reponantur,
1666 2148 1724 2193 nec
1746 2130 1784 2192 ad
1807 2130 1952 2211 profanos
1974 2146 2046 2191 usus

671 2228 880 2292 adhibeantur.

760 2357 890 2422 Creator
912 2378 974 2423 non
997 2360 1124 2443 legitur,
1147 2363 1330 2442 inutraque
1352 2367 1451 2423 textu:
1473 2368 1536 2423 tum
1558 2361 1629 2423 illud
1653 2362 1806 2423 ordtncati
1830 2369 1944 2422 cesten
1971 2379 2047 2421 saa-

672 2460 786 2519 ctnon'i
805 2460 1013 2541 imaginarium
1036 2467 1094 2538 est,
1117 2476 1185 2522 cum
1207 2461 1237 2521 in
1255 2458 1382 2540 Coptico
1404 2460 1524 2541 legatur
1546 2478 1608 2522 vox
1629 2454 1729 2538 πίναξ
1750 2459 1872 2541 paulum
1895 2468 2047 2539 corrupta,

672 2573 751 2638 quae
775 2558 945 2639 expientur
966 2565 1051 2621 reete
1072 2559 1102 2620 in
1126 2556 1283 2621 Glossario
1306 2558 1598 2639 Coptico-hrabieo,
1622 2558 1704 2639 quod
1718 2558 1884 2622 llireherns
1900 2558 2047 2634 ediderat,

669 2673 710 2716 ex
733 2654 850 2719 Graeca
872 2658 1003 2739 origine.

755 2788 858 2868 Supra
879 2789 959 2851 bone
980 2795 1093 2851 vestem
1114 2787 1302 2849 benedictam
1331 2808 1371 2849 cc
1397 2788 1523 2850 rudore.
1539 2790 1679 2868 eorporis
1706 2790 1751 2849 tui
1778 2789 1886 2850 sancti.
1933 2787 2047 2868 Gryphi

667 2894 738 2950 sunt
758 2886 835 2949 haec
856 2887 967 2965 verba,
990 2894 1022 2949 et
1044 2886 1232 2969 aenigmata,
1255 2887 1324 2967 quia
1347 2904 1405 2949 nec
1428 2884 1574 2967 Coptica,
1597 2904 1655 2948 nee
1677 2885 1809 2948 Arabica
1832 2884 1927 2947 verba
1950 2886 2047 2947 inter-

666 3005 740 3070 pres
763 2993 923 3050 assecutus
949 2993 1011 3063 est,
1042 3003 1120 3066 quae
1151 2983 1321 3067 significant
1350 2982 1380 3046 id
1410 2984 1491 3066 quod
1519 2986 1663 3046 versione
1693 2991 1798 3046 nostra
1829 2985 2045 3064 expressimus.

666 3084 745 3158 Quid
767 3104 862 3166 porro
884 3084 1011 3167 intelligi
1034 3084 1131 3164 possit
1154 3084 1185 3144 in
1207 3081 1277 3156 illis,
1299 3082 1379 3145 haud
1401 3082 1541 3164 equidem
1563 3082 1669 3146 video:
1697 3099 1767 3144 nam
1788 3082 1884 3145 nabor
1906 3084 2048 3164 eorporis

666 3184 796 3259 Christi,
820 3183 932 3246 locutio
955 3188 1002 3245 est
1024 3199 1113 3263 quam
1136 3182 1167 3242 in
1189 3180 1290 3258 nullis,
1316 3182 1405 3243 etiam
1427 3183 1555 3244 maxime
1578 3182 1715 3263 figuratis
1739 3181 1927 3244 orationibus
1951 3201 2047 3263 repc-

665 3283 744 3360 rias,
768 3282 860 3344 molto
884 3283 980 3369 minus
1004 3280 1085 3343 alibi.
1130 3278 1248 3343 Deinde
1270 3295 1329 3359 qua
1351 3280 1469 3342 ratione
1492 3281 1586 3342 vestis
1603 3280 1846 3343 benedictionem
1862 3280 2047 3343 contrahere

553 3412 558 3423 ,
664 3388 772 3461 posset
801 3400 841 3443 ex
871 3397 1003 3461 corpore
1026 3378 1153 3457 Christi,
1184 3396 1250 3441 curn
1279 3377 1351 3440 illud
1381 3395 1442 3439 non
1472 3378 1614 3461 attingat;
1643 3377 1721 3440 adeo
1751 3386 1783 3440 ut
1810 3378 1914 3459 gravis
1946 3396 2044 3459 poena

665 3486 814 3543 statuatur
841 3480 989 3542 adversus
1017 3478 1212 3542 Sacerdotem
1243 3485 1294 3538 aut
1321 3477 1488 3539 Diaconum
1518 3478 1570 3557 qui
1600 3476 1795 3539 Sacramenta
1825 3474 2045 3553 distribuendo,

665 3577 810 3641 cochlear
832 3595 972 3656 sacrum,
995 3578 1054 3640 illis
1077 3578 1167 3639 etiam
1189 3576 1315 3654 nolens,
1340 3583 1370 3637 et
1391 3576 1527 3638 incantus
1550 3574 1683 3653 effricat,
1714 3581 1766 3637 aut
1789 3575 1840 3656 qui
1862 3592 1921 3654 per
1942 3573 2046 3655 negli-

665 3677 798 3759 gentiam
820 3695 914 3758 super
934 3676 986 3739 illa
1008 3696 1049 3739 ex
1072 3676 1156 3737 disco
1183 3674 1234 3737 vel
1262 3673 1357 3736 calice
1388 3673 1501 3754 aliquid
1528 3673 1695 3736 effuderit?
1730 3673 1799 3747 Quo
1827 3672 1918 3735 etiam
1951 3689 2045 3734 sensu

664 3778 759 3838 vestis
782 3778 962 3856 praesertim
983 3775 1086 3839 lacera
1109 3775 1252 3837 ordinato
1273 3774 1337 3836 dici
1357 3779 1458 3852 potest
1485 3774 1517 3833 in
1546 3772 1669 3851 tempto,
1697 3772 1778 3853 qood
1806 3778 1853 3832 est
1880 3769 2044 3833 Ecclesia?

665 3864 773 3936 lleihel
795 3856 872 3943 baur
896 3894 973 3956 quae
990 3892 1052 3936 vox
1068 3874 1118 3937 hie
1134 3879 1306 3952 usurpatur,
1319 3873 1349 3933 in
1364 3870 1433 3933 stilo
1453 3870 1672 3933 Ecclesiastico
1688 3871 1908 3944 sanctuarum,
1926 3869 2044 3950 ipsum—

664 3992 725 4053 que
747 3974 907 4054 aliquando
930 3976 1027 4036 attam
1049 3972 1217 4056 signifieat,
1243 3977 1277 4033 nt
1306 3970 1473 4048 hocloco,
1503 3989 1614 4052 nempe
1644 3972 1715 4053 quia
1740 3972 1817 4033 haec
1846 3986 1907 4051 pro
1936 3968 2044 4031 eodem
2125 3992 2131 4001 ·

664 4081 864 4154 usurpantur,
887 4077 972 4137 toccu
993 4074 1104 4135 altaris
1125 4079 1156 4134 et
1178 4071 1292 4149 ultore,
1316 4078 1347 4131 ut
1370 4071 1493 4150 saepius
1515 4071 1706 4135 observatur.
1752 4068 1794 4131 ht
1815 4068 1842 4130 si
1865 4066 2044 4129 attendisset

661 4172 814 4254 interpres
842 4172 880 4235 ad
908 4191 1016 4235 vocem
1045 4159 1288 4254 θυσιαστήριον
1310 4186 1387 4249 quae
1415 4187 1453 4230 eo
1476 4169 1545 4232 loeo
1576 4168 1702 4250 legitur,
1731 4184 1793 4229 non
1821 4173 1866 4229 tot
1894 4164 2043 4245 portentis

662 4272 835 4333 versionem
858 4289 943 4334 suam
964 4272 1161 4351 inquinasset,
1187 4267 1214 4329 si
1235 4268 1276 4329 ita
1297 4269 1404 4328 vocari
1424 4274 1527 4347 potest
1549 4275 1693 4330 constans
1716 4274 1746 4329 et
1769 4271 1919 4346 perpetua
1943 4261 2043 4324 hallu-

662 4369 784 4432 cinatio.
807 4370 903 4443 Quam
925 4369 998 4431 boni
1024 4366 1143 4447 judices
1173 4384 1245 4428 esse
1273 4366 1444 4445 potuerint,
1478 4366 1528 4446 qui
1555 4367 1631 4428 ritus
1662 4364 1834 4427 Orientales
1865 4380 1922 4443 per
1950 4359 2042 4422 talem

559 4543 562 4549 Ι
661 4470 858 4550 interpretem
880 4467 1065 4549 cognovisse
1088 4484 1122 4526 se
1146 4464 1282 4527 arbitrati
1303 4472 1387 4543 sunt,
1411 4464 1585 4526 existimare
1608 4465 1737 4545 quisque
1758 4469 1872 4544 potest.
1907 4457 2043 4522 Tandem

661 4574 778 4628 eertum
801 4584 872 4629 esse
895 4564 1003 4642 debet,
1027 4563 1137 4625 nullam
1159 4564 1255 4626 vestis
1277 4564 1429 4625 laceratae
1452 4563 1693 4625 benedictionem
1718 4560 1798 4643 apud
1815 4559 1951 4641 Coptitas
1974 4556 2042 4617 lre-

661 4667 814 4746 quentari3
845 4664 938 4726 multo
960 4664 1058 4726 minus
1080 4670 1186 4724 eontra
1208 4661 1296 4743 leges
1325 4679 1430 4725 omnes
1451 4661 1704 4740 Ecclesiasticus,
1737 4659 1875 4732 Chriama
1904 4655 2041 4720 adhiberi

660 4782 719 4844 qno
743 4764 870 4827 laciniae
893 4782 971 4845 quae
993 4763 1025 4824 in
1047 4762 1182 4825 sacrario
1205 4761 1402 4842 reponendae
1424 4768 1510 4840 sunt,
1539 4779 1597 4825 nee
1627 4759 1664 4822 ad
1693 4776 1813 4821 sacrum
1844 4755 2042 4819 ministerium

660 4862 863 4941 adhibendae,
888 4869 1117 4925 consecrentur.
