4525 6034
495 624 813 704 Jonnnls
864 624 1334 705 antestitis
1521 627 1599 704 429

335 811 485 884 Hwasn
514 832 640 883 nocem.
696 811 866 885 Memento
898 815 996 885 etiam
1023 813 1167 886 Domine
1199 812 1330 887 illomm
1366 815 1421 908 qui
1446 817 1481 886 in
1507 839 1598 913 quo-

212 933 372 1023 cumque
397 926 474 1001 loeo
501 926 642 1000 offerunt
665 927 793 1002 linctus
809 932 842 1001 in
859 927 1022 1003 Ecclesiis
1040 932 1117 1019 tuis,
1145 934 1200 1024 qni
1226 928 1481 1005 necessitatibus
1506 955 1597 1028 pan-

230 1066 350 1140 perum
375 1048 627 1132 communicant,
659 1055 693 1116 et
718 1045 874 1118 bonitatis
901 1057 978 1119 tuae
1004 1044 1247 1119 similitudinem
1275 1046 1450 1142 quamdam
1477 1051 1598 1145 expri-

230 1169 333 1250 munt,
360 1170 514 1256 qnantum
541 1164 703 1234 creaturis
729 1161 890 1257 possibile
916 1172 979 1251 est,
998 1184 1060 1257 per
1079 1161 1380 1259 eleemosynarum,
1407 1172 1441 1235 et
1460 1185 1599 1259 opernm

230 1276 481 1351 misericordiae
506 1280 603 1349 varia
629 1299 765 1370 genera.
818 1276 943 1351 Eorum
972 1281 1071 1350 etiam
1098 1282 1154 1374 qui
1188 1283 1297 1352 animo
1330 1278 1461 1374 qudem
1491 1302 1598 1376 prae-

229 1396 356 1490 parati,
382 1416 451 1466 non
476 1393 661 1468 babuerunt
686 1395 775 1467 nude
800 1393 969 1482 afferrent,
995 1391 1101 1466 solum
1128 1405 1238 1466 autem
1270 1393 1470 1467 desiderium
1503 1419 1598 1482 suum

230 1507 541 1582 demonstraverunt
565 1509 637 1601 tibi,
663 1509 794 1583 allans
820 1512 876 1606 qui
901 1510 990 1583 nesti
1015 1508 1118 1582 eorda
1146 1532 1274 1599 aarum,
1300 1520 1334 1583 at
1358 1511 1484 1608 probas
1511 1511 1597 1585 abs·

228 1623 379 1713 condita,
400 1635 434 1698 et
457 1624 613 1699 retribuis
641 1628 816 1722 unicnique
831 1626 1037 1723 voluptatem
1059 1623 1280 1698 abundantem
1294 1625 1457 1700 bonamm
1475 1628 1596 1702 coele-

228 1742 327 1812 stium
353 1750 387 1812 et
413 1740 509 1814 linem
535 1763 603 1814 non
629 1741 837 1832 habentium,
863 1764 904 1814 ea
926 1743 1025 1814 etiam
1043 1764 1130 1837 quae
1147 1741 1200 1815 bic
1217 1753 1292 1817 sunt
1307 1767 1381 1816 curn
1399 1742 1597 1818 abundantia

229 1855 496 1930 subministrans:
524 1862 601 1954 quia
627 1871 662 1932 tu
689 1881 727 1931 es
753 1857 893 1952 largitor
920 1861 1064 1931 omniurn
1081 1857 1257 1949 bonorum,
1285 1871 1319 1931 et
1338 1858 1434 1932 dator
1452 1865 1596 1934 omnium

227 1971 507 2065 benedictionum,
533 1972 661 2072 absque
686 1974 821 2063 invidia,
848 1985 883 2046 et
909 1972 967 2045 tibi
993 1972 1136 2066 gloriam
1162 1985 1198 2047 et
1222 1975 1352 2048 laudern
1378 1973 1562 2050 referimus.

332 2089 494 2184 Papulas.
547 2092 667 2163 Amen.

330 2204 506 2279 Sacerdos
531 2207 723 2281 medentes.
762 2209 931 2282 Memento
957 2207 1102 2280 Domine
1127 2228 1276 2279 coronae
1303 2211 1380 2280 anni
1405 2231 1466 2305 per
1492 2208 1595 2283 beni-

227 2323 386 2414 gnitatem
418 2333 529 2413 tuam,
560 2323 692 2419 pluvias
724 2325 880 2422 pacificas
913 2335 1101 2421 opportune
1132 2321 1340 2414 concedens,
1372 2346 1470 2398 rores
1496 2329 1595 2398 edam

228 2441 468 2512 convenientes
482 2440 704 2535 ,pinguedinis
730 2453 825 2532 tuae,
861 2452 1009 2514 aestates
1034 2440 1114 2513 nulli
1141 2438 1286 2512 defemui
1313 2440 1497 2528 obnoxias,
1531 2440 1595 2515 sed

226 2556 387 2627 immunes
420 2554 462 2628 ab
496 2567 592 2629 aestu
623 2560 742 2650 nimio,
780 2570 814 2632 et
849 2555 1125 2652 aegritudinibus:
1157 2554 1388 2629 abundantiam
1420 2555 1595 2628 duviomm

225 2669 373 2766 paradisi
398 2669 536 2744 Edeniei
562 2683 597 2744 et
624 2672 779 2748 aliorum:
806 2683 990 2772 proventus
1015 2672 1179 2746 fructuum
1206 2676 1262 2768 qui
1282 2671 1441 2746 sufficiant
1465 2669 1507 2743 ad
1526 2669 1594 2743 ali-

225 2798 371 2858 mentum
397 2810 458 2883 per
490 2798 592 2860 totum
626 2812 745 2863 annum
779 2790 998 2883 singularem,
1033 2788 1236 2878 naturalem,
1272 2789 1357 2861 adeo
1391 2800 1427 2861 ut
1458 2787 1594 2861 alterius

226 2906 303 2975 anni
328 2913 526 2999 proventum
553 2909 653 2979 etiam
679 2917 831 3003 superet:
871 2910 995 2985 bonam
1021 2909 1120 2978 etiam
1154 2906 1243 2978 aeris
1276 2907 1469 3001 temperiem
1503 2926 1593 2978 eon-
1665 2939 1669 2950 v

224 3017 318 3090 cede.
352 3018 540 3093 Consabura
565 3027 763 3117 paucitatem
790 3023 915 3095 dierum
942 3025 1036 3097 vitae
1051 3030 1198 3095 nostrae.
1237 3020 1361 3095 Libera
1389 3042 1451 3094 eos
1478 3024 1533 3116 qni
1559 3024 1592 3093 in

225 3137 418 3231 captivitate
445 3136 641 3230 detinentur,
667 3148 702 3210 et
726 3160 788 3212 eos
814 3142 870 3234 qui
896 3162 916 3211 a
943 3137 1161 3213 daemonibus
1181 3139 1317 3234 impuris
1339 3141 1527 3211 cruciantm
1549 3137 1592 3211 ab

225 3254 419 3347 operatione
445 3262 583 3327 satanae
609 3259 772 3328 immunes
798 3264 943 3352 praesta.

327 3367 478 3440 Εὶεοαηο
507 3391 634 3444 nocem.
685 3373 840 3445 Animam
865 3370 1016 3465 Regum
1043 3372 1245 3468 principum,
1282 3380 1339 3442 aut
1370 3372 1425 3466 qrri
1457 3373 1491 3443 in
1521 3373 1592 3443 mi-

224 3481 312 3554 litari
337 3483 495 3577 dignitate
522 3498 598 3562 smrt
617 3488 665 3586 ,ad
691 3497 724 3561 tc
751 3488 884 3580 inclina,
909 3498 946 3560 ut
970 3486 1151 3560 seeundum
1177 3486 1380 3559 voluntatem
1407 3494 1495 3559 tuam
1519 3508 1591 3579 gu-

226 3598 423 3689 bernantes,
466 3602 671 3678 adversariis
711 3604 843 3699 quidem
892 3602 1057 3676 metuendi
1097 3606 1180 3693 sint,
1223 3605 1386 3675 mansueti
1432 3625 1517 3676 vero
1558 3613 1591 3675 et

224 3715 361 3809 benigni
387 3739 470 3810 erga
495 3717 684 3793 Ecclesiam
710 3730 818 3809 tuam,
844 3720 1040 3818 pacificique
1065 3741 1149 3812 erga
1176 3718 1270 3806 illus,
1297 3722 1353 3814 qni
1379 3717 1439 3793 sub
1474 3739 1591 3791 ecmm

224 3842 392 3928 potestate
417 3839 584 3909 constituti
610 3848 694 3910 sunt.
747 3836 815 3910 Illis
842 3839 897 3934 qni
923 3858 1090 3934 pauperes
1117 3846 1229 3908 amant
1253 3833 1479 3932 vigilantiam,
1506 3854 1589 3907 sus-

223 3949 420 4045 cipientibus
454 3957 673 4047 peregrinos,
707 3953 863 4027 laetitiam
890 3953 1016 4043 tribue,
1043 3955 1219 4048 unicnique
1245 3951 1425 4026 seeundum
1448 3951 1590 4047 dispen-

224 4069 388 4138 sationem
415 4066 477 4140 sibi
502 4073 749 4166 praestitutam,
786 4080 820 4142 et
852 4072 945 4144 sitae
980 4067 1218 4142 conditionem:
1251 4068 1519 4162 alacritatemque
1545 4064 1588 4138 ab

94 4186 110 4197 '
225 4184 314 4253 omni
339 4186 472 4278 pigritia
506 4189 683 4259 immunem
716 4186 875 4260 concede.
927 4181 1051 4257 Libera
1085 4206 1149 4257 nos
1181 4184 1324 4258 Domine
1357 4204 1378 4254 a
1412 4181 1519 4270 lame,
1553 4190 1588 4253 et

222 4299 442 4382 mortalitate,
476 4310 634 4374 aterrae
668 4300 812 4377 motibus
847 4312 882 4374 et
912 4302 1144 4396 sumptione,
1180 4297 1221 4372 ab
1255 4302 1344 4373 omni
1374 4298 1520 4387 malitia,
1555 4307 1591 4369 et

221 4413 343 4510 plaga,
371 4414 413 4487 ab
440 4418 573 4489 incursu
598 4416 795 4508 barbarico,
821 4441 840 4489 a
868 4417 949 4490 dura
976 4419 1180 4512 captivitate,
1206 4438 1226 4488 a
1253 4414 1442 4489 tumultibus
1472 4436 1589 4512 popu-

221 4528 369 4621 laribus,
396 4540 430 4603 et
455 4531 670 4607 seditionibus
696 4533 841 4606 urbanis.
894 4533 947 4606 Da
980 4539 1079 4606 ettam
1113 4530 1212 4605 uobis
1243 4544 1277 4607 ut
1310 4535 1344 4604 in
1379 4529 1468 4605 bono
1502 4541 1589 4604 statu

223 4653 257 4718 et
288 4647 523 4743 tranquillitate
561 4653 743 4724 animarum
782 4661 992 4739 nostrarum,
1033 4647 1272 4745 amplectamur
1304 4658 1485 4745 praecepta
1520 4657 1589 4737 tua,

224 4764 300 4857 quia
325 4761 490 4857 benignus
516 4787 575 4858 es,
601 4778 635 4840 et
660 4766 782 4839 multae
807 4763 1075 4856 misericordiae,
1101 4762 1225 4861 tibique
1251 4764 1393 4859 gloriam
1403 4774 1445 4836 ‘et
1459 4761 1589 4836 laudam

221 4877 406 4954 referimus.

327 4996 488 5091 Papulas.
541 4997 660 5073 Amen.

1301 5114 1350 5188 57
1364 5115 1383 5151 ⁴*
