4525 6034
539 583 597 659 nt
628 577 1029 659 NESTORIANORUM
1063 578 1307 657 LITURGIIS.
1517 577 1593 652 577

100 755 107 768 ⁸
222 773 457 865 ditesceret:
482 794 591 866 neque
626 770 719 841 illum
750 746 995 863 Apostolorum
1028 770 1212 856 reveritus,
1244 788 1353 861 neque
1387 765 1433 836 D.
1467 765 1596 838 Basilii
1634 779 1640 788 ·

220 891 340 981 Mopni
366 893 403 958 in
430 889 547 959 eodem
572 891 697 982 spiritu
725 888 944 978 conscriptae
970 887 1140 954 rationem
1166 883 1268 954 ullum
1302 882 1493 954 dedendum
1519 904 1594 954 esse

212 1006 394 1098 judicans:
425 1008 462 1074 in
494 1027 563 1098 quo
596 1003 793 1097 Anuplroru
824 1000 1040 1093 blasphemiis
1061 1003 1180 1093 potins
1206 1022 1305 1093 quum
1327 998 1491 1092 procidus
1517 997 1594 1068 Sa-

222 1145 315 1192 crum
344 1122 501 1214 officinm
525 1120 680 1214 repleuit.
733 1117 859 1189 Exeo
886 1119 1075 1189 testimonio
1102 1115 1241 1208 intelligi
1272 1127 1385 1212 potest
1410 1114 1594 1207 Liturgiam

221 1236 400 1311 Theodoro
434 1237 633 1333 adscriptam
670 1234 810 1307 Graecis
845 1237 1048 1326 incognitam
1080 1255 1148 1305 non
1182 1231 1305 1324 fuisse,
1339 1254 1449 1328 neque
1484 1242 1596 1322 tamen

223 1355 384 1426 autoritas
417 1353 567 1444 Leontii,
602 1354 657 1448 qui
687 1361 766 1449 post
799 1360 850 1424 tot
881 1371 987 1423 annos
1023 1348 1208 1437 scribebat,
1239 1349 1360 1443 probat
1386 1350 1595 1441 sufficienter,

223 1472 442 1565 compositam
467 1469 557 1541 illam
585 1469 626 1542 ab
655 1491 697 1541 eo
725 1468 841 1558 fuisse,
868 1465 929 1540 sed
947 1463 1024 1536 illud
1038 1464 1259 1555 solummodo,
1287 1466 1376 1562 quod
1402 1466 1594 1558 talisvulgo

221 1585 366 1658 ferretur
392 1585 480 1682 apud
507 1589 579 1680 ejus
606 1594 794 1659 sectatores
821 1587 945 1680 opinio.
999 1582 1098 1669 Quod
1125 1578 1238 1673 adjicit
1263 1581 1436 1672 Leontius,
1461 1583 1596 1679 plenam

222 1702 328 1776 fuisse
353 1702 442 1774 illam
472 1700 705 1798 blasphemie,
738 1705 767 1774 si
800 1723 919 1772 verum
946 1710 1013 1772 est:
1049 1698 1147 1771 allam
1180 1697 1312 1770 viderat
1345 1699 1387 1772 ab
1423 1722 1464 1772 ea
1497 1723 1596 1795 quam
1638 1775 1641 1786 ,

222 1818 416 1892 Nestoriaui
447 1818 512 1890 huc
544 1841 650 1913 usque
683 1828 840 1905 servant,
879 1838 1088 1913 magnopere
1129 1815 1317 1904 diversam,
1354 1837 1429 1889 cum
1460 1828 1597 1912 praeter

222 1958 324 2007 uuum
352 1957 450 2029 quem
478 1957 579 2029 supra
605 1932 823 2008 indicavimus
848 1935 974 2022 locum,
1002 1932 1088 2028 quod
1117 1932 1160 2004 ad
1186 1932 1340 2006 haeresin
1367 1932 1595 2005 insinuandam

223 2060 381 2147 spectare
406 2049 560 2122 videatur
585 2048 663 2121 nihil
689 2055 722 2122 iu
749 2049 853 2123 trihus
880 2057 1051 2146 appareat.

331 2165 418 2252 Quid
442 2188 505 2261 per
520 2165 760 2261 Apostolorum
779 2166 963 2260 Liturgiam
991 2153 1219 2258 designaverit
1235 2165 1409 2257 Leontius,
1437 2171 1466 2242 si
1480 2168 1595 2242 Grae·
1622 2178 1731 2240 -ouam
1755 2186 1825 2232 esset
1845 2177 1921 2249 A1³⁰·

224 2306 341 2356 corum
368 2282 576 2355 traditionem
603 2286 782 2379 sequimur,
817 2305 1007 2376 agnoscere
1037 2282 1138 2354 facile
1172 2305 1240 2355 uon
1273 2294 1343 2357 est:
1377 2284 1475 2358 talem
1508 2291 1595 2361 euim
1608 2263 1733 2402 ἔξω
1749 2263 1857 2320 L⁰⁰¹¹l⁰
1879 2266 1920 2321 ⁰⁵·

223 2402 290 2495 ipsi
315 2398 436 2471 nullam
464 2397 597 2489 habeut,
624 2399 773 2494 solisque
803 2399 917 2473 Basilii
950 2411 985 2473 et
1011 2398 1244 2497 chrysostomi
1269 2399 1427 2494 Liturgiis
1454 2413 1596 2478 utuntur.

223 2513 314 2588 Nihil
340 2516 441 2606 igitur
466 2519 604 2612 propius
631 2528 695 2605 est,
723 2540 821 2612 quam
853 2528 957 2589 uteo
984 2519 1119 2590 nomine
1144 2514 1346 2609 intelligatur
1378 2541 1419 2591 ea
1452 2523 1597 2615 quaein

224 2632 501 2704 Nestorianorum
531 2632 710 2706 (lodicibus
737 2637 844 2729 prima
861 2643 895 2706 et
910 2636 1091 2730 praecipua
1118 2643 1181 2722 est,
1208 2659 1228 2707 a
1256 2657 1321 2728 qua
1347 2634 1470 2708 multae
1496 2660 1597 2711 com-

224 2768 343 2822 munes
371 2752 541 2822 orationes
568 2753 636 2844 peti
663 2748 801 2822 dehent:
837 2773 935 2845 quam
954 2745 1072 2822 'amen
1099 2749 1277 2823 Nestorius
1313 2763 1369 2823 aut
1402 2755 1598 2848 quicumque

223 2862 312 2940 illius
338 2868 472 2936 nomine
503 2864 689 2958 Liturgiam
724 2868 929 2962 composuit,
960 2887 1028 2938 uou
1062 2869 1199 2963 insuper
1230 2865 1359 2956 habuit,
1394 2880 1451 2942 aut
1481 2894 1596 2967 parum

223 2983 393 3053 reveritus
421 2993 485 3066 est,
512 3004 586 3053 cum
614 3004 708 3055 susm
736 2981 778 3054 ad
813 2985 1019 3078 primaevum
1046 2982 1125 3056 illud
1152 2985 1326 3081 exemplar
1357 2986 1598 3061 accommoda·

224 3101 326 3170 verit.
379 3098 433 3169 De
459 3097 572 3169 Basilii
598 3097 759 3190 Liturgia,
787 3103 882 3193 quasi
914 3097 1025 3191 legem
1051 3104 1279 3173 necessariam
1310 3124 1484 3176 sacrorum
1509 3124 1598 3175 cou-

224 3217 340 3302 tineat,
366 3224 464 3286 vetus
492 3224 544 3286 est
572 3212 777 3288 Graecorum
804 3219 1027 3288 recentiorum
1052 3219 1186 3308 naenia,
1214 3240 1311 3312 quum
1339 3218 1503 3292 adversus
1522 3218 1598 3290 La·
1637 3227 1641 3246 '

225 3333 318 3402 tinas
344 3330 517 3404 fastidiose
544 3333 693 3426 Symeon
720 3331 1033 3406 Thessalonicensis
1068 3335 1226 3425 ingerere
1254 3333 1359 3422 solet,
1396 3334 1599 3410 calumniose

225 3469 295 3518 nou
321 3452 428 3520 miuus
455 3471 552 3543 quam
580 3451 740 3546 imperite.
792 3450 900 3522 Porro
937 3452 967 3521 si
1001 3473 1062 3545 per
1087 3448 1272 3542 Liturgiam
1297 3450 1539 3546 Apostolorum
1564 3455 1599 3524 in

224 3562 342 3636 verbis
368 3563 512 3652 Leontii,
539 3567 646 3661 prima
673 3588 787 3637 earum
822 3587 904 3660 quas
937 3564 1129 3667 Nestoriani
1162 3564 1285 3638 habent
1316 3565 1454 3660 intelligi
1487 3566 1598 3659 debet,

223 3679 334 3752 forma
360 3690 459 3752 vetus
487 3678 659 3773 Liturgiae
691 3681 876 3779 Syriacae,
911 3682 1016 3777 qualis
1051 3686 1085 3754 iu
1117 3681 1282 3754 Ecclesiis
1313 3683 1599 3779 Mesopotamenis

225 3804 304 3866 ante
332 3800 472 3869 scissam
498 3797 685 3870 Ecclesiam
713 3822 774 3893 per
799 3798 1075 3873 Nestorianorum
1109 3798 1264 3873 haeresin
1290 3799 1532 3897 usurpabatur,
1565 3806 1600 3874 in

226 3935 271 3984 ea
299 3917 440 4006 agnosci
466 3925 586 4010 potest.
639 3915 782 4011 Reliqua
807 3918 840 3987 iu
866 3921 954 3989 notis
982 3917 1243 4013 explicabuntur.

652 4273 1169 4317 -ψ-..ῇ-
