4525 6034
751 541 1062 619 PRAEFATIO.

227 760 378 840 eaquae
401 738 436 813 in
458 733 652 845 Abrahami
673 732 899 813 Echellensis
920 731 1241 836 lucubrationibus,
1271 746 1331 812 aut
1354 736 1432 838 ejus
1452 733 1596 813 schedis

224 871 356 951 llorino
392 872 661 947 communicatis
694 870 846 971 reperit⁷
888 891 980 971 quos
1012 867 1122 947 libros
1156 891 1229 945 non
1255 867 1402 946 viderat.
1472 869 1597 972 ltaque

225 1006 347 1083 lnrsba
365 986 586 1106 jactatumut¹
599 1002 644 1080 ab
668 1002 802 1105 aliquot
820 981 1246 1080 Protestantibuslactum
1267 1014 1334 1103 est,
1358 1004 1438 1105 ejus
1457 1005 1597 1080 autori-

225 1151 293 1239 tas,
324 1161 418 1240 quae
450 1137 564 1239 maj0r
598 1160 682 1214 esse
715 1159 788 1213 non
824 1133 948 1236 debet,
992 1160 1099 1239 quarn
1139 1139 1184 1214 sit
1217 1136 1273 1213 illa
1308 1149 1471 1215 autorum
1504 1160 1596 1239 quos
1643 1234 1647 1241 Ι

226 1273 369 1376 allegat:
412 1271 530 1348 nullos
569 1281 688 1347 autem
724 1268 882 1369 viderat⁷
929 1292 1049 1371 neque
1090 1269 1195 1346 talem
1235 1269 1412 1347 Arabicae
1452 1271 1597 1373 linguae

226 1406 422 1484 laedutem
444 1402 615 1504 habebat⁷
648 1416 687 1481 ut
706 1403 870 1481 Arabicis
893 1401 991 1479 libris
1014 1405 1063 1479 uti
1087 1414 1221 1506 posset.

342 1538 525 1617 Minimum
551 1562 638 1616 sane
659 1538 843 1615 molestiae
865 1535 1108 1615 Protestantes
1130 1536 1198 1614 bac
1235 1540 1270 1613 in
1293 1541 1438 1615 materia
1459 1535 1597 1615 Catbo-
1628 1534 1684 1633 ,¹³⁰
1711 1537 1789 1635 tabu}
1807 1536 1924 1634 Aluti·

225 1676 298 1753 licis
321 1672 516 1772 dederuntq
541 1696 623 1748 cum
649 1696 697 1748 ne
720 1671 812 1749 ullus
835 1669 979 1775 quidem
1002 1669 1048 1747 de
1068 1669 1298 1748 Orientalium
1318 1667 1597 1749 Christianorum
1611 1621 1926 1775 Σᾙζῃὶῗῗὲᾞῖζρῗ.

225 1808 398 1910 religione
422 1804 650 1884 tolerabiliter
672 1808 865 1907 scripserit.
926 1802 1122 1883 Remittunt
1155 1817 1273 1882 tamen
1305 1829 1373 1884 nos
1409 1830 1519 1909 saepe
1552 1804 1599 1883 ad
1612 1801 1736 1846 “ml’'
1753 1795 1895 1848 ’‘Olim“

225 1941 425 2042 Hottingeri
450 1937 723 2042 Topographias
745 1937 1031 2040 Ecclesiasticus,
1062 1938 1201 2041 aliaque
1225 1939 1305 2041 ejus
1334 1942 1476 2041 sarpta,
1508 1963 1601 2041 quae

225 2077 384 2153 nonnisi
408 2083 576 2175 excerpta
606 2085 689 2152 sunt
712 2098 758 2150 ex
791 2071 1059 2151 Ordinationum
1081 2098 1101 2150 a
1123 2071 1212 2149 Viro
1236 2069 1440 2150 Clarissimo
1462 2072 1601 2150 loanne

225 2208 363 2288 blorino
386 2205 534 2308 Syriaca
567 2219 602 2284 et
632 2207 756 2285 Latine
783 2207 886 2285 editis
915 2205 1117 2308 ritualibus,
1149 2230 1242 2310 quos
1272 2231 1382 2309 saepe
1409 2207 1498 2285 alter
1529 2229 1603 2282 non

227 2341 415 2441 intellexit,
446 2344 553 2419 miras
577 2365 623 2417 ex
643 2341 775 2443 aliquot
801 2339 964 2419 obscuris
986 2341 1075 2419 locis
1099 2342 1325 2444 conjecturas
1347 2341 1480 2418 elicere
1509 2363 1603 2417 con·
1636 2384 1655 2410 .

226 2487 352 2553 tentus.
414 2473 464 2552 At
489 2485 634 2552 autores
658 2472 857 2552 Orientales
879 2472 1097 2554 Christianos
1130 2474 1248 2553 nullos
1271 2474 1430 2575 viderat,
1462 2483 1604 2577 praeter

113 2710 117 2723 ἱ
227 2607 440 2710 Eutychium
474 2606 779 2710 Alexandrum,
821 2619 858 2685 et
892 2606 948 2685 lsa
988 2608 1046 2686 ldii
1080 2607 1208 2709 Zoraa7
1267 2632 1376 2712 quern
1421 2606 1604 2686 lbn-Sora

228 2741 434 2844 appellauit⁷
464 2740 741 2820 Dissertationes
764 2739 956 2844 quasdam,
992 2741 1037 2819 ad
1061 2736 1147 2852 {rem
1181 2740 1498 2819 sacramentariam
1531 2765 1605 2818 non

221 2866 446 2973 attinentesg'
459 2872 525 2952 sed
546 2898 716 2978 magnum
738 2873 871 2953 iecisse
891 2873 957 2953 sibi
980 2879 1080 2953 visus
1102 2887 1170 2977 est,
1191 2875 1288 2979 quod
1304 2874 1605 2953 Muhamedanum

230 3007 417 3113 quemdam
450 3006 665 3087 Ebn-lddns
698 3007 856 3086 verbose
887 3032 997 3111 saepe
1031 3007 1223 3109 describit,
1253 3020 1293 3086 ut
1328 3007 1603 3087 Christianarum

227 3167 346 3221 rerum
372 3145 562 3244 praecipua
586 3145 699 3244 capita
723 3166 791 3219 nos
819 3141 957 3220 doceat.
1020 3141 1156 3221 Omnes
1187 3167 1296 3246 porro
1319 3142 1603 3221 Exercitationes

227 3276 304 3353 illae
327 3273 796 3379 Historr‘co-'l'heolegicae7
828 3301 978 3379 quarum
1009 3278 1044 3353 in
1063 3275 1270 3353 Academiis
1293 3275 1605 3379 Septemtrionali-

225 3408 293 3487 bus
321 3410 444 3511 plures
466 3410 550 3486 olim
577 3408 807 3512 prodierunt,
846 3422 882 3488 et
909 3413 1060 3488 maxime
1088 3409 1358 3489 commendatae
1387 3409 1530 3488 luerunt
1557 3408 1605 3486 ob

225 3545 427 3646 argumenti
459 3545 656 3643 ruiana,
699 3541 834 3620 solidae
872 3542 1079 3622 eruditionIs
1117 3548 1299 3623 minimum
1334 3543 1484 3646 babent,
1524 3569 1606 3622 cum

224 3677 310 3755 nibil
334 3675 429 3754 aliud
453 3679 523 3753 sint
547 3701 653 3779 quarn
677 3675 853 3780 indigesta
878 3702 925 3755 ex
947 3681 1055 3756 variis
1085 3677 1269 3756 autoribus
1299 3678 1539 3779 collectanea7
1571 3689 1608 3755 et

226 3836 355 3890 eorum
378 3812 558 3912 praecipui
582 3834 727 3912 semper
748 3821 831 3888 sunt
851 3808 1086 3913 Praesidens‚
1115 3823 1175 3889 aut
1198 3811 1313 3889 affinis
1336 3812 1461 3914 aliquis
1485 3811 1607 3889 bono-

224 3943 381 4045 randus⁷
402 3967 556 4046 quorum
578 3942 703 4021 laudes
723 3968 833 4045 saepe
859 3956 1047 4048 utramque
1070 3949 1237 4048 paginam
1258 3945 1399 4022 iaciunt.
1460 3942 1608 4023 Hottin-

226 4103 341 4182 gerus
375 4081 411 4154 in
446 4076 588 4154 coelum
622 4075 758 4177 lertur3
799 4090 873 4156 tum
910 4075 1100 4157 Catholicis
1142 4079 1333 4157 fortissime
1376 4077 1608 4178 maledicitur,

227 4212 429 4291 testimonia
465 4234 511 4287 ex
546 4208 784 4289 Orientalibus
818 4212 930 4290 nulla:
986 4211 1085 4315 quod
1117 4216 1148 4291 si
1184 4216 1264 4317 quis
1298 4224 1371 4291 tres
1408 4224 1609 4317 quatuorve

228 4344 378 4422 lineolas
410 4341 584 4421 Arabicas
616 4354 675 4421 aut
707 4342 893 4445 Syriacas,
936 4357 1101 4449 tanquam
1141 4346 1315 4424 emblema
1338 4345 1608 4423 vermiculatum

230 4479 399 4575 inseruit⁷
444 4475 628 4553 translatas
674 4501 721 4554 ex
758 4475 966 4579 Elmacino,
1020 4479 1225 4581 Eutychio‚
1280 4479 1514 4582 Abullaragio
1549 4489 1610 4555 aut

231 4609 424 4709 similibus,
460 4607 543 4685 buic
568 4608 612 4686 ab
647 4610 813 4689 omnibus
843 4612 1075 4714 applauditur.
1137 4614 1189 4692 lta
1212 4617 1304 4691 inter
1334 4614 1413 4690 illos
1441 4638 1534 4691 unus
1564 4613 1611 4690 de

232 4740 397 4821 Ecclesia
433 4737 582 4844 Coptica
617 4742 910 4823 Dissertationem
949 4749 1113 4849 instituit,
1160 4750 1196 4824 in
1228 4772 1297 4850 qua
1326 4746 1613 4826 Brerewoodum

234 4900 294 4953 sus
333 4874 453 4978 deque
485 4886 623 4976 versat,
668 4889 885 4982 autoresque
920 4878 963 4957 ab
1004 4905 1049 4959 eo
1085 4884 1210 4959 citatos
1245 4885 1404 4984 reponit⁷
1452 4880 1613 4960 'lbomae

235 5005 440 5108 Biatiensis7
478 5020 514 5086 et
546 5008 696 5087 aliorum
732 5013 938 5093 collectitias
966 5013 1258 5119 observationes,
1291 5016 1427 5119 laudat⁷
1460 5015 1613 5119 damnat,
