4525 6034
672 645 829 722 SEVERI
864 643 1160 722 introeunti.
1527 642 1601 721 325

229 830 421 904 demonstra
449 853 532 924 erga
558 854 612 903 me
638 830 780 924 gratiam
806 841 909 918 tuam,
936 854 991 903 me
1016 826 1095 903 lieet
1119 832 1290 923 indignum
1310 830 1446 905 salvans
1473 846 1602 906 secun*

230 945 307 1019 dum
332 950 566 1021 miserationes
592 957 684 1037 tuas,
710 960 746 1021 ut
771 947 956 1040 glorificem
989 956 1023 1019 te
1049 969 1185 1043 semper
1210 947 1362 1020 omnibus
1396 946 1513 1021 diebus
1541 953 1603 1021 vi-

229 1071 285 1132 tae
311 1085 418 1134 meae.

332 1177 484 1249 Eleeuns
508 1200 634 1249 vocem.
687 1175 876 1250 Ecclesiam
903 1187 990 1248 tuam
1024 1189 1190 1266 sanctam,
1227 1201 1313 1275 quae
1346 1188 1399 1250 est
1431 1201 1452 1250 a
1484 1178 1605 1253 finibus

230 1292 382 1367 adfines
411 1306 539 1382 terrae,
567 1314 734 1365 conserva
762 1296 794 1363 in
822 1291 972 1365 doctrina
1003 1296 1170 1380 veritatiS,
1206 1306 1241 1366 ut
1277 1296 1432 1389 quoniam
1463 1292 1520 1365 illa
1554 1306 1608 1367 est

229 1430 352 1503 corpus
380 1408 502 1483 Christi
530 1412 592 1497 hri,
619 1410 841 1500 conjungatur
868 1409 963 1480 simul
990 1431 1064 1481 curn
1091 1412 1200 1505 capite
1233 1431 1305 1481 suo.
1356 1408 1467 1480 Etiam
1502 1432 1606 1482 erro-

228 1546 300 1595 rem
326 1528 481 1619 impium,
509 1535 543 1596 et
568 1548 589 1596 a
615 1523 760 1598 Diabolo
788 1535 896 1597 ortum
923 1524 1054 1619 depelle
1082 1547 1127 1595 ex
1153 1522 1325 1597 animabus
1342 1526 1483 1597 nostris:
1511 1524 1606 1596 auler

231 1643 407 1733 operarios
449 1643 676 1712 mercenarios
708 1649 742 1711 et
777 1642 926 1734 iniquos,
960 1640 1107 1713 maculas
1142 1640 1330 1714 haereseon
1368 1639 1460 1730 dele,
1496 1663 1606 1736 neque

227 1758 382 1850 permitte
407 1765 443 1827 ut
468 1780 530 1853 per
556 1778 616 1828 eas
643 1754 890 1851 blasphemetur
916 1779 1039 1828 nomen
1065 1767 1155 1829 tuum
1186 1760 1272 1828 inter
1306 1766 1435 1847 gentes.
1491 1755 1602 1828 Geni-

228 1872 317 1941 mina
344 1869 511 1943 haeretica
538 1895 623 1968 quae
649 1895 736 1943 nunc
763 1876 796 1942 in
822 1869 978 1944 Ecclesia
1006 1882 1061 1944 tua
1088 1884 1166 1946 nata
1194 1882 1286 1960 sunt,
1313 1871 1431 1967 procrd
1459 1870 1500 1943 ab
1529 1877 1602 1964 ejus

228 1988 365 2057 circuitu
394 1987 540 2082 depelle,
566 2010 676 2083 neque
702 1986 858 2080 negligas
885 2010 1008 2084 corpus
1036 1988 1246 2061 sacerdotale
1272 1987 1461 2075 Ecclesiae,
1488 1991 1533 2059 ita
1567 1995 1603 2059 ut

227 2104 339 2196 inique
375 2102 593 2193 discindatur,
627 2103 688 2175 sed
723 2113 889 2176 memento
924 2104 1126 2198 reliquorum
1165 2103 1454 2191 Orthodoxorum,
1494 2127 1604 2199 neque

228 2214 441 2289 obliviscaris
470 2223 657 2291 testamenti
683 2222 749 2304 tui,
777 2222 853 2314 quia
880 2242 1046 2314 pauperes
1074 2220 1153 2293 lacti
1180 2242 1292 2293 sumus
1314 2218 1424 2291 valde.
1477 2219 1605 2291 Verum

229 2330 351 2427 adjuva
378 2356 432 2404 me
457 2334 550 2406 Deus
577 2344 611 2406 et
636 2333 796 2407 Salvator
821 2344 953 2423 noster,
980 2348 1118 2431 propter
1145 2336 1287 2428 gloriam
1314 2338 1454 2409 nominis
1477 2341 1541 2408 tui:
1570 2344 1604 2406 et

227 2445 413 2519 referemus
440 2448 497 2521 tibi
524 2449 667 2541 gloriam
693 2458 727 2520 et
753 2449 895 2521 laudern.

331 2562 508 2636 Sacerdos
532 2567 725 2636 inclinatus.
778 2566 947 2638 Memento
962 2567 1106 2640 Domine
1132 2566 1383 2639 benefactorum
1400 2578 1602 2655 nostrorum,

228 2699 435 2774 quocumque
461 2681 579 2767 modo,
607 2691 641 2752 et
667 2681 812 2754 retribue
838 2682 901 2754 illis
929 2683 1015 2757 dona
1043 2682 1335 2772 abundantissima,
1364 2695 1399 2754 ut
1422 2687 1520 2755 etiam
1539 2683 1602 2753 illis
1724 2712 1729 2725 ¹

230 2797 284 2888 qui
311 2817 479 2890 pauperes
507 2806 710 2884 sustentant,
738 2801 793 2893 qui
819 2804 1019 2894 peregrinos
1053 2803 1254 2896 suscipiunt,
1282 2810 1315 2871 et
1346 2797 1602 2872 necessitatibus

228 2921 421 2983 sanctorum
453 2917 711 3000 communicant,
753 2924 786 2985 et
826 2936 957 3001 omnem
992 2914 1156 2987 bonorum
1198 2914 1362 2987 fructuum
1396 2913 1599 2986 fertilitatem

230 3025 379 3098 oderunt.
432 3028 593 3100 Retribue
620 3029 684 3100 illis
710 3032 744 3100 in
771 3029 825 3102 die
847 3031 961 3123 judicii
984 3034 1074 3123 justi.
1128 3032 1297 3103 Memento
1325 3033 1425 3102 etiam
1458 3030 1603 3102 Domino

228 3163 342 3214 eorum
382 3146 438 3237 qui
477 3142 577 3217 bodie
612 3145 802 3218 obtulerunt
840 3145 901 3218 has
936 3145 1143 3237 oblationes,
1177 3158 1211 3219 et
1241 3168 1356 3217 eorum
1386 3168 1449 3241 pro
1484 3142 1602 3238 quibus

228 3255 362 3330 oblatae
389 3269 480 3347 sunt,
508 3270 541 3331 et
568 3283 683 3333 eorum
712 3265 908 3355 quicumque
934 3262 1023 3334 idem
1048 3266 1080 3333 in
1107 3273 1218 3335 mente
1246 3262 1439 3334 habuerunt.

333 3374 482 3446 Ηευαιιι
506 3399 633 3449 uocem.
687 3376 770 3451 Esto
797 3378 940 3450 Domine
967 3379 1074 3450 viduis
1102 3389 1322 3467 sustentator,
1355 3376 1512 3472 orphanis
1538 3395 1604 3445 re-

226 3490 372 3582 fugium,
398 3493 533 3566 senibus
559 3492 717 3583 baculus,
740 3495 905 3585 juventuti
931 3494 1169 3589 paedagogus,
1204 3506 1238 3591 et
1263 3493 1394 3566 illorum
1421 3496 1476 3585 qui
1508 3493 1601 3581 inja-

227 3610 312 3678 riam
338 3611 504 3702 patiuntur
532 3608 679 3701 adjutor,
707 3631 822 3681 eorum
850 3615 905 3705 qui
932 3634 952 3682 a
984 3611 1079 3683 malis
1115 3611 1283 3706 spiritibus
1316 3617 1481 3681 tentantur
1511 3605 1602 3678 libe-

228 3730 329 3794 rator.
382 3724 548 3797 Miserere
573 3724 703 3798 illorum
731 3730 786 3820 qui
813 3725 983 3799 doloribus
1019 3737 1054 3799 et
1086 3725 1328 3798 infirmitatibus
1364 3721 1604 3810 conflictantur,

229 3837 327 3910 solve
353 3838 429 3911 illos
458 3845 511 3935 qui
539 3844 628 3914 omni
655 3863 782 3932 genere
810 3846 1038 3938 oppressionis
1059 3854 1115 3916 aut
1129 3842 1373 3939 persecutionis
1398 3839 1602 3914 obsidentur,

228 3953 426 4028 lneurvatos
454 3956 579 4050 dirige,
607 3980 668 4029 eos
696 3961 751 4052 qui
777 3958 969 4031 ceciderunt
995 3963 1106 4051 erige,
1134 3981 1242 4054 neque
1270 3963 1372 4045 sinas,
1399 3965 1434 4027 ut
1451 3976 1603 4028 somnum

227 4075 358 4164 peccati
384 4072 547 4145 ullatenus
575 4073 793 4161 dormiamus,
827 4077 882 4169 qui
909 4074 951 4145 ad
977 4075 1119 4146 mortem
1152 4085 1322 4146 aeternam
1356 4072 1507 4144 deducit:
1541 4068 1602 4141 sad

226 4206 290 4256 nos
318 4208 434 4261 ornnes
461 4212 523 4284 per
554 4193 790 4285 poenitentiam
822 4190 958 4285 purifica
993 4201 1027 4261 et
1056 4213 1119 4286 per
1149 4190 1319 4286 lacrymas
1353 4192 1602 4261 conversionis:

229 4312 263 4372 et
290 4300 474 4377 referemus
495 4298 559 4376 'riht
586 4305 738 4398 gloriam.

334 4418 510 4493 Sacerdos
542 4423 734 4493 inclinatus.
793 4422 962 4495 Memento
997 4419 1141 4493 Domine
1170 4415 1186 4456 ⁰
1212 4421 1345 4512 Regum
1378 4419 1602 4492 Orthodoxo-

228 4554 301 4605 rum
330 4542 364 4604 et
390 4546 529 4627 terram,
557 4538 721 4633 simulque
747 4538 902 4633 quidquid
928 4560 1030 4633 super
1055 4536 1147 4609 illam
1166 4546 1230 4625 est,
1258 4536 1412 4633 pacifica:
1439 4546 1475 4606 ut
1500 4537 1604 4606 vitam

230 4653 436 4743 tranquillam
465 4666 499 4726 et
525 4658 669 4750 quietam
697 4655 871 4743 ducamus,
899 4677 1041 4727 vacuam
1068 4663 1102 4725 et
1127 4652 1267 4727 liberam
1295 4676 1314 4724 a
1340 4649 1444 4724 turbis
1465 4661 1499 4722 et
1513 4672 1604 4722 con-

228 4767 441 4839 tentionibus.

330 4883 481 4956 Eleuaaa
506 4908 631 4957 uocem.
684 4884 801 4978 Reges
828 4884 943 4957 fideles
970 4895 1004 4957 et
1035 4908 1154 4981 pacem
1188 4895 1336 4958 amantes
1369 4884 1509 4979 pacifica
1540 4906 1603 4979 per

127 5070 129 5072 ,
225 5002 407 5091 potentiam
436 5010 525 5072 tuam
552 5001 741 5090 excelsam,
769 5011 802 5072 et
829 5000 963 5073 ordines
991 5024 1107 5073 eorum
1135 5005 1190 5095 qui
1216 5003 1432 5073 ministerium
1447 5011 1480 5071 et
1495 5001 1600 5070 auxi-

224 5110 304 5184 lium
331 5111 494 5210 praebent
527 5118 691 5193 adversus
723 5115 838 5190 hostes
873 5120 971 5209 regni
1006 5116 1129 5189 Christi
1162 5119 1227 5207 tui3
1261 5115 1406 5209 adjunge
1439 5115 1532 5201 illos,
1569 5122 1602 5184 et

691 5230 696 5240 '
1310 5233 1386 5307 44*
