4525 6034
419 592 1387 674 s.JOAnntscntttsosron1.
1519 596 1643 672 245.

223 779 388 852 salutares
416 803 499 876 quas
525 803 587 875 pro
614 778 712 851 nobis
739 782 940 860 sustinuisti,
975 790 1008 852 et
1033 803 1155 875 passus
1187 804 1243 869 ea,
1278 787 1351 878 quis
1375 784 1599 878 compenset?

223 918 421 991 omnemque
448 896 730 990 dispensationem
756 906 845 967 tuam
872 896 1051 968 salutarem
1077 908 1216 992 propter
1241 921 1323 988 nos,
1351 902 1426 994 quis
1453 899 1597 972 adorare

222 1019 257 1083 et
283 1011 456 1084 celebrare
484 1010 644 1084 sufficiat?
671 1011 722 1082 Te
741 1013 841 1102 igitur
860 1012 1089 1107 deprecamur,
1117 1013 1273 1101 Domine,
1301 1017 1425 1109 optime
1442 1025 1476 1086 et
1497 1040 1598 1088 ama·

221 1135 276 1199 tor
302 1126 479 1216 hominum,
507 1136 542 1199 ut
569 1130 767 1222 suscipiatur
790 1126 915 1222 oblatio
942 1131 1005 1202 ista
1033 1151 1131 1223 quam
1159 1130 1347 1219 oderimus,
1376 1152 1490 1201 coram
1517 1155 1598 1205 ma-

218 1243 344 1333 Jestate
370 1252 437 1330 tua,
465 1266 567 1337 super
593 1242 698 1314 altare
726 1253 815 1314 tuum
842 1242 1030 1337 spirituale,
1064 1244 1153 1338 quod
1188 1245 1356 1318 excelsius
1392 1247 1499 1318 coelis
1533 1258 1598 1337 est,

220 1362 255 1429 in
282 1356 468 1431 habitaculo
495 1357 715 1450 Angelorum,
743 1361 829 1429 inter
856 1372 1046 1434 sanctorum
1072 1373 1269 1450 conventus,
1298 1365 1331 1433 in
1357 1361 1435 1435 loco
1463 1363 1597 1436 divinae

220 1485 299 1546 tuae
325 1478 554 1570 praesentiae,
589 1479 621 1546 in
649 1473 865 1548 tabernaculo
892 1480 1051 1572 primario
1079 1481 1201 1548 secreti
1237 1480 1305 1548 tui:
1342 1488 1376 1548 ut
1411 1502 1472 1573 per
1506 1478 1596 1550 illam

220 1589 313 1682 digni
350 1592 528 1662 efficiamur
565 1593 799 1687 propitiatione
835 1590 1030 1666 delictomm
1063 1602 1097 1663 et
1138 1596 1337 1665 remissione
1371 1602 1597 1688 peccatomm.

219 1705 365 1778 Etcum
392 1711 526 1779 veneris
555 1708 597 1779 ad
620 1706 833 1799 judicandum
860 1710 961 1780 vivos
988 1717 1023 1778 et
1048 1717 1220 1796 mortuos,
1252 1730 1320 1780 non
1347 1710 1451 1780 intres
1477 1711 1510 1780 in
1532 1713 1596 1801 ju-

220 1823 340 1894 dicium
368 1846 443 1894 cum
470 1826 580 1895 servis
607 1826 691 1909 tuis,
726 1844 793 1894 non
828 1823 947 1896 afficiat
977 1845 1039 1895 nus
1068 1822 1222 1896 conlusio
1249 1827 1282 1894 in
1308 1834 1491 1916 conspectu
1519 1834 1597 1913 tuo;

219 1960 288 2011 uon
316 1931 467 2030 abneges
494 1960 558 2010 nos
584 1961 694 2034 neque
722 1938 815 2011 dicas
841 1938 957 2027 nohis,
991 1938 1116 2010 Nescio
1151 1961 1233 2026 vos,
1267 1942 1300 2009 in
1333 1938 1398 2011 hoc
1432 1941 1506 2032 ipso
1542 1940 1597 2011 die

220 2075 344 2146 magno
371 2064 406 2125 et
431 2053 568 2125 terribili
591 2054 799 2147 judiciorum.
860 2054 934 2125 Non
968 2064 1065 2125 extra
1098 2057 1258 2149 projicias
1292 2076 1355 2126 uos
1390 2053 1432 2126 ad
1465 2065 1597 2150 portam

102 2233 113 2242 .
220 2168 414 2263 gehennae,
440 2169 610 2242 inlocum
637 2170 749 2259 fletus,
777 2181 810 2242 et
836 2168 988 2241 stridoris
1016 2169 1178 2258 dentium;
1205 2169 1266 2242 sed
1293 2171 1425 2263 respice
1451 2169 1597 2241 Domine
1666 2185 1669 2189 ’

220 2290 433 2374 misericors,
468 2287 509 2358 ad
537 2286 756 2358 infirmitatem
784 2296 818 2357 et
844 2295 1073 2382 paupertatem
1106 2296 1274 2372 nostram,
1308 2295 1448 2379 propter
1473 2306 1597 2356 nomen

220 2412 310 2474 mum
338 2411 505 2490 sanetum,
543 2402 631 2496 quod
658 2404 848 2473 invocatum
876 2412 928 2473 est
955 2422 1155 2496 supernos.
1209 2401 1253 2473 Et
1284 2404 1369 2475 sicut
1401 2399 1491 2491 digni
1518 2398 1596 2469 iacti

221 2540 338 2590 snmus
362 2539 425 2613 per
450 2520 592 2609 gratiam
620 2527 708 2589 tuam
736 2517 824 2590 dono
852 2521 1004 2612 corporis
1033 2528 1066 2588 et
1093 2520 1265 2608 sanguinis
1293 2519 1338 2589 tui
1364 2517 1596 2612 propitiatorii,

222 2633 364 2725 dignare
390 2644 425 2705 ut
450 2644 559 2706 tecum
588 2636 690 2705 simus
715 2655 827 2719 unum,
853 2655 916 2728 per
942 2635 1161 2725 sanctitatem,
1188 2635 1273 2705 sicut
1299 2643 1334 2704 tu
1359 2654 1444 2703 unus
1472 2652 1511 2703 es
1533 2652 1597 2725 per

221 2755 402 2822 essentiam
429 2773 503 2821 cum
530 2751 629 2821 Patre
656 2759 712 2821 tuo
740 2759 773 2819 et
799 2748 925 2843 Spiritu
952 2759 1018 2820 uro.
1051 2751 1164 2844 Atque
1185 2759 1322 2844 propter
1340 2747 1424 2820 haec
1439 2745 1594 2819 Ecclesia

222 2874 277 2938 tua
306 2875 419 2938 sancta
447 2876 481 2936 et
507 2864 694 2936 haereditas
721 2873 777 2936 tua
803 2867 979 2959 poenitens
1014 2864 1214 2959 deprecatur
1246 2875 1298 2953 te,
1335 2874 1368 2936 ct
1401 2887 1463 2960 per
1496 2872 1529 2935 te
1562 2872 1597 2934 et

224 2992 335 3054 tecum
360 2990 492 3078 patrem
518 2991 607 3054 tuum
636 2980 760 3053 dicens.

326 3098 488 3191 Populos.
541 3095 715 3168 Miserere.

327 3213 511 3285 Socerdm.
564 3211 637 3284 Nos
665 3233 808 3306 quoque.

327 3327 488 3421 Populos.
541 3327 741 3400 Laudamus.

328 3443 504 3516 Sacerdos
529 3444 712 3515 inclinatos
738 3444 822 3514 dicit
848 3442 1104 3512 lanceationem
1128 3439 1282 3532 Spiritus
1307 3443 1428 3510 suncti.

326 3561 392 3632 Per
419 3562 691 3655 supplicationem
721 3559 761 3631 ad
783 3570 817 3631 te
832 3557 966 3647 iactam,
986 3557 1130 3631 Domine
1149 3559 1241 3630 Deus
1259 3564 1356 3651 pater
1371 3559 1594 3652 omnipotenS,

220 3676 363 3771 Spiritus
389 3686 463 3748 tuus
492 3685 525 3746 et
551 3677 655 3747 virtus
679 3685 738 3749 lua
767 3673 1004 3745 sanctificatrix
1020 3674 1210 3767 requiescat
1226 3695 1328 3768 super
1345 3671 1410 3745 hoc
1432 3683 1594 3761 sanctum,

221 3803 257 3863 et
283 3791 467 3864 sanctificet
492 3791 680 3863 oblationes
707 3794 808 3878 istas,
836 3800 869 3862 et
893 3788 1065 3873 illabatur,
1092 3789 1255 3874 resideat,
1283 3800 1317 3860 et
1342 3787 1469 3861 habitet
1493 3813 1595 3885 super

220 3931 342 4004 panem
369 3907 471 3995 hunc,
506 3918 539 3978 et
565 3929 667 4002 super
693 3905 756 3977 hoc
782 3908 917 3991 vinum,
951 3915 984 3975 et
1014 3904 1093 3976 fiant
1119 3926 1218 3975 unum
1246 3925 1369 3999 corpus
1397 3914 1431 3975 et
1456 3910 1594 3997 sanguis

219 4027 381 4117 unigeniti
407 4022 480 4095 Filii
508 4027 566 4111 tui,
592 4045 654 4117 per
680 4025 835 4094 virtutem
863 4031 950 4092 tuam
978 4029 1013 4090 et
1039 4018 1180 4114 Spiritus
1207 4022 1252 4089 tui
1279 4022 1350 4092 vivi
1384 4030 1417 4092 et
1443 4023 1559 4093 sancti.

326 4139 511 4210 Sacerdos.
564 4138 696 4210 Exaudi
724 4160 786 4209 me.

329 4255 490 4348 Populus.
544 4254 650 4351 llprie
677 4254 823 4344 eleison,
855 4251 961 4346 llyrie
993 4249 1138 4333 eleison,
1172 4248 1277 4344 llyrie
1303 4249 1440 4322 eleison.

326 4371 501 4443 &eandm
527 4371 665 4441 elevans
690 4393 815 4441 uocem.
852 4368 985 4461 Corpus
1013 4366 1144 4461 quidem
1171 4363 1235 4437 hoc
1252 4362 1373 4436 Christi
1391 4365 1456 4436 Dei
1477 4368 1595 4455 nostri,

220 4489 278 4561 liat
303 4491 336 4559 in
362 4490 482 4582 pignus
508 4491 601 4560 vitae
627 4487 771 4574 suturae,
798 4506 920 4578 corpus
947 4480 1035 4554 bona
1062 4481 1117 4553 illa
1135 4484 1254 4553 novies
1272 4480 1485 4576 multiplicata
1502 4502 1593 4551 con-

219 4605 356 4695 serens,
389 4628 476 4700 quae
503 4607 669 4698 promissa
696 4612 790 4675 sunt:
825 4621 949 4694 corpus
977 4598 1018 4669 ad
1046 4596 1182 4670 delicias
1209 4596 1284 4669 illas
1311 4595 1479 4668 coelestes
1506 4617 1594 4690 quae

221 4731 443 4815 expectantur
462 4742 687 4816 praeparans,
713 4716 756 4789 ad
781 4718 1029 4789 innovationem
1051 4717 1233 4786 animarum
1256 4733 1502 4806 corpommque
1523 4731 1593 4781 no-

220 4845 383 4926 strorum,
417 4835 458 4908 ad
492 4837 758 4909 emundationem
793 4835 936 4905 omnium
970 4830 1118 4904 sordium
1151 4832 1261 4901 carnis
1293 4838 1327 4900 et
1360 4827 1513 4921 spiritus3
1550 4822 1593 4896 ad

112 5037 119 5045 .
218 4954 531 5048 praeservationem
558 4962 706 5026 nostram
733 4947 776 5019 ab
804 4952 892 5022 omni
920 4949 1117 5044 operatione
1133 4945 1269 5036 maligni
1288 4943 1393 5018 hostis
1413 4945 1532 5031 nostri,
1560 4949 1595 5013 et

218 5071 323 5140 vitam
351 5078 531 5141 aeternam.

1314 5176 1363 5251 ³4
1375 5175 1393 5210 ⁴*
