4525 6034
561 574 1256 655 lbmlmoltucoltuclhsnusun
1527 578 1604 650 279

226 762 313 838 alibi,
336 779 426 841 mam
448 760 479 822 in
501 761 721 842 superstitiosis
744 759 949 839 damnatisque
971 759 1097 822 sortium
1119 767 1151 823 et
1172 758 1389 822 divinationum
1408 760 1530 841 libellis,
1554 761 1607 823 ubi

225 860 470 942 frequentissima
492 868 570 923 suat.
604 859 768 922 -Ridiculos
790 859 859 920 illos
882 857 969 936 dieo,
992 857 1167 920 Arbatelem
1190 866 1221 921 et
1242 859 1337 936 alios,
1366 862 1417 939 qui
1441 859 1513 922 editi
1534 863 1606 919 sunt

88 1021 91 1026 .
224 961 312 1026 simul
336 976 406 1021 eum
428 958 585 1042 Agrippae
607 958 726 1021 oeeulto
739 956 947 1038 Philosophia:
972 955 1155 1019 Claviculam
1178 957 1358 1033 Salomonis,
1380 960 1465 1040 eujus
1488 965 1533 1018 tot
1555 955 1605 1018 di-
1703 965 1709 977 ·

225 1077 337 1122 versae
361 1056 510 1120 editiones
533 1065 603 1118 sunt
625 1065 699 1137 quot
721 1056 921 1136 exemplaria,
944 1063 1067 1136 praeter
1089 1055 1221 1118 ineditos
1244 1056 1369 1132 multos,
1401 1058 1453 1137 qui
1474 1055 1602 1118 barbara
1676 1047 1678 1056 ’

224 1157 339 1220 infinita
361 1156 551 1237 Angelorum
572 1157 692 1218 nomina
714 1161 956 1235 repraesentant,
978 1163 1068 1232 atque
1089 1155 1168 1216 inter
1190 1171 1245 1216 eos
1258 1154 1454 1218 Urielemvix
1472 1171 1603 1233 unquam

225 1273 286 1319 non
308 1262 481 1318 recensent.
511 1255 617 1336 Neque
639 1252 803 1316 amulorum
825 1261 876 1314 out
898 1242 1108 1333 ἀποτέλεσμα
1131 1253 1336 1329 (Talismanos
1360 1259 1485 1330 vocant)
1508 1253 1602 1318 terum

225 1355 376 1431 occurrit,
405 1353 485 1434 quod
509 1354 683 1433 inscriptum
704 1369 765 1413 noo
787 1352 826 1413 sit
848 1352 899 1413 tali
921 1353 1050 1416 namium.
1096 1351 1292 1416 Communior
1313 1362 1430 1430 tamen,
1453 1360 1486 1415 ut
1508 1371 1601 1434 supra

226 1453 374 1529 diximus,
404 1450 484 1533 apud
514 1469 618 1514 omnes
641 1458 689 1513 est
711 1451 832 1533 vulgata
855 1450 894 1511 de
916 1468 1026 1512 novem
1048 1449 1226 1514 coelestium
1253 1452 1411 1535 spirituum
1438 1450 1602 1515 Ordinibus

184 1581 187 1586 =
226 1549 395 1613 seeundum
417 1551 500 1613 Pauli
522 1549 687 1613 docuinam
710 1550 876 1626 sententia,
901 1551 951 1628 qui
973 1549 1029 1612 sub
1052 1550 1149 1612 tribus
1172 1551 1320 1613 elassibus
1350 1550 1503 1613 constituti
1531 1553 1600 1616 sint.

226 1651 339 1712 Amrus
361 1650 492 1712 blatbaei
515 1648 592 1711 lilius
614 1649 822 1712 Nestoriauus.
866 1647 1031 1724 Doctores,
1060 1657 1090 1710 et
1116 1649 1296 1711 Testamenti
1322 1651 1397 1711 noui
1421 1650 1603 1731 interpretes

224 1751 258 1809 in
279 1767 349 1810 eant
371 1750 549 1810 martiam
570 1749 766 1822 ammentant,
788 1766 878 1828 qaam
900 1767 941 1807 es
962 1745 999 1810 B.
1022 1746 1122 1808 Panlo
1144 1747 1290 1827 Apostolo
1312 1749 1467 1810 trorutnlit
1495 1749 1602 1811 doetm

224 1848 274 1909 alle
296 1854 328 1908 et
344 1848 418 1926 pias
438 1865 598 1908 mammem
626 1847 781 1907 literarum
810 1848 968 1926 expositor
992 1846 1025 1909 S.
1057 1845 1246 1924 liteodmrts,
1276 1848 1393 1926 species
1419 1846 1603 1927 Asrpelornnt

224 1964 332 2006 nonem
355 1964 437 2020 esse,
460 1946 516 2007 mab
537 1945 635 2006 tribas
656 1943 814 2008 ordinibus
834 1944 955 2024 quilici
974 1964 1082 2005 nomen
1104 1947 1297 2024 sanctificant
1310 1946 1342 2005 in
1362 1945 1493 2019 acciso,
1507 1948 1603 2024 jrtata

224 2062 399 2105 mensuum
420 2045 568 2104 dononan
589 2043 696 2123 pibus
719 2044 863 2103 numanati
883 2051 966 2116 sunt,
997 2049 1053 2103 etc.
1098 2041 1141 2105 lta
1168 2045 1256 2126 juxta
1285 2043 1363 2105 hane
1392 2042 1602 2126 Theologiam,

223 2141 372 2221 bliehael,
396 2140 533 2220 Gabriel,
556 2141 708 2222 Raphael,
733 2140 877 2204 Ordiuum
900 2158 1021 2203 suorum
1044 2143 1198 2222 principes
1222 2149 1305 2218 sunt;
1336 2150 1426 2223 atque
1449 2141 1531 2203 Uriel
1553 2141 1602 2203 lo-

225 2258 291 2302 cum
314 2258 377 2303 non
400 2239 499 2302 habet.

311 2338 449 2410 Quatuor
470 2337 608 2400 animalia
630 2338 826 2419 incorporea,
850 2353 978 2417 quorum
1009 2339 1153 2401 memoria
1181 2356 1303 2420 quoque
1332 2339 1364 2401 fit
1390 2341 1422 2401 in
1450 2337 1506 2401 bae
1535 2341 1603 2420 ipsa

224 2439 375 2515 ambone,
398 2435 537 2518 Angelos
560 2435 742 2499 sublimioris
764 2435 879 2498 ordinis
901 2455 971 2498 esse
992 2436 1138 2519 Aegyptii
1155 2436 1317 2500 Christiani
1340 2439 1521 2515 existimant,
1545 2456 1600 2501 eos

223 2554 333 2616 nempe
358 2536 410 2614 qui
440 2536 471 2594 in
500 2532 687 2615 Apocalypsi
722 2535 864 2597 dicuntur
889 2535 1040 2597 sustinere
1071 2536 1211 2598 thronum
1240 2536 1310 2613 Dei,
1342 2554 1418 2617 quos
1448 2536 1602 2599 Ezechieli

220 2652 348 2717 quoque
378 2650 435 2713 per
462 2634 610 2695 visionem
648 2633 766 2695 oblatos
805 2633 899 2695 luisse
933 2634 1070 2698 eredunt.
1129 2634 1286 2714 Anbnatia
1314 2643 1426 2697 sancta
1454 2643 1602 2700 vocantur

223 2733 339 2815 Angeli
362 2731 443 2812 apud
464 2730 649 2818 Judaeprum
672 2732 858 2814 Theologos,
880 2733 964 2813 juxta
987 2733 1124 2796 ordinum
1148 2734 1363 2812 diversitatem,
1385 2742 1419 2796 ut
1441 2737 1530 2799 docet
1552 2736 1602 2797 in-

224 2837 272 2891 ter
295 2829 374 2892 alios
397 2831 501 2893 bloses
530 2831 726 2894 llaimonides
750 2832 780 2892 in
804 2832 946 2893 Tmetatu
968 2830 1007 2894 de
1029 2832 1230 2896 fundamentis
1253 2834 1340 2917 legis.
1375 2835 1425 2897 Ad
1447 2834 1500 2898 88.
1524 2853 1602 2915 qua·

219 2936 293 2989 tuor
316 2928 455 2999 animalia
478 2930 574 2992 oratio
598 2937 681 2992 extat
702 2931 733 2992 in
755 2928 943 3012 Euchologio
967 2930 1106 3011 Coptieo,
1130 2951 1209 3013 quae
1232 2934 1273 2996 ita
1295 2935 1408 3015 incipit.
1443 2933 1601 2996 Osancta

219 3038 356 3110 mansor
386 3029 535 3090 annaio
562 3030 761 3107 bicorpores,
789 3031 968 3091 nnnnmtta
995 3031 1132 3092 thronem
1161 3032 1234 3108 Dei,
1267 3032 1352 3110 sacia
1380 3032 1484 3108 bouis,
1517 3031 1603 3111 facie

221 3130 330 3203 kanis,
351 3126 437 3206 faeie
458 3128 597 3202 homins,
620 3133 651 3187 et
668 3124 754 3204 faeie
775 3128 910 3206 aquitae,
930 3130 1022 3206 plena
1044 3130 1141 3190 cartis
1168 3139 1240 3192 ante
1268 3139 1298 3192 et
1323 3139 1419 3208 retro,
1448 3149 1505 3191 sea
1531 3130 1601 3191 alae

222 3230 286 3302 uni,
309 3245 369 3287 sea
390 3225 461 3286 alae
482 3225 581 3299 alteri,
605 3224 724 3286 dnobus
745 3228 876 3304 tegentia
894 3224 996 3304 facies
1008 3245 1094 3301 suos,
1117 3227 1236 3290 duabus
1254 3230 1350 3308 pedes
1362 3246 1436 3290 saos
1457 3229 1599 3304 comnia,

223 3325 345 3386 maban
373 3325 509 3386 calamia
537 3330 567 3384 et
593 3325 742 3398 dicentia,
767 3322 913 3398 Samias,
941 3325 1089 3399 mana,
1113 3335 1168 3388 ete.
1219 3326 1326 3408 Neque
1355 3328 1386 3388 in
1414 3326 1599 3389 orationibus

224 3423 359 3485 constitit
382 3421 567 3502 Coptitarum
589 3439 663 3504 erga
687 3423 760 3484 istos
783 3422 921 3503 Angelos
943 3424 1040 3503 pietas
1058 3433 1109 3486 ant
1126 3427 1319 3506 superstitio:
1343 3425 1478 3487 namsub
1493 3442 1599 3487 eorum

222 3523 416 3585 invocatione
438 3518 595 3582 Ecclesiae
618 3519 793 3582 aedificatae
815 3520 945 3584 luerunt.
996 3522 1088 3584 Unius
1116 3540 1216 3605 prope
1238 3524 1361 3586 llisram
1381 3541 1437 3586 seu
1460 3522 1599 3588 Cabirum

223 3629 374 3696 veterem,
399 3627 429 3681 et
452 3620 575 3680 alterius
598 3635 677 3698 quae
706 3618 911 3681 Alexandriae
941 3638 957 3680 a
985 3620 1085 3682 scriba
1113 3622 1244 3702 quodam
1273 3622 1381 3685 Divani
1411 3621 1503 3684 Chele
1530 3620 1599 3684 Ebu

222 3721 311 3782 Emin
334 3718 366 3781 el
388 3716 490 3795 blelilv,
513 3718 646 3779 meminit
666 3717 823 3779 Abuselah
844 3718 1005 3782 Armenus.
1057 3718 1090 3780 ln
1118 3721 1187 3782 Vita
1216 3719 1517 3798 Taele-haimanoth,
1547 3722 1599 3801 qui

223 3838 264 3880 ex
286 3817 432 3898 Aegypto
455 3815 610 3896 proiectus
632 3815 688 3877 sub
717 3815 890 3897 Eenjamiuo
919 3817 1101 3894 Patriarcha,
1124 3820 1156 3880 in
1178 3819 1370 3901 Aethiopiam
1392 3821 1485 3898 venit,
1508 3826 1598 3899 atque

222 3919 264 3980 ibi
287 3924 376 3998 pater
397 3915 495 3977 extitit
518 3913 597 3975 vitae
620 3913 821 3991 blonastieae,
852 3913 965 3997 legitur
987 3916 1173 3979 aedihcatam
1202 3921 1232 3980 in
1262 3937 1299 3980 ea
1329 3920 1458 3999 regione
1485 3917 1599 3979 Eccle-

222 4017 309 4091 siam,
333 4015 401 4095 ejus
423 4013 554 4089 hortatu,
576 4011 633 4073 sub
656 4011 741 4075 titulo
765 4020 894 4091 quatrmr
916 4015 1093 4077 animabum.
1144 4017 1212 4079 Pari
1241 4017 1358 4080 ratione
1380 4018 1523 4079 invocant
1544 4035 1599 4079 so-

222 4115 329 4175 nioras
351 4113 457 4193 viginti
486 4118 616 4191 quatuor
648 4112 679 4171 in
700 4110 888 4192 Apocalypsi
918 4123 1185 4192 commemoratos,
1215 4116 1253 4178 ad
1287 4133 1363 4197 quos
1391 4122 1474 4178 extat
1501 4117 1599 4178 oratio

222 4209 389 4292 singularis
412 4212 441 4271 in
463 4209 663 4290 Euchologio‚
685 4210 715 4269 in
739 4228 797 4290 qua
820 4219 967 4273 vocantur
994 4213 1102 4274 Sancti
1121 4215 1302 4293 incorporei,
1331 4214 1514 4276 Sacerdotes
1541 4233 1599 4274 ae-

221 4313 336 4385 ritatis,
359 4308 425 4370 Deo
444 4310 590 4387 memmi,
613 4316 729 4369 stantes
749 4327 855 4370 eoram
877 4311 954 4372 solio
981 4313 1087 4391 ipsias,
1109 4332 1232 4393 eumque
1253 4315 1443 4374 incessanter
1465 4311 1599 4372 laadan-

223 4416 270 4469 tes
291 4410 343 4469 die
363 4426 403 4468 ac
423 4414 520 4481 noete,
543 4407 681 4468 sedantes
711 4426 803 4487 svper
831 4410 920 4470 sedes
941 4412 1049 4489 viginti
1068 4418 1207 4489 quantor,
1236 4429 1369 4474 coronas
1395 4409 1539 4472 habenas
1567 4411 1600 4470 in

223 4506 386 4585 capitibus,
408 4512 439 4566 et
459 4505 609 4566 thuribula
630 4523 728 4567 aurea
749 4509 781 4568 in
810 4507 958 4583 manibus,
978 4509 1070 4586 plena
1092 4508 1178 4569 thure
1199 4511 1368 4589 exquisito,
1396 4527 1502 4586 nernpe
1524 4526 1599 4568 oru-

222 4604 357 4665 tionihas
378 4612 562 4678 sanctoruni,
585 4606 638 4683 qai
658 4612 728 4667 sant
748 4624 839 4685 snper
866 4614 990 4683 terram
1014 4613 1045 4667 et
1069 4625 1125 4668 eas
1153 4605 1314 4687 offerentes
1334 4626 1415 4687 apae
1436 4623 1520 4680 aero,
1543 4612 1600 4667 ete.

224 4701 359 4764 'landem
382 4700 463 4782 quod
485 4700 612 4763 habetur
634 4701 673 4764 de
695 4703 816 4786 Angelo
846 4704 973 4767 custode
996 4704 1057 4767 diei
1078 4706 1185 4787 ipsius,
1208 4707 1360 4768 consentit
1390 4721 1457 4767 curn
1486 4702 1599 4786 vulga-

223 4801 340 4862 tissima
363 4800 442 4882 apud
466 4818 570 4862 omnes
594 4799 742 4880 doctrine,
766 4803 804 4866 de
828 4804 964 4866 custodia
987 4803 1138 4867 hominum
1161 4823 1218 4885 per
1238 4802 1394 4885 Angelos,
1428 4820 1517 4883 quam
1540 4821 1601 4864 ex-

223 4907 353 4980 ponunt,
377 4898 647 4980 autoritatibusque
669 4901 844 4982 Scripturas
875 4909 905 4963 et
927 4901 981 4965 SS.
1004 4903 1124 4965 Petrum
1147 4901 1323 4965 confirmant
1344 4901 1476 4963 Antores
1503 4917 1600 4982 supe-

221 4999 287 5060 rius
310 4998 434 5077 laudati,
457 5006 622 5077 sequentes
644 4999 703 5064 hoe
726 5002 757 5062 in
780 5010 958 5084 argumento
986 5003 1219 5065 vetustissimam
1241 5001 1373 5064 omniurn
1394 4999 1600 5064 Ecclesiamm
