4525 6034
386 554 436 631 ΒΕ
449 551 708 629 llTURClARUld
719 550 975 629 Olilllli'lALlUll
990 550 1142 628 ClilClllll
1157 552 1205 628 ΕΤ
1220 550 1471 628 AUTORITATE.
1554 546 1633 680 Xlll

360 737 491 833 Nempe
515 737 614 809 lateri
640 747 803 830 cogantm
830 741 1026 833 quicumque
1051 737 1256 811 levissimum
1284 740 1484 834 antiquitatis
1503 736 1632 809 Eccle-
1647 750 1740 806 omne
1755 753 1889 823 Largae
1906 773 1957 809 va·

243 856 413 925 siastique
447 862 580 945 gustuum
615 852 758 944 habent,
793 853 964 945 Litargias
990 851 1128 944 Jacobi,
1164 854 1266 926 multo
1306 858 1414 947 magis
1447 854 1562 925 Basilii
1598 849 1694 978 et¹¹¹¹
1686 857 1715 893 ⁰¹
1730 857 1804 908 ¹¹¹¹
1748 843 1842 893 ¹¹¹¹¹¹¹¹
1827 842 1957 910 ΜΨ

253 965 510 1064 Chrysostomi,
543 972 572 1040 si
597 972 795 1065 praecipuas
822 979 857 1040 et
887 971 1099 1041 necessarias
1134 979 1248 1063 partes
1282 970 1519 1064 expendimus,
1554 926 1752 1065 nhd2,„[⁰⁸⁰
1771 927 1876 979 sm
1897 945 1956 981 '⁰‘

247 1084 391 1176 quoda
425 1086 592 1179 primitiva
624 1084 680 1155 illa
714 1084 824 1155 forma
864 1107 961 1177 quarn
1001 1084 1252 1176 designavimus
1286 1083 1403 1174 abed,
1435 1086 1631 1172 continere,

244 1199 280 1267 in
308 1222 399 1293 qua,
426 1202 455 1270 si
481 1198 713 1292 Apostolicum
739 1207 773 1269 et
798 1199 1040 1291 Evangelieum
1076 1197 1216 1271 Coenae
1248 1199 1433 1272 dominicae
1460 1198 1638 1293 exemplar

243 1332 315 1384 non
347 1323 556 1406 agnoscunt,
582 1323 618 1384 nt
643 1336 726 1384 sane
752 1336 821 1386 non
846 1323 1006 1410 possunt,
1035 1318 1112 1408 quin
1139 1314 1264 1387 iorrnas
1292 1336 1411 1387 omnes
1438 1336 1516 1385 suas
1542 1336 1632 1385 con-

248 1427 428 1501 demnent:
456 1428 634 1520 designent
659 1427 738 1499 illud
751 1429 903 1520 tandem,
930 1429 1018 1523 quod
1045 1429 1108 1501 huc
1134 1451 1241 1524 nsque
1266 1452 1366 1501 nemo
1382 1429 1512 1500 illoram
1525 1452 1632 1524 prae-

250 1546 342 1615 stitit
394 1543 515 1638 Neque
542 1565 624 1616 sane
650 1553 824 1638 praestare
856 1545 890 1615 id
923 1545 999 1617 illos
1031 1567 1135 1641 posse
1172 1548 1253 1617 satis
1286 1545 1458 1617 confimnat
1489 1547 1634 1615 maxima

258 1658 440 1731 ciliciorum
466 1657 604 1730 Coenae
625 1659 830 1750 diversitas,
858 1663 1010 1754 quamvis
1036 1661 1125 1731 nulla
1152 1682 1260 1755 prope
1285 1658 1411 1754 pluries
1433 1659 1548 1731 relicta
1565 1681 1633 1730 non

260 1770 361 1845 luerit
413 1772 574 1845 Fateatur
605 1774 707 1861 ultro,
734 1797 802 1847 non
829 1786 986 1850 constare
1012 1799 1058 1846 ex
1090 1797 1188 1847 sacra
1224 1777 1408 1869 scriptura,
1446 1797 1511 1868 quo
1545 1797 1633 1869 pane

271 1886 408 1962 Christus
435 1910 515 1961 usus
532 1888 648 1980 luerit,
675 1912 741 1983 quo
760 1894 862 1963 vino:
894 1891 1011 1986 quibus
1037 1890 1153 1976 verbis
1180 1893 1306 1982 gratias
1329 1894 1455 1981 egerit,
1482 1888 1631 1961 benedi-

275 2008 356 2094 xerit,
373 2012 429 2074 ant
442 2007 709 2076 consecraverit:
731 2005 833 2079 multo
848 2010 968 2097 minus,
983 2006 1100 2101 quibus
1111 2009 1145 2077 in
1158 2005 1385 2077 celebratione
1397 2007 1631 2101 mysteriorum

279 2123 318 2191 usi
337 2119 456 2191 luerint
480 2121 643 2215 Apostoli.
697 2120 813 2193 Verba
834 2119 958 2195 Christi
985 2123 1135 2194 omittunt
1151 2119 1374 2210 calvinistae,
1400 2142 1510 2214 neque
1537 2120 1633 2192 aliter

281 2239 394 2306 recitant
419 2258 519 2329 quam
551 2237 697 2329 reliquas
733 2259 779 2309 ex
814 2236 985 2333 Epistolae
1026 2238 1069 2308 ad
1097 2233 1287 2309 Corinthios
1322 2236 1466 2307 lectione
1501 2246 1632 2330 partes:

282 2361 373 2422 contra
398 2350 473 2441 alii,
501 2360 536 2422 nt
560 2351 715 2424 Ecclesia
742 2353 950 2446 Anglicana,
977 2375 1018 2425 ea
1042 2351 1159 2444 jubent
1185 2355 1335 2424 recitari:
1370 2361 1469 2444 atque
1500 2350 1558 2422 vel
1591 2372 1633 2422 eo
1671 2351 1720 2418 ⁰ss·
1731 2348 1856 2401 comm
1869 2348 1959 2416 1¹⁹·in-

283 2466 337 2539 solo
366 2476 560 2557 argumento
591 2470 778 2541 necessitas
810 2469 940 2540 illorum
976 2471 1189 2560 agnoscitur,
1224 2466 1313 2561 quod
1351 2470 1386 2538 in
1426 2489 1468 2538 ea
1501 2465 1634 2537 rubrica
1647 2453 1748 2489 m·

282 2586 457 2677 praecipitur
483 2591 518 2652 ut
544 2585 573 2655 si
599 2586 696 2678 panis
722 2606 791 2656 non
817 2584 958 2655 subiciat
984 2586 1293 2673 communicantium
1320 2581 1532 2672 nudtitudini,
1564 2604 1634 2653 no-

283 2717 330 2769 uus
352 2699 520 2787 aleratur,
555 2709 751 2794 repetatque
783 2700 952 2772 Sacerdos
979 2700 1086 2772 verba
1114 2698 1261 2773 Canonis
1288 2696 1330 2770 ab
1358 2719 1400 2769 eo
1427 2696 1515 2770 loco.
1571 2697 1637 2784 oet

279 2814 369 2902 pridie
394 2820 704 2907 compateretur.
757 2815 841 2888 Illud
873 2838 977 2911 porro
1012 2816 1111 2910 plane
1144 2815 1323 2890 absurdum
1358 2813 1462 2903 ioret,
1499 2816 1528 2885 si
1562 2816 1636 2907 ipsa

282 2926 379 3003 Christi
404 2930 512 3003 verba
537 2930 617 3002 nihil
645 2931 697 3001 ed*
687 2954 779 3003 cere
802 2931 1039 3023 judicarentur.

360 3048 405 3119 At
431 3046 509 3117 nihil
535 3046 642 3120 simile
668 3049 757 3118 circa
777 3048 949 3140 Liturgias
970 3045 1158 3120 Orientales
1186 3055 1219 3141 et
1247 3042 1481 3117 Occidentales
1509 3039 1635 3114 obser·
1667 3046 1788 3101 0¹10
1789 3051 1887 3115 nrcap
1888 3050 1958 3100 ³0⁵0·

276 3165 334 3232 vari
356 3172 487 3257 potest,
521 3186 595 3233 curn
629 3185 746 3234 omnes
781 3166 867 3234 inter
899 3186 937 3236 se
964 3166 1009 3233 ita
1036 3165 1255 3249 conveniant,
1288 3170 1324 3230 ut
1356 3158 1397 3230 ab
1430 3179 1496 3229 uno
1530 3137 1820 3275 mmmm
1808 3150 1959 3187 ¹¹‘⁰⁶⁰¹¹⁸

270 3275 494 3371 Apostolorum
523 3278 649 3352 scilicet
675 3278 833 3372 exemplo
861 3289 895 3350 et
920 3280 1109 3374 praeceptis
1137 3276 1179 3348 ad
1206 3298 1322 3348 omnes
1348 3275 1521 3347 Ecclesias
1547 3295 1634 3368 per-

265 3415 411 3464 manasse
438 3396 624 3467 certissime
652 3404 886 3485 agnoscantur.
940 3393 1059 3489 Neque
1086 3392 1217 3464 aliunde
1243 3402 1335 3464 tanta
1361 3396 1395 3463 in
1416 3392 1634 3463 sanctissimis

258 3512 424 3604 mysteriis
451 3507 660 3579 celebrandis
686 3509 922 3599 conformitas,
951 3533 1049 3603 quam
1075 3531 1122 3581 ex
1149 3510 1316 3580 communi
1333 3517 1367 3578 et
1384 3504 1537 3578 omnibus
1555 3512 1634 3574 nota

255 3624 430 3695 traditione
457 3626 549 3694 nasci
581 3628 704 3718 potuit,
737 3647 812 3695 cum
845 3625 1010 3715 lacobus,
1048 3627 1103 3719 qui
1137 3625 1383 3717 antiquissimus
1416 3643 1530 3692 eoram]
1570 3629 1635 3708 est

250 3761 396 3835 quornm
423 3739 613 3813 nominibus
640 3740 814 3833 Liturgiae
840 3743 1016 3833 insignitae
1043 3749 1140 3827 sunt,
1167 3739 1246 3810 nihil
1263 3740 1473 3833 praeceperit
1494 3737 1536 3807 de
1554 3737 1635 3807 vino

247 3878 341 3949 aqua
375 3854 566 3945 miscendo,
606 3855 648 3926 de
681 3857 938 3951 pronunciandis
971 3855 1088 3929 verbis
1117 3852 1238 3927 Christi
1265 3853 1419 3944 Domini,
1454 3853 1496 3923 de
1530 3854 1636 3925 invo-

244 3970 362 4042 cando
391 3990 493 4062 super
519 3968 607 4041 dona
631 3974 805 4065 proposita
832 3971 957 4066 Spiritu
983 3981 1120 4060 sancto,
1157 3970 1200 4041 de
1234 3968 1391 4039 mittenda
1428 3966 1635 4053 absentibus,

244 4096 308 4157 aut
339 4083 594 4174 aegrotantibus
620 4085 846 4176 Eucharistia,
881 4095 916 4157 nt
951 4110 1016 4159 nec
1051 4087 1093 4158 de
1126 4085 1236 4159 multis
1270 4084 1364 4173 aliis,
1405 4106 1490 4177 quae
1526 4092 1636 4153 umen

241 4200 380 4293 ubique
405 4208 540 4294 recepta
568 4199 672 4272 luisse
699 4211 734 4272 et
759 4225 821 4274 usn
848 4203 1036 4296 quotidiano
1063 4200 1290 4273 Ecclesiarum
1323 4198 1534 4294 frequentata
1568 4220 1635 4268 ne-

242 4319 329 4409 gari
355 4336 425 4385 non
450 4324 570 4408 potest.
623 4315 712 4387 Nihil
738 4316 898 4412 Princeps
924 4318 1164 4413 Apostolorum
1184 4315 1321 4405 Petrus,
1349 4325 1404 4385 ant
1424 4311 1636 4401 Antiochiae,

245 4441 309 4502 ant
337 4429 469 4500 Romae
495 4431 672 4524 scripsisse
697 4430 840 4523 legitur,
867 4433 946 4504 nihil
971 4433 1115 4523 Paulus,
1142 4431 1222 4503 nihil
1248 4430 1320 4518 alti;
1347 4429 1408 4500 sed
1436 4451 1501 4522 quo
1529 4428 1635 4499 acce-

246 4554 377 4642 perant
403 4567 422 4614 a
449 4542 593 4615 Domino
619 4546 707 4617 idem
733 4545 908 4619 tradebant
936 4553 1035 4623 novis
1064 4546 1270 4620 Christianis.
1323 4544 1428 4616 Multo
1442 4546 1549 4616 minus
1563 4544 1637 4614 Ba-

249 4661 350 4734 silius
386 4668 420 4729 et
447 4655 708 4754 chrysostomus
744 4684 853 4736 novas
880 4663 1039 4735 offerendi
1071 4662 1224 4737 sacrificii
1258 4660 1479 4732 Eucharistici
1511 4659 1637 4733 iormas

252 4778 431 4846 instituere
456 4784 627 4868 poterant:
653 4785 690 4847 ut
714 4800 824 4871 neque
851 4802 872 4850 a
900 4777 1037 4853 Gelasio
1063 4782 1203 4875 primum
1224 4785 1313 4847 auta
1332 4773 1500 4866 Gregorio
1513 4796 1636 4868 magno
1753 4868 1756 4877 ι

255 4897 409 4963 Romana
436 4890 560 4980 Missa,
587 4913 697 4986 neque
724 4891 765 4963 ab
791 4892 975 4969 Ambrosio
1002 4894 1249 4983 Ambrosiana,
1277 4891 1416 4964 Gothico
1435 4891 1638 4984 aLeandro,

260 5003 434 5076 Galhcana
461 5014 560 5077 vetus
588 5030 608 5078 a
637 5006 818 5085 Gallicanis
844 5010 1022 5111 Episcopis
1049 5009 1161 5083 factae
1189 5019 1273 5083 sunt.
1327 5006 1453 5079 Verum
1472 5032 1546 5081 eum
1559 5020 1637 5082 nota
