<?xml version="1.0" encoding="UTF-8"?>
<!DOCTYPE html PUBLIC "-//W3C//DTD XHTML 1.0 Transitional//EN"
    "http://www.w3.org/TR/xhtml1/DTD/xhtml1-transitional.dtd">
<html xmlns="http://www.w3.org/1999/xhtml" xml:lang="en" lang="en">
 <head>
  <title>
</title>
<meta http-equiv="Content-Type" content="text/html;charset=utf-8" />
  <meta name='ocr-system' content='tesseract 3.04.00' />
  <meta name='ocr-capabilities' content='ocr_page ocr_carea ocr_par ocr_line ocrx_word'/>
</head>
<body>
  <div class='ocr_page' id='page_1' title='image "./liturgiarumorie00unkngoog/liturgiarumorie00unkngoog_0824.png"; bbox 0 0 4525 6034; ppageno 0'>
   <div class='ocr_carea' id='block_1_1' title="bbox 647 507 1645 648">
    <p class='ocr_par' dir='ltr' id='par_1_1' title="bbox 647 507 1645 648">
     <span class='ocr_line' id='line_1_1' title="bbox 647 507 1645 648; baseline 0.008 -8"><span class='ocrx_word' id='word_1_1' title='bbox 647 566 721 640; x_wconf 88' lang='lat'><strong>110</strong></span> <span class='ocrx_word' id='word_1_2' title='bbox 1026 507 1645 648; x_wconf 79' lang='lat' dir='ltr'><strong>ooslttnrtotttts</strong></span> 
     </span>
    </p>
   </div>
   <div class='ocr_carea' id='block_1_2' title="bbox 643 751 2018 952">
    <p class='ocr_par' dir='ltr' id='par_1_2' title="bbox 643 751 2018 952">
     <span class='ocr_line' id='line_1_2' title="bbox 643 751 2018 837; baseline 0.001 -24"><span class='ocrx_word' id='word_1_3' title='bbox 643 751 768 814; x_wconf 88' lang='lat' dir='ltr'><strong>intincta</strong></span> <span class='ocrx_word' id='word_1_4' title='bbox 790 752 889 814; x_wconf 77' lang='lat' dir='ltr'><strong>Laicis</strong></span> <span class='ocrx_word' id='word_1_5' title='bbox 912 752 1008 817; x_wconf 90' lang='lat' dir='ltr'><strong>datur.</strong></span> <span class='ocrx_word' id='word_1_6' title='bbox 1055 752 1141 816; x_wconf 84' lang='lat' dir='ltr'><strong>Unde</strong></span> <span class='ocrx_word' id='word_1_7' title='bbox 1168 755 1218 834; x_wconf 92' lang='lat' dir='ltr'><strong>qui</strong></span> <span class='ocrx_word' id='word_1_8' title='bbox 1250 753 1354 816; x_wconf 89' lang='lat' dir='ltr'><strong>Codici</strong></span> <span class='ocrx_word' id='word_1_9' title='bbox 1377 753 1495 816; x_wconf 87' lang='lat' dir='ltr'><strong>Graeco</strong></span> <span class='ocrx_word' id='word_1_10' title='bbox 1517 752 1680 818; x_wconf 87' lang='lat' dir='ltr'><strong>Rubricam</strong></span> <span class='ocrx_word' id='word_1_11' title='bbox 1704 754 1850 837; x_wconf 88' lang='lat' dir='ltr'><strong>adjunxit,</strong></span> <span class='ocrx_word' id='word_1_12' title='bbox 1873 752 1946 817; x_wconf 86' lang='lat' dir='ltr'><strong>duas</strong></span> <span class='ocrx_word' id='word_1_13' title='bbox 1967 753 2018 816; x_wconf 89' lang='lat' dir='ltr'><strong>di-</strong></span> 
     </span>
     <span class='ocr_line' id='line_1_3' title="bbox 645 852 1283 952; baseline 0.006 -39"><span class='ocrx_word' id='word_1_14' title='bbox 645 869 752 915; x_wconf 87' lang='lat' dir='ltr'><strong>versas</strong></span> <span class='ocrx_word' id='word_1_15' title='bbox 774 854 805 915; x_wconf 91' lang='lat' dir='ltr'><strong>in</strong></span> <span class='ocrx_word' id='word_1_16' title='bbox 828 872 916 916; x_wconf 91' lang='lat' dir='ltr'><strong>unam</strong></span> <span class='ocrx_word' id='word_1_17' title='bbox 937 852 1059 952; x_wconf 79' lang='lat' dir='ltr'><strong>videtur</strong></span> <span class='ocrx_word' id='word_1_18' title='bbox 1079 854 1283 935; x_wconf 81' lang='lat' dir='ltr'><strong>compegisse.</strong></span> 
     </span>
    </p>
   </div>
   <div class='ocr_carea' id='block_1_3' title="bbox 354 1128 1596 1201">
    <p class='ocr_par' dir='ltr' id='par_1_3' title="bbox 354 1128 1596 1201">
     <span class='ocr_line' id='line_1_4' title="bbox 354 1128 1596 1201; baseline 0.012 -16"><span class='ocrx_word' id='word_1_19' title='bbox 354 1128 385 1182; x_wconf 80' lang='grc' dir='ltr'><strong>Ρ.</strong></span> <span class='ocrx_word' id='word_1_20' title='bbox 402 1128 483 1181; x_wconf 81' lang='lat' dir='ltr'><strong>sat</strong></span> <span class='ocrx_word' id='word_1_21' title='bbox 508 1128 550 1180; x_wconf 82' lang='lat'><strong>13·</strong></span> <span class='ocrx_word' id='word_1_22' title='bbox 1063 1128 1234 1201; x_wconf 89' lang='lat' dir='ltr'><strong>Diaconos</strong></span> <span class='ocrx_word' id='word_1_23' title='bbox 1262 1130 1347 1201; x_wconf 87' lang='lat' dir='ltr'><strong>dicit</strong></span> <span class='ocrx_word' id='word_1_24' title='bbox 1375 1130 1596 1201; x_wconf 80' lang='lat' dir='ltr'><strong>Catdolicam.</strong></span> 
     </span>
    </p>
   </div>
   <div class='ocr_carea' id='block_1_4' title="bbox 354 1318 2019 5072">
    <p class='ocr_par' dir='ltr' id='par_1_4' title="bbox 354 1318 2019 5072">
     <span class='ocr_line' id='line_1_5' title="bbox 354 1318 2017 1416; baseline 0.002 -23"><span class='ocrx_word' id='word_1_25' title='bbox 354 1331 486 1387; x_wconf 70' lang='lat' dir='ltr'><strong>cartonen</strong></span> <span class='ocrx_word' id='word_1_26' title='bbox 510 1332 570 1403; x_wconf 84' lang='lat' dir='ltr'><strong>qnid</strong></span> <span class='ocrx_word' id='word_1_27' title='bbox 593 1334 633 1386; x_wconf 78' lang='lat' dir='ltr'><strong>rit.</strong></span> <span class='ocrx_word' id='word_1_28' title='bbox 759 1318 795 1395; x_wconf 87' lang='lat' dir='ltr'><strong>ln</strong></span> <span class='ocrx_word' id='word_1_29' title='bbox 820 1330 934 1394; x_wconf 83' lang='lat' dir='ltr'>Codice</span> <span class='ocrx_word' id='word_1_30' title='bbox 956 1329 1131 1393; x_wconf 74' lang='lat' dir='ltr'><strong>Florentino</strong></span> <span class='ocrx_word' id='word_1_31' title='bbox 1163 1333 1247 1393; x_wconf 89' lang='lat' dir='ltr'><strong>etin</strong></span> <span class='ocrx_word' id='word_1_32' title='bbox 1275 1332 1340 1396; x_wconf 90' lang='lat' dir='ltr'><strong>aliis</strong></span> <span class='ocrx_word' id='word_1_33' title='bbox 1370 1333 1469 1396; x_wconf 87' lang='lat' dir='ltr'><strong>bonae</strong></span> <span class='ocrx_word' id='word_1_34' title='bbox 1500 1340 1592 1396; x_wconf 86' lang='lat' dir='ltr'><strong>notae</strong></span> <span class='ocrx_word' id='word_1_35' title='bbox 1624 1334 1665 1396; x_wconf 86' lang='lat' dir='ltr'><strong>ita</strong></span> <span class='ocrx_word' id='word_1_36' title='bbox 1694 1333 1823 1416; x_wconf 81' lang='lat' dir='ltr'><strong>legitur,</strong></span> <span class='ocrx_word' id='word_1_37' title='bbox 1853 1351 1953 1414; x_wconf 88' lang='lat' dir='ltr'><strong>neque</strong></span> <span class='ocrx_word' id='word_1_38' title='bbox 1980 1333 2017 1396; x_wconf 90' lang='lat' dir='ltr'><strong>de</strong></span> 
     </span>
     <span class='ocr_line' id='line_1_6' title="bbox 646 1429 2018 1515; baseline 0 -19"><span class='ocrx_word' id='word_1_39' title='bbox 646 1435 774 1497; x_wconf 90' lang='lat' dir='ltr'><strong>veritate</strong></span> <span class='ocrx_word' id='word_1_40' title='bbox 795 1431 932 1493; x_wconf 88' lang='lat' dir='ltr'><strong>lectionis</strong></span> <span class='ocrx_word' id='word_1_41' title='bbox 955 1437 1055 1509; x_wconf 90' lang='lat' dir='ltr'><strong>potest</strong></span> <span class='ocrx_word' id='word_1_42' title='bbox 1085 1429 1232 1508; x_wconf 88' lang='lat' dir='ltr'><strong>dubitari,</strong></span> <span class='ocrx_word' id='word_1_43' title='bbox 1262 1449 1329 1493; x_wconf 91' lang='lat' dir='ltr'><strong>cum</strong></span> <span class='ocrx_word' id='word_1_44' title='bbox 1357 1431 1436 1494; x_wconf 90' lang='lat' dir='ltr'><strong>illam</strong></span> <span class='ocrx_word' id='word_1_45' title='bbox 1467 1439 1616 1515; x_wconf 79' lang='lat' dir='ltr'><strong>agnoscat</strong></span> <span class='ocrx_word' id='word_1_46' title='bbox 1643 1440 1675 1495; x_wconf 89' lang='lat' dir='ltr'><strong>et</strong></span> <span class='ocrx_word' id='word_1_47' title='bbox 1707 1431 1841 1514; x_wconf 73' lang='lat' dir='ltr'>explicet</span> <span class='ocrx_word' id='word_1_48' title='bbox 1874 1430 2018 1496; x_wconf 89' lang='lat' dir='ltr'><strong>Barsatibi</strong></span> 
     </span>
     <span class='ocr_line' id='line_1_7' title="bbox 645 1527 2018 1613; baseline -0.002 -17"><span class='ocrx_word' id='word_1_49' title='bbox 645 1535 676 1595; x_wconf 92' lang='lat' dir='ltr'><strong>in</strong></span> <span class='ocrx_word' id='word_1_50' title='bbox 699 1550 755 1595; x_wconf 89' lang='lat' dir='ltr'><strong>suo</strong></span> <span class='ocrx_word' id='word_1_51' title='bbox 780 1530 1010 1593; x_wconf 81' lang='lat' dir='ltr'><strong>Commentario.</strong></span> <span class='ocrx_word' id='word_1_52' title='bbox 1057 1527 1138 1590; x_wconf 92' lang='lat' dir='ltr'><strong>lllius</strong></span> <span class='ocrx_word' id='word_1_53' title='bbox 1161 1529 1248 1591; x_wconf 90' lang='lat' dir='ltr'><strong>vocis</strong></span> <span class='ocrx_word' id='word_1_54' title='bbox 1269 1530 1356 1608; x_wconf 91' lang='lat' dir='ltr'><strong>loco,</strong></span> <span class='ocrx_word' id='word_1_55' title='bbox 1381 1532 1439 1594; x_wconf 84' lang='lat' dir='ltr'><strong>aba</strong></span> <span class='ocrx_word' id='word_1_56' title='bbox 1461 1532 1613 1612; x_wconf 89' lang='lat' dir='ltr'><strong>reperitur</strong></span> <span class='ocrx_word' id='word_1_57' title='bbox 1634 1532 1665 1593; x_wconf 92' lang='lat' dir='ltr'><strong>in</strong></span> <span class='ocrx_word' id='word_1_58' title='bbox 1696 1530 1872 1613; x_wconf 87' lang='lat' dir='ltr'><strong>quibusdam</strong></span> <span class='ocrx_word' id='word_1_59' title='bbox 1896 1530 2018 1593; x_wconf 88' lang='lat' dir='ltr'><strong>Codici-</strong></span> 
     </span>
     <span class='ocr_line' id='line_1_8' title="bbox 645 1627 2018 1724; baseline 0.004 -32"><span class='ocrx_word' id='word_1_60' title='bbox 645 1630 720 1709; x_wconf 89' lang='lat' dir='ltr'><strong>bos,</strong></span> <span class='ocrx_word' id='word_1_61' title='bbox 745 1628 849 1710; x_wconf 89' lang='lat' dir='ltr'><strong>quales</strong></span> <span class='ocrx_word' id='word_1_62' title='bbox 872 1627 1008 1707; x_wconf 87' lang='lat' dir='ltr'><strong>luerunt,</strong></span> <span class='ocrx_word' id='word_1_63' title='bbox 1032 1646 1109 1708; x_wconf 89' lang='lat' dir='ltr'><strong>qnos</strong></span> <span class='ocrx_word' id='word_1_64' title='bbox 1132 1630 1286 1711; x_wconf 79' lang='lat' dir='ltr'>expressit</span> <span class='ocrx_word' id='word_1_65' title='bbox 1307 1630 1440 1693; x_wconf 85' lang='lat' dir='ltr'><strong>Romana</strong></span> <span class='ocrx_word' id='word_1_66' title='bbox 1463 1631 1571 1694; x_wconf 89' lang='lat' dir='ltr'><strong>editio:</strong></span> <span class='ocrx_word' id='word_1_67' title='bbox 1603 1637 1634 1694; x_wconf 91' lang='lat' dir='ltr'><strong>et</strong></span> <span class='ocrx_word' id='word_1_68' title='bbox 1663 1631 1714 1692; x_wconf 91' lang='lat' dir='ltr'><strong>illa</strong></span> <span class='ocrx_word' id='word_1_69' title='bbox 1741 1649 1805 1692; x_wconf 84' lang='lat' dir='ltr'><strong>vox</strong></span> <span class='ocrx_word' id='word_1_70' title='bbox 1827 1638 1875 1692; x_wconf 91' lang='lat' dir='ltr'><strong>est</strong></span> <span class='ocrx_word' id='word_1_71' title='bbox 1899 1637 2018 1724; x_wconf 60' lang='lat' dir='ltr'><strong>’ptum</strong></span> 
     </span>
     <span class='ocr_line' id='line_1_9' title="bbox 645 1726 2017 1811; baseline -0.006 -18"><span class='ocrx_word' id='word_1_72' title='bbox 645 1730 776 1793; x_wconf 84' lang='lat' dir='ltr'><strong>Erodilri</strong></span> <span class='ocrx_word' id='word_1_73' title='bbox 795 1729 846 1790; x_wconf 84' lang='lat' dir='ltr'><strong>vel</strong></span> <span class='ocrx_word' id='word_1_74' title='bbox 869 1727 1005 1789; x_wconf 81' lang='lat' dir='ltr'><strong>Prodibi.</strong></span> <span class='ocrx_word' id='word_1_75' title='bbox 1051 1729 1255 1809; x_wconf 80' lang='lat' dir='ltr'><strong>Peregrinitas</strong></span> <span class='ocrx_word' id='word_1_76' title='bbox 1279 1730 1345 1810; x_wconf 85' lang='lat' dir='ltr'><strong>ejus</strong></span> <span class='ocrx_word' id='word_1_77' title='bbox 1368 1733 1466 1793; x_wconf 91' lang='lat' dir='ltr'><strong>statim</strong></span> <span class='ocrx_word' id='word_1_78' title='bbox 1489 1731 1682 1811; x_wconf 71' lang='lat' dir='ltr'><strong>agnoscitur:</strong></span> <span class='ocrx_word' id='word_1_79' title='bbox 1711 1748 1751 1791; x_wconf 86' lang='lat' dir='ltr'><strong>ex</strong></span> <span class='ocrx_word' id='word_1_80' title='bbox 1774 1747 1834 1810; x_wconf 89' lang='lat' dir='ltr'><strong>qua</strong></span> <span class='ocrx_word' id='word_1_81' title='bbox 1863 1726 2017 1810; x_wconf 81' lang='lat' dir='ltr'><strong>linguain</strong></span> 
     </span>
     <span class='ocr_line' id='line_1_10' title="bbox 646 1823 2019 1910; baseline -0.007 -17"><span class='ocrx_word' id='word_1_82' title='bbox 646 1829 800 1910; x_wconf 82' lang='lat' dir='ltr'><strong>Syriacam</strong></span> <span class='ocrx_word' id='word_1_83' title='bbox 822 1828 1013 1908; x_wconf 72' lang='lat' dir='ltr'><strong>migraverit,</strong></span> <span class='ocrx_word' id='word_1_84' title='bbox 1036 1825 1154 1888; x_wconf 89' lang='lat' dir='ltr'><strong>dillloile</strong></span> <span class='ocrx_word' id='word_1_85' title='bbox 1178 1828 1259 1890; x_wconf 90' lang='lat' dir='ltr'><strong>dictu</strong></span> <span class='ocrx_word' id='word_1_86' title='bbox 1281 1836 1338 1893; x_wconf 91' lang='lat' dir='ltr'><strong>cst.</strong></span> <span class='ocrx_word' id='word_1_87' title='bbox 1383 1828 1444 1893; x_wconf 87' lang='lat' dir='ltr'><strong>Sed</strong></span> <span class='ocrx_word' id='word_1_88' title='bbox 1466 1847 1572 1910; x_wconf 89' lang='lat' dir='ltr'><strong>parum</strong></span> <span class='ocrx_word' id='word_1_89' title='bbox 1594 1826 1699 1905; x_wconf 83' lang='lat' dir='ltr'><strong>refert,</strong></span> <span class='ocrx_word' id='word_1_90' title='bbox 1722 1847 1789 1891; x_wconf 91' lang='lat' dir='ltr'><strong>cum</strong></span> <span class='ocrx_word' id='word_1_91' title='bbox 1804 1826 1916 1889; x_wconf 87' lang='lat' dir='ltr'><strong>Versio</strong></span> <span class='ocrx_word' id='word_1_92' title='bbox 1938 1823 2019 1885; x_wconf 73' lang='lat' dir='ltr'><strong>Ara-</strong></span> 
     </span>
     <span class='ocr_line' id='line_1_11' title="bbox 643 1923 2018 2009; baseline -0.007 -17"><span class='ocrx_word' id='word_1_93' title='bbox 643 1931 711 1992; x_wconf 88' lang='lat' dir='ltr'><strong>bica</strong></span> <span class='ocrx_word' id='word_1_94' title='bbox 735 1928 891 1990; x_wconf 90' lang='lat' dir='ltr'><strong>ministerii</strong></span> <span class='ocrx_word' id='word_1_95' title='bbox 913 1926 1067 1988; x_wconf 89' lang='lat' dir='ltr'><strong>Diaconici</strong></span> <span class='ocrx_word' id='word_1_96' title='bbox 1095 1926 1174 1990; x_wconf 87' lang='lat' dir='ltr'><strong>libro</strong></span> <span class='ocrx_word' id='word_1_97' title='bbox 1197 1927 1351 2009; x_wconf 88' lang='lat' dir='ltr'><strong>adjuncta,</strong></span> <span class='ocrx_word' id='word_1_98' title='bbox 1382 1947 1447 1990; x_wconf 91' lang='lat' dir='ltr'><strong>cam</strong></span> <span class='ocrx_word' id='word_1_99' title='bbox 1477 1927 1610 2008; x_wconf 83' lang='lat' dir='ltr'><strong>explicet</strong></span> <span class='ocrx_word' id='word_1_100' title='bbox 1631 1945 1689 2008; x_wconf 91' lang='lat' dir='ltr'><strong>per</strong></span> <span class='ocrx_word' id='word_1_101' title='bbox 1710 1938 1806 2003; x_wconf 61' lang='lat' dir='ltr'><strong>tetta,</strong></span> <span class='ocrx_word' id='word_1_102' title='bbox 1836 1942 1916 2007; x_wconf 90' lang='lat' dir='ltr'><strong>quae</strong></span> <span class='ocrx_word' id='word_1_103' title='bbox 1938 1923 2018 1984; x_wconf 90' lang='lat' dir='ltr'><strong>Pra-</strong></span> 
     </span>
     <span class='ocr_line' id='line_1_12' title="bbox 644 2021 2018 2108; baseline -0.007 -15"><span class='ocrx_word' id='word_1_104' title='bbox 644 2031 855 2093; x_wconf 85' lang='lat' dir='ltr'><strong>olamationem</strong></span> <span class='ocrx_word' id='word_1_105' title='bbox 876 2025 1044 2108; x_wconf 82' lang='lat' dir='ltr'><strong>significat,</strong></span> <span class='ocrx_word' id='word_1_106' title='bbox 1068 2033 1098 2087; x_wconf 90' lang='lat' dir='ltr'><strong>et</strong></span> <span class='ocrx_word' id='word_1_107' title='bbox 1120 2029 1287 2090; x_wconf 89' lang='lat' dir='ltr'><strong>orationem</strong></span> <span class='ocrx_word' id='word_1_108' title='bbox 1310 2027 1388 2090; x_wconf 84' lang='lat' dir='ltr'><strong>elata</strong></span> <span class='ocrx_word' id='word_1_109' title='bbox 1411 2045 1488 2090; x_wconf 81' lang='lat' dir='ltr'><strong>voce</strong></span> <span class='ocrx_word' id='word_1_110' title='bbox 1512 2025 1685 2105; x_wconf 86' lang='lat' dir='ltr'><strong>dicendam,</strong></span> <span class='ocrx_word' id='word_1_111' title='bbox 1717 2035 1750 2089; x_wconf 89' lang='lat' dir='ltr'><strong>ut</strong></span> <span class='ocrx_word' id='word_1_112' title='bbox 1773 2026 1934 2087; x_wconf 82' lang='lat' dir='ltr'><strong>Catbolica</strong></span> <span class='ocrx_word' id='word_1_113' title='bbox 1962 2021 2018 2084; x_wconf 90' lang='lat' dir='ltr'><strong>dici</strong></span> 
     </span>
     <span class='ocr_line' id='line_1_13' title="bbox 644 2123 2017 2207; baseline -0.008 -15"><span class='ocrx_word' id='word_1_114' title='bbox 644 2130 747 2192; x_wconf 88' lang='lat' dir='ltr'><strong>debet:</strong></span> <span class='ocrx_word' id='word_1_115' title='bbox 776 2124 857 2188; x_wconf 90' lang='lat' dir='ltr'><strong>unde</strong></span> <span class='ocrx_word' id='word_1_116' title='bbox 885 2125 915 2186; x_wconf 90' lang='lat' dir='ltr'><strong>in</strong></span> <span class='ocrx_word' id='word_1_117' title='bbox 945 2125 1012 2187; x_wconf 91' lang='lat' dir='ltr'><strong>aliis</strong></span> <span class='ocrx_word' id='word_1_118' title='bbox 1043 2124 1176 2206; x_wconf 81' lang='lat' dir='ltr'><strong>Syriacis</strong></span> <span class='ocrx_word' id='word_1_119' title='bbox 1206 2125 1430 2207; x_wconf 77' lang='lat' dir='ltr'><strong>exemplaribus</strong></span> <span class='ocrx_word' id='word_1_120' title='bbox 1459 2133 1586 2188; x_wconf 87' lang='lat' dir='ltr'><strong>vocatur</strong></span> <span class='ocrx_word' id='word_1_121' title='bbox 1604 2136 1731 2194; x_wconf 57' lang='grc' dir='ltr'><strong><em>σηοω.</em></strong></span> <span class='ocrx_word' id='word_1_122' title='bbox 1785 2124 1903 2185; x_wconf 85' lang='lat' dir='ltr'><strong>Dicitur</strong></span> <span class='ocrx_word' id='word_1_123' title='bbox 1933 2123 2017 2183; x_wconf 87' lang='lat' dir='ltr'><strong>etiam</strong></span> 
     </span>
     <span class='ocr_line' id='line_1_14' title="bbox 642 2211 2017 2309; baseline -0.004 -22"><span class='ocrx_word' id='word_1_124' title='bbox 642 2211 786 2296; x_wconf 62' lang='lat' dir='ltr'><strong>nntpbtnz</strong></span> <span class='ocrx_word' id='word_1_125' title='bbox 810 2225 866 2286; x_wconf 92' lang='lat' dir='ltr'><strong>boc</strong></span> <span class='ocrx_word' id='word_1_126' title='bbox 890 2231 938 2285; x_wconf 88' lang='lat' dir='ltr'><strong>est</strong></span> <span class='ocrx_word' id='word_1_127' title='bbox 957 2226 1127 2303; x_wconf 63' lang='lat' dir='ltr'><strong>pennalis,</strong></span> <span class='ocrx_word' id='word_1_128' title='bbox 1150 2215 1418 2309; x_wconf 72' lang='grc' dir='ltr'><strong><em>εἰυεΚαθολική,</em></strong></span> <span class='ocrx_word' id='word_1_129' title='bbox 1440 2231 1472 2285; x_wconf 92' lang='lat' dir='ltr'><strong>ut</strong></span> <span class='ocrx_word' id='word_1_130' title='bbox 1486 2225 1526 2287; x_wconf 92' lang='lat' dir='ltr'><strong>ait</strong></span> <span class='ocrx_word' id='word_1_131' title='bbox 1541 2224 1698 2303; x_wconf 86' lang='lat' dir='ltr'><strong>Earsalibi,</strong></span> <span class='ocrx_word' id='word_1_132' title='bbox 1722 2225 1808 2305; x_wconf 79' lang='lat' dir='ltr'><strong>cujus</strong></span> <span class='ocrx_word' id='word_1_133' title='bbox 1828 2222 1905 2283; x_wconf 89' lang='lat' dir='ltr'><strong>baec</strong></span> <span class='ocrx_word' id='word_1_134' title='bbox 1928 2219 2017 2283; x_wconf 84' lang='lat' dir='ltr'><strong>verba</strong></span> 
     </span>
     <span class='ocr_line' id='line_1_15' title="bbox 641 2320 2018 2403; baseline -0.004 -17"><span class='ocrx_word' id='word_1_135' title='bbox 641 2331 723 2389; x_wconf 88' lang='lat' dir='ltr'><strong>sunt.</strong></span> <span class='ocrx_word' id='word_1_136' title='bbox 775 2324 885 2402; x_wconf 81' lang='lat' dir='ltr'><strong>incipit</strong></span> <span class='ocrx_word' id='word_1_137' title='bbox 912 2323 1070 2384; x_wconf 74' lang='lat' dir='ltr'><strong>Diaconos</strong></span> <span class='ocrx_word' id='word_1_138' title='bbox 1092 2323 1297 2386; x_wconf 72' lang='lat' dir='ltr'><strong>Catholicam:</strong></span> <span class='ocrx_word' id='word_1_139' title='bbox 1331 2333 1362 2386; x_wconf 91' lang='lat' dir='ltr'><strong>et</strong></span> <span class='ocrx_word' id='word_1_140' title='bbox 1389 2324 1444 2386; x_wconf 86' lang='lat' dir='ltr'><strong>iila</strong></span> <span class='ocrx_word' id='word_1_141' title='bbox 1474 2325 1628 2403; x_wconf 64' lang='lat' dir='ltr'><strong>pennalis</strong></span> <span class='ocrx_word' id='word_1_142' title='bbox 1657 2325 1757 2386; x_wconf 89' lang='lat' dir='ltr'><strong>oratio</strong></span> <span class='ocrx_word' id='word_1_143' title='bbox 1787 2329 1850 2400; x_wconf 83' lang='lat' dir='ltr'><strong>est,</strong></span> <span class='ocrx_word' id='word_1_144' title='bbox 1882 2321 1955 2401; x_wconf 82' lang='lat' dir='ltr'><strong>quia</strong></span> <span class='ocrx_word' id='word_1_145' title='bbox 1983 2320 2018 2380; x_wconf 87' lang='lat' dir='ltr'><strong>de</strong></span> 
     </span>
     <span class='ocr_line' id='line_1_16' title="bbox 643 2420 2018 2502; baseline -0.004 -18"><span class='ocrx_word' id='word_1_146' title='bbox 643 2424 782 2485; x_wconf 87' lang='lat' dir='ltr'><strong>omnibus</strong></span> <span class='ocrx_word' id='word_1_147' title='bbox 809 2423 985 2483; x_wconf 88' lang='lat' dir='ltr'><strong>memoriam</strong></span> <span class='ocrx_word' id='word_1_148' title='bbox 1016 2430 1151 2483; x_wconf 81' lang='lat' dir='ltr'><strong>revocat.</strong></span> <span class='ocrx_word' id='word_1_149' title='bbox 1197 2423 1328 2499; x_wconf 83' lang='lat' dir='ltr'><strong>Quidam</strong></span> <span class='ocrx_word' id='word_1_150' title='bbox 1356 2423 1476 2498; x_wconf 86' lang='lat' dir='ltr'><strong>dicant,</strong></span> <span class='ocrx_word' id='word_1_151' title='bbox 1506 2422 1719 2502; x_wconf 83' lang='lat' dir='ltr'><strong>Apostolorum</strong></span> <span class='ocrx_word' id='word_1_152' title='bbox 1749 2420 1935 2501; x_wconf 67' lang='lat' dir='ltr'><strong>temporibus</strong></span> <span class='ocrx_word' id='word_1_153' title='bbox 1962 2438 2018 2479; x_wconf 84' lang='lat' dir='ltr'><strong>uon</strong></span> 
     </span>
     <span class='ocr_line' id='line_1_17' title="bbox 643 2519 2016 2602; baseline -0.005 -19"><span class='ocrx_word' id='word_1_154' title='bbox 643 2525 782 2583; x_wconf 75' lang='grc' dir='ltr'><strong><em>εττίίλεεε</em></strong></span> <span class='ocrx_word' id='word_1_155' title='bbox 805 2520 994 2581; x_wconf 78' lang='lat' dir='ltr'><strong>Catholicam</strong></span> <span class='ocrx_word' id='word_1_156' title='bbox 1016 2521 1114 2597; x_wconf 83' lang='lat' dir='ltr'><strong>idam,</strong></span> <span class='ocrx_word' id='word_1_157' title='bbox 1137 2541 1216 2601; x_wconf 78' lang='lat' dir='ltr'><strong>qrrae</strong></span> <span class='ocrx_word' id='word_1_158' title='bbox 1238 2522 1278 2584; x_wconf 83' lang='lat' dir='ltr'><strong>ab</strong></span> <span class='ocrx_word' id='word_1_159' title='bbox 1301 2523 1361 2584; x_wconf 81' lang='lat' dir='ltr'><strong>iltis</strong></span> <span class='ocrx_word' id='word_1_160' title='bbox 1381 2521 1485 2584; x_wconf 72' lang='grc' dir='ltr'><strong><em>σετίιίε</em></strong></span> <span class='ocrx_word' id='word_1_161' title='bbox 1507 2524 1622 2602; x_wconf 79' lang='lat' dir='ltr'><strong>incipit.</strong></span> <span class='ocrx_word' id='word_1_162' title='bbox 1666 2520 1776 2584; x_wconf 89' lang='lat' dir='ltr'><strong>lterum</strong></span> <span class='ocrx_word' id='word_1_163' title='bbox 1794 2519 2016 2600; x_wconf 84' lang='lat' dir='ltr'><strong>atqueiterum:</strong></span> 
     </span>
     <span class='ocr_line' id='line_1_18' title="bbox 643 2619 2018 2700; baseline -0.004 -18"><span class='ocrx_word' id='word_1_164' title='bbox 643 2620 707 2682; x_wconf 82' lang='lat' dir='ltr'><strong>Sed</strong></span> <span class='ocrx_word' id='word_1_165' title='bbox 728 2620 808 2700; x_wconf 83' lang='lat' dir='ltr'><strong>quad</strong></span> <span class='ocrx_word' id='word_1_166' title='bbox 828 2619 940 2681; x_wconf 85' lang='lat' dir='ltr'><strong>Patres</strong></span> <span class='ocrx_word' id='word_1_167' title='bbox 962 2621 1104 2698; x_wconf 88' lang='lat' dir='ltr'><strong>quiillos</strong></span> <span class='ocrx_word' id='word_1_168' title='bbox 1125 2621 1383 2695; x_wconf 64' lang='lat' dir='ltr'><strong>subsannamur,</strong></span> <span class='ocrx_word' id='word_1_169' title='bbox 1407 2640 1473 2682; x_wconf 89' lang='lat' dir='ltr'><strong>eam</strong></span> <span class='ocrx_word' id='word_1_170' title='bbox 1495 2622 1554 2682; x_wconf 86' lang='lat' dir='ltr'><strong>rite</strong></span> <span class='ocrx_word' id='word_1_171' title='bbox 1575 2622 1738 2683; x_wconf 81' lang='lat' dir='ltr'><strong>admodum</strong></span> <span class='ocrx_word' id='word_1_172' title='bbox 1766 2619 1961 2697; x_wconf 72' lang='lat' dir='ltr'><strong>atdp‘ecernmt,</strong></span> <span class='ocrx_word' id='word_1_173' title='bbox 1988 2624 2018 2677; x_wconf 87' lang='lat' dir='ltr'><strong>nt</strong></span> 
     </span>
     <span class='ocr_line' id='line_1_19' title="bbox 643 2717 2016 2799; baseline -0.004 -18"><span class='ocrx_word' id='word_1_174' title='bbox 643 2721 746 2782; x_wconf 71' lang='lat' dir='ltr'><strong>stanna</strong></span> <span class='ocrx_word' id='word_1_175' title='bbox 765 2726 836 2797; x_wconf 86' lang='lat' dir='ltr'><strong>post</strong></span> <span class='ocrx_word' id='word_1_176' title='bbox 857 2717 1008 2799; x_wconf 81' lang='lat' dir='ltr'><strong>Diptpclta</strong></span> <span class='ocrx_word' id='word_1_177' title='bbox 1029 2721 1230 2797; x_wconf 82' lang='lat' dir='ltr'><strong>recitaretur,</strong></span> <span class='ocrx_word' id='word_1_178' title='bbox 1260 2739 1299 2781; x_wconf 91' lang='lat' dir='ltr'><strong>ne</strong></span> <span class='ocrx_word' id='word_1_179' title='bbox 1325 2739 1410 2780; x_wconf 77' lang='lat' dir='ltr'><strong>nuens</strong></span> <span class='ocrx_word' id='word_1_180' title='bbox 1427 2720 1535 2798; x_wconf 86' lang='lat' dir='ltr'><strong>populi</strong></span> <span class='ocrx_word' id='word_1_181' title='bbox 1561 2722 1593 2781; x_wconf 89' lang='lat' dir='ltr'><strong>in</strong></span> <span class='ocrx_word' id='word_1_182' title='bbox 1611 2719 1767 2799; x_wconf 70' lang='lat' dir='ltr'><strong>profundo</strong></span> <span class='ocrx_word' id='word_1_183' title='bbox 1797 2718 1935 2790; x_wconf 74' lang='grc' dir='ltr'><strong><em>εἰλαιίίσ,</em></strong></span> <span class='ocrx_word' id='word_1_184' title='bbox 1963 2733 2016 2794; x_wconf 88' lang='lat' dir='ltr'><strong>quo</strong></span> 
     </span>
     <span class='ocr_line' id='line_1_20' title="bbox 642 2814 2016 2897; baseline -0.005 -17"><span class='ocrx_word' id='word_1_185' title='bbox 642 2818 798 2880; x_wconf 76' lang='lat' dir='ltr'><strong>Sacerdos</strong></span> <span class='ocrx_word' id='word_1_186' title='bbox 831 2818 1028 2878; x_wconf 86' lang='lat' dir='ltr'><strong>ministerium</strong></span> <span class='ocrx_word' id='word_1_187' title='bbox 1060 2816 1326 2879; x_wconf 86' lang='lat' dir='ltr'><strong>Sacramentorum</strong></span> <span class='ocrx_word' id='word_1_188' title='bbox 1353 2818 1489 2897; x_wconf 77' lang='lat' dir='ltr'><strong>perficit,</strong></span> <span class='ocrx_word' id='word_1_189' title='bbox 1517 2819 1579 2880; x_wconf 86' lang='lat' dir='ltr'><strong>alio</strong></span> <span class='ocrx_word' id='word_1_190' title='bbox 1607 2826 1794 2881; x_wconf 79' lang='lat' dir='ltr'><strong>evocaretur.</strong></span> <span class='ocrx_word' id='word_1_191' title='bbox 1840 2814 1960 2895; x_wconf 83' lang='lat' dir='ltr'><strong>Neque,</strong></span> <span class='ocrx_word' id='word_1_192' title='bbox 1987 2820 2016 2874; x_wconf 89' lang='lat' dir='ltr'><strong>ut</strong></span> 
     </span>
     <span class='ocr_line' id='line_1_21' title="bbox 642 2916 2016 2998; baseline -0.005 -20"><span class='ocrx_word' id='word_1_193' title='bbox 642 2916 852 2998; x_wconf 87' lang='lat' dir='ltr'><strong>prosequitur,</strong></span> <span class='ocrx_word' id='word_1_194' title='bbox 876 2933 938 2976; x_wconf 90' lang='lat' dir='ltr'><strong>ana</strong></span> <span class='ocrx_word' id='word_1_195' title='bbox 961 2923 991 2977; x_wconf 89' lang='lat' dir='ltr'><strong>et</strong></span> <span class='ocrx_word' id='word_1_196' title='bbox 1010 2917 1116 2978; x_wconf 83' lang='lat' dir='ltr'><strong>cadero</strong></span> <span class='ocrx_word' id='word_1_197' title='bbox 1139 2925 1185 2979; x_wconf 88' lang='lat' dir='ltr'><strong>est</strong></span> <span class='ocrx_word' id='word_1_198' title='bbox 1207 2917 1432 2978; x_wconf 79' lang='lat' dir='ltr'><strong>Gattottccrom</strong></span> <span class='ocrx_word' id='word_1_199' title='bbox 1451 2916 1573 2995; x_wconf 68' lang='lat' dir='ltr'><strong>forma:</strong></span> <span class='ocrx_word' id='word_1_200' title='bbox 1601 2918 1783 2978; x_wconf 78' lang='lat' dir='ltr'><strong>adiacentia</strong></span> <span class='ocrx_word' id='word_1_201' title='bbox 1809 2916 1904 2995; x_wconf 88' lang='lat' dir='ltr'><strong>plano</strong></span> <span class='ocrx_word' id='word_1_202' title='bbox 1933 2920 2016 2973; x_wconf 80' lang='lat' dir='ltr'><strong>carm</strong></span> 
     </span>
     <span class='ocr_line' id='line_1_22' title="bbox 644 3012 2015 3095; baseline -0.004 -20"><span class='ocrx_word' id='word_1_203' title='bbox 644 3016 830 3088; x_wconf 85' lang='lat' dir='ltr'><strong>recitantar;</strong></span> <span class='ocrx_word' id='word_1_204' title='bbox 854 3015 936 3075; x_wconf 86' lang='lat' dir='ltr'><strong>aliae</strong></span> <span class='ocrx_word' id='word_1_205' title='bbox 954 3033 1012 3093; x_wconf 87' lang='lat' dir='ltr'><strong>per</strong></span> <span class='ocrx_word' id='word_1_206' title='bbox 1033 3017 1189 3078; x_wconf 83' lang='lat' dir='ltr'><strong>modulose</strong></span> <span class='ocrx_word' id='word_1_207' title='bbox 1204 3025 1234 3077; x_wconf 88' lang='lat' dir='ltr'><strong>et</strong></span> <span class='ocrx_word' id='word_1_208' title='bbox 1248 3018 1452 3095; x_wconf 86' lang='lat' dir='ltr'><strong>responsoria.</strong></span> <span class='ocrx_word' id='word_1_209' title='bbox 1497 3015 1585 3077; x_wconf 85' lang='lat' dir='ltr'><strong>Aliae</strong></span> <span class='ocrx_word' id='word_1_210' title='bbox 1599 3024 1704 3077; x_wconf 86' lang='lat' dir='ltr'><strong>rectae</strong></span> <span class='ocrx_word' id='word_1_211' title='bbox 1714 3024 1800 3094; x_wconf 56' lang='lat' dir='ltr'><strong>xsant,</strong></span> <span class='ocrx_word' id='word_1_212' title='bbox 1824 3014 1907 3074; x_wconf 84' lang='lat' dir='ltr'><strong>aliae</strong></span> <span class='ocrx_word' id='word_1_213' title='bbox 1919 3012 2015 3072; x_wconf 90' lang='lat' dir='ltr'><strong>nulla-</strong></span> 
     </span>
     <span class='ocr_line' id='line_1_23' title="bbox 646 3113 2016 3193; baseline -0.002 -19"><span class='ocrx_word' id='word_1_214' title='bbox 646 3121 731 3175; x_wconf 86' lang='lat' dir='ltr'><strong>tenus</strong></span> <span class='ocrx_word' id='word_1_215' title='bbox 754 3113 981 3193; x_wconf 81' lang='lat' dir='ltr'><strong>approbandae.</strong></span> <span class='ocrx_word' id='word_1_216' title='bbox 1025 3113 1137 3192; x_wconf 86' lang='lat' dir='ltr'><strong>Probat</strong></span> <span class='ocrx_word' id='word_1_217' title='bbox 1160 3123 1259 3177; x_wconf 88' lang='lat' dir='ltr'><strong>autern</strong></span> <span class='ocrx_word' id='word_1_218' title='bbox 1282 3123 1313 3176; x_wconf 92' lang='lat' dir='ltr'><strong>et</strong></span> <span class='ocrx_word' id='word_1_219' title='bbox 1335 3116 1474 3176; x_wconf 87' lang='lat' dir='ltr'><strong>eximiam</strong></span> <span class='ocrx_word' id='word_1_220' title='bbox 1497 3133 1567 3176; x_wconf 89' lang='lat' dir='ltr'><strong>esse</strong></span> <span class='ocrx_word' id='word_1_221' title='bbox 1589 3114 1726 3190; x_wconf 90' lang='lat' dir='ltr'><strong>alllnnat,</strong></span> <span class='ocrx_word' id='word_1_222' title='bbox 1751 3132 1817 3175; x_wconf 88' lang='lat' dir='ltr'><strong>earn</strong></span> <span class='ocrx_word' id='word_1_223' title='bbox 1837 3129 1927 3192; x_wconf 90' lang='lat' dir='ltr'><strong>quam</strong></span> <span class='ocrx_word' id='word_1_224' title='bbox 1948 3125 2016 3169; x_wconf 78' lang='lat' dir='ltr'><strong>uer·</strong></span> 
     </span>
     <span class='ocr_line' id='line_1_24' title="bbox 645 3207 2015 3293; baseline -0.008 -17"><span class='ocrx_word' id='word_1_225' title='bbox 645 3214 730 3276; x_wconf 90' lang='lat' dir='ltr'><strong>sione</strong></span> <span class='ocrx_word' id='word_1_226' title='bbox 754 3216 969 3292; x_wconf 85' lang='lat' dir='ltr'><strong>expressimus.</strong></span> <span class='ocrx_word' id='word_1_227' title='bbox 1013 3211 1095 3274; x_wconf 88' lang='lat' dir='ltr'><strong>Ecce</strong></span> <span class='ocrx_word' id='word_1_228' title='bbox 1118 3215 1302 3291; x_wconf 77' lang='lat' dir='ltr'><strong>sacrificium</strong></span> <span class='ocrx_word' id='word_1_229' title='bbox 1323 3214 1381 3275; x_wconf 85' lang='grc' dir='ltr'><strong><em>ίιοε</em></strong></span> <span class='ocrx_word' id='word_1_230' title='bbox 1399 3213 1568 3293; x_wconf 76' lang='lat' dir='ltr'><strong>perfectum</strong></span> <span class='ocrx_word' id='word_1_231' title='bbox 1589 3221 1644 3276; x_wconf 83' lang='lat' dir='ltr'><strong>ert.</strong></span> <span class='ocrx_word' id='word_1_232' title='bbox 1680 3212 1762 3275; x_wconf 92' lang='lat' dir='ltr'><strong>lllam</strong></span> <span class='ocrx_word' id='word_1_233' title='bbox 1781 3230 1876 3293; x_wconf 88' lang='lat' dir='ltr'><strong>porro</strong></span> <span class='ocrx_word' id='word_1_234' title='bbox 1895 3207 2015 3269; x_wconf 76' lang='lat' dir='ltr'><strong>foratam</strong></span> 
     </span>
     <span class='ocr_line' id='line_1_25' title="bbox 645 3307 2012 3394; baseline -0.006 -21"><span class='ocrx_word' id='word_1_235' title='bbox 645 3330 706 3375; x_wconf 92' lang='lat' dir='ltr'><strong>non</strong></span> <span class='ocrx_word' id='word_1_236' title='bbox 729 3312 890 3373; x_wconf 88' lang='lat' dir='ltr'><strong>mediocris</strong></span> <span class='ocrx_word' id='word_1_237' title='bbox 914 3312 1095 3391; x_wconf 85' lang='lat' dir='ltr'><strong>antiquitatis</strong></span> <span class='ocrx_word' id='word_1_238' title='bbox 1118 3330 1188 3374; x_wconf 90' lang='lat' dir='ltr'><strong>esse</strong></span> <span class='ocrx_word' id='word_1_239' title='bbox 1212 3313 1280 3375; x_wconf 86' lang='lat' dir='ltr'><strong>indo</strong></span> <span class='ocrx_word' id='word_1_240' title='bbox 1309 3319 1407 3391; x_wconf 91' lang='lat' dir='ltr'><strong>patet,</strong></span> <span class='ocrx_word' id='word_1_241' title='bbox 1437 3312 1517 3391; x_wconf 92' lang='lat' dir='ltr'><strong>quod</strong></span> <span class='ocrx_word' id='word_1_242' title='bbox 1546 3311 1667 3394; x_wconf 82' lang='lat' dir='ltr'><strong>legatur</strong></span> <span class='ocrx_word' id='word_1_243' title='bbox 1688 3314 1720 3375; x_wconf 89' lang='lat' dir='ltr'><strong>in</strong></span> <span class='ocrx_word' id='word_1_244' title='bbox 1749 3307 2012 3374; x_wconf 85' lang='lat' dir='ltr'><strong>Constitutionibns</strong></span> 
     </span>
     <span class='ocr_line' id='line_1_26' title="bbox 645 3410 2014 3494; baseline -0.003 -21"><span class='ocrx_word' id='word_1_245' title='bbox 645 3411 845 3492; x_wconf 85' lang='lat' dir='ltr'><strong>Apostolicis,</strong></span> <span class='ocrx_word' id='word_1_246' title='bbox 868 3428 992 3491; x_wconf 89' lang='lat' dir='ltr'><strong>quarum</strong></span> <span class='ocrx_word' id='word_1_247' title='bbox 1015 3411 1194 3491; x_wconf 87' lang='lat' dir='ltr'><strong>antiquitas,</strong></span> <span class='ocrx_word' id='word_1_248' title='bbox 1218 3411 1256 3473; x_wconf 90' lang='lat' dir='ltr'><strong>de</strong></span> <span class='ocrx_word' id='word_1_249' title='bbox 1279 3430 1336 3491; x_wconf 91' lang='lat' dir='ltr'><strong>qua</strong></span> <span class='ocrx_word' id='word_1_250' title='bbox 1360 3412 1439 3473; x_wconf 89' lang='lat' dir='ltr'><strong>inter</strong></span> <span class='ocrx_word' id='word_1_251' title='bbox 1462 3411 1637 3494; x_wconf 81' lang='lat' dir='ltr'><strong>Theologos</strong></span> <span class='ocrx_word' id='word_1_252' title='bbox 1661 3411 1919 3488; x_wconf 89' lang='lat' dir='ltr'><strong>controvertitur,</strong></span> <span class='ocrx_word' id='word_1_253' title='bbox 1942 3410 2014 3470; x_wconf 85' lang='lat' dir='ltr'><strong>scis-</strong></span> 
     </span>
     <span class='ocr_line' id='line_1_27' title="bbox 645 3499 2014 3620; baseline -0.003 -50"><span class='ocrx_word' id='word_1_254' title='bbox 645 3510 761 3570; x_wconf 91' lang='lat' dir='ltr'><strong>sionem</strong></span> <span class='ocrx_word' id='word_1_255' title='bbox 784 3509 940 3571; x_wconf 86' lang='lat' dir='ltr'><strong>Ecclesiae</strong></span> <span class='ocrx_word' id='word_1_256' title='bbox 963 3527 1019 3589; x_wconf 92' lang='lat' dir='ltr'><strong>per</strong></span> <span class='ocrx_word' id='word_1_257' title='bbox 1040 3509 1191 3572; x_wconf 88' lang='lat' dir='ltr'><strong>Jacobitas</strong></span> <span class='ocrx_word' id='word_1_258' title='bbox 1214 3511 1337 3620; x_wconf 89' lang='lat' dir='ltr'><strong>aliquot</strong></span> <span class='ocrx_word' id='word_1_259' title='bbox 1349 3510 1480 3572; x_wconf 90' lang='lat' dir='ltr'><strong>saeculis</strong></span> <span class='ocrx_word' id='word_1_260' title='bbox 1503 3509 1663 3572; x_wconf 88' lang='lat' dir='ltr'><strong>antecedit.</strong></span> <span class='ocrx_word' id='word_1_261' title='bbox 1701 3499 1774 3571; x_wconf 80' lang='grc' dir='ltr'><strong>Ἔτι</strong></span> <span class='ocrx_word' id='word_1_262' title='bbox 1793 3505 1849 3569; x_wconf 83' lang='grc' dir='ltr'><strong>καὶ</strong></span> <span class='ocrx_word' id='word_1_263' title='bbox 1872 3499 1923 3570; x_wconf 74' lang='grc' dir='ltr'><strong>ἔτι</strong></span> <span class='ocrx_word' id='word_1_264' title='bbox 1945 3506 2014 3588; x_wconf 71' lang='grc' dir='ltr'><strong><em>δερ-</em></strong></span> 
     </span>
     <span class='ocr_line' id='line_1_28' title="bbox 650 3595 2014 3693; baseline -0.001 -26"><span class='ocrx_word' id='word_1_265' title='bbox 650 3603 766 3683; x_wconf 76' lang='grc' dir='ltr'><strong><em>θῶμευ</em></strong></span> <span class='ocrx_word' id='word_1_266' title='bbox 786 3604 847 3670; x_wconf 80' lang='grc' dir='ltr'><strong>τοῦ</strong></span> <span class='ocrx_word' id='word_1_267' title='bbox 870 3604 958 3670; x_wconf 82' lang='grc' dir='ltr'><strong><em>Θεοῦ</em></strong></span> <span class='ocrx_word' id='word_1_268' title='bbox 980 3595 1038 3670; x_wconf 80' lang='lat' dir='ltr'><strong>dcci</strong></span> <span class='ocrx_word' id='word_1_269' title='bbox 1060 3608 1211 3691; x_wconf 78' lang='grc' dir='ltr'><strong><em>Χριστοῦ</em></strong></span> <span class='ocrx_word' id='word_1_270' title='bbox 1232 3598 1345 3682; x_wconf 74' lang='grc' dir='ltr'><strong><em>αὐτοῦ,</em></strong></span> <span class='ocrx_word' id='word_1_271' title='bbox 1369 3599 1452 3692; x_wconf 80' lang='grc' dir='ltr'><strong><em>υπὲρ</em></strong></span> <span class='ocrx_word' id='word_1_272' title='bbox 1473 3606 1534 3671; x_wconf 84' lang='grc' dir='ltr'><strong>τοῦ</strong></span> <span class='ocrx_word' id='word_1_273' title='bbox 1556 3598 1665 3693; x_wconf 80' lang='grc' dir='ltr'><strong><em>δώρου</em></strong></span> <span class='ocrx_word' id='word_1_274' title='bbox 1693 3604 1755 3669; x_wconf 79' lang='grc' dir='ltr'><strong>τοῦ</strong></span> <span class='ocrx_word' id='word_1_275' title='bbox 1777 3600 2014 3688; x_wconf 75' lang='grc' dir='ltr'><strong><em>πρυκομισθὲκ·</em></strong></span> 
     </span>
     <span class='ocr_line' id='line_1_29' title="bbox 645 3694 2011 3819; baseline 0.001 -54"><span class='ocrx_word' id='word_1_276' title='bbox 645 3723 719 3778; x_wconf 81' lang='grc' dir='ltr'><strong><em>τος,</em></strong></span> <span class='ocrx_word' id='word_1_277' title='bbox 740 3701 840 3789; x_wconf 83' lang='grc' dir='ltr'><strong><em>κυρίῳ</em></strong></span> <span class='ocrx_word' id='word_1_278' title='bbox 869 3702 915 3785; x_wconf 79' lang='lat' dir='ltr'><strong>aqi</strong></span> <span class='ocrx_word' id='word_1_279' title='bbox 940 3697 1056 3786; x_wconf 40' lang='lat' dir='ltr'><strong>(riqis</strong></span> <span class='ocrx_word' id='word_1_280' title='bbox 1045 3695 1135 3816; x_wconf 72' lang='grc' dir='ltr'><strong><em>σ’πιυς</em></strong></span> <span class='ocrx_word' id='word_1_281' title='bbox 1158 3696 1176 3768; x_wconf 85' lang='grc' dir='ltr'>ὁ</span> <span class='ocrx_word' id='word_1_282' title='bbox 1200 3696 1328 3789; x_wconf 72' lang='grc' dir='ltr'><strong><em>ἅγαίλσς</em></strong></span> <span class='ocrx_word' id='word_1_283' title='bbox 1350 3696 1433 3780; x_wconf 73' lang='grc' dir='ltr'><strong><em>θεός</em></strong></span> <span class='ocrx_word' id='word_1_284' title='bbox 1456 3703 1678 3819; x_wconf 59' lang='grc' dir='ltr'><strong><em>προςδέξνρται</em></strong></span> <span class='ocrx_word' id='word_1_285' title='bbox 1696 3696 1779 3768; x_wconf 72' lang='grc' dir='ltr'><strong><em>αὐτὸ</em></strong></span> <span class='ocrx_word' id='word_1_286' title='bbox 1801 3694 1859 3768; x_wconf 73' lang='grc' dir='ltr'><strong>διὰ</strong></span> <span class='ocrx_word' id='word_1_287' title='bbox 1880 3704 1938 3790; x_wconf 77' lang='grc' dir='ltr'><strong>τῆς</strong></span> <span class='ocrx_word' id='word_1_288' title='bbox 1956 3725 2011 3784; x_wconf 81' lang='grc' dir='ltr'><strong><em>με·</em></strong></span> 
     </span>
     <span class='ocr_line' id='line_1_30' title="bbox 644 3793 2012 3915; baseline 0 -52"><span class='ocrx_word' id='word_1_289' title='bbox 644 3797 772 3913; x_wconf 76' lang='grc' dir='ltr'><strong><em>σιτείας</em></strong></span> <span class='ocrx_word' id='word_1_290' title='bbox 804 3800 865 3865; x_wconf 82' lang='grc' dir='ltr'><strong>τοῦ</strong></span> <span class='ocrx_word' id='word_1_291' title='bbox 898 3799 1054 3915; x_wconf 80' lang='grc' dir='ltr'><strong><em>Χριστοῦ</em></strong></span> <span class='ocrx_word' id='word_1_292' title='bbox 1076 3793 1189 3880; x_wconf 64' lang='grc' dir='ltr'><strong><em>αὐτοῦ,</em></strong></span> <span class='ocrx_word' id='word_1_293' title='bbox 1213 3798 1261 3877; x_wconf 80' lang='grc' dir='ltr'><strong><em>εἰς</em></strong></span> <span class='ocrx_word' id='word_1_294' title='bbox 1289 3795 1328 3868; x_wconf 76' lang='grc' dir='ltr'><strong>τὸ</strong></span> <span class='ocrx_word' id='word_1_295' title='bbox 1356 3794 1551 3891; x_wconf 75' lang='grc' dir='ltr'><strong><em>ἑποοροίιιου</em></strong></span> <span class='ocrx_word' id='word_1_296' title='bbox 1573 3797 1678 3869; x_wconf 83' lang='grc' dir='ltr'><strong><em>αυτοῦ</em></strong></span> <span class='ocrx_word' id='word_1_297' title='bbox 1710 3793 1949 3889; x_wconf 74' lang='grc' dir='ltr'><strong><em>θυσιαστήριον</em></strong></span> <span class='ocrx_word' id='word_1_298' title='bbox 1971 3796 2012 3874; x_wconf 77' lang='grc' dir='ltr'><strong>εἷς</strong></span> 
     </span>
     <span class='ocr_line' id='line_1_31' title="bbox 643 3890 2010 4015; baseline 0.001 -52"><span class='ocrx_word' id='word_1_299' title='bbox 643 3890 749 3985; x_wconf 63' lang='lat' dir='ltr'><strong>octaris</strong></span> <span class='ocrx_word' id='word_1_300' title='bbox 781 3890 985 3976; x_wconf 79' lang='grc' dir='ltr'><strong><em>ευωδίας,</em></strong></span> <span class='ocrx_word' id='word_1_301' title='bbox 969 3898 1053 4012; x_wconf 72' lang='lat' dir='ltr'><strong>vaip</strong></span> <span class='ocrx_word' id='word_1_302' title='bbox 1086 3903 1145 3986; x_wconf 81' lang='grc' dir='ltr'><strong>τῆς</strong></span> <span class='ocrx_word' id='word_1_303' title='bbox 1167 3898 1337 3989; x_wconf 76' lang='grc' dir='ltr'><strong><em>ἐκκλησίας</em></strong></span> <span class='ocrx_word' id='word_1_304' title='bbox 1366 3895 1497 3989; x_wconf 66' lang='grc' dir='ltr'><strong><em>ταύτης,</em></strong></span> <span class='ocrx_word' id='word_1_305' title='bbox 1534 3904 1589 4015; x_wconf 72' lang='grc' dir='ltr'><strong>καὶ</strong></span> <span class='ocrx_word' id='word_1_306' title='bbox 1618 3903 1680 3968; x_wconf 80' lang='grc' dir='ltr'><strong>τοῦ</strong></span> <span class='ocrx_word' id='word_1_307' title='bbox 1708 3902 1808 3976; x_wconf 82' lang='grc' dir='ltr'><strong><em>λαοῦ,</em></strong></span> <span class='ocrx_word' id='word_1_308' title='bbox 1837 3901 2010 3987; x_wconf 63' lang='lat' dir='ltr'><strong>ospitium.</strong></span> 
     </span>
     <span class='ocr_line' id='line_1_32' title="bbox 642 3988 2012 4118; baseline 0.001 -57.007"><span class='ocrx_word' id='word_1_309' title='bbox 642 3990 738 4084; x_wconf 73' lang='grc' dir='ltr'><strong><em>Ὑπὲρ</em></strong></span> <span class='ocrx_word' id='word_1_310' title='bbox 760 3988 876 4118; x_wconf 75' lang='grc' dir='ltr'><strong><em>πάσης</em></strong></span> <span class='ocrx_word' id='word_1_311' title='bbox 890 3996 1084 4118; x_wconf 77' lang='grc' dir='ltr'><strong><em>ἑπισκρπῆς,</em></strong></span> <span class='ocrx_word' id='word_1_312' title='bbox 1106 3992 1230 4075; x_wconf 71' lang='grc' dir='ltr'><strong><em>παντὸς</em></strong></span> <span class='ocrx_word' id='word_1_313' title='bbox 1251 4001 1500 4090; x_wconf 72' lang='grc' dir='ltr'><strong><em>πρεσβυτερίου,</em></strong></span> <span class='ocrx_word' id='word_1_314' title='bbox 1522 3992 1632 4088; x_wconf 76' lang='grc' dir='ltr'><strong><em>πόσης</em></strong></span> <span class='ocrx_word' id='word_1_315' title='bbox 1654 4003 1712 4089; x_wconf 75' lang='grc' dir='ltr'><strong>τῆς</strong></span> <span class='ocrx_word' id='word_1_316' title='bbox 1734 3999 1769 4066; x_wconf 77' lang='grc' dir='ltr'><strong>ἐκ</strong></span> <span class='ocrx_word' id='word_1_317' title='bbox 1790 4003 1926 4087; x_wconf 79' lang='grc' dir='ltr'><strong><em>Χριστῷ</em></strong></span> <span class='ocrx_word' id='word_1_318' title='bbox 1945 4000 2012 4064; x_wconf 80' lang='grc' dir='ltr'><strong><em>δια-</em></strong></span> 
     </span>
     <span class='ocr_line' id='line_1_33' title="bbox 644 4089 2012 4189; baseline 0 -28"><span class='ocrx_word' id='word_1_319' title='bbox 644 4095 833 4172; x_wconf 65' lang='lat' dir='ltr'><strong>accinerati</strong></span> <span class='ocrx_word' id='word_1_320' title='bbox 856 4089 1046 4186; x_wconf 77' lang='grc' dir='ltr'><strong><em>υπηρεσίας,</em></strong></span> <span class='ocrx_word' id='word_1_321' title='bbox 1069 4122 1192 4174; x_wconf 75' lang='grc' dir='ltr'><strong><em>παντες</em></strong></span> <span class='ocrx_word' id='word_1_322' title='bbox 1203 4121 1264 4164; x_wconf 89' lang='grc' dir='ltr'><strong>του</strong></span> <span class='ocrx_word' id='word_1_323' title='bbox 1285 4094 1507 4189; x_wconf 75' lang='grc' dir='ltr'><strong><em>πληρώματος</em></strong></span> <span class='ocrx_word' id='word_1_324' title='bbox 1529 4097 1701 4187; x_wconf 76' lang='grc' dir='ltr'><strong><em>ἐκκλησίας</em></strong></span> <span class='ocrx_word' id='word_1_325' title='bbox 1726 4102 1911 4186; x_wconf 64' lang='lat' dir='ltr'><strong>censano,</strong></span> <span class='ocrx_word' id='word_1_326' title='bbox 1933 4091 2012 4172; x_wconf 80' lang='grc' dir='ltr'><strong><em>ὅπως</em></strong></span> 
     </span>
     <span class='ocr_line' id='line_1_34' title="bbox 644 4186 2012 4314; baseline 0.001 -57"><span class='ocrx_word' id='word_1_327' title='bbox 644 4189 796 4307; x_wconf 71' lang='grc' dir='ltr'><strong><em>σκύριος</em></strong></span> <span class='ocrx_word' id='word_1_328' title='bbox 818 4187 944 4273; x_wconf 69' lang='grc' dir='ltr'><strong><em>πάντας</em></strong></span> <span class='ocrx_word' id='word_1_329' title='bbox 965 4186 1177 4285; x_wconf 73' lang='lat' dir='ltr'><strong>dtaaaqpqap,</strong></span> <span class='ocrx_word' id='word_1_330' title='bbox 1199 4196 1256 4262; x_wconf 86' lang='grc' dir='ltr'><strong>καί</strong></span> <span class='ocrx_word' id='word_1_331' title='bbox 1277 4193 1475 4288; x_wconf 47' lang='lat' dir='ltr'><strong>daupeinim</strong></span> <span class='ocrx_word' id='word_1_332' title='bbox 1517 4195 1612 4286; x_wconf 71' lang='grc' dir='ltr'><strong>ιλπὲρ</strong></span> <span class='ocrx_word' id='word_1_333' title='bbox 1633 4196 1797 4314; x_wconf 77' lang='grc' dir='ltr'><strong><em>βασιλέων</em></strong></span> <span class='ocrx_word' id='word_1_334' title='bbox 1820 4198 1876 4263; x_wconf 85' lang='grc' dir='ltr'><strong>καί</strong></span> <span class='ocrx_word' id='word_1_335' title='bbox 1904 4223 1963 4263; x_wconf 81' lang='grc' dir='ltr'><strong><em>τιον</em></strong></span> <span class='ocrx_word' id='word_1_336' title='bbox 1982 4194 2012 4260; x_wconf 81' lang='grc' dir='ltr'><strong>ἐκ</strong></span> 
     </span>
     <span class='ocr_line' id='line_1_35' title="bbox 644 4286 2011 4389; baseline -0.001 -31"><span class='ocrx_word' id='word_1_337' title='bbox 644 4286 808 4382; x_wconf 78' lang='grc' dir='ltr'><strong><em>υπερσχῇ,</em></strong></span> <span class='ocrx_word' id='word_1_338' title='bbox 831 4295 1067 4381; x_wconf 71' lang='grc' dir='ltr'><strong><em>δεηθῶμεκ..</em></strong></span> <span class='ocrx_word' id='word_1_339' title='bbox 1088 4295 1186 4360; x_wconf 82' lang='grc' dir='ltr'><strong>.τῶυ</strong></span> <span class='ocrx_word' id='word_1_340' title='bbox 1208 4289 1308 4382; x_wconf 69' lang='lat' dir='ltr'><strong>opima</strong></span> <span class='ocrx_word' id='word_1_341' title='bbox 1329 4322 1502 4389; x_wconf 70' lang='grc' dir='ltr'><strong><em>μαρτυρίου</em></strong></span> <span class='ocrx_word' id='word_1_342' title='bbox 1529 4293 1752 4385; x_wconf 72' lang='grc' dir='ltr'><strong><em>μυημουεύσιυι</em></strong></span> <span class='ocrx_word' id='word_1_343' title='bbox 1754 4321 1817 4364; x_wconf 72' lang='lat' dir='ltr'><strong>aar·</strong></span> <span class='ocrx_word' id='word_1_344' title='bbox 1850 4321 1932 4385; x_wconf 79' lang='grc' dir='ltr'><strong><em>υπερ</em></strong></span> <span class='ocrx_word' id='word_1_345' title='bbox 1954 4295 2011 4359; x_wconf 80' lang='grc' dir='ltr'><strong>τῶι</strong></span> 
     </span>
     <span class='ocr_line' id='line_1_36' title="bbox 643 4385 2011 4482; baseline 0.001 -24"><span class='ocrx_word' id='word_1_346' title='bbox 643 4390 678 4458; x_wconf 78' lang='grc' dir='ltr'><strong>ἐν</strong></span> <span class='ocrx_word' id='word_1_347' title='bbox 700 4391 813 4460; x_wconf 81' lang='grc' dir='ltr'><strong><em>πίστει</em></strong></span> <span class='ocrx_word' id='word_1_348' title='bbox 843 4385 1124 4473; x_wconf 78' lang='grc' dir='ltr'><strong><em>ἅναπαυσαμέιωυ</em></strong></span> <span class='ocrx_word' id='word_1_349' title='bbox 1152 4396 1335 4481; x_wconf 68' lang='grc' dir='ltr'><strong><em>δενθιῦμευ.</em></strong></span> <span class='ocrx_word' id='word_1_350' title='bbox 1381 4401 1494 4463; x_wconf 89' lang='lat' dir='ltr'><strong>lterum</strong></span> <span class='ocrx_word' id='word_1_351' title='bbox 1523 4410 1612 4482; x_wconf 82' lang='lat' dir='ltr'><strong>atqrte</strong></span> <span class='ocrx_word' id='word_1_352' title='bbox 1640 4404 1747 4464; x_wconf 80' lang='lat' dir='ltr'><strong>itemtm</strong></span> <span class='ocrx_word' id='word_1_353' title='bbox 1778 4421 1900 4463; x_wconf 87' lang='lat' dir='ltr'><strong>oremus</strong></span> <span class='ocrx_word' id='word_1_354' title='bbox 1926 4400 2011 4460; x_wconf 80' lang='lat' dir='ltr'><strong>Deum</strong></span> 
     </span>
     <span class='ocr_line' id='line_1_37' title="bbox 640 4494 2011 4579; baseline 0.001 -24"><span class='ocrx_word' id='word_1_355' title='bbox 640 4514 699 4574; x_wconf 85' lang='lat' dir='ltr'><strong>per</strong></span> <span class='ocrx_word' id='word_1_356' title='bbox 722 4494 875 4556; x_wconf 76' lang='lat' dir='ltr'><strong>Christum</strong></span> <span class='ocrx_word' id='word_1_357' title='bbox 897 4499 977 4574; x_wconf 67' lang='grc' dir='ltr'><strong><em>αρἰιε,</em></strong></span> <span class='ocrx_word' id='word_1_358' title='bbox 1010 4504 1043 4557; x_wconf 88' lang='lat' dir='ltr'><strong>ut</strong></span> <span class='ocrx_word' id='word_1_359' title='bbox 1065 4496 1161 4558; x_wconf 87' lang='lat' dir='ltr'><strong>bonus</strong></span> <span class='ocrx_word' id='word_1_360' title='bbox 1182 4499 1266 4560; x_wconf 75' lang='lat' dir='ltr'><strong>Deras</strong></span> <span class='ocrx_word' id='word_1_361' title='bbox 1287 4501 1435 4578; x_wconf 80' lang='lat' dir='ltr'><strong>mmeipiat</strong></span> <span class='ocrx_word' id='word_1_362' title='bbox 1463 4501 1538 4561; x_wconf 85' lang='lat' dir='ltr'><strong>iilud</strong></span> <span class='ocrx_word' id='word_1_363' title='bbox 1559 4501 1753 4579; x_wconf 67' lang='lat' dir='ltr'><strong>saomiicium,</strong></span> <span class='ocrx_word' id='word_1_364' title='bbox 1773 4519 1832 4578; x_wconf 85' lang='lat' dir='ltr'><strong>per</strong></span> <span class='ocrx_word' id='word_1_365' title='bbox 1859 4499 2011 4560; x_wconf 64' lang='lat' dir='ltr'><strong>nudatio-</strong></span> 
     </span>
     <span class='ocr_line' id='line_1_38' title="bbox 643 4593 2011 4674; baseline 0.002 -21"><span class='ocrx_word' id='word_1_366' title='bbox 643 4613 710 4654; x_wconf 87' lang='lat' dir='ltr'><strong>nem</strong></span> <span class='ocrx_word' id='word_1_367' title='bbox 734 4593 934 4671; x_wconf 75' lang='lat' dir='ltr'><strong>Christiani,</strong></span> <span class='ocrx_word' id='word_1_368' title='bbox 970 4595 1134 4656; x_wconf 82' lang='lat' dir='ltr'><strong>additare</strong></span> <span class='ocrx_word' id='word_1_369' title='bbox 1161 4616 1247 4659; x_wconf 87' lang='lat' dir='ltr'><strong>saum</strong></span> <span class='ocrx_word' id='word_1_370' title='bbox 1269 4599 1456 4674; x_wconf 88' lang='lat' dir='ltr'><strong>coeleste,</strong></span> <span class='ocrx_word' id='word_1_371' title='bbox 1443 4619 1475 4660; x_wconf 87' lang='lat' dir='ltr'><strong>m</strong></span> <span class='ocrx_word' id='word_1_372' title='bbox 1503 4600 1628 4660; x_wconf 87' lang='lat' dir='ltr'><strong>odorem</strong></span> <span class='ocrx_word' id='word_1_373' title='bbox 1659 4600 1831 4662; x_wconf 72' lang='lat' dir='ltr'><strong>scandatis.</strong></span> <span class='ocrx_word' id='word_1_374' title='bbox 1876 4597 1936 4658; x_wconf 88' lang='lat' dir='ltr'><strong>Pro</strong></span> <span class='ocrx_word' id='word_1_375' title='bbox 1960 4596 2011 4656; x_wconf 81' lang='lat' dir='ltr'><strong>dac</strong></span> 
     </span>
     <span class='ocr_line' id='line_1_39' title="bbox 640 4690 2011 4779; baseline 0.004 -28"><span class='ocrx_word' id='word_1_376' title='bbox 640 4690 799 4765; x_wconf 79' lang='lat' dir='ltr'><strong>Ecclesia,</strong></span> <span class='ocrx_word' id='word_1_377' title='bbox 823 4700 853 4753; x_wconf 88' lang='lat' dir='ltr'><strong>et</strong></span> <span class='ocrx_word' id='word_1_378' title='bbox 870 4694 1000 4772; x_wconf 80' lang='lat' dir='ltr'><strong>populo,</strong></span> <span class='ocrx_word' id='word_1_379' title='bbox 1022 4712 1161 4755; x_wconf 87' lang='lat' dir='ltr'><strong>oremus:</strong></span> <span class='ocrx_word' id='word_1_380' title='bbox 1179 4714 1240 4774; x_wconf 86' lang='lat' dir='ltr'><strong>pro</strong></span> <span class='ocrx_word' id='word_1_381' title='bbox 1263 4700 1346 4759; x_wconf 87' lang='lat' dir='ltr'><strong>amni</strong></span> <span class='ocrx_word' id='word_1_382' title='bbox 1366 4693 1571 4776; x_wconf 83' lang='lat' dir='ltr'><strong>Episcopdtu,</strong></span> <span class='ocrx_word' id='word_1_383' title='bbox 1599 4699 1680 4758; x_wconf 75' lang='lat' dir='ltr'><strong>orma</strong></span> <span class='ocrx_word' id='word_1_384' title='bbox 1701 4697 1913 4779; x_wconf 74' lang='grc' dir='ltr'><strong><em>Ρυεείεριευὶσ,</em></strong></span> <span class='ocrx_word' id='word_1_385' title='bbox 1940 4694 2011 4756; x_wconf 74' lang='lat' dir='ltr'><strong>onam</strong></span> 
     </span>
     <span class='ocr_line' id='line_1_40' title="bbox 640 4789 2009 4873; baseline 0.003 -23"><span class='ocrx_word' id='word_1_386' title='bbox 640 4789 814 4852; x_wconf 87' lang='lat' dir='ltr'><strong>Diacoaatu</strong></span> <span class='ocrx_word' id='word_1_387' title='bbox 836 4799 866 4853; x_wconf 90' lang='lat' dir='ltr'><strong>et</strong></span> <span class='ocrx_word' id='word_1_388' title='bbox 886 4793 1053 4853; x_wconf 79' lang='lat' dir='ltr'><strong>ministerio</strong></span> <span class='ocrx_word' id='word_1_389' title='bbox 1067 4795 1165 4854; x_wconf 81' lang='lat' dir='ltr'><strong>annuis</strong></span> <span class='ocrx_word' id='word_1_390' title='bbox 1173 4795 1370 4873; x_wconf 79' lang='lat' dir='ltr'><strong>pleaimdinis</strong></span> <span class='ocrx_word' id='word_1_391' title='bbox 1380 4796 1538 4858; x_wconf 83' lang='lat' dir='ltr'><strong>Ecclesiae</strong></span> <span class='ocrx_word' id='word_1_392' title='bbox 1552 4814 1689 4858; x_wconf 87' lang='lat' dir='ltr'><strong>oremus:</strong></span> <span class='ocrx_word' id='word_1_393' title='bbox 1712 4804 1745 4856; x_wconf 90' lang='lat' dir='ltr'><strong>ut</strong></span> <span class='ocrx_word' id='word_1_394' title='bbox 1756 4795 1903 4857; x_wconf 79' lang='lat' dir='ltr'><strong>Domimm</strong></span> <span class='ocrx_word' id='word_1_395' title='bbox 1919 4807 2009 4854; x_wconf 75' lang='lat' dir='ltr'><strong>mares</strong></span> 
     </span>
     <span class='ocr_line' id='line_1_41' title="bbox 641 4891 2004 4974; baseline 0.002 -27"><span class='ocrx_word' id='word_1_396' title='bbox 641 4896 742 4949; x_wconf 81' lang='lat' dir='ltr'><strong>servet</strong></span> <span class='ocrx_word' id='word_1_397' title='bbox 763 4896 853 4968; x_wconf 86' lang='lat' dir='ltr'><strong>atquc</strong></span> <span class='ocrx_word' id='word_1_398' title='bbox 876 4892 1031 4952; x_wconf 86' lang='lat' dir='ltr'><strong>custodiat</strong></span> <span class='ocrx_word' id='word_1_399' title='bbox 1038 4891 1173 4954; x_wconf 88' lang='lat' dir='ltr'><strong>....Pra</strong></span> <span class='ocrx_word' id='word_1_400' title='bbox 1195 4892 1329 4972; x_wconf 82' lang='lat' dir='ltr'><strong>Repibus</strong></span> <span class='ocrx_word' id='word_1_401' title='bbox 1350 4902 1381 4956; x_wconf 89' lang='lat' dir='ltr'><strong>et</strong></span> <span class='ocrx_word' id='word_1_402' title='bbox 1401 4897 1440 4956; x_wconf 87' lang='lat' dir='ltr'><strong>iis</strong></span> <span class='ocrx_word' id='word_1_403' title='bbox 1461 4896 1515 4974; x_wconf 86' lang='lat' dir='ltr'><strong>qui</strong></span> <span class='ocrx_word' id='word_1_404' title='bbox 1540 4897 1572 4954; x_wconf 81' lang='lat' dir='ltr'><strong>in</strong></span> <span class='ocrx_word' id='word_1_405' title='bbox 1602 4895 1749 4973; x_wconf 80' lang='lat' dir='ltr'><strong>dipnitate</strong></span> <span class='ocrx_word' id='word_1_406' title='bbox 1777 4902 2004 4971; x_wconf 76' lang='lat' dir='ltr'><strong>ssatt„oremus</strong></span> 
     </span>
     <span class='ocr_line' id='line_1_42' title="bbox 641 4986 2003 5072; baseline 0.01 -27"><span class='ocrx_word' id='word_1_407' title='bbox 641 4986 809 5067; x_wconf 79' lang='lat' dir='ltr'><strong>Martyrum</strong></span> <span class='ocrx_word' id='word_1_408' title='bbox 832 4997 1005 5051; x_wconf 86' lang='lat' dir='ltr'><strong>sanctorum</strong></span> <span class='ocrx_word' id='word_1_409' title='bbox 1027 4989 1476 5072; x_wconf 69' lang='lat' dir='ltr'><strong>memoriamsaciamuarpra</strong></span> <span class='ocrx_word' id='word_1_410' title='bbox 1499 4994 1539 5054; x_wconf 78' lang='lat' dir='ltr'><strong>iis</strong></span> <span class='ocrx_word' id='word_1_411' title='bbox 1560 4994 1665 5072; x_wconf 84' lang='lat' dir='ltr'><strong>quiin</strong></span> <span class='ocrx_word' id='word_1_412' title='bbox 1691 4993 1752 5071; x_wconf 73' lang='lat' dir='ltr'><strong>fide</strong></span> <span class='ocrx_word' id='word_1_413' title='bbox 1781 4992 1915 5071; x_wconf 75' lang='lat' dir='ltr'><strong>defuncti</strong></span> <span class='ocrx_word' id='word_1_414' title='bbox 1938 4993 2003 5058; x_wconf 57' lang='lat' dir='ltr'><strong>Steti</strong></span> 
     </span>
    </p>
   </div>
   <div class='ocr_carea' id='block_1_5' title="bbox 0 0 2268 6034">
    <p class='ocr_par' dir='ltr' id='par_1_5' title="bbox 0 0 2268 6034">
     <span class='ocr_line' id='line_1_43' title="bbox 0 0 2268 6034; baseline 0 2"><span class='ocrx_word' id='word_1_415' title='bbox 0 0 2268 6034; x_wconf 95' lang='lat' dir='ltr'><strong> </strong></span> 
     </span>
    </p>
   </div>
  </div>
 </body>
</html>
