<?xml version="1.0" encoding="UTF-8"?>
<!DOCTYPE html PUBLIC "-//W3C//DTD XHTML 1.0 Transitional//EN"
    "http://www.w3.org/TR/xhtml1/DTD/xhtml1-transitional.dtd">
<html xmlns="http://www.w3.org/1999/xhtml" xml:lang="en" lang="en">
 <head>
  <title>
</title>
<meta http-equiv="Content-Type" content="text/html;charset=utf-8" />
  <meta name='ocr-system' content='tesseract 3.04.00' />
  <meta name='ocr-capabilities' content='ocr_page ocr_carea ocr_par ocr_line ocrx_word'/>
</head>
<body>
  <div class='ocr_page' id='page_1' title='image "./liturgiarumorie00unkngoog/liturgiarumorie00unkngoog_0900.png"; bbox 0 0 4525 6034; ppageno 0'>
   <div class='ocr_carea' id='block_1_1' title="bbox 847 1077 1922 1528">
    <p class='ocr_par' dir='ltr' id='par_1_1' title="bbox 847 1077 1922 1528">
     <span class='ocr_line' id='line_1_1' title="bbox 1069 1077 1676 1256; baseline 0 -2"><span class='ocrx_word' id='word_1_1' title='bbox 1069 1077 1676 1256; x_wconf 78' lang='lat' dir='ltr'>tttttlttttl</span> 
     </span>
     <span class='ocr_line' id='line_1_2' title="bbox 847 1407 1922 1528; baseline -0.001 0"><span class='ocrx_word' id='word_1_2' title='bbox 847 1409 890 1528; x_wconf 80' lang='lat' dir='ltr'>s,</span> <span class='ocrx_word' id='word_1_3' title='bbox 957 1407 1493 1526; x_wconf 76' lang='lat' dir='ltr'>tunnensis</span> <span class='ocrx_word' id='word_1_4' title='bbox 1546 1408 1922 1527; x_wconf 75' lang='lat' dir='ltr'>nonnul.</span> 
     </span>
    </p>
   </div>
   <div class='ocr_carea' id='block_1_2' title="bbox 1095 1714 1667 1785">
    <p class='ocr_par' dir='ltr' id='par_1_2' title="bbox 1095 1714 1667 1785">
     <span class='ocr_line' id='line_1_3' title="bbox 1095 1714 1667 1785; baseline -0.003 0"><span class='ocrx_word' id='word_1_5' title='bbox 1095 1714 1247 1785; x_wconf 81' lang='lat' dir='ltr'>Primum</span> <span class='ocrx_word' id='word_1_6' title='bbox 1275 1714 1396 1785; x_wconf 76' lang='lat' dir='ltr'>Oratio</span> <span class='ocrx_word' id='word_1_7' title='bbox 1423 1720 1505 1784; x_wconf 76' lang='lat' dir='ltr'>onte</span> <span class='ocrx_word' id='word_1_8' title='bbox 1530 1715 1667 1785; x_wconf 82' lang='lat' dir='ltr'>Pacem.</span> 
     </span>
    </p>
   </div>
   <div class='ocr_carea' id='block_1_3' title="bbox 685 1979 2058 5101">
    <p class='ocr_par' dir='ltr' id='par_1_3' title="bbox 686 1979 2058 3836">
     <span class='ocr_line' id='line_1_4' title="bbox 759 1979 2054 2100; baseline -0.005 -17"><span class='ocrx_word' id='word_1_9' title='bbox 759 1979 875 2083; x_wconf 85' lang='lat' dir='ltr'>Deus</span> <span class='ocrx_word' id='word_1_10' title='bbox 902 2007 959 2099; x_wconf 91' lang='lat' dir='ltr'>qui</span> <span class='ocrx_word' id='word_1_11' title='bbox 993 2027 1032 2078; x_wconf 88' lang='lat' dir='ltr'>es</span> <span class='ocrx_word' id='word_1_12' title='bbox 1063 2027 1159 2076; x_wconf 89' lang='lat' dir='ltr'>mare</span> <span class='ocrx_word' id='word_1_13' title='bbox 1185 1998 1352 2073; x_wconf 80' lang='lat' dir='ltr'>ineffabile</span> <span class='ocrx_word' id='word_1_14' title='bbox 1380 2007 1547 2092; x_wconf 83' lang='lat' dir='ltr'>caritatis,</span> <span class='ocrx_word' id='word_1_15' title='bbox 1580 2014 1614 2076; x_wconf 89' lang='lat' dir='ltr'>et</span> <span class='ocrx_word' id='word_1_16' title='bbox 1648 2001 1794 2100; x_wconf 73' lang='lat' dir='ltr'>abyssus</span> <span class='ocrx_word' id='word_1_17' title='bbox 1821 2006 2054 2099; x_wconf 87' lang='lat' dir='ltr'>imperscruta-</span> 
     </span>
     <span class='ocr_line' id='line_1_5' title="bbox 687 2115 2055 2218; baseline -0.002 -24"><span class='ocrx_word' id='word_1_18' title='bbox 687 2121 764 2195; x_wconf 85' lang='lat' dir='ltr'>bilis</span> <span class='ocrx_word' id='word_1_19' title='bbox 790 2125 897 2218; x_wconf 79' lang='lat' dir='ltr'>pacis,</span> <span class='ocrx_word' id='word_1_20' title='bbox 923 2119 999 2194; x_wconf 86' lang='lat' dir='ltr'>lons</span> <span class='ocrx_word' id='word_1_21' title='bbox 1026 2121 1204 2208; x_wconf 77' lang='lat' dir='ltr'>bonorum,</span> <span class='ocrx_word' id='word_1_22' title='bbox 1232 2126 1266 2188; x_wconf 92' lang='lat' dir='ltr'>et</span> <span class='ocrx_word' id='word_1_23' title='bbox 1291 2115 1433 2209; x_wconf 89' lang='lat' dir='ltr'>largitor</span> <span class='ocrx_word' id='word_1_24' title='bbox 1460 2119 1659 2207; x_wconf 81' lang='lat' dir='ltr'>dilectionis,</span> <span class='ocrx_word' id='word_1_25' title='bbox 1686 2122 1742 2215; x_wconf 91' lang='lat' dir='ltr'>qui</span> <span class='ocrx_word' id='word_1_26' title='bbox 1757 2123 1857 2191; x_wconf 89' lang='lat' dir='ltr'>mittis</span> <span class='ocrx_word' id='word_1_27' title='bbox 1884 2142 2000 2215; x_wconf 85' lang='lat' dir='ltr'>pacem</span> <span class='ocrx_word' id='word_1_28' title='bbox 2018 2121 2055 2192; x_wconf 86' lang='lat' dir='ltr'>ad</span> 
     </span>
     <span class='ocr_line' id='line_1_6' title="bbox 687 2233 2055 2332; baseline -0.002 -22"><span class='ocrx_word' id='word_1_29' title='bbox 687 2237 764 2313; x_wconf 87' lang='lat' dir='ltr'>illos</span> <span class='ocrx_word' id='word_1_30' title='bbox 791 2241 848 2331; x_wconf 92' lang='lat' dir='ltr'>qui</span> <span class='ocrx_word' id='word_1_31' title='bbox 874 2259 949 2309; x_wconf 88' lang='lat' dir='ltr'>earu</span> <span class='ocrx_word' id='word_1_32' title='bbox 976 2238 1178 2332; x_wconf 85' lang='lat' dir='ltr'>suscipiunt:</span> <span class='ocrx_word' id='word_1_33' title='bbox 1206 2236 1300 2329; x_wconf 90' lang='lat' dir='ltr'>aperi</span> <span class='ocrx_word' id='word_1_34' title='bbox 1326 2233 1422 2306; x_wconf 91' lang='lat' dir='ltr'>nobis</span> <span class='ocrx_word' id='word_1_35' title='bbox 1449 2234 1513 2307; x_wconf 91' lang='lat' dir='ltr'>boo</span> <span class='ocrx_word' id='word_1_36' title='bbox 1530 2246 1785 2332; x_wconf 89' lang='lat' dir='ltr'>temporemare</span> <span class='ocrx_word' id='word_1_37' title='bbox 1811 2240 1961 2310; x_wconf 83' lang='lat' dir='ltr'>caritatis</span> <span class='ocrx_word' id='word_1_38' title='bbox 1976 2247 2055 2325; x_wconf 86' lang='lat' dir='ltr'>tuae,</span> 
     </span>
     <span class='ocr_line' id='line_1_7' title="bbox 688 2349 2057 2446; baseline -0.003 -19"><span class='ocrx_word' id='word_1_39' title='bbox 688 2364 723 2427; x_wconf 90' lang='lat' dir='ltr'>et</span> <span class='ocrx_word' id='word_1_40' title='bbox 753 2356 857 2446; x_wconf 89' lang='lat' dir='ltr'>irriga</span> <span class='ocrx_word' id='word_1_41' title='bbox 889 2373 953 2424; x_wconf 91' lang='lat' dir='ltr'>nos</span> <span class='ocrx_word' id='word_1_42' title='bbox 983 2349 1115 2424; x_wconf 85' lang='lat' dir='ltr'>liuentis</span> <span class='ocrx_word' id='word_1_43' title='bbox 1148 2349 1337 2439; x_wconf 84' lang='lat' dir='ltr'>ditissimis,</span> <span class='ocrx_word' id='word_1_44' title='bbox 1375 2373 1421 2422; x_wconf 87' lang='lat' dir='ltr'>ex</span> <span class='ocrx_word' id='word_1_45' title='bbox 1454 2351 1607 2424; x_wconf 89' lang='lat' dir='ltr'>ubertate</span> <span class='ocrx_word' id='word_1_46' title='bbox 1646 2355 1776 2443; x_wconf 88' lang='lat' dir='ltr'>gratiae</span> <span class='ocrx_word' id='word_1_47' title='bbox 1814 2361 1912 2442; x_wconf 72' lang='lat' dir='ltr'>tuae,</span> <span class='ocrx_word' id='word_1_48' title='bbox 1955 2362 2057 2424; x_wconf 81' lang='lat' dir='ltr'>etex</span> 
     </span>
     <span class='ocr_line' id='line_1_8' title="bbox 686 2463 2055 2562; baseline -0.001 -22"><span class='ocrx_word' id='word_1_49' title='bbox 686 2467 834 2543; x_wconf 86' lang='lat' dir='ltr'>fontibus</span> <span class='ocrx_word' id='word_1_50' title='bbox 867 2469 1073 2540; x_wconf 86' lang='lat' dir='ltr'>suavissimis</span> <span class='ocrx_word' id='word_1_51' title='bbox 1108 2464 1323 2556; x_wconf 70' lang='lat' dir='ltr'>benignitatis</span> <span class='ocrx_word' id='word_1_52' title='bbox 1358 2477 1445 2538; x_wconf 86' lang='lat' dir='ltr'>tuae.</span> <span class='ocrx_word' id='word_1_53' title='bbox 1499 2467 1570 2539; x_wconf 85' lang='lat' dir='ltr'>Fac</span> <span class='ocrx_word' id='word_1_54' title='bbox 1602 2490 1667 2540; x_wconf 87' lang='lat' dir='ltr'>nos</span> <span class='ocrx_word' id='word_1_55' title='bbox 1701 2463 1788 2540; x_wconf 84' lang='lat' dir='ltr'>lilibs</span> <span class='ocrx_word' id='word_1_56' title='bbox 1823 2467 2055 2562; x_wconf 75' lang='lat' dir='ltr'>tranquilitatis</span> 
     </span>
     <span class='ocr_line' id='line_1_9' title="bbox 689 2581 2056 2679; baseline -0.003 -22"><span class='ocrx_word' id='word_1_57' title='bbox 689 2595 722 2657; x_wconf 90' lang='lat' dir='ltr'>et</span> <span class='ocrx_word' id='word_1_58' title='bbox 754 2582 918 2656; x_wconf 84' lang='lat' dir='ltr'>haeredes</span> <span class='ocrx_word' id='word_1_59' title='bbox 950 2585 1064 2679; x_wconf 74' lang='lat' dir='ltr'>pacis,</span> <span class='ocrx_word' id='word_1_60' title='bbox 1091 2582 1240 2654; x_wconf 80' lang='lat' dir='ltr'>accende</span> <span class='ocrx_word' id='word_1_61' title='bbox 1275 2584 1309 2652; x_wconf 94' lang='lat' dir='ltr'>in</span> <span class='ocrx_word' id='word_1_62' title='bbox 1341 2581 1440 2655; x_wconf 91' lang='lat' dir='ltr'>nobis</span> <span class='ocrx_word' id='word_1_63' title='bbox 1475 2584 1586 2675; x_wconf 82' lang='lat' dir='ltr'>ignem</span> <span class='ocrx_word' id='word_1_64' title='bbox 1622 2588 1771 2657; x_wconf 86' lang='lat' dir='ltr'>caritatis</span> <span class='ocrx_word' id='word_1_65' title='bbox 1797 2594 1891 2670; x_wconf 85' lang='lat' dir='ltr'>tuae,</span> <span class='ocrx_word' id='word_1_66' title='bbox 1928 2596 1962 2656; x_wconf 86' lang='lat' dir='ltr'>et</span> <span class='ocrx_word' id='word_1_67' title='bbox 1989 2583 2056 2654; x_wconf 81' lang='lat' dir='ltr'>le&#39;r-</span> 
     </span>
     <span class='ocr_line' id='line_1_10' title="bbox 688 2695 2056 2788; baseline -0.003 -14"><span class='ocrx_word' id='word_1_68' title='bbox 688 2723 809 2774; x_wconf 89' lang='lat' dir='ltr'>vorem</span> <span class='ocrx_word' id='word_1_69' title='bbox 836 2701 959 2772; x_wconf 85' lang='lat' dir='ltr'>amoris</span> <span class='ocrx_word' id='word_1_70' title='bbox 985 2701 1042 2770; x_wconf 89' lang='lat' dir='ltr'>tui.</span> <span class='ocrx_word' id='word_1_71' title='bbox 1097 2698 1183 2770; x_wconf 87' lang='lat' dir='ltr'>Sere</span> <span class='ocrx_word' id='word_1_72' title='bbox 1209 2700 1243 2768; x_wconf 90' lang='lat' dir='ltr'>in</span> <span class='ocrx_word' id='word_1_73' title='bbox 1270 2695 1367 2769; x_wconf 91' lang='lat' dir='ltr'>nobis</span> <span class='ocrx_word' id='word_1_74' title='bbox 1395 2702 1546 2771; x_wconf 89' lang='lat' dir='ltr'>timorem</span> <span class='ocrx_word' id='word_1_75' title='bbox 1574 2711 1678 2788; x_wconf 85' lang='lat' dir='ltr'>tuum,</span> <span class='ocrx_word' id='word_1_76' title='bbox 1712 2711 1747 2771; x_wconf 89' lang='lat' dir='ltr'>et</span> <span class='ocrx_word' id='word_1_77' title='bbox 1777 2699 1939 2771; x_wconf 83' lang='lat' dir='ltr'>confirma</span> <span class='ocrx_word' id='word_1_78' title='bbox 1970 2699 2056 2770; x_wconf 90' lang='lat' dir='ltr'>iufir-</span> 
     </span>
     <span class='ocr_line' id='line_1_11' title="bbox 688 2812 2057 2906; baseline -0.002 -17"><span class='ocrx_word' id='word_1_79' title='bbox 688 2820 835 2889; x_wconf 79' lang='lat' dir='ltr'>mitatem</span> <span class='ocrx_word' id='word_1_80' title='bbox 860 2825 1010 2889; x_wconf 84' lang='lat' dir='ltr'>nostram</span> <span class='ocrx_word' id='word_1_81' title='bbox 1035 2817 1179 2886; x_wconf 82' lang='lat' dir='ltr'>veritate</span> <span class='ocrx_word' id='word_1_82' title='bbox 1215 2821 1281 2884; x_wconf 91' lang='lat' dir='ltr'>tua.</span> <span class='ocrx_word' id='word_1_83' title='bbox 1336 2812 1540 2906; x_wconf 81' lang='lat' dir='ltr'>Constringe</span> <span class='ocrx_word' id='word_1_84' title='bbox 1572 2838 1635 2890; x_wconf 92' lang='lat' dir='ltr'>nos</span> <span class='ocrx_word' id='word_1_85' title='bbox 1662 2825 1790 2903; x_wconf 84' lang='lat' dir='ltr'>tecum,</span> <span class='ocrx_word' id='word_1_86' title='bbox 1823 2825 1858 2887; x_wconf 90' lang='lat' dir='ltr'>et</span> <span class='ocrx_word' id='word_1_87' title='bbox 1893 2814 2057 2886; x_wconf 87' lang='lat' dir='ltr'>nobiseum</span> 
     </span>
     <span class='ocr_line' id='line_1_12' title="bbox 688 2928 2058 3025; baseline -0.003 -21"><span class='ocrx_word' id='word_1_88' title='bbox 688 2934 851 3020; x_wconf 82' lang='lat' dir='ltr'>invicem,</span> <span class='ocrx_word' id='word_1_89' title='bbox 885 2954 961 3018; x_wconf 82' lang='lat' dir='ltr'>una,</span> <span class='ocrx_word' id='word_1_90' title='bbox 988 2930 1151 3025; x_wconf 85' lang='lat' dir='ltr'>firmaque</span> <span class='ocrx_word' id='word_1_91' title='bbox 1177 2951 1241 2999; x_wconf 90' lang='lat' dir='ltr'>neo</span> <span class='ocrx_word' id='word_1_92' title='bbox 1269 2928 1453 3002; x_wconf 86' lang='lat' dir='ltr'>dissolubili</span> <span class='ocrx_word' id='word_1_93' title='bbox 1480 2932 1669 3005; x_wconf 86' lang='lat' dir='ltr'>eoncordia.</span> <span class='ocrx_word' id='word_1_94' title='bbox 1722 2931 1865 3004; x_wconf 89' lang='lat' dir='ltr'>Praesta</span> <span class='ocrx_word' id='word_1_95' title='bbox 1898 2934 1996 3002; x_wconf 86' lang='lat' dir='ltr'>etiam</span> <span class='ocrx_word' id='word_1_96' title='bbox 2026 2938 2058 2999; x_wconf 91' lang='lat' dir='ltr'>ut</span> 
     </span>
     <span class='ocr_line' id='line_1_13' title="bbox 688 3042 2058 3143; baseline -0.005 -22"><span class='ocrx_word' id='word_1_97' title='bbox 688 3052 789 3121; x_wconf 87' lang='lat' dir='ltr'>vacui</span> <span class='ocrx_word' id='word_1_98' title='bbox 817 3045 906 3137; x_wconf 81' lang='lat' dir='ltr'>dolo,</span> <span class='ocrx_word' id='word_1_99' title='bbox 934 3058 969 3118; x_wconf 91' lang='lat' dir='ltr'>et</span> <span class='ocrx_word' id='word_1_100' title='bbox 993 3049 1068 3143; x_wconf 91' lang='lat' dir='ltr'>puri</span> <span class='ocrx_word' id='word_1_101' title='bbox 1094 3043 1137 3116; x_wconf 88' lang='lat' dir='ltr'>ab</span> <span class='ocrx_word' id='word_1_102' title='bbox 1166 3047 1255 3116; x_wconf 91' lang='lat' dir='ltr'>omni</span> <span class='ocrx_word' id='word_1_103' title='bbox 1281 3042 1404 3133; x_wconf 80' lang='lat' dir='ltr'>livore,</span> <span class='ocrx_word' id='word_1_104' title='bbox 1431 3045 1611 3119; x_wconf 89' lang='lat' dir='ltr'>salutemus</span> <span class='ocrx_word' id='word_1_105' title='bbox 1637 3050 1782 3118; x_wconf 89' lang='lat' dir='ltr'>invicem</span> <span class='ocrx_word' id='word_1_106' title='bbox 1816 3049 1849 3116; x_wconf 92' lang='lat' dir='ltr'>iu</span> <span class='ocrx_word' id='word_1_107' title='bbox 1884 3046 2000 3117; x_wconf 89' lang='lat' dir='ltr'>osculo</span> <span class='ocrx_word' id='word_1_108' title='bbox 2028 3052 2058 3114; x_wconf 87' lang='lat' dir='ltr'>et</span> 
     </span>
     <span class='ocr_line' id='line_1_14' title="bbox 689 3161 2057 3259; baseline -0.003 -25"><span class='ocrx_word' id='word_1_109' title='bbox 689 3162 849 3259; x_wconf 83' lang='lat' dir='ltr'>amplexu</span> <span class='ocrx_word' id='word_1_110' title='bbox 875 3165 967 3258; x_wconf 81' lang='lat' dir='ltr'>pacis</span> <span class='ocrx_word' id='word_1_111' title='bbox 995 3172 1030 3232; x_wconf 90' lang='lat' dir='ltr'>et</span> <span class='ocrx_word' id='word_1_112' title='bbox 1055 3163 1203 3231; x_wconf 85' lang='lat' dir='ltr'>caritatis</span> <span class='ocrx_word' id='word_1_113' title='bbox 1230 3180 1297 3231; x_wconf 93' lang='lat' dir='ltr'>nou</span> <span class='ocrx_word' id='word_1_114' title='bbox 1324 3161 1441 3248; x_wconf 83' lang='lat' dir='ltr'>betae,</span> <span class='ocrx_word' id='word_1_115' title='bbox 1475 3172 1511 3233; x_wconf 90' lang='lat' dir='ltr'>ut</span> <span class='ocrx_word' id='word_1_116' title='bbox 1546 3185 1620 3236; x_wconf 88' lang='lat' dir='ltr'>cum</span> <span class='ocrx_word' id='word_1_117' title='bbox 1654 3162 1757 3235; x_wconf 86' lang='lat' dir='ltr'>corde</span> <span class='ocrx_word' id='word_1_118' title='bbox 1783 3183 1868 3258; x_wconf 86' lang='lat' dir='ltr'>puro</span> <span class='ocrx_word' id='word_1_119' title='bbox 1897 3173 1934 3233; x_wconf 88' lang='lat' dir='ltr'>et</span> <span class='ocrx_word' id='word_1_120' title='bbox 1959 3162 2057 3232; x_wconf 88' lang='lat' dir='ltr'>anima</span> 
     </span>
     <span class='ocr_line' id='line_1_15' title="bbox 687 3272 2057 3373; baseline -0.005 -23"><span class='ocrx_word' id='word_1_121' title='bbox 687 3278 819 3366; x_wconf 87' lang='lat' dir='ltr'>munda,</span> <span class='ocrx_word' id='word_1_122' title='bbox 846 3277 900 3350; x_wconf 90' lang='lat' dir='ltr'>hio</span> <span class='ocrx_word' id='word_1_123' title='bbox 928 3276 1060 3373; x_wconf 89' lang='lat' dir='ltr'>quidem</span> <span class='ocrx_word' id='word_1_124' title='bbox 1086 3272 1307 3347; x_wconf 87' lang='lat' dir='ltr'>arrhabonem</span> <span class='ocrx_word' id='word_1_125' title='bbox 1334 3280 1426 3347; x_wconf 89' lang='lat' dir='ltr'>vitae</span> <span class='ocrx_word' id='word_1_126' title='bbox 1452 3278 1609 3351; x_wconf 91' lang='lat' dir='ltr'>membris</span> <span class='ocrx_word' id='word_1_127' title='bbox 1635 3280 1760 3351; x_wconf 88' lang='lat' dir='ltr'>nostris</span> <span class='ocrx_word' id='word_1_128' title='bbox 1787 3280 2004 3364; x_wconf 74' lang='lat' dir='ltr'>misceamus,</span> <span class='ocrx_word' id='word_1_129' title='bbox 2028 3285 2057 3344; x_wconf 90' lang='lat' dir='ltr'>et</span> 
     </span>
     <span class='ocr_line' id='line_1_16' title="bbox 687 3389 2056 3489; baseline -0.002 -25"><span class='ocrx_word' id='word_1_130' title='bbox 687 3393 755 3465; x_wconf 89' lang='lat' dir='ltr'>illie</span> <span class='ocrx_word' id='word_1_131' title='bbox 781 3396 815 3464; x_wconf 92' lang='lat' dir='ltr'>in</span> <span class='ocrx_word' id='word_1_132' title='bbox 841 3392 952 3465; x_wconf 86' lang='lat' dir='ltr'>futuro</span> <span class='ocrx_word' id='word_1_133' title='bbox 980 3389 1117 3466; x_wconf 88' lang='lat' dir='ltr'>saeculo</span> <span class='ocrx_word' id='word_1_134' title='bbox 1144 3393 1273 3460; x_wconf 86' lang='lat' dir='ltr'>invitati</span> <span class='ocrx_word' id='word_1_135' title='bbox 1300 3394 1402 3462; x_wconf 90' lang='lat' dir='ltr'>simus</span> <span class='ocrx_word' id='word_1_136' title='bbox 1437 3392 1480 3464; x_wconf 88' lang='lat' dir='ltr'>ad</span> <span class='ocrx_word' id='word_1_137' title='bbox 1505 3392 1626 3467; x_wconf 85' lang='lat' dir='ltr'>festum</span> <span class='ocrx_word' id='word_1_138' title='bbox 1657 3392 1736 3465; x_wconf 91' lang='lat' dir='ltr'>illud</span> <span class='ocrx_word' id='word_1_139' title='bbox 1770 3401 1968 3489; x_wconf 86' lang='lat' dir='ltr'>perpetuum</span> <span class='ocrx_word' id='word_1_140' title='bbox 1999 3391 2056 3461; x_wconf 87' lang='lat' dir='ltr'>de-</span> 
     </span>
     <span class='ocr_line' id='line_1_17' title="bbox 687 3505 2056 3603; baseline -0.004 -22"><span class='ocrx_word' id='word_1_141' title='bbox 687 3508 839 3603; x_wconf 85' lang='lat' dir='ltr'>liciisque</span> <span class='ocrx_word' id='word_1_142' title='bbox 872 3505 1204 3579; x_wconf 88' lang='lat' dir='ltr'>abundantissimum:</span> <span class='ocrx_word' id='word_1_143' title='bbox 1240 3515 1275 3576; x_wconf 89' lang='lat' dir='ltr'>et</span> <span class='ocrx_word' id='word_1_144' title='bbox 1304 3507 1544 3603; x_wconf 79' lang='lat' dir='ltr'>triumphaliter</span> <span class='ocrx_word' id='word_1_145' title='bbox 1578 3507 1787 3581; x_wconf 87' lang='lat' dir='ltr'>celebremus</span> <span class='ocrx_word' id='word_1_146' title='bbox 1815 3518 1867 3598; x_wconf 82' lang='lat' dir='ltr'>te,</span> <span class='ocrx_word' id='word_1_147' title='bbox 1901 3530 1923 3580; x_wconf 93' lang='grc' dir='ltr'>ο</span> <span class='ocrx_word' id='word_1_148' title='bbox 1957 3506 2056 3591; x_wconf 74' lang='lat' dir='ltr'>beate,</span> 
     </span>
     <span class='ocr_line' id='line_1_18' title="bbox 686 3621 2055 3717; baseline -0.002 -21"><span class='ocrx_word' id='word_1_149' title='bbox 686 3628 720 3696; x_wconf 90' lang='lat' dir='ltr'>in</span> <span class='ocrx_word' id='word_1_150' title='bbox 748 3646 856 3717; x_wconf 88' lang='lat' dir='ltr'>reguo</span> <span class='ocrx_word' id='word_1_151' title='bbox 883 3635 953 3710; x_wconf 77' lang='lat' dir='ltr'>tuo,</span> <span class='ocrx_word' id='word_1_152' title='bbox 980 3621 1069 3717; x_wconf 88' lang='lat' dir='ltr'>quod</span> <span class='ocrx_word' id='word_1_153' title='bbox 1095 3626 1129 3693; x_wconf 93' lang='lat' dir='ltr'>in</span> <span class='ocrx_word' id='word_1_154' title='bbox 1157 3629 1522 3717; x_wconf 84' lang='lat' dir='ltr'>aeternumpermanet,</span> <span class='ocrx_word' id='word_1_155' title='bbox 1549 3635 1583 3696; x_wconf 89' lang='lat' dir='ltr'>et</span> <span class='ocrx_word' id='word_1_156' title='bbox 1603 3628 1807 3717; x_wconf 91' lang='lat' dir='ltr'>unigenitum</span> <span class='ocrx_word' id='word_1_157' title='bbox 1829 3623 1951 3696; x_wconf 86' lang='lat' dir='ltr'>Filium</span> <span class='ocrx_word' id='word_1_158' title='bbox 1967 3632 2055 3706; x_wconf 76' lang='lat' dir='ltr'>tuum</span> 
     </span>
     <span class='ocr_line' id='line_1_19' title="bbox 689 3739 1211 3836; baseline -0.011 -24"><span class='ocrx_word' id='word_1_159' title='bbox 689 3748 723 3811; x_wconf 91' lang='lat' dir='ltr'>et</span> <span class='ocrx_word' id='word_1_160' title='bbox 748 3739 907 3836; x_wconf 89' lang='lat' dir='ltr'>Spiritum</span> <span class='ocrx_word' id='word_1_161' title='bbox 933 3748 1024 3809; x_wconf 77' lang='lat' dir='ltr'>mum</span> <span class='ocrx_word' id='word_1_162' title='bbox 1051 3747 1211 3809; x_wconf 83' lang='lat' dir='ltr'>sanetum.</span> 
     </span>
    </p>

    <p class='ocr_par' dir='ltr' id='par_1_4' title="bbox 791 3852 1126 3946">
     <span class='ocr_line' id='line_1_20' title="bbox 791 3852 1126 3946; baseline -0.009 -22"><span class='ocrx_word' id='word_1_163' title='bbox 791 3853 954 3946; x_wconf 80' lang='lat' dir='ltr'>Populus.</span> <span class='ocrx_word' id='word_1_164' title='bbox 1005 3852 1126 3924; x_wconf 86' lang='lat' dir='ltr'>Amen.</span> 
     </span>
    </p>

    <p class='ocr_par' dir='ltr' id='par_1_5' title="bbox 791 3968 1116 4041">
     <span class='ocr_line' id='line_1_21' title="bbox 791 3968 1116 4041; baseline -0.012 0"><span class='ocrx_word' id='word_1_165' title='bbox 791 3968 977 4041; x_wconf 73' lang='lat' dir='ltr'>Sacerdos.</span> <span class='ocrx_word' id='word_1_166' title='bbox 1031 3968 1116 4040; x_wconf 87' lang='lat' dir='ltr'>Pax.</span> 
     </span>
    </p>

    <p class='ocr_par' dir='ltr' id='par_1_6' title="bbox 687 4081 1387 4177">
     <span class='ocr_line' id='line_1_22' title="bbox 687 4081 1387 4177; baseline 0 -23"><span class='ocrx_word' id='word_1_167' title='bbox 687 4155 692 4164; x_wconf 62' lang='grc'>,</span> <span class='ocrx_word' id='word_1_168' title='bbox 790 4083 953 4177; x_wconf 81' lang='lat' dir='ltr'>Populus.</span> <span class='ocrx_word' id='word_1_169' title='bbox 1006 4081 1051 4154; x_wconf 87' lang='lat' dir='ltr'>Et</span> <span class='ocrx_word' id='word_1_170' title='bbox 1077 4105 1153 4154; x_wconf 91' lang='lat' dir='ltr'>eum</span> <span class='ocrx_word' id='word_1_171' title='bbox 1178 4085 1295 4176; x_wconf 89' lang='lat' dir='ltr'>spiritu</span> <span class='ocrx_word' id='word_1_172' title='bbox 1320 4091 1387 4154; x_wconf 92' lang='lat' dir='ltr'>tuo.</span> 
     </span>
    </p>

    <p class='ocr_par' dir='ltr' id='par_1_7' title="bbox 790 4198 1505 4295">
     <span class='ocr_line' id='line_1_23' title="bbox 790 4198 1505 4295; baseline 0.001 -25"><span class='ocrx_word' id='word_1_173' title='bbox 790 4198 980 4270; x_wconf 74' lang='lat' dir='ltr'>Diaconos.</span> <span class='ocrx_word' id='word_1_174' title='bbox 1033 4199 1100 4269; x_wconf 89' lang='lat' dir='ltr'>Det</span> <span class='ocrx_word' id='word_1_175' title='bbox 1125 4199 1351 4293; x_wconf 81' lang='lat' dir='ltr'>unusquisque</span> <span class='ocrx_word' id='word_1_176' title='bbox 1377 4222 1505 4295; x_wconf 88' lang='lat' dir='ltr'>pacem.</span> 
     </span>
    </p>

    <p class='ocr_par' dir='ltr' id='par_1_8' title="bbox 791 4312 1144 4407">
     <span class='ocr_line' id='line_1_24' title="bbox 791 4312 1144 4407; baseline 0.003 -24"><span class='ocrx_word' id='word_1_177' title='bbox 791 4313 953 4407; x_wconf 78' lang='lat' dir='ltr'>Populus.</span> <span class='ocrx_word' id='word_1_178' title='bbox 1008 4312 1144 4386; x_wconf 82' lang='lat' dir='ltr'>Omnes.</span> 
     </span>
    </p>

    <p class='ocr_par' dir='ltr' id='par_1_9' title="bbox 791 4428 1215 4516">
     <span class='ocr_line' id='line_1_25' title="bbox 791 4428 1215 4516; baseline -0.002 -17"><span class='ocrx_word' id='word_1_179' title='bbox 791 4428 980 4499; x_wconf 81' lang='lat' dir='ltr'>Diaconos.</span> <span class='ocrx_word' id='word_1_180' title='bbox 1032 4428 1125 4516; x_wconf 82' lang='lat' dir='ltr'>Post,</span> <span class='ocrx_word' id='word_1_181' title='bbox 1154 4436 1215 4499; x_wconf 88' lang='lat' dir='ltr'>ete.</span> 
     </span>
    </p>

    <p class='ocr_par' dir='ltr' id='par_1_10' title="bbox 695 4539 1728 4636">
     <span class='ocr_line' id='line_1_26' title="bbox 695 4539 1728 4636; baseline 0.002 -23"><span class='ocrx_word' id='word_1_182' title='bbox 695 4539 699 4545; x_wconf 76' lang='grc'><strong>’</strong></span> <span class='ocrx_word' id='word_1_183' title='bbox 790 4542 952 4636; x_wconf 79' lang='lat' dir='ltr'>Populus.</span> <span class='ocrx_word' id='word_1_184' title='bbox 1007 4543 1130 4616; x_wconf 88' lang='lat' dir='ltr'>Coram</span> <span class='ocrx_word' id='word_1_185' title='bbox 1158 4552 1192 4614; x_wconf 90' lang='lat' dir='ltr'>te</span> <span class='ocrx_word' id='word_1_186' title='bbox 1218 4542 1369 4616; x_wconf 90' lang='lat' dir='ltr'>Domine.</span> <span class='ocrx_word' id='word_1_187' title='bbox 1716 4612 1728 4627; x_wconf 84' lang='grc'><em>,</em></span> 
     </span>
    </p>

    <p class='ocr_par' dir='ltr' id='par_1_11' title="bbox 685 4641 2055 5101">
     <span class='ocr_line' id='line_1_27' title="bbox 791 4641 2055 4755; baseline 0 -28"><span class='ocrx_word' id='word_1_188' title='bbox 791 4657 968 4729; x_wconf 71' lang='lat' dir='ltr'>Sacerdos</span> <span class='ocrx_word' id='word_1_189' title='bbox 1001 4641 1139 4728; x_wconf 79' lang='lat' dir='ltr'>elevans</span> <span class='ocrx_word' id='word_1_190' title='bbox 1173 4680 1299 4729; x_wconf 85' lang='lat' dir='ltr'>ooeem.</span> <span class='ocrx_word' id='word_1_191' title='bbox 1353 4661 1445 4731; x_wconf 89' lang='lat' dir='ltr'>Deus</span> <span class='ocrx_word' id='word_1_192' title='bbox 1480 4657 1673 4748; x_wconf 78' lang='lat' dir='ltr'>invisibilis,</span> <span class='ocrx_word' id='word_1_193' title='bbox 1706 4667 1740 4728; x_wconf 87' lang='lat' dir='ltr'>et</span> <span class='ocrx_word' id='word_1_194' title='bbox 1771 4657 2055 4755; x_wconf 82' lang='lat' dir='ltr'>incomprebensi-</span> 
     </span>
     <span class='ocr_line' id='line_1_28' title="bbox 686 4770 2053 4868; baseline -0.001 -26"><span class='ocrx_word' id='word_1_195' title='bbox 686 4771 780 4864; x_wconf 85' lang='lat' dir='ltr'>bilis‚</span> <span class='ocrx_word' id='word_1_196' title='bbox 813 4770 988 4845; x_wconf 83' lang='lat' dir='ltr'>ineffabilis</span> <span class='ocrx_word' id='word_1_197' title='bbox 1021 4781 1055 4843; x_wconf 86' lang='lat' dir='ltr'>et</span> <span class='ocrx_word' id='word_1_198' title='bbox 1092 4773 1235 4862; x_wconf 72' lang='lat' dir='ltr'>infinite,</span> <span class='ocrx_word' id='word_1_199' title='bbox 1270 4778 1325 4868; x_wconf 86' lang='lat' dir='ltr'>qui</span> <span class='ocrx_word' id='word_1_200' title='bbox 1362 4778 1396 4845; x_wconf 91' lang='lat' dir='ltr'>in</span> <span class='ocrx_word' id='word_1_201' title='bbox 1433 4778 1557 4848; x_wconf 91' lang='lat' dir='ltr'>sanetis</span> <span class='ocrx_word' id='word_1_202' title='bbox 1589 4783 1780 4848; x_wconf 85' lang='lat' dir='ltr'>sanctorum</span> <span class='ocrx_word' id='word_1_203' title='bbox 1814 4775 1963 4846; x_wconf 83' lang='lat' dir='ltr'>excelsis</span> <span class='ocrx_word' id='word_1_204' title='bbox 1993 4773 2053 4843; x_wconf 86' lang='lat' dir='ltr'>ba-</span> 
     </span>
     <span class='ocr_line' id='line_1_29' title="bbox 686 4885 2053 4984; baseline -0.001 -25"><span class='ocrx_word' id='word_1_205' title='bbox 686 4887 790 4980; x_wconf 76' lang='lat' dir='ltr'>bitus,</span> <span class='ocrx_word' id='word_1_206' title='bbox 823 4892 856 4959; x_wconf 93' lang='lat' dir='ltr'>in</span> <span class='ocrx_word' id='word_1_207' title='bbox 888 4898 1022 4960; x_wconf 89' lang='lat' dir='ltr'>seereto</span> <span class='ocrx_word' id='word_1_208' title='bbox 1056 4885 1265 4979; x_wconf 77' lang='lat' dir='ltr'>habitaculo,</span> <span class='ocrx_word' id='word_1_209' title='bbox 1313 4889 1401 4984; x_wconf 88' lang='lat' dir='ltr'>quod</span> <span class='ocrx_word' id='word_1_210' title='bbox 1438 4887 1589 4962; x_wconf 88' lang='lat' dir='ltr'>manibus</span> <span class='ocrx_word' id='word_1_211' title='bbox 1624 4888 1746 4960; x_wconf 87' lang='lat' dir='ltr'>laetum</span> <span class='ocrx_word' id='word_1_212' title='bbox 1781 4912 1850 4961; x_wconf 93' lang='lat' dir='ltr'>non</span> <span class='ocrx_word' id='word_1_213' title='bbox 1884 4903 1952 4978; x_wconf 84' lang='lat' dir='ltr'>est,</span> <span class='ocrx_word' id='word_1_214' title='bbox 1997 4912 2053 4960; x_wconf 89' lang='lat' dir='ltr'>su-</span> 
     </span>
     <span class='ocr_line' id='line_1_30' title="bbox 685 5003 2052 5101; baseline 0.004 -30"><span class='ocrx_word' id='word_1_215' title='bbox 685 5025 748 5098; x_wconf 88' lang='lat' dir='ltr'>pra</span> <span class='ocrx_word' id='word_1_216' title='bbox 789 5003 903 5076; x_wconf 87' lang='lat' dir='ltr'>coelos</span> <span class='ocrx_word' id='word_1_217' title='bbox 947 5003 1138 5096; x_wconf 80' lang='lat' dir='ltr'>coelorum,</span> <span class='ocrx_word' id='word_1_218' title='bbox 1180 5014 1214 5075; x_wconf 86' lang='lat' dir='ltr'>et</span> <span class='ocrx_word' id='word_1_219' title='bbox 1256 5027 1358 5101; x_wconf 88' lang='lat' dir='ltr'>supra</span> <span class='ocrx_word' id='word_1_220' title='bbox 1401 5005 1558 5100; x_wconf 88' lang='lat' dir='ltr'>quidquid</span> <span class='ocrx_word' id='word_1_221' title='bbox 1602 5008 1756 5101; x_wconf 87' lang='lat' dir='ltr'>superius</span> <span class='ocrx_word' id='word_1_222' title='bbox 1800 5005 1864 5081; x_wconf 88' lang='lat' dir='ltr'>illis</span> <span class='ocrx_word' id='word_1_223' title='bbox 1901 5017 1970 5094; x_wconf 89' lang='lat' dir='ltr'>est;</span> <span class='ocrx_word' id='word_1_224' title='bbox 2004 5003 2052 5096; x_wconf 89' lang='lat' dir='ltr'>qui</span> 
     </span>
    </p>
   </div>
   <div class='ocr_carea' id='block_1_4' title="bbox 0 0 2268 6034">
    <p class='ocr_par' dir='ltr' id='par_1_12' title="bbox 0 0 2268 6034">
     <span class='ocr_line' id='line_1_31' title="bbox 0 0 2268 6034; baseline 0 0"><span class='ocrx_word' id='word_1_225' title='bbox 0 0 2268 6034; x_wconf 95' lang='lat' dir='ltr'> </span> 
     </span>
    </p>
   </div>
  </div>
 </body>
</html>
