4525 6034
469 602 717 682 PHILOXENI
746 599 962 680 EPISGOPI
986 595 1298 678 MABUGENSIS.
1496 592 1572 671 303

308 791 469 886 Papulas.
521 792 642 865 Arnen.

309 908 495 981 Sacerdos.
548 909 594 981 Ut
619 912 685 982 sint
709 905 807 980 uobis
839 908 999 1001 mysteria
1030 904 1114 978 haec
1141 905 1295 996 viatica,
1320 903 1573 1002 praeservantia

206 1026 249 1100 ab
277 1024 430 1100 omnihus
456 1025 697 1120 iniquitatibus,
734 1023 912 1096 daemones
943 1020 1189 1118 propulsantis,
1222 1021 1422 1118 depellantia
1456 1039 1573 1093 omnes

203 1139 358 1215 sordidas
385 1145 628 1234 cogitationes,
656 1151 689 1213 et
714 1142 947 1238 praeparantia
975 1138 1017 1210 ad
1042 1160 1182 1232 regnum
1210 1139 1371 1227 coeleste,
1398 1159 1459 1234 per
1485 1158 1572 1229 gra-

203 1260 302 1347 tiam,
328 1258 590 1332 misericordiam
617 1268 650 1330 et
680 1278 827 1329 amorem
852 1277 935 1348 erga
961 1255 1111 1328 homines
1137 1257 1297 1348 unigeniti
1322 1254 1397 1327 Filii
1423 1256 1486 1341 tui,
1512 1276 1574 1349 per

205 1397 302 1470 mem
330 1386 463 1447 etcum
490 1398 556 1470 quo
582 1385 618 1447 te
644 1374 742 1447 decet
767 1373 891 1464 gloria,
917 1373 1043 1458 honor,
1070 1384 1103 1446 et
1138 1382 1305 1469 potestas,
1339 1396 1413 1446 cum
1448 1370 1574 1465 Spiritu

204 1503 278 1579 tuo,
306 1501 368 1563 etc.

309 1606 472 1700 Papulas.
524 1608 645 1679 Amen.

311 1723 487 1795 Sacerdos
513 1724 706 1799 inclinatas.
758 1722 927 1795 Memento
954 1720 1097 1793 Domine
1122 1720 1297 1793 Ecclesiae
1323 1730 1418 1812 tuae,
1444 1712 1572 1786 Pusio-

204 1864 340 1937 resque,
368 1838 571 1913 Sacerdotes
598 1849 633 1912 et
658 1840 828 1912 Diaconos
855 1840 968 1933 quiin
996 1862 1037 1910 ea
1064 1847 1139 1910 suut
1164 1860 1294 1911 exorna
1320 1840 1439 1911 timore
1465 1845 1533 1908 tuo.

143 1956 146 1963 '
310 1956 461 2027 Maccus
484 1978 611 2028 cacan.
662 1954 707 2028 Et
732 1953 881 2043 concede
906 1954 971 2026 illis
996 1956 1140 2027 Domine
1166 1964 1317 2051 tempora
1343 1953 1517 2048 tranquilla
1541 1962 1575 2025 et

205 2071 310 2145 laeta:
336 2071 404 2146 Elis
432 2077 532 2145 etiam
559 2076 674 2168 quiin
707 2095 748 2144 ea
780 2071 993 2168 praesident,
1025 2070 1067 2143 da
1103 2070 1243 2143 verbum
1276 2070 1573 2163 evaugelisatiouis

206 2213 281 2261 cum
307 2191 430 2260 virtute
455 2211 595 2282 magna:
622 2193 698 2284 quia
726 2187 813 2284 apud
840 2197 873 2259 te
900 2197 953 2259 est
976 2185 1052 2259 fons
1084 2190 1193 2274 vitae,
1229 2197 1263 2259 et
1295 2186 1481 2261 referemus
1516 2186 1574 2260 tihi

205 2306 348 2399 gloriam
374 2315 409 2377 et
440 2308 622 2398 gratimum
655 2307 838 2393 actionem,
872 2307 1107 2399 unigenitoque
1141 2302 1225 2376 Filio
1259 2315 1335 2392 tuo,
1370 2316 1404 2378 et
1438 2304 1574 2399 Spiritui

206 2432 264 2493 tuo
291 2423 500 2495 sanctissimo
528 2432 562 2493 et
588 2421 689 2494 hono.

220 2612 223 2625 ,
310 2537 472 2631 Papulas.
523 2539 643 2612 Amen.

311 2654 487 2725 Sacerdos
512 2654 702 2725 inclinatas.
755 2653 924 2726 Memento
950 2654 1093 2727 Domine
1125 2657 1225 2726 edam
1259 2653 1389 2726 illomm
1422 2657 1476 2750 qui
1511 2678 1573 2751 pro

206 2768 361 2843 Ecclesia
388 2780 443 2841 tua
470 2769 601 2844 solliciti
629 2779 722 2858 sunt,
749 2781 783 2842 et
815 2770 954 2862 vigilant
988 2770 1029 2842 ad
1062 2773 1337 2844 sustentationem
1370 2792 1486 2843 eorum
1519 2774 1574 2867 qui

207 2889 441 2959 necessitatem
468 2888 643 2981 patiuntur.

268 3000 275 3005 ’
311 3002 461 3073 mecam
492 3023 618 3076 vocem.
670 3002 794 3074 Incliua
820 3003 963 3075 Domine
990 3024 1104 3073 aurem
1130 3012 1230 3094 tuam,
1258 3012 1292 3074 et
1318 3003 1393 3075 audi
1418 3026 1524 3078 voces
1540 3012 1574 3076 et

208 3118 465 3214 supplicationes
493 3117 698 3191 adorantium
725 3128 775 3208 te,
802 3120 934 3214 suscipe
961 3117 1148 3192 oblationes
1175 3121 1392 3216 etprimitias
1419 3143 1504 3216 quae
1530 3119 1572 3192 ab

207 3234 363 3307 Ecclesia
390 3218 444 3306 tua
471 3233 664 3321 offeruntur,
693 3238 768 3330 quia
795 3244 830 3306 tu
856 3246 1030 3331 susceptor
1063 3258 1101 3308 es
1135 3235 1371 3308 sacrificiorum
1405 3246 1438 3308 et
1471 3235 1574 3309 obla-

208 3353 349 3422 tionum:
377 3361 412 3422 et
436 3349 619 3424 referemus
645 3350 702 3423 tibi
729 3349 889 3443 gloriam,
917 3361 950 3423 et
981 3354 1162 3444 gratiarum
1196 3354 1379 3443 actionem,
1412 3356 1572 3445 unigeni-

208 3476 310 3560 toque
335 3466 421 3538 Filio
448 3477 521 3553 tuo,
549 3477 583 3538 et
609 3467 746 3563 Spiritui
774 3472 982 3541 sanctissimo
1010 3479 1066 3540 tuo
1094 3478 1128 3540 et
1153 3466 1253 3541 hono.

312 3583 473 3677 Papulas.
526 3583 645 3655 Amen.

312 3699 487 3770 Sacerdos
521 3700 712 3770 inclinatas.
763 3699 931 3771 Memento
972 3700 1114 3773 Domine
1150 3700 1282 3793 Regum
1316 3700 1479 3793 fidelium,
1518 3708 1583 3800 qui·

208 3802 301 3886 rec'te
328 3815 523 3889 confitentur
549 3827 602 3904 te,
629 3825 664 3887 et
689 3815 838 3888 concede
864 3815 927 3887 illis
941 3820 1116 3890 victoriam
1135 3818 1298 3891 adversus
1315 3819 1428 3893 hostes
1448 3843 1573 3893 eorum.

313 3932 463 4003 Eleoaas
487 3955 613 4003 uocem.
665 3932 773 4004 Aufer
798 3931 941 4004 Domine
967 3956 986 4004 a
1012 3931 1136 4029 populo
1163 3943 1220 4007 tuo
1246 3933 1334 4007 fideli
1349 3939 1459 4008 omnia
1484 3935 1573 4010 bella

207 4047 370 4134 hostium,
387 4048 573 4120 ·visihilium
602 4059 657 4120 aut
683 4048 913 4139 invisibilium,
941 4060 975 4120 et
1000 4050 1159 4121 conlirma
1185 4072 1248 4123 uos
1275 4053 1307 4121 iu
1340 4054 1573 4148 tranquillitate

209 4173 244 4235 et
270 4187 353 4260 pace
379 4165 532 4237 omnibus
559 4164 675 4237 diebus
701 4168 792 4237 vitae
818 4176 974 4252 nostrae,
1001 4167 1076 4260 quia
1103 4175 1159 4236 tua
1186 4177 1238 4238 est
1263 4170 1423 4257 victoria,
1451 4179 1485 4240 et
1510 4194 1573 4242 re·
1674 4158 1681 4175 '

208 4278 355 4353 ieramus
382 4279 441 4351 tibi
467 4280 625 4373 gloriam,
652 4290 715 4352 etc.
1387 4294 1391 4303 ’

312 4396 484 4489 Populos.¹
526 4398 645 4470 Amen.

312 4510 487 4584 Sacerdos
519 4513 709 4584 inclinatas.
762 4514 931 4586 Memento
957 4517 1099 4588 Domine
1125 4518 1306 4589 amicorum
1335 4527 1462 4590 tuorum
1491 4519 1572 4591 Ma-

208 4630 282 4697 riae
316 4627 490 4700 Genitricis
520 4629 603 4722 Dei,
633 4630 728 4702 Beati
758 4629 918 4722 loannis,
957 4631 1116 4727 Stephani
1150 4632 1331 4730 Martyris,
1364 4644 1398 4707 et
1430 4640 1573 4709 omnium

209 4742 418 4817 Sauetomm.

234 4912 237 4923 .
313 4860 463 4931 Elaeam
488 4883 613 4933 vaceae.
667 4861 710 4933 Et
736 4884 798 4935 uos
824 4861 878 4936 iac
903 4866 1082 4960 participes
1102 4864 1254 4953 Domine,
1282 4869 1465 4940 orationum
1492 4890 1572 4943 ser-

209 4988 343 5049 vorum·
356 4987 503 5069 tuorum,
529 4988 563 5050 et
596 4992 732 5075 praesta
766 4980 883 5070 nohis,
915 4991 952 5052 ut
984 4984 1147 5054 imitemur
1180 5004 1293 5058 mores
1328 5005 1462 5079 eorunr,
1497 4990 1574 5083 quia
