4525 6034
542 630 595 706 Ab
612 628 818 705 numana
838 626 1031 704 comicini
1055 627 1086 704 S.
1103 628 1248 705 uisuri.
1448 701 1451 710 ,
1499 629 1576 703 217

529 968 674 1039 Mortem
699 973 791 1038 icaro
816 969 1058 1038 annunciatum
1082 966 1238 1037 Domine.
1623 987 1652 1040 r.
1673 989 1715 1042 ιτ.
1734 990 1750 1042 ι.
1770 992 1813 1043 νε.

282 1179 431 1264 Anniani
454 1197 485 1252 et
507 1189 556 1268 pia
577 1188 672 1251 iorma
695 1187 906 1264 confessionis,
930 1206 988 1269 qua
1010 1194 1080 1268 post
1103 1205 1169 1250 earn
1191 1204 1269 1268 qnae
1291 1204 1361 1249 mox
1376 1189 1574 1270 pronunciata
1622 1193 1756 1252 Contacta
1783 1199 1815 1253 dn
1838 1215 1898 1269 np-

202 1305 248 1359 ast
270 1295 311 1357 de
334 1296 464 1357 veritate
487 1294 677 1355 institutionis
701 1292 903 1369 Sacramenti,
926 1292 1024 1373 deque
1047 1293 1113 1374 ejus
1135 1309 1210 1354 vara
1233 1298 1264 1353 et
1286 1298 1370 1355 certa
1389 1311 1575 1374 repracsen·
1586 1284 1670 1336 “015¹
1689 1283 1791 1338 Ghfl'ffl'·

201 1397 332 1471 udone,
353 1395 440 1473 juxta
463 1400 660 1474 praeceptum
681 1392 757 1455 Jesn
780 1391 903 1467 Christi,
927 1392 1123 1453 annunciatur
1144 1407 1226 1452 mors
1249 1392 1315 1472 ejus
1334 1399 1364 1453 et
1380 1393 1573 1455 resurrectio.

200 1496 232 1558 ln
255 1494 376 1557 Graeca
397 1492 527 1555 Arabica
556 1481 620 1554 Τὸν
640 1478 787 1554 θάνατόν
809 1508 870 1553 σου
892 1479 1001 1575 κύριε,
1024 1490 1131 1552 diariis
1147 1497 1217 1551 tuae
1235 1490 1362 1553 Domine
1378 1494 1575 1566 merainimus,

200 1600 361 1674 postquam
383 1603 433 1656 ter
454 1591 564 1654 dictum
587 1599 652 1668 esi,
675 1591 778 1653 Amen.
809 1589 960 1653 consessio
988 1597 1073 1652 extat
1103 1590 1134 1650 in
1162 1588 1278 1651 Graeca
1304 1590 1400 1654 biarci
1428 1591 1575 1672 Liturgia,

200 1693 253 1754 sed
275 1692 456 1775 paraphrasi
479 1691 646 1772 prolixiore
670 1692 817 1771 exposita
845 1678 909 1751 Τὸν
930 1677 1075 1752 θάνατον
1096 1680 1243 1752 δέσποτα
1271 1679 1363 1775 κύριε
1389 1676 1575 1775 παντόκρα-

200 1811 271 1876 τορ,
295 1782 493 1903 έπουρύνιε,
514 1785 663 1870 bauainai,
691 1784 752 1851 τοῦ
780 1784 972 1872 μονογενοῦς
1000 1804 1062 1849 σου
1096 1780 1172 1848 υἱοῦ
1200 1782 1314 1898 κυρίρυ
1340 1783 1377 1851 δέ
1405 1784 1461 1850 καὶ
1488 1784 1576 1851 θεοῦ

200 1886 254 1953 καὶ
283 1889 434 2008 σιρτῆρος
455 1879 546 2003 ἡμῶν
565 1876 670 1971 Ἰρσοῦ
692 1883 842 1998 Χριστοῦ
864 1881 1148 1971 καταγγέλλοντες,
1170 1875 1286 1947 καὶ
1246 1907 1304 1997 τνγγ
1325 1877 1498 1973 τριύμερον
1519 1883 1575 1950 καί

199 1985 366 2074 μακαρίαν
389 1986 494 2053 αὐτοῦ
516 1983 553 2049 ἐκ
573 1985 692 2071 νεκρῶν
714 1975 890 2049 ὐνύστασιν
914 1975 1157 2069 ὁμολογοῦντες,
1178 1981 1232 2048 καὶ
1251 1975 1309 2070 τὴν
1324 1980 1361 2047 ἐκ
1378 1984 1495 2065 δεξιῶν
1512 2003 1575 2048 σου

199 2087 260 2151 τοῦ
282 2089 373 2152 θεοῦ
394 2085 450 2150 καὶ
471 2076 597 2172 πατρὸς
618 2079 795 2171 καθέδραν
817 2081 874 2146 καὶ
894 2106 953 2169 την
974 2077 1131 2170 δευτέραν
1151 2080 1208 2147 καὶ
1228 2076 1366 2172 φρικτύγν
1388 2083 1443 2150 καί
1470 2087 1576 2171 φοβε-

200 2178 258 2272 ρύν
288 2178 397 2251 αὐτοῦ
424 2181 610 2273 παρουσίαν
641 2173 908 2265 ἀπεκδεχόμενοι,
938 2191 997 2246 etc.
1038 2183 1180 2258 Mortem,
1215 2184 1344 2247 Domine
1372 2189 1573 2266 omnipotens,

200 2290 267 2350 λίνα
289 2290 451 2373 coelentis,
473 2288 619 2368 mnipeniti
636 2287 694 2366 fita·
714 2288 774 2358 tui,
796 2284 920 2346 Domini
941 2291 1041 2345 autem
1061 2284 1121 2345 Dei
1142 2293 1172 2346 et
1191 2283 1363 2347 Saloniani
1383 2288 1481 2348 nostri
1499 2285 1575 2348 Jcsu

201 2387 315 2450 cunm
336 2389 573 2448 mmunciantes:
603 2387 833 2465 triduanamque
855 2390 884 2444 et
904 2383 1025 2444 beatam
1046 2385 1110 2462 ογίιν
1132 2402 1153 2444 a
1175 2386 1303 2446 martum
1323 2387 1576 2448 commotionem

176 2490 390 2566 caramentes,
414 2485 757 2565 ammessionempmad
777 2485 936 2545 deuterum
959 2489 1041 2544 mam
1061 2482 1122 2543 Dei
1143 2489 1173 2544 et
1192 2483 1318 2556 Ρσίννζνς
1345 2486 1574 2566 secundinum,

201 2587 364 2648 &mnndum
387 2593 416 2646 et
437 2585 597 2646 laminitano
619 2586 683 2663 ejus
704 2584 865 2645 adventium
887 2589 1106 2660 exspectantes.
1141 2580 1183 2644 At
1198 2583 1226 2644 in
1244 2582 1301 2645 hac
1326 2582 1461 2664 Litargia
1480 2583 1574 2646 multo

202 2686 326 2748 brevior
350 2686 483 2746 occurrit
507 2683 593 2765 hujus
615 2681 815 2763 professionis
838 2679 979 2753 formula3
1003 2681 1139 2760 etipsa,
1162 2687 1194 2742 ut
1215 2681 1325 2743 multae
1349 2680 1438 2744 officii
1461 2690 1574 2762 paries,

203 2803 278 2866 qnae
301 2785 500 2866 praecipuam
523 2782 696 2863 dignitatem
719 2779 837 2853 habent,
859 2780 975 2842 Graece
995 2798 1013 2842 a
1034 2779 1149 2861 populo
1164 2780 1281 2843 dicitur.
1304 2779 1348 2843 ita
1366 2789 1464 2843 autem
1479 2783 1574 2845 verba

201 2887 413 2965 exprimuntur
435 2885 464 2944 in
487 2884 609 2964 antiquo
632 2881 738 2944 codice
760 2880 873 2962 Regio,
897 2879 969 2942 iicet
991 2888 1135 2961 corrupta
1165 2881 1204 2942 ob
1231 2880 1421 2943 librariorum
1450 2882 1574 2963 imperi-

202 2987 277 3046 tiam.
330 2972 398 3046 Τὸν
419 2972 566 3045 θάνατόν
587 2998 647 3045 σου
668 2968 761 3067 κύριε
783 2974 1041 3061 καταγγέλλομεν
1063 2974 1118 3041 καὶ
1140 2970 1197 3063 τὴν
1218 2968 1312 3064 ὐγίαν
1341 2999 1403 3044 σου
1430 2968 1573 3043 ὐνιίστα-

201 3100 260 3156 σιν,
282 3079 344 3145 καὶ
366 3069 530 3166 ἀνάληψιν
552 3070 784 3163 ὁμολογοῦμεν,
805 3074 844 3141 σέ
874 3070 1042 3155 αἰτοῦμεν,
1069 3073 1107 3140 σέ
1135 3068 1346 3162 εὐλογοῦμεν,
1373 3074 1410 3142 σέ
1439 3070 1574 3169 εὐχαρι-

201 3180 361 3260 orobitin:
385 3188 475 3262 atquc
498 3182 538 3242 ita
561 3179 689 3242 habebat
712 3177 812 3241 codex
834 3178 982 3259 Scaligcri
1005 3197 1045 3239 ox
1067 3195 1127 3257 quo
1149 3178 1256 3241 Latina
1277 3180 1379 3240 versio
1408 3180 1486 3242 iacta
1516 3190 1574 3260 est,

200 3283 255 3344 nisi
278 3279 366 3361 quod
388 3279 505 3342 additur
526 3273 563 3340 σέ
593 3266 806 3355 πιστεύομεν,
836 3273 875 3339 σέ
898 3264 1110 3358 εὐλογοῦμεν,
1140 3272 1196 3338 καὶ
1217 3265 1488 3363 εὐχαριστοῦμεν,
1519 3276 1575 3343 καί

201 3367 357 3458 δεόμεθά
379 3395 438 3440 σου
460 3367 479 3440 b
499 3366 582 3450 θεές
602 3363 708 3460 panim
731 3376 769 3438 Et
791 3395 864 3439 sanc
888 3379 918 3438 in
948 3373 1062 3438 Codice
1089 3375 1187 3458 Regio
1225 3377 1352 3439 formula
1382 3378 1432 3443 iiia
1462 3399 1574 3463 graeca

202 3489 344 3562 unquam
367 3478 522 3540 notissima
545 3478 629 3538 etin
651 3494 705 3538 ore
727 3475 843 3557 piebis,
867 3493 927 3536 non
949 3476 1068 3558 integra
1091 3475 1287 3539 adscribitur:
1309 3479 1339 3539 in
1354 3486 1458 3542 nostro
1474 3488 1573 3544 autem

202 3583 295 3662 prima
320 3585 434 3640 tantum
456 3578 551 3639 verba
573 3576 787 3659 designantur:
810 3573 842 3635 in
865 3574 960 3637 aitero
983 3574 1081 3658 Regio
1103 3576 1307 3657 manuscripto
1331 3577 1423 3642 verba
1446 3579 1571 3660 Coptica

202 3684 405 3761 apponuntur.
451 3675 485 3739 in
505 3676 610 3739 iacobi
633 3677 718 3757 Syra.
740 3675 849 3737 diariis
870 3682 940 3736 tuae
960 3675 1088 3737 Domina
1108 3679 1284 3739 memoriam
1306 3680 1438 3758 cainan,
1465 3699 1572 3743 remr-

202 3781 367 3840 rectianem
389 3785 471 3838 tuam
492 3779 681 3855 confitemur,
704 3784 733 3837 et
754 3776 914 3836 advenam
935 3783 1016 3840 ianm
1038 3777 1200 3837 secundum
1226 3786 1449 3857 exspectamus:
1477 3782 1572 3842 miae-

201 3878 371 3940 riccrdiam
392 3884 424 3937 ei
441 3878 575 3955 qratiam
596 3894 617 3936 ο
640 3875 892 3955 idaminimus,
913 3876 1119 3936 amissionem
1138 3885 1334 3955 peccatorum
1356 3878 1571 3957 δομνεοσνννανς

203 3977 434 4038 νιδιιννοοννίίσο
457 3983 526 4036 tuce
547 3977 608 4036 sint
629 3994 720 4055 super
741 3993 798 4036 aas
820 3992 930 4034 omnes.
953 3972 1006 4034 iila
1028 3981 1126 4036 autom
1150 3975 1215 4055 ipsa
1236 3975 1340 4054 verba,
1362 3976 1468 4040 eodem
1481 3977 1570 4040 modo

203 4074 320 4156 absque
343 4075 546 4137 immutatione
568 4074 645 4153 ulla,
670 4074 813 4155 leguntur
835 4072 865 4133 in
888 4072 1019 4152 Syriacis
1042 4073 1178 4136 omnibus
1200 4073 1356 4157 liturgiis:
1385 4095 1483 4157 neque
1505 4096 1572 4140 ma-

203 4193 295 4256 gnum
320 4174 483 4235 discrimen
515 4181 561 4236 est
589 4175 666 4235 inter
694 4173 777 4251 ilias,
807 4180 839 4238 ut
867 4171 940 4235 alias
980 4172 1194 4255 cujuscumque
1222 4174 1361 4258 linguae,
1390 4195 1467 4256 quae
1495 4177 1572 4239 hanc

203 4274 516 4335 commemorationem
540 4272 788 4350 exhibentium
811 4289 872 4334 non
893 4271 996 4334 verbis
1019 4272 1132 4353 popuii,
1149 4275 1204 4337 sed
1225 4274 1408 4339 Sacerdotis
1432 4276 1463 4338 in
1480 4275 1570 4340 iiissa

203 4375 280 4434 enirn
305 4372 514 4453 chrysostomi
536 4365 591 4447 iia,
614 4380 683 4451 post
704 4372 798 4433 Amen
820 4371 1007 4434 inclamatum
1030 4391 1048 4434 a
1070 4373 1203 4455 populo,
1232 4373 1382 4438 Sacerdos
1407 4376 1571 4456 prosequi-

204 4478 267 4581 tpr.
293 4464 507 4554 Μεμνρμένυι
528 4464 637 4533 τοίνυν
665 4467 724 4555 τῆς
753 4465 915 4571 σωτηρίου
943 4458 1064 4556 ταύτρς
1090 4464 1235 4558 ἐντολῆς,
1263 4468 1319 4536 καὶ
1350 4460 1479 4537 πτίττων
1504 4474 1570 4538 τῶν

204 4558 290 4656 baio
314 4561 407 4655 ἡμῶν
427 4563 651 4656 γεγενημένοιν,
673 4566 734 4632 τοῦ
754 4587 908 4683 σταυρου,
929 4567 990 4633 τοῦ
979 4560 1129 4733 επτέρναν,
1151 4573 1207 4658 τῆς
1232 4567 1407 4660 τριημέρου
1427 4562 1571 4638 bacani-

204 4685 303 4744 σειος,
336 4670 396 4753 τῆς
417 4661 465 4742 εἰς
486 4657 644 4756 οὐρανούς
666 4656 873 4751 ὐναβύσειος,
898 4667 957 4755 τῆς
979 4664 1015 4733 ἐκ
1036 4670 1150 4751 δεξιῶν
1171 4667 1349 4760 καθέδρας,
1371 4671 1429 4759 τῆς
1457 4669 1571 4739 δευτέ-

204 4788 265 4853 ρας
286 4766 343 4833 καί
365 4759 499 4849 ἐνδόξου
520 4759 621 4833 πάλιν
647 4765 830 4856 παρουσίας
853 4760 896 4831 τοὶ
924 4760 968 4833 σύ
995 4764 1032 4833 ἐκ
1064 4770 1129 4836 τῶν
1158 4771 1224 4836 σῶν
1249 4790 1305 4836 σοι
1338 4769 1571 4861 προςφέρομεν.

204 4868 354 4933 lemures
374 4872 467 4951 ipiim
486 4871 630 4933 subdaris
650 4871 739 4951 bajani
759 4871 896 4934 mandati
916 4878 946 4932 et
966 4873 1096 4934 omnium
1113 4891 1191 4953 qaae
1207 4892 1269 4954 pra
1285 4873 1373 4936 naba
1388 4862 1475 4952 facia
1493 4884 1572 4951 anni,

205 4985 325 5044 ακονν,
347 4971 493 5049 νορυίινί,
523 4970 684 5032 triduanam
710 4970 957 5044 mmmectionic,
984 4973 1018 5033 ν’νν
1045 4973 1145 5034 coelos
1173 4974 1378 5048 σευονινίονιὲν,
1407 4992 1428 5034 ο
1455 4975 1573 5037 cimbia

208 5069 374 5144 νοννιονιίε,
405 5068 531 5132 νοαινιδν·
559 5075 590 5130 ei
613 5069 743 5150 pinnaci
769 5087 876 5132 νννντιν
902 5068 1062 5146 adcantus,
1087 5079 1140 5133 tuo
1173 5092 1214 5134 ea
1240 5073 1299 5134 iada
1327 5071 1382 5136 tibi
1407 5070 1572 5154 offerimus
