4525 6034
470 638 511 714 ιιι
525 607 740 714 'alamann
756 635 893 713 sisui
914 634 1076 713 anisio
1099 633 1337 714 ιιιιιιιιιιιι.
1516 636 1591 711 ssa

302 824 335 887 ln
358 824 501 887 versione
522 822 621 900 illasii,
644 842 685 885 er
708 841 744 886 ea
767 840 855 903 quam
877 822 1030 904 tetigimus
1052 822 1187 901 ratione,
1211 829 1338 904 apparet
1360 821 1521 886 discrimen
1542 822 1594 886 le-

216 924 343 988 viculum
358 924 490 1005 quidem‚
513 921 569 985 sed
592 922 672 1004 quod
695 922 828 985 lectores
852 920 975 1002 linguae
987 919 1131 1001 Syriacae
1154 923 1363 1003 competitas,
1387 923 1473 1003 quasi
1494 922 1591 1002 majus

215 1032 309 1102 esset,
332 1030 438 1105 posset
460 1022 492 1082 in
514 1040 651 1085 errorem
673 1022 835 1085 inducere:
858 1039 926 1083 nam
949 1020 1031 1101 quod
1042 1021 1156 1084 Masius
1172 1021 1265 1085 vertit
1287 1042 1397 1103 carpas
1416 1024 1591 1102 plor-iosam,

215 1131 262 1186 est
284 1123 363 1185 idem
385 1121 464 1203 quod
496 1121 606 1184 Graeci
634 1115 745 1199 τίμιον
769 1122 938 1201 pretiosam
970 1129 1099 1199 vocant,
1131 1129 1164 1183 ut
1193 1121 1273 1184 idem
1297 1122 1387 1182 vertit
1410 1120 1441 1181 in
1463 1119 1592 1185 formula

214 1223 251 1285 ad
275 1222 418 1300 calicem,
452 1221 636 1302 Sanpninem
665 1223 867 1283 redimentem.
912 1218 1009 1281 Radix
1032 1221 1157 1301 Syriaca
1179 1222 1327 1282 redimere
1350 1221 1469 1300 quidem
1492 1214 1592 1303 signi-

213 1322 294 1406 ficat,
313 1321 369 1384 sed
384 1320 570 1402 frequentius
585 1321 729 1384 idoare:
752 1319 832 1382 unde
848 1317 955 1380 melius
978 1320 1108 1381 vertitur
1123 1321 1301 1398 salutarem,
1315 1326 1347 1381 ιιι
1361 1318 1440 1382 infra
1462 1323 1591 1401 sanaui-

213 1442 280 1484 aern
293 1423 549 1501 propitiatoriam.
563 1421 688 1483 Postea:
709 1420 893 1498 samifimirm
910 1420 1124 1481 reverendam:
1147 1419 1254 1481 melius
1267 1418 1430 1480 timendam
1443 1404 1589 1505 φρικτόν.

214 1521 274 1597 Oai
293 1522 326 1582 ia
353 1520 501 1583 Ecclesiis
527 1522 665 1582 serviant
691 1519 818 1581 Petram
847 1517 946 1578 bonae
972 1520 1145 1583 memoriae.
1198 1519 1268 1582 Vox
1289 1520 1465 1581 ministrare
1494 1521 1590 1602 magis

213 1620 283 1682 liuic
313 1621 382 1682 loco
411 1621 565 1683 convenit:
596 1618 746 1701 quomodo
776 1636 852 1681 vero
883 1616 996 1701 legerit
1021 1617 1052 1679 in
1076 1618 1188 1682 Codice
1212 1637 1268 1682 suo
1291 1618 1404 1681 Masius
1427 1621 1591 1683 obscurum

214 1727 277 1794 est3
308 1737 407 1801 neque
432 1721 511 1784 enim
533 1720 632 1782 donae
652 1719 819 1781 memoriae
839 1725 1003 1798 usurpatur
1032 1716 1186 1798 loquendo
1217 1718 1256 1780 de
1286 1717 1383 1797 vivis,
1413 1727 1446 1780 ut
1474 1719 1524 1781 hic
1552 1719 1591 1782 de

213 1820 273 1881 illis
303 1820 413 1902 agitur.
461 1819 499 1882 'ln
528 1819 641 1882 Codice
669 1817 845 1881 Colbertino
873 1817 924 1879 ubi
954 1818 1066 1879 mentio
1096 1818 1127 1880 tit
1156 1816 1349 1881 Patriarahae
1377 1826 1408 1881 et
1434 1818 1590 1900 Episcopi,

212 1919 326 2001 legitur
348 1918 604 1981 Ortlrodoararnm.
632 1918 682 1980 Ad
703 1918 915 1998 coprrascendo
937 1936 974 1978 ea
997 1936 1099 1994 amsa,
1121 1937 1200 1998 pace
1222 1917 1286 1995 tibi,
1309 1916 1392 1979 Deos
1414 1928 1588 1999 commeat.

214 2019 298 2082 Haec
320 2018 451 2081 obscura
473 2025 560 2081 sunt:
584 2028 614 2081 at
636 2020 665 2081 in
681 2019 806 2100 Syriaco
829 2024 945 2092 nostro,
968 2014 1066 2096 Aperi
1085 2019 1190 2080 acatos
1211 2019 1318 2079 menas
1339 2037 1434 2095 meae,
1456 2027 1490 2080 at
1511 2039 1590 2081 ceo-

214 2122 316 2181 riatnr·
335 2118 410 2180 milti
430 2119 528 2180 tamen
549 2120 730 2198 sepelitionis
752 2117 1014 2197 intelligentiorem
1026 2116 1092 2179 Deo
1105 2118 1284 2197 dipnarnm:
1306 2117 1456 2180 sentcatia
1479 2118 1591 2182 clarior
1709 2164 1719 2180 .

214 2225 277 2295 est,
309 2235 418 2299 nempe
446 2219 522 2299 petit
545 2216 694 2280 Sacerdos
719 2216 851 2279 divinum
873 2217 991 2294 lumen,
1022 2216 1060 2279 ad
1089 2216 1286 2299 intelligenda
1310 2218 1410 2280 divina
1432 2221 1588 2299 mysteria.

213 2318 287 2380 Post
313 2335 419 2398 pauca.
462 2316 632 2379 Herdonium
658 2336 774 2398 piaque
802 2323 832 2378 et
859 2323 961 2378 terr-ae
984 2316 1107 2395 [rapam
1133 2319 1305 2379 memineris
1332 2316 1424 2379 Deas.
1469 2317 1502 2380 ln
1527 2320 1590 2401 Sy-

213 2419 306 2479 riaco.
339 2416 452 2478 Aeriam
473 2435 589 2496 qawqae
611 2425 642 2478 et
660 2417 813 2492 tumtunm
835 2424 939 2478 terrae
959 2425 1105 2478 memento
1126 2415 1262 2479 Domine.
1297 2416 1365 2499 Syri
1389 2419 1468 2481 enim
1492 2418 1590 2482 Grae-

215 2534 318 2580 corum
341 2515 481 2596 exemplo
504 2534 611 2578 vocem
639 2515 717 2592 Aer,
749 2516 778 2576 in
809 2514 919 2596 plurali
946 2533 1072 2577 numero
1103 2514 1249 2595 efferunt,
1280 2534 1368 2597 quem
1401 2517 1498 2581 Latini
1527 2537 1588 2582 non

218 2622 399 2700 agnoscunt.
484 2627 488 2639 ·

185 2714 187 2716 ’
301 2713 449 2776 Merneato
480 2714 612 2775 ‘Domine
646 2713 761 2793 Rapum
792 2715 963 2776 nosnoram
997 2714 1162 2777 laudabilis
1197 2717 1370 2780 memoriae.
1421 2716 1527 2780 Itidem
1559 2722 1590 2782 in

218 2815 355 2896 Syriaco,
380 2812 638 2891 Ortlrodoeornm,
661 2821 692 2875 et
714 2831 788 2875 sane
811 2813 937 2875 alterum
961 2808 1009 2874 tric
1032 2811 1130 2875 locum
1153 2814 1337 2877 nonhabet.
1375 2815 1538 2898 subjicitur
1559 2819 1590 2882 in

217 2914 330 2978 Codice
353 2912 540 2977 Colhertino.
584 2912 729 2990 Domine,
758 2912 903 2991 Domine,
929 2913 1094 2993 pacificato
1121 2933 1216 2994 repon
1244 2934 1322 2996 qnae
1342 2914 1500 2979 Ecclesiae
1521 2925 1591 2980 taas

215 3022 349 3089 sanctas,
370 3032 427 3092 per·
437 3014 582 3074 haereses
594 3015 777 3092 impapnant,
801 3021 831 3074 et
847 3032 957 3092 corpas
978 3015 1119 3075 unanime
1133 3014 1333 3078 mernlrroram
1349 3014 1590 3080 Christianorum

214 3114 364 3187 scindant,
388 3120 477 3191 atque
500 3130 573 3173 aces
595 3113 767 3189 spirituales
786 3114 891 3192 crepis
912 3115 957 3174 toi
977 3113 1172 3193 dispereant:
1195 3123 1225 3176 et
1246 3116 1590 3196 tempestates.fraada-

214 3214 311 3274 lentas
337 3210 393 3272 sab
420 3210 502 3289 salso
532 3211 687 3289 relipioais
710 3219 876 3289 praetexta
904 3213 1009 3275 dolose
1036 3216 1192 3276 excitant:
1221 3216 1290 3278 illos
1312 3217 1355 3278 ad
1376 3236 1414 3278 ea
1435 3236 1513 3297 puae
1535 3218 1592 3279 tibi

212 3312 439 3392 placitarent,
469 3310 682 3374 convertendo.
726 3309 771 3371 Ea
801 3327 894 3391 porro
925 3313 1023 3376 oratio
1053 3313 1257 3394 Imperatores
1284 3314 1419 3378 Graecos
1447 3322 1588 3396 spectare

215 3411 381 3492 praecipue
402 3409 532 3486 videtur,
556 3410 607 3489 qui
630 3426 696 3470 oum
710 3408 901 3472 Antiochiam
919 3411 1078 3492 aliquoties
1092 3422 1339 3494 recuperassent,
1361 3414 1506 3478 Jacobitis
1519 3433 1589 3488 mo-

214 3508 283 3570 lesti
306 3506 436 3571 luerunt.
471 3506 608 3570 Videada
631 3506 669 3570 de
692 3508 751 3572 hoc
772 3517 951 3592 argumento
974 3529 1053 3592 quae
1077 3511 1251 3575 referuntur
1264 3513 1293 3576 ia
1306 3513 1437 3575 Historia
1454 3515 1589 3578 Petitar-

215 3607 339 3669 charum
360 3607 633 3670 Alexandrinorum
655 3626 696 3670 ex
718 3608 855 3689 Epistola
877 3608 1001 3673 Joannis
1030 3611 1224 3674 Patriarchae
1251 3613 1447 3691 Antiocheni,
1477 3616 1507 3676 in
1530 3633 1589 3696 qua
1654 3628 1717 3680 itai.
1739 3626 1812 3681 Patr.
1836 3627 1911 3683 Δια.

213 3716 316 3769 namat
339 3708 488 3787 quomodo
512 3707 795 3789 Constantinopolin
818 3709 926 3772 ductus
949 3710 1055 3787 luerit,
1078 3718 1109 3773 et
1131 3729 1233 3774 coram
1256 3712 1440 3794 imperatore
1462 3714 1589 3778 lacobi-
1616 3731 1643 3784 a·
1660 3715 1724 3771 35⁶·
1741 3723 1832 3783 etseq.

213 3809 301 3870 ticam
331 3807 419 3870 tidem
449 3808 698 3890 propugnaverit.
744 3808 873 3871 Possunt
903 3811 990 3872 etiam
1019 3810 1095 3873 liaeo
1126 3810 1164 3874 ad
1185 3811 1309 3876 Latinos
1338 3815 1507 3895 pertinere,
1537 3817 1588 3894 qui

212 3906 392 3969 Antiochiae
423 3907 621 3987 principatum
651 3906 751 3969 multis
775 3909 861 3969 anais
885 3910 1094 3987 obtinuerunt,
1125 3930 1144 3973 a
1172 3913 1280 3992 quibus
1303 3912 1473 3978 Orientales
1498 3914 1588 3977 Chri-

213 4006 301 4068 stiani
324 4008 414 4069 etiam
437 4005 617 4085 Ortlrodoxi,
640 4024 734 4087 saepe
757 4025 818 4069 non
840 4009 938 4071 mitius
961 4009 1052 4071 habiti
1075 4018 1155 4073 suat.

297 4105 446 4168 Mernoria
477 4113 507 4167 et
532 4106 680 4186 lepatione
708 4126 811 4168 eoram
834 4111 974 4187 protecti.
1019 4109 1144 4188 ldelius,
1172 4113 1389 4174 interventione
1411 4131 1467 4175 seu
1489 4114 1588 4175 iater-

212 4207 357 4268 cessione.
394 4203 463 4287 Syri
484 4223 592 4268 vocem
614 4199 777 4291 πρεσβεία
800 4216 1020 4288 expresserunt
1042 4228 1098 4290 per
1109 4211 1274 4292 propriam,
1298 4230 1376 4293 quae
1392 4212 1589 4293 Lepationern

212 4304 375 4386 significat:
405 4303 460 4367 sed
483 4323 550 4366 curn
573 4304 603 4365 in
626 4305 695 4367 stilo
719 4305 934 4370 Ecclesiastico
957 4308 1056 4387 aliud,
1090 4326 1200 4391 nempe
1230 4310 1310 4391 quod
1340 4312 1430 4374 modo
1460 4312 1587 4373 diximus

213 4404 379 4486 significet,
409 4411 569 4486 utrumque
598 4422 720 4467 sensum
752 4422 812 4468 non
848 4405 1065 4487 distinxerim,
1080 4409 1176 4490 'quod
1205 4410 1357 4492 interpres
1387 4429 1500 4474 cavere
1529 4411 1587 4474 de-

212 4501 338 4564 buisset.

302 4601 462 4667 Sacerdos.
487 4602 595 4665 Oratio
612 4603 784 4668 Dominica.
809 4604 876 4667 Non
897 4606 1006 4669 dicitur
1028 4608 1133 4671 Oratio
1156 4609 1313 4672 Dominica
1334 4611 1393 4674 nisi
1414 4611 1484 4693 post
1505 4610 1586 4675 illam

212 4718 300 4781 quam
324 4704 408 4782 prius
432 4703 581 4765 Sacerdos
604 4704 722 4782 recitat,
745 4710 778 4765 ut
800 4712 882 4785 patet
905 4726 946 4768 ex
968 4707 1104 4771 omnihus
1127 4708 1192 4772 aliis
1215 4708 1369 4791 Litargiis.

297 4801 461 4867 Diaconus.
505 4803 688 4865 Reverenter
708 4806 947 4884 contenrplenrnr.
994 4808 1142 4872 Graecum
1169 4817 1216 4872 est
1243 4798 1344 4872 Mera?
1365 4798 1473 4897 φόβου
1494 4799 1586 4899 apd·
1671 4805 1682 4828 ³

211 4914 339 4978 σχωμεν
361 4899 436 4963 Cam
457 4903 563 4964 timore
585 4903 789 4980 attendamus,
811 4905 861 4965 aet
880 4909 1076 4986 aspiciamus.
1185 4923 1187 4927 “

296 4998 395 5063 Pauca
417 5000 493 5063 haec
515 5001 698 5065 observasse
722 5002 862 5082 sufficiat,
890 5006 922 5066 in
944 5005 1069 5087 reliquis
1092 5024 1171 5088 quae
1193 5008 1316 5073 minoris
1338 5014 1480 5075 momenti
1502 5020 1583 5094 sunt,

209 5096 241 5159 in
263 5099 322 5161 stili
345 5099 537 5180 diversitate,
566 5099 654 5165 facile
677 5103 810 5166 lectores
834 5123 874 5166 ex
896 5104 962 5168 aliis
985 5107 1177 5170 versionibus
1200 5111 1380 5192 comparatis
1401 5112 1584 5196 intelligent,
