4525 6034
529 557 570 634 ln
594 556 803 635 lllURCldll
830 554 1013 634 GRddCdll
1038 550 1069 633 S.
1096 553 1281 632 GREGORll.
1525 555 1599 628 333

705 824 805 925 Εὐχή
829 834 891 923 τῆς
915 825 1125 927 ἐλευθερίας.

338 1021 561 1099 laraaaraanoa
590 1039 638 1095 est
666 1031 763 1094 oratio
796 1030 1003 1094 Absolutioois
1031 1048 1108 1112 quae
1138 1029 1229 1112 paulo
1265 1036 1335 1092 ante
1366 1026 1598 1095 Confessioaem

228 1136 297 1200 fidei
327 1136 365 1200 de
395 1135 584 1198 Eucharistia
616 1133 814 1215 pronunciari
836 1133 931 1212 solet,
959 1141 992 1196 ut
1018 1134 1049 1196 in
1071 1134 1139 1197 aliis
1161 1133 1306 1215 liturgiis
1330 1131 1499 1197 observare
1521 1133 1601 1198 licet

226 1236 316 1300 Nulla
339 1235 377 1297 ad
399 1234 477 1297 banc
499 1241 616 1315 partem
639 1231 747 1296 Graeci
769 1232 902 1312 Codicis,
925 1240 1009 1296 extat
1030 1234 1134 1298 versio
1156 1232 1297 1296 Arabica.
1326 1230 1386 1296 Sed
1400 1232 1439 1296 de
1451 1234 1602 1296 sententia

225 1334 349 1398 dubium
371 1352 441 1397 esse
464 1333 577 1395 nullum
604 1339 720 1413 potest,
748 1351 816 1395 cum
846 1350 884 1395 eo
911 1333 979 1414 ipso
1008 1332 1078 1396 loeo
1108 1340 1230 1396 notetur
1258 1333 1290 1395 in
1320 1329 1433 1396 Codice
1463 1332 1601 1415 Coptioo,

225 1433 385 1497 dicendam
398 1451 470 1498 esse
482 1433 650 1496 orationem
660 1431 879 1511 Absolutiouis,
902 1430 959 1494 sed
981 1450 1060 1513 quae
1082 1431 1227 1496 sumenda
1242 1433 1282 1494 sit
1299 1451 1339 1494 ex
1355 1428 1492 1514 Liturgia
1506 1431 1603 1495 sancti

224 1533 343 1597 Basilii·
367 1552 445 1615 qnae
467 1531 591 1595 diversa
612 1538 660 1594 est
681 1532 719 1594 ab
742 1550 879 1614 cuquam
890 1531 1024 1595 Graecus
1037 1529 1145 1595 Codex
1160 1530 1348 1612 etCopticus
1360 1538 1601 1613 repraesentant

227 1633 303 1699 Sunt
326 1633 439 1715 quippe
460 1633 565 1696 variae
588 1632 712 1693 istarum
735 1631 956 1695 absolutionum
977 1630 1135 1696 formulae.

314 1732 458 1813 Sequitur
471 1730 631 1795 Confessio
646 1730 716 1794 fidei
731 1731 851 1812 Corpus
864 1737 1001 1793 sanctam
1015 1738 1046 1794 et
1061 1731 1188 1812 reliqua,
1211 1748 1290 1812 quae
1313 1746 1380 1792 cum
1402 1730 1468 1793 aliis
1481 1730 1601 1793 omnino

227 1832 438 1906 consentiunt3
461 1837 552 1912 atque
567 1828 644 1892 adeo
659 1829 748 1893 nullis
763 1830 1125 1894 novisobservationibus
1145 1829 1292 1914 indigent,
1314 1837 1349 1892 ut
1368 1846 1468 1911 neque
1490 1847 1601 1911 preces

226 1932 304 1996 aliae
328 1929 437 2013 quibus
458 1929 536 1992 baec
558 1927 696 2013 liturgia
717 1928 916 1995 concluditur.
1228 1914 1236 1923 ⁵
1486 1950 1490 1956 ·

649 2239 1186 2284 ψ..

407 2620 491 2739 ΙΝ
541 2620 994 2740 illiberali
1048 2620 1428 2741 calatin

747 2838 914 2920 salicti
938 2840 1082 2920 dandi
1186 2910 1192 2916 .

838 3026 859 3090 s
881 3022 894 3087 1
916 3026 944 3087 v
965 3025 990 3089 a

614 3204 875 3325 SANCll
923 3204 1214 3325 CYRlLLl

829 3416 1000 3502 noran.

1648 838 1680 894 P.
1700 840 1761 895 110.

326 3614 429 3694 Hums
457 3627 546 3690 odlcii
574 3646 646 3709 pars
678 3629 775 3711 prima
810 3645 872 3691 non
902 3634 950 3691 est
979 3626 1144 3709 Anaphora
1176 3629 1303 3710 proprie
1331 3627 1427 3707 dicta,
1461 3627 1517 3693 aed
1545 3645 1598 3691 eas
1673 3681 1681 3697 .
1753 3679 1763 3699 .

226 3732 381 3795 orationes
405 3731 615 3812 complectitur
636 3749 715 3814 quae
739 3731 805 3794 aliis
819 3729 962 3813 liturgiis
985 3734 1103 3794 servire
1125 3739 1253 3813 possunt
1270 3732 1307 3795 ad
1327 3735 1599 3815 praeparationem,

226 3829 491 3912 ostendunturque
514 3848 612 3912 usque
635 3831 672 3894 ad
696 3830 870 3893 Orationem
899 3829 997 3894 osculi
1018 3832 1113 3912 pacis.
1160 3829 1247 3903 Quod
1277 3839 1377 3895 autem
1405 3832 1474 3895 huic
1504 3833 1602 3896 obicio

224 3929 412 4010 praemissae
435 3936 521 4006 sunt,
553 3948 590 3992 ca
617 3932 696 3993 ratio
718 3928 804 3992 reddi
827 3937 938 4009 potest.
983 3929 1092 3992 Fuisse
1114 3929 1271 3993 Ecclesias
1295 3932 1370 3993 ritus
1393 3930 1603 4011 Alexandrini,

224 4029 255 4090 in
278 4027 388 4108 quibus
411 4028 477 4091 sola
499 4029 557 4091 ista
572 4027 709 4111 liturgia
732 4037 942 4108 usurparetur,
966 4046 1028 4092 non
1051 4028 1129 4091 duae
1153 4028 1268 4092 alterae
1282 4027 1385 4092 Basilii
1408 4038 1439 4093 et
1461 4028 1604 4113 Gregorii

226 4126 392 4209 Theologi:
428 4135 479 4190 aut
507 4145 575 4190 eum
605 4129 635 4190 in
659 4125 772 4191 Codice
796 4127 1073 4209 Cryptaierratensi
1113 4127 1190 4191 baec
1216 4128 1304 4193 unica
1332 4131 1539 4211 reperiretur,
1562 4147 1602 4191 ne

225 4225 411 4291 Sacerdotes
434 4244 471 4290 ea
493 4234 615 4290 utentes
644 4226 683 4289 ad
713 4244 869 4290 sacrorum
896 4228 1109 4308 mysteriorum
1138 4225 1391 4307 celebrationem,
1414 4228 1473 4291 alio
1496 4226 1604 4290 codiee

228 4343 289 4406 quo
312 4342 422 4405 preces
444 4319 831 4411 nponapeoaevoorraol3
866 4334 897 4389 et
924 4325 1000 4389 aliae
1024 4324 1256 4388 continebantur
1278 4344 1355 4408 opus
1378 4326 1535 4404 haberent,
1565 4345 1606 4389 ex

223 4424 277 4487 dlo
301 4423 456 4499 adjunctas
480 4443 566 4501 esse;
597 4425 678 4506 quod
706 4424 817 4488 facturn
848 4425 1047 4488 observamus
1070 4424 1100 4486 iu
1124 4424 1238 4505 aliquot
1261 4425 1395 4506 Coptiois
1418 4426 1604 4508 exemplari-

223 4521 296 4602 bus,
319 4522 371 4585 ubi
394 4541 453 4586 una
476 4543 516 4586 ex
539 4523 636 4586 tribus
659 4524 725 4587 sola
749 4524 902 4607 descripta
926 4532 992 4587 erat
1007 4523 1153 4607 liturgia.
1198 4524 1231 4586 ln
1253 4523 1313 4586 illis
1335 4522 1431 4604 prima
1453 4525 1511 4588 ista
1532 4541 1604 4606 pars

225 4621 403 4685 sumebatur
425 4641 465 4685 ex
486 4622 588 4685 Basilii
608 4621 763 4707 Liturgia,
793 4642 883 4704 quam
914 4624 971 4687 sub
998 4623 1057 4686 hoc
1086 4624 1172 4686 titulo
1196 4622 1305 4686 Graeci
1335 4624 1520 4704 cognovisse
1541 4641 1605 4686 non

225 4718 383 4795 videntur,
411 4720 467 4783 sed
494 4721 550 4784 sub
577 4721 673 4785 blarci
703 4722 841 4802 nomine,
871 4724 941 4803 quia
962 4723 1087 4804 propria
1110 4729 1176 4785 erat
1198 4722 1280 4785 sedis
1303 4721 1539 4797 Alexandrinae,
1566 4722 1604 4785 ab

226 4818 279 4881 illo
303 4819 455 4883 laudatae.
500 4819 572 4883 lnde
596 4820 639 4900 iit,
661 4827 695 4883 ut
717 4821 822 4903 plures
846 4823 1016 4900 orationes,
1047 4838 1125 4902 quae
1147 4821 1179 4883 in
1200 4820 1297 4903 prima
1319 4828 1400 4901 sunt,
1422 4822 1454 4883 in
1475 4822 1534 4884 ista
1555 4819 1606 4882 le-

225 4926 348 5000 gantur.
394 4919 426 4983 si
455 4919 486 4981 in
508 4919 635 5000 reliquis
667 4937 729 4982 uon
756 4926 898 4983 accurate
928 4920 1117 5002 respondent
1146 4921 1261 4999 omnia,
1291 4921 1358 4984 sire
1385 4937 1512 5001 preces,
1538 4919 1605 4981 sive

224 5018 312 5098 ritus,
336 5018 443 5080 mirum
466 5035 620 5081 essenon
644 5017 745 5097 debet,
770 5036 837 5080 curn
860 5020 941 5082 circa
963 5037 1084 5101 preces,
1107 5019 1236 5104 insignis
1260 5026 1291 5082 et
1313 5019 1439 5102 alicujus
1461 5016 1606 5082 momenti

1310 5136 1397 5212 58*
