4525 6034
448 604 722 684 LITURGIA
773 599 982 678 SANGTl
1033 596 1266 675 lGNthl.
1511 598 1588 672 215

214 800 267 869 cia
295 795 492 867 clementiae
517 804 594 864 tuae
620 789 790 862 Domine?
823 797 879 858 aut
912 789 985 881 quis
1018 787 1126 882 possit
1161 806 1322 856 enarrare
1354 783 1588 857 abundantiam

214 915 338 984 amoris
364 913 410 982 tui
436 931 518 1001 erga
546 906 710 992 homines,
737 927 758 976 o
784 902 910 976 beate?
943 905 998 996 qui
1030 923 1093 973 nos
1121 924 1196 972 curn
1229 901 1432 973 multitudino
1465 905 1588 996 impie-

212 1037 316 1100 tatum
344 1027 575 1110 detineremur,
603 1032 636 1092 et
663 1023 791 1094 catenis
817 1028 1034 1116 peccatorum
1061 1017 1240 1112 compediti
1267 1016 1439 1104 essemus,
1468 1018 1589 1112 dignos

213 1143 325 1215 fecisti
356 1140 542 1233 hujusmodi
574 1140 756 1210 ministerio
791 1135 931 1208 excelso
968 1147 1002 1207 et
1035 1155 1168 1226 magno.
1202 1133 1362 1210 ,Praesta
1393 1133 1513 1223 nohis,
1555 1146 1591 1207 ut
1672 1183 1674 1194 ν

215 1260 360 1332 abstersi
388 1282 407 1329 a
435 1253 590 1328 sordibus
625 1255 774 1348 peccati,
810 1263 843 1323 et
876 1254 1054 1346 purissime
1086 1271 1151 1323 nos
1187 1249 1366 1323 secundum
1398 1273 1526 1348 corpus
1556 1262 1589 1324 et

215 1378 360 1447 animam
386 1372 558 1463 habentes,
586 1370 677 1461 digni
704 1368 884 1440 efficiamur
909 1366 1110 1440 beatitudine
1131 1366 1186 1439 illa
1214 1389 1340 1462 qrraea
1363 1376 1397 1439 te
1423 1371 1589 1463 promissa

215 1500 279 1579 est,
307 1489 371 1560 illis
399 1491 454 1583 qui
479 1486 604 1558 iaciunt
628 1483 833 1555 voluntatem
862 1492 962 1571 tuam,
990 1493 1024 1555 et
1049 1483 1285 1555 illuminatione
1312 1493 1412 1579 atque
1438 1484 1590 1556 illustra-

214 1610 308 1679 tione
333 1605 476 1700 Spiritus
504 1606 549 1673 tui
576 1603 692 1686 sancti,
721 1610 756 1670 ut
782 1603 882 1671 etiam
908 1600 1078 1671 iunctione
1104 1599 1293 1671 Sacerdotii
1320 1603 1482 1692 unigeniti
1514 1600 1590 1672 Filii

215 1724 274 1810 tui,
302 1742 487 1815 perquem
515 1728 649 1790 etcum
677 1738 742 1809 quo
771 1726 804 1787 te
830 1716 929 1788 decet
954 1715 1083 1808 gloria,
1116 1714 1224 1787 bonor
1257 1724 1292 1787 et
1317 1719 1489 1814 imperium
1516 1741 1590 1789 cum

216 1836 343 1931 Spiritu
369 1846 426 1907 tuo
455 1844 582 1906 sancto.

321 1951 483 2044 Populea.
536 1949 655 2021 Amen.

322 2068 510 2162 Diaconos.
563 2065 709 2153 Stemus,
736 2073 800 2135 etc.

323 2182 484 2275 Populus.
537 2180 800 2272 Misericordiae,
827 2189 890 2250 etc.

324 2298 508 2369 Sacerdos.
562 2295 706 2385 Caritas,
733 2306 796 2367 etc.

323 2414 484 2506 Populos.
537 2411 581 2482 Et
607 2434 682 2482 cunr
710 2412 826 2505 spiritu
852 2417 918 2481 tuo.

323 2530 508 2600 Sacerdos.
561 2527 701 2600 Sursum
728 2525 840 2598 corda.
931 2595 935 2602 .

323 2646 486 2738 Populus.
540 2642 709 2715 Habemus
737 2642 779 2713 ad
806 2641 993 2713 Dominum.

230 2797 234 2802 ·
323 2760 508 2832 Sacerdos.
564 2760 697 2832 Gratias
726 2779 865 2851 agamus
891 2757 978 2829 Deo.

324 2876 486 2969 Papulas.
539 2874 683 2965 Dignum
711 2883 746 2945 et
767 2877 891 2964 justum
919 2881 980 2966 est.
1421 2909 1440 2944 ι

323 2991 499 3064 Sacerdos
525 2991 718 3061 inclinatas.
766 2989 858 3061 Vere
885 2988 983 3060 decet
1008 2987 1067 3060 tibi
1095 2988 1325 3063 adorationem
1352 3015 1427 3065 cum
1451 2993 1595 3082 bonore,

220 3108 321 3182 laude
348 3118 381 3180 et
408 3106 631 3196 exaltatione,
664 3104 817 3180 exhiberi
845 3104 886 3177 ab
911 3104 1063 3177 omnihus
1083 3109 1245 3178 creaturis
1272 3111 1336 3181 tuis
1363 3109 1594 3201 rationalibus,

219 3225 382 3320 simulque
409 3227 580 3317 unigenito
606 3222 692 3294 Filio
720 3231 788 3308 tuo,
815 3232 849 3293 et
875 3221 1010 3316 Spiritui
1037 3231 1093 3293 tuo
1121 3231 1249 3294 sancto.

323 3341 474 3413 Uaccus
499 3363 627 3411 ocean.
681 3339 733 3411 'l'u
766 3339 821 3409 ille
853 3360 890 3410 es
925 3340 979 3431 qui
1020 3360 1038 3408 a
1078 3336 1270 3410 substantiis
1311 3341 1521 3429 sublimibus,
1561 3351 1595 3413 et

182 3453 186 3460 ’
218 3454 504 3540 immaterialibus,
533 3455 658 3525 decore
686 3476 827 3540 summo,
854 3464 888 3525 et
914 3451 1153 3548 triumphaliter
1185 3457 1218 3523 in
1244 3456 1593 3544 excelsis,·honors·

218 3577 280 3661 ris,
306 3571 462 3659 laudaris,
490 3581 524 3642 et
558 3568 799 3662 glorificatione
834 3580 994 3665 perpetua
1021 3567 1223 3658 celebraris,
1257 3571 1408 3647 cantibus
1439 3576 1529 3669 puris
1562 3582 1596 3645 et

219 3691 361 3774 sanctis,
388 3686 522 3759 citharis
551 3684 729 3772 suavibus,
766 3697 800 3757 et
827 3686 1003 3778 jucundis,
1038 3686 1361 3784 exaltationibusque
1395 3700 1429 3762 et
1463 3690 1595 3788 hymnis

220 3801 486 3897 triumphalibus,
512 3801 607 3874 iestis
634 3801 911 3888 indesinentibus,
940 3811 974 3873 et
1004 3807 1143 3876 canticis
1170 3827 1238 3876 non
1272 3804 1501 3896 cessantibus,
1534 3829 1596 3902 per

219 3941 281 3991 ora
309 3923 523 4014 incorporea,
550 3940 612 4012 per
639 3918 769 4010 linguas
797 3939 862 3988 non
890 3940 1043 4006 carneas,
1070 3942 1132 4014 per
1159 3927 1341 4016 praeconia
1369 3925 1492 3994 eximia
1520 3927 1595 4018 spi·

186 4025 197 4036 “
219 4034 398 4122 ritualium,
424 4056 486 4130 per
513 4033 685 4128 aequalem
715 4045 910 4105 concentum
938 4037 1124 4125 igneorum,
1152 4059 1213 4131 per
1227 4060 1330 4131 puras
1356 4060 1463 4110 voces
1480 4037 1596 4109 Thro-

219 4172 352 4238 norum,
378 4173 439 4245 per
466 4171 583 4222 sonum
610 4171 766 4241 magnum
795 4148 992 4238 Cherubim,
1033 4160 1066 4222 et
1098 4153 1376 4226 sanctificationes
1402 4156 1597 4249 purissimas

220 4264 415 4361 Seraphim,
443 4268 497 4360 qui
531 4263 722 4336 terribiliter
757 4263 818 4336 alis
845 4265 1020 4360 plaudunt,
1047 4267 1269 4364 volantesque
1303 4281 1353 4341 ter
1380 4269 1597 4360 sanctificant,

221 4382 376 4469 clamant,
403 4381 632 4452 vociferantur
659 4390 692 4452 et
718 4380 838 4453 dieunt.

326 4497 488 4590 Populos.
542 4497 695 4584 Sanctus,
723 4496 879 4585 Sanctis,
906 4496 1059 4569 Sanctus.

326 4612 502 4683 Sacerdos
534 4613 726 4683 inclinatos.
780 4613 924 4685 Sanctus
958 4616 1044 4685 enirn
1081 4638 1137 4704 es,
1170 4615 1263 4687 Deus
1297 4617 1416 4704 Pater,
1453 4614 1597 4687 Sanctus

224 4731 324 4800 etiam
358 4732 547 4820 unigenitus
580 4728 684 4800 Filius
718 4737 814 4819 tuus,
849 4728 992 4801 Sanctus
1027 4733 1125 4803 etiam
1159 4731 1302 4827 Spiritus
1338 4742 1411 4802 tuus
1445 4741 1610 4803 sanctiss
1675 4713 1688 4720 ⁶

224 4849 281 4940 qui
307 4843 433 4916 similes
460 4844 661 4917 coelestibus
689 4867 750 4939 per
776 4867 923 4916 umorem
957 4855 1045 4918 tuum
1078 4869 1161 4939 erga
1188 4845 1356 4937 homines,
1389 4866 1450 4918 nos
1477 4845 1598 4935 iecisti,

224 4969 258 5032 et
283 4970 458 5054 tantopere
485 4960 630 5033 dilexisti
656 4983 741 5049 nos,
768 4969 803 5032 ut
829 4964 927 5032 etiam
954 4965 1157 5055 unigenitum
1183 4962 1301 5033 Filium
1320 4973 1408 5034 tuum
1436 4960 1596 5034 tibicou·

224 5075 475 5150 substantialem
501 5081 650 5152 mitteres
677 5078 719 5149 ad
747 5078 883 5150 salutem
898 5091 1065 5153 nostram:
1093 5081 1150 5174 qui
1175 5082 1365 5151 incarnatus
1394 5089 1464 5167 est,
1504 5075 1597 5149 inei-'-
