4525 6034
474 591 690 669 ennoean
728 531 979 672 onruonmr
1015 593 1248 689 orionus,
1284 609 1335 670 a.
1522 597 1634 712 aso¹

226 800 299 852 rum
327 753 480 868 suorum,
508 779 676 852 admonuit
703 801 773 867 eos,
800 783 1037 876 praecepitque
1065 784 1127 872 eis,
1155 780 1286 854 dicens:
1314 785 1509 880 mysterium
1535 782 1600 856 boc

226 907 403 993 perpetuo,
425 895 591 991 perficite:
628 900 703 991 quia
735 919 810 967 cum
844 919 965 991 panem
992 898 1077 970 bunc
1102 899 1362 988 manducabitis,
1395 912 1430 973 et
1467 903 1598 973 mistum

228 1013 315 1107 quod
349 1016 381 1084 in
418 1013 480 1085 boc
513 1012 618 1085 calice
650 1022 702 1084 cst
727 1011 866 1102 bibetis,
901 1018 1094 1087 memoriam
1127 1019 1243 1088 mortis
1270 1027 1304 1105 et
1343 1005 1597 1091 resurrectionis

227 1151 325 1201 meae
350 1129 501 1218 iacietis,
528 1129 637 1203 donee
663 1133 805 1203 veniam.

333 1247 496 1341 Popolne
548 1245 665 1317 Mortis
692 1256 768 1317 tuae
795 1246 949 1336 Domine,
977 1257 1040 1319 etc.

219 1337 233 1388 ⁴
331 1360 516 1433 Sacerdos.
568 1361 638 1433 Sed
661 1365 761 1433 etiam
780 1370 883 1435 totam
907 1373 995 1435 tuam
1015 1362 1306 1458 dispensationem,
1332 1365 1481 1440 Verbum
1494 1367 1599 1455 Deus,

227 1502 309 1552 caro
334 1477 476 1566 factum,
503 1500 818 1569 commemoramus,
845 1500 912 1551 non
938 1478 1181 1576 perfunctorie,
1215 1502 1281 1552 non
1308 1482 1517 1574 negligenter
1545 1491 1602 1555 aut

220 1599 351 1690 ¹otiose,
380 1594 440 1668 sed
473 1597 583 1667 animo
616 1604 741 1667 attente
773 1596 1018 1692 perpendentes
1052 1607 1086 1670 et
1121 1595 1298 1688 diligenter
1333 1598 1598 1687 considerantes,

227 1717 384 1785 miramur
411 1722 444 1783 et
471 1723 607 1807 stupore
635 1712 809 1801 afficimur,
836 1717 982 1785 maxime
1018 1735 1101 1785 vero
1135 1712 1296 1785 laetamur
1331 1725 1365 1786 et
1400 1715 1598 1800 exultamus,

229 1853 294 1902 non
322 1832 367 1900 ita
394 1837 504 1900 tamen
531 1832 608 1923 quin
636 1831 809 1901 timeamus
836 1840 870 1900 et
903 1831 1215 1916 contremiscamus,
1248 1834 1281 1900 in
1314 1853 1412 1902 unum
1446 1831 1599 1926 quodque

229 1949 383 2020 attentius
410 1948 645 2060 inspicientes,
673 1955 706 2016 et
733 1944 863 2037 singula
892 1967 977 2040 quae
1010 1968 1072 2041 pro
1106 1945 1213 2018 salute
1248 1958 1363 2018 nostra
1398 1945 1489 2019 iacta
1525 1958 1600 2019 sunt

229 2065 339 2133 animo
357 2071 543 2134 versantes.
585 2062 884 2133 Annunciationem
912 2084 997 2157 quae
1018 2064 1191 2133 suscitavit
1207 2083 1301 2155 spem
1314 2062 1448 2134 salutis:
1475 2073 1598 2155 gesta-

226 2181 351 2251 tionem
377 2180 410 2248 in
437 2188 532 2250 utero
560 2187 647 2248 tuem
675 2180 955 2272 propitiatoriam3
982 2180 1188 2249 nativitatem
1215 2200 1260 2248 ex
1293 2178 1448 2270 Virgine,
1485 2179 1597 2273 depo-

228 2297 379 2366 sitionem
406 2296 440 2365 in
466 2298 665 2389 praesepio,
691 2292 928 2366 involutionem
956 2295 1041 2365 inter
1066 2315 1214 2389 pannea,
1241 2298 1464 2386 gestationem
1497 2318 1598 2389 super

174 2503 177 2510 ,
228 2433 355 2502 genua,
383 2413 593 2482 nutritionem
620 2432 665 2482 ex
691 2409 795 2498 lacte,
822 2414 1059 2482 incrementum
1086 2414 1205 2504 aetatis
1232 2434 1306 2483 oum
1332 2416 1458 2503 gratia,
1495 2410 1597 2484 obla-

228 2531 351 2599 tionem
379 2526 421 2599 ad
448 2526 622 2622 tempimn,
648 2526 845 2621 baptismum
871 2525 1081 2621 praeclarum
1108 2537 1142 2598 et
1167 2527 1300 2622 plenum
1325 2526 1460 2614 lumine,
1487 2527 1599 2600 bene-

227 2642 408 2715 volentiam
444 2644 551 2715 Patris
592 2641 812 2732 declaratam,
847 2642 1094 2715 irradiationem
1130 2645 1282 2738 spiritus,
1318 2646 1531 2716 tentationem
1565 2647 1598 2714 in

220 2758 382 2852 deserto,
409 2758 571 2855 triplicem
597 2761 788 2846 victoriam,
816 2761 1007 2832 sanationes
1023 2759 1247 2849 admirabiles,
1273 2763 1414 2833 virtutes
1436 2760 1597 2856 praecla-

227 2898 284 2947 ras
312 2884 345 2947 et
371 2874 523 2965 divinas,
550 2878 764 2971 operationes
789 2875 864 2947 Deo
893 2875 1024 2968 dignas,
1050 2875 1213 2948 beneficia
1238 2899 1300 2971 per
1326 2879 1465 2970 gratiam
1493 2899 1599 2971 prae·

228 2995 325 3082 etita,
352 2994 545 3088 mysterium
571 2991 650 3063 illud
675 2994 844 3087 mysteriis
871 2990 1023 3088 plenum,
1046 2988 1201 3064 ¹fraudem
1228 2992 1395 3090 discipuli,
1423 2995 1598 3089 pecuniam

228 3111 426 3203 iniquitatiS,
454 3106 602 3182 osculum
617 3105 780 3197 dolosum,
803 3107 1035 3203 impudentiam
1058 3108 1321 3197 audacissimam,
1341 3108 1598 3202 flagellationem

228 3228 476 3320 vituperosam,
504 3226 735 3297 ascensionem
752 3223 793 3296 ad
808 3246 940 3296 crucem
955 3224 1190 3314 voluntariam,
1217 3236 1346 3298 acetum
1366 3235 1400 3297 et
1412 3224 1597 3322 myrrham:

229 3345 534 3414 transmutationem
560 3349 765 3428 naturarum,
793 3350 972 3413 tremorem
999 3341 1254 3429 elementorum,
1281 3363 1402 3414 vocem
1418 3353 1598 3437 petrarum,

228 3462 426 3531 scissionem
454 3455 584 3552 templi,
610 3456 733 3528 iluxnm
761 3459 932 3549 sanguinis
953 3467 987 3527 et
1006 3479 1131 3551 aquae,
1160 3455 1413 3530 descensionem
1430 3457 1471 3528 de
1485 3478 1596 3540 cruce,

229 3574 470 3671 depositionem
495 3577 529 3644 in
555 3582 768 3645 monumento
794 3594 896 3662 novo,
924 3574 1210 3646 annunciationem
1235 3573 1506 3645 Resurrectionis
1536 3570 1553 3641 f
1575 3613 1598 3627 -

229 3703 333 3782 ctam,
360 3690 654 3762 Resurrectionem
682 3713 700 3761 a
729 3692 866 3762 mortuis
893 3691 988 3762 tertia
1016 3688 1089 3778 die,
1115 3691 1360 3764 Ascensionem
1388 3693 1421 3760 in
1455 3685 1597 3770 coelum,

229 3797 493 3879 consolationem
520 3805 719 3894 secundem,
746 3807 931 3878 sessionem
959 3804 1000 3876 ad
1028 3804 1202 3876 dexteram
1236 3807 1364 3893 Patris,
1398 3811 1611 3900 potestatemv

230 3924 338 3996 datam
366 3923 424 4016 tbi
451 3925 506 4017 qui
532 3922 818 3995 consubstantialis
846 3944 883 3994 es
911 3923 1020 4011 Patri,
1048 3921 1213 3993 adventus
1239 3921 1375 3993 secundi
1389 3922 1510 3992 tonitru
1528 3941 1596 3987 va-

229 4039 346 4127 lidum,
381 4039 524 4131 gloriam
559 4042 667 4110 crucis
699 4060 871 4130 magnam,
906 4036 1114 4109 tribunalium
1151 4037 1410 4124 ordinationem,
1440 4034 1597 4126 judicium

230 4178 372 4251 aequum
400 4166 434 4226 et
458 4166 604 4242 rectum,
630 4154 879 4228 retributionem
896 4164 1147 4249 praeparatam,
1175 4153 1325 4225 fiduciam
1347 4151 1501 4238 ablatam,
1527 4149 1596 4220 lin-

231 4296 330 4365 guam
367 4271 668 4358 obmutescentem,
706 4271 832 4343 vulttun
863 4270 1046 4374 dejectum,
1081 4279 1181 4365 capnt
1214 4268 1422 4355 inclinatum,
1458 4288 1597 4362 operum

231 4387 395 4485 publicam
422 4385 737 4476 manifestationem,
765 4386 924 4483 pudorem
952 4409 999 4457 ex
1030 4385 1167 4474 verbis,
1203 4388 1448 4481 separationem
1482 4402 1596 4474 agno·

230 4529 303 4577 rum
344 4502 385 4575 ab
425 4501 560 4591 haedis,
607 4525 763 4576 severam
805 4506 1073 4591 accusationem,
1119 4500 1305 4594 gebennam
1352 4497 1596 4582 incessabilem,

231 4626 343 4716 ignem
370 4619 539 4692 ardentem
567 4630 600 4690 et
635 4641 701 4690 non
736 4619 982 4715 splendentem,
1016 4619 1173 4692 tenebras
1207 4620 1412 4704 exteriores,
1445 4637 1596 4688 manuum

232 4738 479 4830 colligationes,
506 4758 655 4807 vermem
683 4738 737 4829 qui
763 4758 831 4809 non
857 4739 1010 4822 moritur,
1038 4734 1215 4807 stridorem
1243 4732 1405 4819 dentium,
1437 4733 1597 4827 poenitu-

232 4854 340 4925 dinem
368 4877 453 4948 quae
481 4852 616 4926 dolores
637 4864 752 4946 auget:
780 4854 969 4948 voluptates
983 4873 1139 4939 summas,
1166 4853 1325 4923 convivia
1348 4848 1404 4920 illa
1424 4847 1597 4932 coelestia,

232 4982 348 5042 coetus
374 4970 602 5063 Angelorum,
629 4973 729 5042 vitam
763 4969 983 5064 spiritualem,
1016 4967 1202 5039 habitacula
1235 4966 1351 5056 beata,
1384 4963 1597 5038 tabernacula

232 5086 359 5175 lueida,
386 5090 623 5180 generationes
642 5069 887 5177 sacerdotales,
913 5082 1210 5181 contemplationes
1229 5093 1375 5180 apertas,
1403 5104 1444 5153 en
1463 5080 1515 5152 die
1531 5103 1595 5177 quo

284 5225 373 5270 Tonans
390 5227 417 5269 11.
1348 5204 1394 5275 (ll
