4525 6034
391 1731 420 1783 in
448 1734 496 1783 ista
528 1730 642 1782 adhibita

328 1823 367 1871 est
391 1833 468 1882 cura,
496 1825 524 1868 ut
541 1820 641 1870 sincera

328 1903 402 1957 lorct.

1186 577 1498 656 PRAEFATIO.

655 773 919 878 interpretando
972 774 1106 875 possit,
1164 794 1257 874 quae
1301 772 1380 872 ipse
1432 793 1505 846 non
1560 768 1742 872 intelligat
1817 768 2033 847 Hallucinari

656 914 760 988 etiam
800 906 1026 985 eruditissimi
1062 914 1234 1007 possunt,
1279 913 1318 981 ut
1361 928 1448 980 sane
1486 900 1718 981 hallucinatus
1753 913 1810 981 est
1842 904 1961 981 multis
1997 907 2033 981 in

655 1045 745 1122 locis
775 1040 949 1118 Maronita
971 1038 1275 1145 Aegyptiacorum
1296 1036 1534 1140 Litnrgiarum
1558 1039 1754 1138 interpres,
1790 1035 1856 1114 sed
1879 1060 1921 1114 ea
1944 1040 2032 1114 ratio

656 1176 740 1277 luit,
775 1174 873 1278 quod
895 1171 1081 1272 Arabicis,
1116 1195 1210 1274 quae
1245 1195 1331 1272 prae
1355 1169 1469 1248 oculis
1495 1168 1667 1271 habebat,
1700 1170 1786 1248 solis
1809 1169 2033 1271 incumbens,
2108 1250 2117 1269 ‚

654 1308 915 1412 Aegyptiacam
959 1308 1236 1407 antiquissimam
1282 1304 1473 1381 lectionem
1511 1328 1586 1381 non
1634 1304 1872 1382 consuluerit:
1919 1304 2032 1380 multo

655 1445 772 1519 minus
805 1437 962 1517 Graecas
992 1437 1193 1540 liturgias,
1227 1461 1320 1540 quae
1352 1435 1515 1515 obscuris
1549 1436 1720 1540 vocibus,
1754 1448 1815 1516 aut
1850 1439 2033 1516 sententiis

654 1576 773 1653 lucem
807 1573 977 1673 alierunt,
1013 1595 1166 1673 eamque
1197 1594 1271 1648 non
1298 1569 1451 1647 dubiam.
2016 1573 2026 1615 ⁸

778 1706 948 1799 Quamvis
971 1707 1081 1807 igitur
1113 1728 1188 1781 non
1222 1727 1265 1780 ea
1291 1706 1336 1781 sit
1363 1715 1484 1782 nostra
1517 1707 1716 1805 temeritas,
1750 1716 1790 1782 ut
1818 1708 1854 1781 in
1878 1703 2032 1782 Arabica

654 1853 714 1919 aut
756 1839 925 1942 Syriaca,
971 1838 1094 1915 aliisve
1140 1837 1272 1939 linguis
1311 1835 1538 1915 doctissimos
1579 1849 1723 1916 nostrae
1763 1841 2032 1941 superiorisque
2149 1866 2159 1885 ’

654 1976 777 2052 aetatis
811 1976 913 2051 viros
949 1994 1188 2074 superasse,
1211 1973 1474 2072 existimemus,
1515 1970 1550 2048 id
1574 1996 1696 2081 ,unum
1728 1996 1818 2049 vere
1856 1970 2033 2048 albunare

653 2130 860 2212 possumus,
887 2105 968 2206 plus
991 2127 1059 2182 nos
1082 2102 1215 2181 laboris
1238 2113 1274 2181 et
1301 2103 1505 2208 diligentiae
1528 2104 1745 2207 adhibuisse,
1776 2130 1821 2183 eo
1845 2129 2033 2205 successu,

652 2253 693 2319 ut
726 2262 847 2342 neque
880 2237 928 2315 de
957 2261 1047 2331 vera
1081 2241 1371 2339 interpretatione
1400 2237 1557 2316 dubium'
1578 2238 1726 2342 ahcujus
1750 2242 1919 2317 momenti
1943 2238 2033 2315 reli-

654 2398 764 2478 quum
797 2376 861 2473 sit,
906 2396 1026 2474 neque
1056 2370 1188 2448 bonam
1219 2382 1377 2449 nostram
1417 2371 1525 2449 tidem
1563 2376 1684 2449 vocari
1719 2375 1755 2449 in
1790 2376 2032 2475 suspicionem

652 2531 855 2586 vereamur.
944 2504 1102 2585 Codices
1149 2506 1395 2585 consuluimus
1437 2506 1559 2609 plures
1604 2517 1640 2582 et
1684 2506 1873 2608 meliores,
1926 2530 2032 2609 quam

653 2644 840 2745 quisquam
876 2640 983 2719 alius:
1022 2637 1174 2742 Coptioo
1208 2641 1401 2743 exemplari
1439 2639 1684 2718 adhaesimus:
1718 2652 1754 2717 et
1787 2643 1823 2716 in
1851 2640 1940 2718 locis
1963 2639 2033 2716 ali-

652 2786 740 2877 quot
772 2773 935 2853 obscuris
970 2776 1063 2877 juvit
1099 2798 1168 2852 nos
1209 2777 1362 2851 maxime
1390 2771 1518 2852 Codex
1551 2770 1913 2874 Graeco-Arabicus,
1958 2783 2032 2850 tum

651 2911 772 2985 variae
805 2907 979 2985 lectiones
1011 2906 1189 2985 Arabicae
1220 2910 1399 2986 versionis
1433 2906 1605 3010 duplicis,
1642 2906 1735 2985 illius
1751 2898 1904 2985 ”scilicet
1940 2930 2032 3009 quae

652 3038 793 3119 Graeco
829 3045 938 3120 textui
972 3040 1137 3145 adjuncta
1173 3052 1268 3143 erat,
1303 3053 1339 3118 et
1371 3042 1515 3122 alterius
1549 3067 1642 3145 quae
1677 3039 1840 3144 Coptico.
1887 3124 1891 3131 ,

774 3173 986 3254 Poteramus
1017 3179 1046 3255 si
1078 3174 1304 3255 characteres
1329 3172 1482 3278 Coptici,
1521 3175 1679 3276 Arabici,
1713 3187 1773 3252 aut
1796 3174 1933 3277 Syriaci
1959 3197 2031 3250 non

653 3308 852 3387 debuissent
886 3313 970 3388 satis
1003 3308 1147 3387 utilibus
1177 3313 1272 3387 notis
1299 3313 1488 3388 versiones
1520 3311 1716 3410 illustrare,
1761 3333 1853 3413 quae
1888 3307 2032 3412 quidem

653 3442 698 3519 ad
732 3452 851 3520 textus
884 3446 1040 3520 criticam
1074 3445 1354 3544 spectavissent,
1401 3456 1441 3521 ut
1481 3442 1604 3521 iecere
1642 3467 1757 3546 prope
1798 3467 1924 3521 omnes
1970 3445 2031 3544 qui

651 3575 854 3678 huguarum
891 3573 1120 3653 Orientalium
1155 3576 1306 3678 aliquam
1339 3575 1540 3654 facultatem
1571 3576 1789 3654 habuerunt:
1836 3576 1902 3653 sed
1940 3574 2031 3652 haec

654 3711 817 3786 omittere
849 3720 1014 3811 typorum
1050 3707 1215 3811 deiectu,
1254 3732 1408 3787 necesse
1443 3709 1517 3788 luit.
1586 3709 1697 3787 hiulta
1732 3722 1850 3788 mmen
1882 3734 1954 3788 non
1986 3708 2030 3786 ad

654 3840 861 3920 eruditionis
898 3841 1059 3920 irivolam
1095 3845 1388 3944 ostentationem,
1426 3842 1491 3921 sed
1527 3842 1571 3921 ad
1602 3847 1758 3946 ipsarum
1791 3843 2030 3946 Liturgiarum

653 3979 847 4054 sententias
880 3979 1079 4054 accuratius
1104 3975 1393 4079 perspiciendas,
1425 3977 1495 4055 hoc
1518 3981 1554 4053 in
1575 4002 1714 4081 genere
1736 3980 1906 4079 praestari
1939 4002 2031 4079 pos·

653 4120 757 4209 sunt,
796 4108 840 4186 ad
876 4109 1169 4213 cognoscendam
1203 4113 1356 4212 penitius
1390 4111 1458 4189 stili
1492 4108 1755 4213 Ecclesiastici,
1801 4123 1871 4188 tam
1904 4108 2031 4189 Graeci

651 4246 886 4344 recentioris,
923 4268 1028 4347 quam
1052 4242 1193 4346 Coptici
1227 4255 1263 4322 et
1283 4243 1428 4322 Arabici
1456 4257 1632 4346 naturam,
1657 4257 1693 4322 et
1720 4245 2031 4346 consuetudinem,

652 4401 699 4453 ex
725 4378 830 4481 cujus
852 4380 1078 4481 ignoratione
1110 4382 1178 4455 viri
1212 4378 1406 4457 doctissimi
1439 4385 1474 4457 in
1496 4385 1731 4484 gravissimos
1755 4405 1864 4483 saepe
1888 4405 2031 4459 errores

651 4511 740 4613 lapsi
763 4522 866 4613 sunt,
901 4525 937 4590 et
970 4513 1058 4590 alios
1093 4511 1306 4590 fefellerunt.
1369 4512 1466 4591 lilius
1495 4518 1627 4618 quippe
1662 4515 1729 4592 stili
1765 4539 1807 4591 ea
1841 4518 1929 4592 ratio
1962 4524 2030 4614 est,

652 4659 691 4725 ut
730 4646 860 4725 irustra
899 4645 980 4723 alibi
1021 4671 1126 4750 quam
1168 4651 1204 4723 in
1239 4644 1519 4724 Christianorum
1550 4646 1647 4725 libris
1683 4658 1892 4750 quaeratur,
1937 4670 2029 4750 ques

652 4781 947 4882 amplissimorum
982 4778 1197 4858 Lexicorum
1240 4792 1383 4858 autores
1417 4784 1479 4857 vix
1519 4785 1666 4859 novisse
1706 4780 1931 4858 manifestum
1961 4790 2028 4880 est,

652 4912 744 4990 adeo
788 4926 826 4992 ut
867 4915 1079 5019 plerumque
1118 4913 1315 5014 vocabula,
1360 4925 1398 4991 ιιι
1431 4917 1534 4991 etiam
1568 4904 1743 5019 «τεχνικὰ
1776 4917 1913 5014 omnia,
1955 4936 2029 4989 non

616 5046 793 5125 aliunde
824 5048 971 5165 intelligi
1004 5073 1111 5152 quam
1143 5074 1189 5126 ex
1220 5047 1400 5150 multipiici
1431 5048 1586 5127 lectione
1617 5048 1765 5126 soleant.
1804 5046 1855 5125 At
1878 5056 2028 5150 qnantm
