4525 6034
309 611 488 691 usonem
513 611 710 691 comonis
734 613 818 690 SIVE
833 611 964 690 elnon
981 612 1152 690 UNIVERS.
1171 611 1400 691 AETHIOPUM.
1455 610 1555 684 ‘473

189 904 275 974 Ante
306 905 420 973 omnio
455 903 631 975 Sacerdos
666 901 752 973 dicit
784 902 967 975 Orationes
992 908 1189 996 sequentes,
1222 925 1289 996 pro
1325 900 1488 973 Ecclesia
1520 908 1555 971 et

761 1041 830 1112 pro
857 1019 973 1090 ultori.

283 1207 427 1280 Domine
451 1207 545 1281 Deus
571 1218 700 1297 noster,
726 1219 761 1280 ιιι
787 1229 826 1279 es
853 1207 945 1280 solus
972 1217 1119 1297 sunonis,
1153 1217 1187 1278 et
1213 1208 1267 1301 qui
1294 1205 1413 1279 dedisti
1439 1212 1553 1281 omni-

186 1323 244 1395 bus
274 1326 498 1412 sanctitatem,
525 1327 649 1396 virtute
682 1334 738 1395 tua
775 1324 940 1397 invisibili.
994 1324 1169 1416 Rogamus
1205 1332 1239 1394 et
1271 1322 1491 1417 deprecamur
1516 1334 1551 1395 te

182 1439 290 1528 oeus,
322 1449 359 1510 ut
395 1441 503 1529 mittas
536 1439 695 1536 Spiriurm
727 1450 817 1511 tuum
852 1451 1003 1512 sunctum
1038 1461 1141 1535 super
1166 1437 1252 1510 hauc
1278 1435 1488 1526 Ecclesiam,
1520 1446 1554 1510 et

181 1576 280 1651 super
305 1554 370 1626 lroo
403 1555 527 1645 altare,
564 1567 598 1628 et
625 1578 727 1652 super
758 1559 868 1629 omnia
902 1559 974 1648 ejus
1007 1558 1231 1627 instrumenta.
1285 1552 1462 1626 Sanctifica
1496 1578 1551 1641 en,

180 1682 216 1744 ιιι
243 1669 434 1767 perficiatur
465 1693 567 1768 super
602 1695 644 1745 ea
678 1675 873 1769 mysterium
909 1682 996 1744 tuum
1032 1670 1227 1764 gloriosum.
1279 1667 1324 1741 Et
1355 1691 1443 1742 nuno
1481 1670 1550 1743 he-

180 1788 284 1876 uedic,
312 1786 484 1861 sanctifica
510 1798 545 1860 et
569 1787 691 1861 mmrda
717 1811 781 1862 nos
808 1786 850 1859 ab
884 1786 1036 1860 omnihus
1063 1784 1219 1859 sordibus
1245 1796 1280 1857 et
1305 1784 1442 1858 maculis
1469 1808 1553 1859 our-

182 1900 325 1975 nulilius:
360 1906 458 1976 etiam
490 1926 558 1976 nou
590 1913 762 1977 remaneat
795 1903 953 2000 deinceps
988 1903 1165 1999 quidquam
1192 1901 1379 1974 immundae
1410 1913 1553 1997 aposta-

183 2021 266 2091 siae:
303 2018 366 2091 sed
399 2018 455 2091 iao
488 2018 586 2094 nohis
619 2019 705 2092 hano
739 2019 927 2093 Ecclesiam
960 2029 993 2092 et
1027 2019 1093 2091 lroc
1129 2018 1234 2091 altare
1260 2039 1324 2090 vas
1352 2018 1492 2090 electum
1519 2030 1554 2090 et

183 2137 383 2229 pretiosum,
416 2135 510 2209 velut
540 2146 714 2229 argentum
746 2146 922 2233 purgatum
957 2146 991 2207 et
1023 2134 1196 2207 mundum:
1227 2143 1362 2230 praesto
1389 2137 1488 2205 etiam
1515 2143 1549 2204 ut

183 2251 369 2344 perficiatur
400 2271 503 2347 super
537 2274 599 2341 ea,
636 2250 865 2324 Eucharistiae
901 2252 1046 2341 oblatio,
1076 2253 1194 2338 Pater,
1229 2250 1310 2337 Fili,
1343 2259 1377 2322 et
1408 2248 1550 2344 Spiritus

183 2374 305 2454 sancte,
332 2388 420 2439 nono
447 2376 481 2438 et
507 2388 653 2463 semper,
680 2377 715 2439 et
740 2372 773 2440 in
801 2366 938 2441 saecula
964 2368 1185 2440 saeculorum.
1237 2366 1357 2439 Amen.

216 2656 335 2728 Oratio
363 2663 544 2751 ooteqoom
564 2665 705 2730 ornetur
724 2657 855 2748 altore,
882 2664 917 2732 et
935 2657 1145 2730 collocentur
1170 2660 1207 2728 in
1226 2679 1267 2728 eo
1289 2680 1374 2729 coeo
1396 2665 1526 2728 coneto.

282 2857 426 2931 Domine
452 2859 545 2932 Deus
573 2861 628 2954 qui
652 2862 777 2933 novisti
803 2860 907 2934 corda
933 2862 1089 2951 omnium,
1122 2868 1257 2932 sanctus
1285 2863 1341 2954 qui
1367 2863 1399 2930 in
1428 2863 1553 2931 sanctis

181 2976 379 3068 requiescis,
415 2978 470 3070 qui
497 2973 589 3048 solus
615 2985 714 3071 potes
747 2974 828 3048 dare
863 2979 1096 3050 remissionem
1129 2986 1352 3071 peccatorum.
1405 2975 1457 3046 'l'u
1484 2977 1552 3046 scis

181 3088 339 3178 Domine,
370 3112 425 3161 me
460 3112 539 3163 esse
573 3090 742 3184 indignum
774 3095 957 3165 ministerio
990 3095 1056 3165 isto
1089 3101 1206 3164 sancto
1232 3102 1307 3163 tuo:
1340 3112 1450 3185 neque
1476 3089 1553 3161 mihi

180 3204 255 3277 tulis
288 3205 483 3278 confidentia
516 3217 569 3279 est
603 3217 639 3278 ut
670 3206 847 3297 accedam,
886 3218 921 3279 et
955 3211 1104 3304 aperimn
1139 3207 1261 3278 taciem
1295 3229 1403 3278 meam
1438 3227 1554 3278 coram

181 3324 288 3412 gratia
321 3332 377 3393 tua
411 3331 537 3394 saneta.
591 3320 643 3392 Tu
676 3326 776 3415 igitur
810 3345 873 3420 per
906 3321 1143 3396 multitudinem
1181 3321 1431 3395 misericordiae
1463 3332 1551 3408 tuae,

180 3458 282 3532 parce
308 3434 385 3508 mihi
412 3439 597 3532 peccatori,
623 3446 658 3509 et
680 3460 840 3537 nequam:
868 3438 910 3512 da
937 3437 1014 3510 mihi
1039 3448 1076 3509 ut
1095 3440 1264 3511 inveniam
1290 3436 1552 3512 misericordiam

181 3554 212 3624 in
238 3552 301 3624 hae
328 3551 427 3625 hora:
454 3562 489 3624 et
514 3555 605 3624 mitte
631 3552 707 3625 milri
733 3559 888 3627 vututem
915 3564 1005 3627 tuam
1032 3554 1189 3650 desuper,
1221 3565 1257 3627 ut
1282 3554 1403 3647 dignus
1430 3542 1554 3627 efficiar

181 3669 370 3765 perficiendi
395 3671 609 3743 ministerium
636 3679 728 3743 tuum
754 3681 902 3743 sanctum
936 3671 1118 3744 secundum
1145 3672 1349 3744 voluntatem
1376 3682 1484 3767 tuum,
1518 3681 1554 3743 et

182 3788 222 3858 sit
247 3785 289 3857 ad
316 3783 557 3880 beneplacitum
584 3787 699 3859 cordis·
730 3790 776 3859 tui
808 3789 980 3860 incensum
1014 3785 1101 3859 istud
1133 3790 1167 3858 in
1202 3787 1340 3860 odorem
1368 3790 1553 3859 suavitatis.

182 3901 230 3973 l'u
258 3905 358 3973 etiarn
383 3902 527 3974 Domine
552 3900 635 3973 Jesu
663 3901 807 3991 Christe,
834 3914 908 3977 esto
935 3900 1120 3992 nobiscum,
1148 3913 1183 3974 et
1204 3901 1346 3974 benedic
1372 3922 1447 3987 nos,
1474 3905 1552 3995 quia

180 4028 212 4089 tu
238 4038 277 4090 es
304 4015 466 4089 remissor
476 4026 705 4119 peccatorum
735 4029 941 4091 nostrorum:
973 4017 1100 4113 luxque
1133 4022 1315 4091 animarum
1350 4028 1552 4107 nostrarum,

180 4136 246 4206 vita
272 4142 403 4222 nostru,
428 4133 535 4204 virus
559 4142 689 4220 nosue,
715 4145 750 4206 et
776 4142 953 4230 reparator
978 4143 1111 4224 noster,
1138 4143 1174 4206 et
1198 4132 1256 4205 tibi
1275 4137 1440 4207 mitemus
1467 4155 1549 4206 sur-

180 4269 250 4321 sum
275 4248 407 4322 laudem
433 4246 629 4321 insaecula
656 4248 877 4323 saeculorum.
928 4251 1049 4324 Amen.

638 4524 760 4596 &otio
787 4547 890 4618 super
915 4522 1094 4596 Poteocm.

282 4729 427 4802 Domine
460 4730 553 4803 Deus
587 4738 705 4803 noster
734 4729 817 4803 lesu
844 4728 998 4822 Christe,
1030 4733 1085 4826 qui
1118 4752 1219 4826 super
1253 4732 1379 4823 lignum
1412 4738 1550 4803 sanctae

181 4847 288 4918 crucis
315 4866 432 4917 manus
459 4854 534 4919 tuas
560 4845 752 4936 extendisti,
780 4846 925 4919 extende
951 4868 1038 4918 nunc
1065 4869 1196 4919 manum
1223 4855 1311 4918 turam
1338 4869 1440 4943 super
1465 4845 1552 4918 hunc

180 4970 354 5053 patenam,
387 4961 549 5051 benedic,
584 4959 754 5035 sanctifica
789 4972 824 5034 et
855 4960 992 5058 purifica
1025 4961 1126 5053 illam,
1159 4973 1196 5034 ut
1228 4965 1263 5033 in
1296 4986 1338 5034 ea
1364 4961 1554 5059 perficiatur

181 5097 302 5172 corpus
328 5086 418 5148 tuum
452 5087 623 5169 sanctum,
654 5079 688 5150 in
720 5076 783 5150 huc
816 5089 931 5151 sancta
962 5076 1117 5152 Ecclesia
1152 5077 1362 5175 Apostolica,
1399 5081 1553 5174 quonium
