4525 6034
353 4297 376 4334 c.
396 4282 423 4334 9.

671 569 747 643 330
1046 565 1668 644 osssuhtnttuhus

671 770 775 815 eorum
791 753 960 837 fragmenta
974 752 1086 833 passim
1108 752 1300 833 reperiantur
1321 751 1352 812 in
1369 740 1495 813 Graecis
1513 748 1647 826 Catenis,
1670 749 1775 831 plures
1788 748 1881 830 longe
1904 748 2043 813 indicavit

671 872 712 914 ex
734 853 947 933 antiquissimis
971 849 1135 914 Codicibus
1156 849 1362 945 Bibliothecae
1385 849 1613 932 Seguierianae,
1636 849 1691 910 Vir
1712 848 1903 913 doctissimus
1917 847 2043 912 D.Ber-

615 1016 618 1023 ,
670 950 783 1013 nardus
813 951 851 1013 de
881 949 1083 1013 hlontiaucon.
1129 948 1195 1011 Etsi
1224 948 1341 1010 Graece
1370 948 1549 1029 plerumque
1579 947 1740 1028 scripsisse
1767 946 1926 1025 videatur,
1956 948 2044 1009 multa

631 1087 636 1105 ,
671 1050 797 1129 Syriace
820 1056 924 1111 extant
947 1049 977 1109 in
999 1049 1092 1109 variis
1115 1047 1337 1127 blanuscriptis.
1382 1047 1480 1109 Patria
1510 1047 1576 1127 ejus
1600 1046 1655 1108 luit
1678 1046 1855 1127 Sozopolis,
1878 1054 1911 1108 et
1932 1064 1969 1107 ea
1991 1063 2042 1106 ra-

655 1148 753 1211 ·tione
775 1147 886 1229 legitur
908 1148 938 1209 in
962 1147 1072 1210 Ohlciis
1096 1146 1242 1227 Syrorum
1264 1143 1484 1208 Jacobitarum:
1508 1147 1546 1207 de
1570 1146 1684 1207 Severo
1704 1146 1855 1224 gloriatur
1872 1144 2045 1225 Sozopolis:

670 1244 870 1326 laudaturque
902 1245 983 1325 quod
1012 1245 1145 1308 Leonem
1175 1244 1356 1322 Romanum,
1385 1263 1460 1306 oves
1484 1243 1596 1306 Christi
1625 1243 1774 1307 devorare
1803 1246 1991 1325 cupientem,
2018 1248 2046 1301 et

672 1344 922 1408 Calchedoncnse
945 1343 1109 1407 Concilium
1133 1342 1340 1405 debellaverit.
1369 1342 1460 1413 Haec,
1474 1341 1609 1426 Liturgia
1631 1345 1784 1423 reperitur
1806 1345 1835 1405 in
1857 1344 1963 1424 paucis
1986 1340 2046 1403 Co-

672 1443 798 1521 dicibus,
822 1460 922 1525 neque
945 1461 1017 1505 usus
1041 1442 1119 1505 illius
1143 1441 1286 1522 frequens
1310 1460 1381 1504 esse
1403 1442 1538 1504 videtur:
1561 1441 1616 1504 sed
1640 1440 1719 1523 quod
1736 1443 1802 1522 ejus
1814 1441 1959 1504 recensio
1971 1439 2045 1500 lacta

672 1542 768 1604 luisse
792 1540 909 1604 dicatur
931 1562 947 1603 a
971 1541 1117 1622 Dionysio
1139 1540 1304 1620 Barsalibi,
1327 1558 1388 1605 non
1410 1540 1594 1603 mediocrem
1623 1540 1720 1602 eidem
1747 1540 1904 1623 liturgiae
1934 1537 2046 1600 autori-

671 1649 762 1703 tatem
787 1640 935 1702 conciliat.
981 1642 1060 1705 Sane
1084 1640 1266 1720 antiquitatis
1288 1639 1357 1720 plus
1380 1639 1520 1719 quiddam
1542 1640 1657 1702 babere
1678 1639 1809 1717 videtur,
1834 1656 1926 1722 quarn
1940 1637 2044 1699 multae

673 1738 750 1800 aliae
773 1737 994 1819 posterioribus
1017 1737 1149 1807 saeculis
1174 1739 1379 1818 compositae,
1409 1740 1439 1800 in
1470 1737 1578 1819 quibus
1608 1735 1731 1800 autores
1762 1739 1855 1820 genio
1878 1736 2045 1799 uberrimae

673 1835 794 1917 linguae
817 1856 891 1899 suae
907 1837 1027 1899 niarium
1041 1836 1241 1913 indulserunt,
1264 1837 1419 1918 majorque
1442 1845 1490 1899 est
1511 1837 1598 1899 istius
1620 1837 1804 1918 simplicitas.
1836 1835 1939 1898 Edidit
1955 1834 2045 1897 Guido

672 1934 828 1997 Fabricius
851 1934 1040 1998 Boderianus
1064 1935 1198 1997 Officium
1220 1934 1381 2016 Baptismi,
1412 1935 1493 2017 quod
1522 1935 1603 2017 apud
1633 1935 1729 2017 Syros
1757 1935 1851 2017 vulgo
1876 1941 2046 2015 usurpatur,

673 2040 704 2097 et
727 2033 842 2097 Severo
864 2034 1020 2112 tribuitur,
1052 2033 1244 2096 Antiocheno
1268 2035 1398 2110 seilicet,
1428 2043 1461 2097 ut
1489 2036 1601 2098 habent
1628 2053 1735 2097 omnes
1762 2034 1911 2112 Codices,
1942 2041 1972 2095 et
2000 2051 2046 2094 res

672 2132 738 2212 ipsa
762 2131 963 2197 demonstrat:
987 2151 1048 2196 non
1070 2132 1289 2211 Alexandrino,
1313 2135 1364 2214 qui
1386 2134 1485 2197 nullus
1507 2152 1638 2214 unquam
1661 2134 1725 2197 fuit,
1750 2133 1886 2214 Subjecit
1909 2131 2045 2195 Ordinem

672 2230 827 2312 liturgiae
850 2230 1040 2310 Generalem,
1063 2235 1114 2313 qui
1138 2234 1167 2295 in
1191 2233 1289 2295 multis
1311 2232 1476 2295 simillimus
1499 2234 1527 2295 ei
1552 2240 1610 2310 est,
1633 2252 1721 2313 quem
1737 2252 1776 2295 ex
1788 2231 1906 2295 Codice
1921 2230 2045 2295 Colbcr-

673 2330 736 2392 tino
760 2331 975 2411 transtulimus,
999 2340 1030 2394 et
1052 2350 1142 2413 quem
1165 2330 1353 2394 Boderianus
1376 2331 1491 2413 absque
1513 2333 1674 2395 autoritate
1698 2330 1813 2395 Severo
1838 2331 1987 2393 attribuit:
2009 2328 2042 2390 ad

675 2446 763 2508 quern
786 2427 957 2493 nullatenus
980 2430 1162 2511 pertinebat,
1185 2430 1277 2493 etde
1300 2450 1360 2512 quo
1384 2430 1492 2493 dictum
1516 2440 1564 2494 est
1586 2431 1735 2512 superius.

904 2706 938 2776 2.
981 2706 1073 2799 Opur
1099 2711 1334 2801 eujtncomqoe
1360 2707 1504 2778 bononis
1529 2709 1619 2803 ignia
1643 2706 1818 2801 probabit.

774 2896 867 2976 Nram
895 2907 953 2970 hoc
980 2908 1049 2970 loco
1070 2860 1305 2991 'intelligendum
1333 2918 1381 2972 est
1410 2911 1449 2973 de
1479 2911 1550 2994 igne
1581 2912 1775 2992 purgatorio,
1804 2910 1943 2991 quamvis
1972 2909 2045 2970 hunc

674 3011 814 3092 Apostoli
840 3010 940 3073 locum
969 3011 1175 3094 Augustinus,
1210 3020 1242 3075 et
1270 3012 1437 3095 Gregorius
1465 3014 1624 3096 Nyssenus
1652 3017 1692 3076 ita
1716 3013 1908 3094 interpretati
1931 3012 2045 3091 hieriut,

673 3118 706 3173 ut
729 3130 769 3174 ex
791 3127 829 3173 eo
847 3111 1013 3173 communis
1024 3109 1183 3173 Ecclesiae
1195 3110 1371 3174 Catholicae
1393 3113 1529 3175 doctrina
1553 3113 1650 3194 possit
1671 3112 1859 3175 confirmari:
1882 3112 1938 3175 sed
1954 3113 2046 3195 agitur

674 3209 713 3272 de
737 3218 874 3272 extremo
897 3207 1025 3271 Judieio.
1070 3207 1214 3281 Quamvis
1244 3210 1321 3272 enim
1352 3210 1390 3273 de
1420 3213 1647 3293 quaestionibus
1665 3204 1758 3274 *circa
1789 3212 1954 3274 animarum
1976 3229 2046 3291 pur-

673 3310 845 3390 gationem,
876 3325 953 3388 quac
980 3315 1140 3388 tantopere
1170 3308 1304 3371 Graecos
1328 3317 1358 3371 et
1380 3310 1504 3374 Latinos
1526 3318 1729 3388 vexaverunt,
1759 3328 1859 3392 pauca
1889 3319 1941 3372 aut
1969 3310 2044 3372 nulla

674 3407 862 3488 'theologiae
884 3413 1010 3469 tractata
1032 3406 1174 3488 legantur
1195 3408 1227 3469 in
1250 3408 1446 3471 Orientalium
1469 3409 1570 3473 libris:
1596 3411 1726 3491 agnosci
1754 3418 1855 3471 tamen
1880 3409 1968 3471 lacilc
1990 3427 2047 3489 po-

674 3514 735 3569 test
764 3505 832 3568 illos
862 3509 975 3568 veteris
1003 3505 1162 3569 Ecclesiae
1193 3506 1358 3569 doctrinam
1388 3517 1420 3571 et
1448 3508 1633 3590 disciplinam
1656 3508 1695 3570 de
1717 3508 1845 3570 utilitate
1869 3510 2045 3586 orationum,

675 3612 707 3668 et
729 3604 869 3667 sacritieii
890 3604 1090 3666 Eucharislici
1112 3605 1265 3669 oblatione
1288 3624 1344 3686 pro
1367 3610 1502 3686 mortuis,
1527 3608 1768 3672 constantissime
1790 3608 1963 3669 retinuisse.
2007 3607 2045 3668 At

674 3705 706 3765 in
728 3703 786 3766 isto
809 3702 936 3765 articulo
958 3720 1050 3766 causa
1073 3706 1238 3785 praecipue
1260 3714 1415 3784 versatur,
1445 3707 1524 3770 etsi
1547 3706 1671 3784 Graeci,
1704 3706 1827 3768 Latinos
1850 3705 2044 3768 calumniandi

676 3801 800 3865 libidine
830 3805 1017 3881 caruissent,
1047 3801 1114 3866 lites
1145 3803 1212 3866 illas
1241 3822 1423 3885 componere
1451 3805 1539 3867 facile
1563 3804 1679 3868 luisset.
1724 3806 1837 3867 Verum
1861 3824 1929 3867 cum
1951 3824 2044 3886 neque

679 3900 797 3976 Severi,
820 3919 920 3982 neque
942 3900 1099 3964 Barsalibii
1121 3904 1173 3983 qui
1195 3902 1360 3986 Liturgiam
1388 3906 1542 3967 recensuit
1572 3911 1671 3967 aetate
1700 3904 1906 3986 agitarentur,
1935 3906 1965 3965 in
1994 3906 2045 3965 ista

677 4007 709 4063 et
731 4000 877 4062 similibus
899 4000 1096 4076 orationibus,
1118 4018 1218 4082 neque
1241 4001 1320 4064 unde
1345 4001 1414 4083 Syri
1436 4011 1617 4066 accusentur
1639 4003 1843 4085 quaerendum
1866 4010 1929 4081 est,
1951 4019 2043 4081 neque

678 4099 816 4163 doctrina
839 4099 897 4161 illis
921 4099 1124 4178 attribuenda,
1149 4118 1226 4181 quac
1249 4102 1319 4164 licet
1341 4121 1415 4165 vera
1437 4111 1468 4165 et
1490 4105 1555 4184 pia,
1586 4103 1716 4165 nondum
1746 4110 1845 4164 tamen
1875 4103 1953 4183 apud
1981 4101 2041 4161 illos

386 4194 484 4270 Perper.
503 4200 529 4253 Τ.
551 4202 568 4253 t.
586 4205 612 4256 5.
630 4204 657 4255 3.
678 4200 752 4261 satis
772 4199 932 4279 explicata
962 4198 1068 4264 luerat.
1113 4199 1251 4263 videnda
1280 4219 1359 4282 quae
1387 4202 1613 4265 observavimus
1647 4202 1717 4264 alibi
1746 4201 1784 4265 de
1816 4202 1925 4264 eodem
1954 4218 2040 4281 argu-

678 4306 788 4380 mento.

1047 4557 1082 4628 3.
1119 4557 1299 4630 Ineocola'o
1327 4558 1481 4652 Spiritus
1505 4564 1626 4632 sancti.

775 4746 890 4827 Emer
913 4777 950 4822 ac
972 4761 1002 4821 in
1024 4758 1149 4840 reliquis
1163 4762 1305 4846 Liturgiis
1328 4762 1416 4845 hujus
1430 4763 1575 4825 orationis
1587 4762 1747 4839 sententia,
1771 4770 1803 4824 et
1826 4761 1930 4824 eadem
1950 4776 2034 4840 prope

680 4863 788 4925 verba:
812 4881 878 4925 eum
900 4863 952 4925 illo
975 4862 1071 4925 solum
1093 4863 1283 4943 discrimine,
1306 4865 1387 4946 quod
1409 4883 1470 4928 uno
1493 4874 1601 4928 tenore
1624 4864 1743 4942 dicitur,
1766 4882 1846 4943 quae
1868 4862 2033 4943 antiquitatis

679 4969 751 5023 nota
774 4969 822 5024 est
848 4979 908 5024 nnn
933 4961 1032 5027 dubia.
1078 4962 1121 5024 lta
1152 4964 1230 5025 onim
1259 4966 1435 5045 agnoscitur
1462 4964 1541 5026 illam
1571 4964 1612 5025 ita
1638 4965 1865 5044 pronunciatum
1888 4962 1985 5036 luisse,
2005 4965 2032 5019 ut

678 5059 849 5143 continuam
871 5079 938 5122 curn
960 5062 1227 5124 sacramentalibus
1241 5063 1343 5125 verbis
1355 5063 1466 5127 Christi
1488 5063 1665 5126 sententiam
1687 5061 1837 5125 efficeret:
1860 5079 1916 5142 qua
1929 5059 2031 5122 rationo
