4525 6034
592 617 644 691 hh
663 615 873 693 LITURGlhll
887 613 1082 694 cormeill
1095 617 1126 695 S.
1142 616 1288 695 BASILII.
1341 611 1345 617 ’
1554 619 1632 695 225

253 806 424 874 actm,
446 798 510 878 ipsi
529 799 800 876 commiscitato,
823 800 880 862 toli
899 800 1026 880 corpori
1045 801 1127 881 quod
1147 820 1215 864 mm
1235 802 1424 884 dementabat.
1469 802 1633 886 Dionysius
1661 827 1710 882 1,
1727 829 1786 897 sp.
1803 828 1865 881 pm,
1890 826 1958 882 mo.

251 895 400 960 Barsalihi
422 898 637 960 commentario
659 897 697 961 ad
726 897 887 982 Evangelii
908 897 996 961 Joan.
1020 917 1085 981 cap.
1108 899 1139 965 6.
1176 901 1311 981 Spiritus
1331 911 1456 966 emotis
1477 904 1635 967 descendit

251 1015 346 1075 saper
365 996 582 1074 Sacrunmm,
604 995 753 1079 efficitque
773 999 828 1061 iilo
849 1016 960 1077 caspiis
987 1006 1017 1061 et
1037 1001 1232 1079 scripsissem:
1261 1008 1293 1063 et
1322 1001 1360 1064 ad
1389 1001 1497 1064 iacobi
1525 1001 1632 1065 Litar-

251 1095 345 1179 giam.
390 1095 445 1159 ttto
466 1097 535 1177 ipso
548 1098 648 1172 modo,
671 1100 798 1177 (nempe
820 1114 882 1179 quo
904 1096 936 1158 in
956 1098 1102 1178 mysterio
1113 1097 1349 1175 incarnationis)
1371 1101 1530 1177 matare,
1552 1102 1634 1181 qnod

251 1196 909 1277 esqpmmmeseuametseputort,
936 1196 1071 1259 tuatim
1098 1197 1232 1277 sptem
1260 1208 1634 1276 momenmentum

249 1313 363 1374 potem
384 1302 415 1357 et
434 1296 552 1370 cisum,
580 1292 771 1376 efficiensque
796 1311 835 1357 ao
864 1314 976 1375 corpas
1005 1302 1036 1357 et
1063 1299 1240 1377 smpsdssem
1271 1298 1368 1362 Verbi.
1412 1296 1447 1360 ln
1477 1296 1633 1380 Opusoulo

253 1393 294 1455 de
316 1392 505 1456 Institutione
529 1394 725 1459 sacramenti.
775 1393 876 1456 Virtus
897 1393 1031 1473 Spiritus
1051 1397 1155 1457 sustcti
1172 1396 1308 1459 modias
1329 1415 1421 1477 seper
1432 1397 1635 1476 postmultum

249 1492 429 1573 isepositos,
451 1500 483 1555 et
502 1494 673 1572 smsch‘ficot
694 1510 763 1570 eos,
782 1494 959 1572 perficitque
980 1499 1011 1554 et
1031 1490 1125 1574 efficit
1145 1513 1199 1556 eos
1221 1512 1334 1575 corpus
1359 1494 1457 1558 Verbi.
1503 1494 1632 1557 Tracta-

248 1598 302 1654 tus
333 1590 371 1655 de
399 1591 633 1673 praeparatione
664 1590 703 1654 ad
736 1592 984 1656 communionem.
1035 1591 1171 1671 &iiam
1202 1600 1327 1657 mochis
1358 1593 1535 1675 requiescit,
1567 1594 1634 1656 sice

248 1690 1191 1771 dmtom,acpermactmtsduneatquemeuectttmo
1216 1691 1305 1754 nohis
1334 1691 1491 1768 Chrimus,
1521 1711 1631 1773 quant-

249 1790 303 1852 cis
323 1790 363 1852 nh
385 1791 482 1853 oculis
502 1792 617 1851 nostms
638 1789 844 1854 absmnditas.
887 1787 922 1852 lu
937 1789 1064 1854 llcmilia
1087 1797 1157 1852 mle
1179 1792 1418 1855 communionem
1430 1809 1518 1872 quam
1536 1790 1632 1854 refert

249 1885 353 1950 Autor
374 1888 526 1952 Scientiae
548 1887 782 1951 Ecclesiasticae
805 1906 871 1970 cap.
895 1887 948 1952 84.
972 1889 1081 1951 dicitur
1099 1907 1212 1970 pmcm
1239 1897 1271 1952 et
1298 1893 1400 1953 oimm
1425 1891 1495 1971 βω·
1521 1909 1632 1971 corpas

249 1996 284 2048 et
303 1990 498 2069 murenam,
516 2007 575 2068 por
596 1988 735 2067 illapsum
755 1987 890 2067 Spiritus
911 1990 1027 2064 sumti,
1055 2006 1115 2068 qato
1142 1988 1369 2067 miscreatur
1390 2008 1412 2051 α
1439 1995 1553 2051 namra
1574 2007 1633 2051 mm

245 2088 368 2166 priori,
390 2090 422 2149 im
444 2087 645 2149 mthstontium
665 2089 807 2166 corporis
828 2093 859 2148 et
879 2088 1037 2167 mmmm
1060 2085 1184 2151 Christi.

341 2185 449 2266 Neque
470 2186 528 2249 soli
552 2184 701 2267 'theologi
723 2185 765 2246 ita
787 2185 961 2266 loquuntur,
984 2185 1040 2248 sed
1062 2185 1196 2249 Rituales
1219 2186 1277 2267 ipsi
1300 2185 1368 2249 libri
1392 2184 1529 2266 Coptioi,
1561 2186 1631 2248 dum
1680 2202 1836 2257 Telamonia
1859 2218 1891 2255 ex
1908 2201 1957 2255 itt.

249 2291 360 2346 vetant
383 2286 470 2366 juxta
500 2284 651 2347 Gabrielis
681 2285 874 2347 Paniarohae
906 2284 1178 2363 constitutionem,
1206 2303 1245 2347 ne
1274 2284 1442 2365 Sacerdos,
1472 2291 1633 2366 postquam
1643 2289 1764 2344 wihus.

250 2381 336 2445 dicta
358 2392 406 2446 est
427 2383 503 2446 haec
526 2382 641 2463 Oratio,
665 2382 828 2465 quidquam
851 2390 954 2466 tangat
977 2382 1064 2445 nudis
1086 2384 1236 2462 manibus,
1259 2383 1315 2447 sed
1331 2384 1451 2448 sericea
1464 2383 1524 2447 tela
1536 2385 1629 2450 invo-

248 2480 337 2561 lutis,
359 2482 482 2545 honoris
504 2490 536 2545 et
556 2484 750 2546 reverentiae
773 2501 865 2546 causa
889 2499 964 2565 erga
987 2498 1099 2562 corpus
1123 2482 1235 2546 Christi
1259 2483 1342 2565 quod
1364 2482 1479 2566 tetigit:
1509 2501 1549 2546 ex
1571 2503 1631 2566 qua

251 2579 413 2662 disciplina
437 2588 632 2645 commem
655 2582 796 2661 credere,
821 2589 882 2644 tum
905 2581 1024 2643 demum
1045 2580 1214 2663 pericolum
1244 2590 1275 2645 et
1304 2588 1538 2646 consummatam
1561 2603 1631 2649 esse

251 2682 526 2744 consecrationem.
572 2680 652 2743 ldem
674 2680 805 2762 probant
827 2682 982 2745 orationes
1005 2682 1208 2763 Diaconioae,
1241 2701 1320 2763 quae
1348 2682 1409 2746 ritu
1431 2680 1559 2764 Syriaco
1582 2683 1632 2746 di·

250 2787 365 2842 cuutur
386 2782 416 2842 iu
439 2779 515 2843 haec
537 2779 647 2843 verba:
671 2779 770 2856 Onam
790 2781 923 2843 munda
945 2789 993 2843 est
1012 2782 1089 2844 hoec
1110 2783 1203 2862 hora,
1226 2801 1317 2863 mum
1338 2781 1475 2858 tarihilc
1495 2801 1632 2846 monmo-

249 2880 406 2956 trmhoc,
428 2881 632 2943 ddectissisti:
654 2881 875 2960 secespitam
897 2889 1021 2943 machis
1043 2879 1635 2963 deenelcudoeuiens,illahitorseper

248 2980 338 3041 dona
355 2983 517 3060 proposito
539 2987 569 3042 et
590 2997 628 3041 en
650 2981 832 3059 sanctilcot.
861 2978 894 3041 ld
918 2985 1018 3041 autom
1041 2980 1218 3043 inclamatur
1240 2999 1259 3043 a
1280 2979 1434 3056 Diaconis,
1461 2978 1552 3060 paulo
1575 2997 1632 3040 au-

249 3086 376 3158 tequam
397 3078 553 3142 lurccatio
575 3080 803 3158 pronuncietur.
826 3078 860 3140 lu
883 3079 942 3140 ritu
966 3096 1088 3159 quoque
1110 3079 1293 3143 Nestoriauo
1321 3079 1431 3142 eodem
1460 3077 1530 3141 lcoo
1553 3077 1632 3140 dioi-

246 3185 314 3240 tur.
356 3177 437 3241 Ecca
465 3197 570 3240 marso
595 3180 700 3257 positu
727 3185 774 3240 ast
799 3179 832 3239 in
853 3185 961 3240 sonoto
987 3184 1183 3254 sanctoruni,
1210 3184 1241 3240 et
1268 3177 1454 3240 Sacerdotes
1474 3176 1634 3256 praestan·

248 3278 378 3357 cleptat
403 3295 472 3338 eust
498 3278 532 3338 ist
555 3278 676 3339 macr
706 3275 884 3356 Seraphim:
913 3278 1094 3356 incusatque
1123 3276 1280 3339 Sacerdos
1308 3276 1455 3357 Spiridion
1482 3283 1631 3351 sancum,

246 3378 340 3456 isque
360 3377 526 3452 mandit,
548 3375 723 3456 habitatque
750 3378 783 3436 im
802 3395 900 3456 pane,
932 3383 962 3436 et
988 3375 1081 3437 calici
1102 3377 1318 3440 commiscetur.
1362 3374 1411 3437 Ex
1439 3373 1497 3436 illis
1521 3380 1631 3449 autem,

248 3483 288 3537 ct
308 3476 487 3555 praesertim
517 3494 558 3538 ex
587 3475 681 3556 ipsius
708 3475 853 3538 oradouis
883 3476 1091 3555 expositione,
1128 3492 1218 3555 quam
1248 3473 1331 3537 dedit
1353 3472 1384 3538 iu
1407 3471 1631 3536 Commentario

250 3589 314 3638 suo
336 3574 502 3656 Dionysius
523 3574 681 3653 Barsalihi,
705 3574 744 3637 ad
764 3574 930 3656 liturgiam
953 3573 1109 3655 Syriacam
1124 3574 1155 3637 S.
1173 3572 1290 3649 iacchi,
1312 3572 1500 3656 significatur
1523 3572 1631 3652 ipsun,

248 3679 290 3734 ut
311 3680 343 3735 et
364 3674 450 3752 alios,
473 3674 515 3736 ita
536 3674 739 3752 existimasse,
763 3674 1024 3736 consecrationem
1046 3672 1226 3754 completam
1248 3673 1379 3751 censeri,
1410 3690 1476 3734 cum
1499 3669 1632 3735 luvoca-

249 3775 300 3836 tio
323 3771 402 3835 dicta
425 3781 490 3850 estc
513 3773 583 3854 mnia
605 3777 677 3835 tuno
699 3772 737 3836 de
761 3772 873 3836 effectu
895 3774 1114 3854 promissorum
1138 3770 1266 3850 Christi,
1295 3772 1346 3854 qui
1376 3787 1432 3853 per
1463 3788 1529 3833 eam
1557 3788 1632 3833 ora-

248 3872 368 3935 ticnem
390 3873 582 3954 exprimitur,
604 3871 741 3934 dubitare
765 3889 825 3934 nou
847 3871 927 3933 licet.

342 3970 390 4033 Er
411 3971 492 4035 illius
513 3972 606 4056 igitur
628 3970 781 4034 Orationis
803 3970 918 4048 verbis,
941 3973 967 4034 si
990 3970 1110 4051 quidem
1126 3971 1157 4032 in
1180 3988 1246 4032 eam
1264 3969 1444 4032 seutentiam
1467 3965 1544 4030 trahi
1567 3981 1628 4028 non
1728 3975 1955 4031 detruncatione

247 4079 400 4154 possunt,
431 4088 510 4152 quae
536 4078 631 4134 totum
660 4069 786 4151 illapsus
814 4072 910 4132 sancti
941 4071 1070 4150 Spiritus
1100 4068 1241 4132 effectuum
1271 4068 1451 4131 determinet
1479 4066 1517 4129 ad
1547 4063 1957 4146 piamquideemeautuouuuhi

249 4171 507 4251 fructuosamque
528 4170 741 4251 mysteriorum
763 4171 1002 4252 perceptionem,
1026 4171 1124 4232 statim
1148 4168 1302 4249 plerisque
1328 4167 1497 4250 ,Theolngis
1526 4165 1629 4227 veniet
1641 4151 1774 4218 theologi.

245 4272 287 4333 iu
308 4276 457 4348 mentem,
489 4269 642 4350 Coptitas,
672 4286 733 4331 nou
766 4269 863 4332 miuus
892 4286 980 4349 quam
1011 4267 1183 4331 Orientales
1213 4265 1347 4347 reliquos
1371 4265 1575 4342 Christianos,
1598 4263 1630 4324 iu

248 4366 366 4431 eodem
388 4385 494 4431 errore
516 4369 645 4446 versari,
669 4385 729 4447 quo
753 4368 851 4430 teneri
873 4367 1025 4431 affirmant
1048 4368 1182 4430 Graecos
1206 4367 1405 4429 recentiores.
1430 4362 1514 4434 illum
1538 4378 1631 4444 porro

224 4456 302 4531 ”im
330 4466 495 4529 definiant:
522 4465 612 4539 Quod
633 4467 736 4529 verbis
759 4466 922 4529 Dominicis
944 4469 1004 4530 vim
1035 4465 1234 4529 consecrandi
1263 4464 1372 4527 nullam
1395 4462 1526 4526 tribuant
1537 4484 1547 4537 ;
1576 4460 1632 4524 sed

249 4564 456 4633 Sacerdotem
477 4565 631 4647 precibus,
660 4563 846 4628 luvocationi
874 4567 1070 4647 praesertim:
1099 4582 1188 4647 quam
1215 4564 1387 4646 opinionem
1418 4559 1578 4625 Cabasilae
1600 4567 1633 4622 et

248 4665 363 4729 remeo
385 4664 530 4745 Ephesio,
553 4666 640 4746 quasi
662 4665 782 4727 ucmter
810 4664 848 4726 ab
878 4665 936 4728 illis
963 4666 1164 4728 introductam
1194 4663 1358 4725 attribuunt
1364 4682 1374 4737 3
1403 4661 1631 4739 damnatamque

248 4763 443 4847 &madunt
470 4765 502 4825 in
535 4761 671 4826 Concilio
698 4763 889 4827 Florentium
922 4765 1069 4845 ejuratam
1097 4762 1217 4844 quidem
1244 4763 1327 4843 prius
1357 4780 1375 4822 a
1404 4760 1545 4836 Graecis,
1574 4757 1630 4820 sed

251 4862 520 4945 Constantinopoli
542 4862 732 4944 postmodum
755 4881 773 4925 a
796 4863 1009 4941 Schismatiois,
1032 4863 1137 4926 Maron
1161 4861 1339 4942 praesertim
1361 4858 1510 4941 Ephesio,
1535 4874 1631 4920 reno-

249 4970 366 5027 vatam.
390 4963 444 5024 Vir
465 4961 658 5025 doctissumus
680 4963 732 5044 qui
755 4962 793 5026 de
817 4962 875 5024 hoc
898 4973 1077 5047 argumento
1099 4961 1192 5024 multa
1206 4967 1422 5022 commentatus
1444 4965 1500 5038 est,
1516 4956 1631 5019 Orien-
1678 4981 1751 5033 luch
1763 4981 1907 5034 monor.
1922 4981 1959 5032 ,a

250 5062 336 5126 tales
358 5064 387 5125 iu
410 5062 516 5126 eadem
539 5062 683 5143 opinione
705 5079 774 5125 esse
798 5061 942 5138 ali'umat3
964 5081 1053 5143 quam
1076 5061 1197 5145 quidem
1225 5057 1344 5122 videtur
1366 5073 1547 5141 agnoscere,
1569 5066 1782 5122 mundatricem
1799 5066 1956 5137 Pmtamqt
