4525 6034
693 607 1106 694 ‘bistonii
1537 619 1613 692 627

239 812 274 874 et
300 806 443 876 omnium
475 803 612 878 iratrum
644 814 835 879 nostrorum
867 789 903 877 in
929 802 1061 878 Christo
1095 805 1223 899 quiex
1257 803 1322 878 hoc
1353 806 1490 880 saeculo
1524 830 1613 904 pro-

238 916 316 990 iecti
342 922 477 992 suntin
503 919 567 994 bde
599 944 703 1010 vera,
738 944 877 1016 quorum
910 921 1043 994 nomina
1076 919 1163 993 scis:
1198 919 1336 994 solvens
1370 929 1405 992 et
1440 925 1612 995 remittens

238 1033 303 1107 illis
331 1035 560 1132 quodcumque
585 1048 814 1134 peccaverunt
841 1046 898 1110 aut
923 1040 956 1108 in
984 1059 1051 1130 quo
1078 1034 1285 1108 offenderunt
1311 1057 1425 1110 coram
1452 1046 1504 1127 te,
1531 1046 1613 1109 tan-

240 1174 338 1246 quam
364 1150 515 1224 homines
543 1156 651 1227 errori
677 1164 711 1226 et
735 1152 948 1250 passionibus
978 1151 1127 1242 obnoxii,
1154 1155 1416 1246 perorationem
1443 1162 1477 1225 ct
1497 1156 1614 1225 *inter-

239 1269 428 1340 cessionem
455 1291 572 1342 corum
599 1274 654 1367 qui
679 1270 876 1368 placuerunt
902 1290 1017 1342 coram
1043 1279 1087 1339 tc.
1140 1266 1287 1364 Respice
1324 1267 1366 1339 ad
1392 1292 1456 1342 uos
1484 1275 1518 1341 et
1543 1275 1612 1343 mi-

239 1407 356 1459 serere
390 1388 495 1458 nostri
528 1391 738 1483 omniumque
772 1408 955 1468 servorum„
982 1394 1016 1456 et
1050 1382 1244 1457 ancillarum
1277 1394 1405 1456 tuarum
1441 1389 1496 1480 qui
1529 1396 1616 1460 stant

240 1523 355 1574 coram
382 1500 478 1574 altari
505 1511 571 1576 tuo.
624 1503 694 1576 Fac
720 1525 783 1577 nos
811 1524 928 1576 omnes
955 1500 1087 1593 dignos,
1115 1511 1151 1573 ut
1177 1504 1279 1573 simus
1305 1503 1486 1598 participes
1510 1506 1614 1598 partis

240 1628 274 1689 et
298 1615 511 1691 baereditatis
536 1630 725 1692 sanctorum
751 1623 785 1692 in
810 1620 952 1708 lumine,
986 1626 1021 1689 et
1047 1616 1215 1690 danobis
1249 1625 1286 1690 ut
1311 1640 1386 1689 cum
1414 1614 1614 1693 abundantia

239 1737 400 1822 caritatis,
426 1744 461 1808 ct
486 1739 724 1829 cogitationum
760 1741 903 1833 puritate
929 1739 1085 1809 vivamus
1118 1758 1233 1808 coram
1266 1745 1300 1807 te
1323 1737 1358 1842 in
1384 1734 1449 1807 boc
1476 1734 1613 1810 saeculo

238 1854 520 1948 peregrinationis
546 1864 704 1943 nostrae,
737 1854 949 1951 possidentes
982 1853 1210 1946 cognitionem
1244 1862 1433 1924 accuratam
1461 1855 1613 1924 veritatm

238 1967 315 2040 lidei
341 1969 375 2038 in
401 1977 446 2056 te,
474 1978 508 2040 et
534 1973 817 2044 communicantes
844 1971 1014 2067 mysteriis
1040 1972 1105 2042 tuis
1131 1967 1312 2040 tremendis
1346 1978 1380 2039 ct
1412 1968 1552 2041 sanctis:
1578 1976 1615 2038 ut

239 2083 372 2179 quando
399 2083 558 2160 stabimus
585 2108 701 2161 coram
728 2088 816 2160 solio
843 2084 980 2158 terribili
1006 2087 1192 2179 majestatis
1218 2093 1296 2156 tuae
1328 2104 1396 2156 non
1423 2082 1613 2156 confunda-

237 2222 324 2288 mur,
348 2222 414 2272 nec
439 2200 707 2274 condemnemur.
760 2201 805 2275 Et
830 2206 916 2275 sicut
940 2206 975 2274 in
999 2201 1065 2274 hoc
1091 2200 1231 2274 sacculo
1260 2199 1380 2292 dignos
1413 2198 1524 2273 iecisti
1550 2222 1613 2273 nos

237 2317 419 2390 ministerio
451 2321 687 2414 mysteriorum
721 2329 852 2393 tuorum
884 2318 1130 2392 tremendorum
1166 2328 1201 2389 et
1235 2324 1443 2407 sanctorum,
1481 2316 1548 2388 illic
1580 2319 1614 2387 in

237 2431 374 2506 saeculo
414 2444 556 2507 venturo
589 2446 725 2532 praesta
756 2435 877 2525 nohis,
908 2444 944 2507 ut
978 2434 1129 2507 revelata
1168 2432 1256 2506 iacie
1291 2434 1474 2529 participes
1509 2436 1612 2506 smus

152 2580 155 2583 ·
237 2552 383 2622 omnium
407 2550 584 2641 bonorum,
612 2573 699 2647 qrrae
734 2574 798 2624 nec
824 2561 1017 2640 transeunt,
1048 2571 1114 2621 nec
1141 2558 1292 2645 pereunt
1346 2546 1497 2643 Gammae
1523 2571 1614 2623 con-

237 2666 418 2739 summabis
445 2690 486 2740 ea
508 2691 600 2774 'prae
625 2667 679 2740 bic
705 2678 856 2770 tenemus
889 2678 1046 2763 tanqrram
1079 2687 1142 2762 per
1177 2665 1348 2761 speculum
1381 2675 1416 2736 et
1448 2668 1481 2737 in
1513 2669 1614 2739 aeni-

237 2794 366 2874 gmate,
392 2784 625 2881 possideamus
657 2784 725 2856 illic
759 2793 876 2881 aperte
908 2793 1059 2857 sanctum
1085 2791 1276 2857 sanctorum
1309 2783 1344 2853 in
1378 2782 1486 2854 coelo.
1539 2781 1613 2856 Nos

235 2901 338 2990 igitur
362 2900 507 2975 Domine
533 2903 625 2974 servi
659 2903 705 2973 tui
731 2901 833 2991 viles,
859 2899 1012 2974 imbelles
1039 2909 1074 2971 et
1099 2900 1238 2988 infirmi,
1271 2900 1327 2995 qui
1351 2900 1454 2992 longe
1480 2921 1613 2972 eramus

238 3037 258 3086 a
291 3024 343 3106 te,
374 3025 409 3089 et
440 3039 525 3113 qnos
561 3039 623 3113 per
655 3016 893 3090 multitudinem
927 3017 1141 3110 benignitatis
1174 3026 1253 3087 tuac
1283 3015 1404 3109 dignos
1438 3014 1548 3089 iecisti
1577 3023 1614 3087 ut
1743 3089 1747 3094 .

237 3141 401 3204 staremus
428 3143 462 3205 et
488 3132 791 3207 administraremus
818 3157 933 3207 coram
960 3143 1011 3219 te,
1045 3134 1262 3206 ministerium
1296 3130 1362 3204 boc
1396 3131 1612 3222 tremendum,

236 3247 419 3340 gloriosum
447 3259 481 3321 et
504 3249 732 3345 praeclarum,
768 3251 864 3323 simul
904 3249 1124 3346 deprecamur
1158 3248 1364 3323 divinitatem
1399 3257 1488 3321 mam
1521 3246 1611 3319 ado-

236 3363 386 3453 randam,
413 3375 447 3439 et
472 3370 719 3442 renovatricem
747 3370 890 3441 omnium
917 3375 1154 3439 creaturarum.

339 3479 384 3553 Et
408 3485 525 3556 veniat
550 3484 694 3558 Domino
720 3486 828 3577 gratia
856 3483 999 3580 Spiritus
1035 3480 1065 3519 ¹²
1097 3484 1226 3570 sancti,
1258 3478 1450 3576 habitetque
1482 3491 1517 3554 ct
1547 3503 1612 3553 re-

238 3598 388 3698 quiescat
414 3621 516 3696 sopor
542 3598 745 3675 oblationem
771 3598 858 3673 hanc
884 3623 983 3697 qoam
1010 3597 1179 3672 oderimus
1205 3619 1319 3672 coram
1346 3607 1393 3688 te,
1420 3605 1454 3669 et
1479 3600 1610 3671 sancti-

236 3709 315 3784 ficet
339 3736 414 3787 cam
442 3726 475 3788 et
501 3714 603 3790 iaciat
629 3740 716 3806 eam,
742 3739 864 3814 panem
891 3716 1036 3810 scilicet,
1064 3724 1099 3789 et
1124 3715 1263 3788 calicem
1288 3714 1393 3806 hunc,
1428 3737 1550 3812 corpus
1578 3724 1613 3788 et

237 3831 432 3922 sanguinem
462 3832 597 3906 Domini
632 3835 735 3908 nostri
768 3833 851 3905 Jesu
887 3833 1029 3922 Christi,
1057 3839 1302 3905 'nansmutante
1333 3855 1375 3905 aa
1409 3840 1465 3923 te,
1502 3842 1537 3904 et
1570 3854 1612 3904 ea

236 3945 461 4021 sanctificante
487 3971 549 4045 per
574 3952 804 4046 operationem
831 3947 973 4045 Spiritus
1001 3953 1125 4023 sancti:
1157 3959 1192 4021 nt
1227 3951 1396 4045 susceptio
1423 3951 1610 4044 mysterio-

236 4083 310 4135 rum
337 4066 478 4138 istorum
504 4075 708 4155 sanctorum,
734 4069 778 4140 sit
804 4065 956 4141 omnihus
974 4088 1015 4139 ca
1032 4065 1285 4161 accipientibus,
1311 4065 1476 4138 advitam
1496 4075 1610 4138 aeter-

235 4201 313 4251 nam
340 4189 375 4252 et
402 4181 443 4253 ad
470 4186 747 4256 resurrectionem
781 4205 801 4254 a
832 4186 993 4273 mortuis,
1029 4183 1071 4255 ad
1107 4183 1333 4278 expiationem
1365 4203 1542 4277 corporum
1576 4190 1611 4252 et

236 4298 435 4387 animorum,
462 4297 503 4370 ad
530 4297 782 4372 illustrationem
809 4302 1022 4393 cognitionis,
1049 4298 1092 4371 ad
1118 4296 1350 4371 confidentiam
1377 4318 1491 4369 coram
1505 4307 1552 4386 te,
1576 4294 1641 4368 et'
1737 4361 1742 4370 .

237 4411 280 4484 ad
307 4413 446 4486 salutem
473 4423 662 4506 remmam,
696 4414 738 4486 de
771 4438 835 4510 qua
866 4416 995 4490 locutus
1024 4438 1062 4489 es
1088 4415 1187 4488 nohis
1213 4436 1275 4511 per
1301 4414 1417 4487 lesum
1444 4411 1609 4487 Christum

235 4529 413 4602 Dominum
439 4542 605 4621 nostrum,
640 4542 675 4603 ut
701 4552 818 4604 omnes
844 4535 989 4605 invicem
1016 4534 1183 4625 conjuncti
1216 4534 1318 4604 simus
1350 4553 1411 4627 per
1441 4532 1610 4603 unanirm-

236 4655 357 4734 tatem,
383 4668 570 4741 perunum
597 4647 764 4721 vinculum
790 4651 950 4739 cantatis,
978 4659 1012 4720 et
1037 4651 1143 4745 pacis,
1171 4650 1340 4742 simusque
1366 4668 1464 4720 unum
1485 4669 1610 4743 corpus

237 4771 272 4834 et
297 4783 381 4833 unus
407 4762 570 4859 Spiritus,
605 4767 689 4838 sicut
715 4768 831 4837 vocati
856 4786 969 4837 sumus
998 4769 1031 4837 in
1058 4788 1124 4837 una
1155 4786 1217 4861 spe
1251 4764 1438 4837 vocationis
1463 4774 1610 4840 nostrae.

236 4876 310 4950 Nec
335 4876 421 4951 ullus
449 4884 621 4975 quisquam
647 4880 726 4953 illud
752 4881 841 4971 edat,
869 4889 904 4954 et
928 4879 1021 4954 hibat
1047 4881 1089 4954 ad
1117 4880 1427 4953 condemnationem
1456 4882 1609 4975 corporis

237 4995 288 5066 sui
315 5001 348 5065 et
374 4997 506 5070 animae
533 5019 630 5070 suae:
663 5020 772 5093 neque
804 4999 847 5071 sit
871 5000 936 5093 ipsi
967 5001 1001 5070 in
1033 4996 1185 5070 morbum
1221 5007 1278 5069 aut
1310 4996 1530 5069 infirmitatem
1563 4995 1608 5069 ob

235 5119 375 5206 peccata
402 5133 476 5204 sua,
503 5135 545 5186 eo
573 5114 663 5210 qnod
690 5113 873 5187 comederit
899 5137 945 5190 ex
967 5113 1035 5190 boc
1060 5137 1161 5212 pane,
1189 5123 1223 5186 et
1248 5111 1370 5186 biberit
1395 5135 1440 5185 ex
1461 5111 1523 5185 hoc
1543 5135 1608 5184 ca-

287 5250 374 5293 remus
390 5249 414 5291 ιι.
1350 5231 1400 5304 82
