4525 6034
680 551 742 624 Lll
1126 558 1509 637 DISSERTATIO

679 744 866 837 significant
892 750 1084 844 exspectari
1103 750 1235 841 insigne
1254 747 1388 844 aliquod
1402 746 1535 823 divinae
1554 753 1813 849 omnipotentiae
1833 758 2043 834 nnacmua:

679 862 767 956 quod
793 868 822 938 si
848 889 915 938 non
942 875 1053 956 esset,
1079 886 1147 936 non
1173 869 1281 959 magis
1308 888 1351 937 eo
1377 864 1474 956 loco,
1500 888 1598 964 quatn
1624 872 1659 941 in
1685 870 1757 943 aliis
1784 870 2044 971 quibuscumque

676 979 848 1075 Liturgiae
874 982 1022 1079 partibus
1050 981 1233 1056 adhibenda
1258 982 1348 1057 foret
1373 983 1487 1057 similis
1512 983 1671 1077 hortatio,
1708 999 1763 1061 aut
1793 989 1972 1081 rejicienda
1999 994 2045 1066 ad

677 1100 970 1191 Communionem,
997 1122 1062 1194 quo
1089 1099 1163 1172 solo
1195 1111 1362 1196 tempore,
1389 1104 1444 1197 qui
1469 1100 1652 1174 realitatem
1671 1103 1898 1178 verbotenus
1927 1129 2044 1200 agno-

676 1231 792 1311 scunt,
819 1219 889 1291 lieri
915 1240 977 1314 per
997 1222 1248 1314 suscipientium
1273 1216 1387 1290 fidem:
1421 1217 1453 1289 id
1487 1219 1577 1314 quod
1611 1230 1709 1292 vetus
1740 1219 1894 1293 Ecclesia
1931 1223 2044 1299 docuit

675 1348 710 1411 et
736 1336 923 1412 Orientales
950 1357 1066 1407 omnes
1093 1334 1230 1407 credunt
1257 1334 1343 1408 ellici
1361 1334 1595 1430 superlabente
1610 1339 1645 1408 in
1665 1336 1751 1409 dona
1767 1343 1939 1435 proposita
1954 1343 2037 1438 Spi-

674 1456 739 1526 ritu
766 1463 899 1543 sancto,
926 1456 1011 1525 sicut
1037 1452 1080 1523 ad
1100 1453 1341 1525 lncarnationis
1359 1455 1571 1549 mysterium,
1597 1455 1631 1523 in
1645 1450 1817 1546 Virginem
1835 1464 2037 1552 supervenit

674 1570 891 1644 Communem
916 1568 1091 1642 Ecclesiae
1116 1569 1214 1643 fidem
1241 1579 1356 1643 contra
1382 1571 1564 1645 Arianismi
1588 1575 1827 1646 instauratores
1854 1573 1895 1645 de
1916 1575 2039 1652 Christi

673 1688 843 1761 divinitate
871 1697 905 1760 et
929 1688 1053 1784 Spiritu
1080 1696 1197 1760 sancto
1224 1690 1289 1783 ipsi
1315 1698 1349 1758 et
1374 1687 1465 1760 Patri
1482 1688 1771 1779 consubstantiali,
1798 1713 1914 1764 omnes
1931 1715 2041 1789 prope

671 1807 892 1899 Litaugiarum
919 1809 1065 1902 paginae
1091 1814 1363 1900 repraesentant,
1391 1803 1552 1900 simulque
1565 1809 1749 1901 scripturae
1765 1810 1952 1881 testimonia
1971 1831 2042 1882 eo-

672 1922 746 1995 dem
794 1944 896 1997 sensu
937 1921 1142 2012 referuntur,
1176 1944 1242 2016 quo
1277 1919 1431 1994 Ecclesia
1468 1904 1640 1995 Catholica
1676 1922 1815 2015 intelligi
1843 1923 1899 1997 illa
1934 1926 2040 2017 jubet.

587 2042 599 2067 '
669 2042 797 2113 Beatae
822 2040 952 2113 Mariae
978 2040 1127 2132 Virginis
1154 2038 1365 2132 dignitatem,
1392 2041 1465 2131 ejus
1493 2049 1527 2111 et
1553 2042 1697 2112 omnium
1714 2039 1912 2113 Sanctorum
1932 2045 2040 2115 invo-

363 2745 598 2802 Continentvocem
604 2744 657 2797 Ec·

348 2834 452 2887 elenae.

669 2162 855 2250 cationem,
880 2168 917 2230 ut
942 2180 1005 2254 pro
1032 2155 1130 2230 nobis
1157 2155 1245 2252 apud
1270 2156 1379 2228 Deum
1404 2156 1626 2248 intercedant,
1651 2179 1772 2254 preces
1798 2180 1861 2254 pro
1888 2163 2040 2249 mortuis,

669 2275 788 2350 Crucis
815 2279 946 2369 signum
970 2272 1093 2368 ubique
1120 2273 1163 2345 ad
1193 2271 1444 2348 benedictiones
1479 2283 1513 2345 et
1543 2277 1814 2347 consecrationes
1846 2274 2038 2349 adhibitum:

668 2391 800 2464 hnmani
827 2395 961 2485 generis
987 2394 1116 2462 minam
1143 2399 1177 2462 et
1202 2393 1448 2485 conuptionem
1474 2411 1536 2484 per
1561 2389 1682 2462 Adami
1710 2402 1906 2486 peccatum,
1936 2393 2040 2466 divim

670 2508 784 2581 auxilii
810 2512 1045 2582 necessitatem
1072 2507 1114 2579 ad
1150 2531 1249 2579 omne
1284 2529 1369 2602 opus
1403 2507 1544 2595 bonum,
1583 2518 1618 2578 et
1652 2512 1761 2580 omnia
1797 2507 1927 2581 tandem
1961 2508 2038 2582 lidei

671 2631 781 2723 capita
809 2630 915 2701 sacris
941 2620 1018 2697 illis'
1032 2625 1189 2720 precibus
1214 2625 1381 2714 breviter,
1408 2623 1469 2698 sed
1495 2626 1672 2720 perspicue
1698 2629 1915 2697 eontinentur.
2032 2692 2035 2697 .

774 2745 812 2816 ln
839 2743 902 2815 illis
928 2745 1047 2833 igitur,
1074 2762 1143 2813 non
1170 2740 1317 2813 doctoris
1345 2740 1483 2832 alicujus
1517 2742 1648 2829 eximii,
1682 2762 1750 2813 non
1788 2740 1943 2830 Consilii,
1976 2741 2037 2813 sed

670 2867 770 2936 totins
796 2859 972 2934 Ecclesiae
997 2879 1071 2928 vox
1098 2858 1245 2947 auditur,
1269 2881 1342 2930 curn
1369 2862 1454 2930 inter
1480 2879 1519 2930 se
1533 2861 1757 2950 consentiunt,
1782 2869 1818 2930 ut
1837 2881 1918 2931 sane
1935 2862 2038 2931 mirus

668 2979 796 3054 illarum
823 2983 857 3049 in
883 2979 955 3050 istis
983 2974 1134 3046 omnibus
1162 2996 1347 3048 consensus
1367 2985 1435 3064 est,
1462 2997 1530 3047 non
1543 2973 1736 3046 Latinarum
1752 2973 1851 3047 modo
1870 2984 1904 3045 et
1921 2973 2037 3048 Grae-

670 3122 802 3188 carum,
829 3095 889 3168 sed
916 3092 1149 3187 Copticarum,
1174 3089 1408 3188 Syriacamm,
1435 3100 1470 3162 et
1494 3090 1712 3186 reliquarum,
1745 3094 1774 3163 si
1800 3114 1906 3187 pauca
1933 3092 2036 3161 exci-

668 3221 819 3314 piuntur,
845 3216 878 3283 in
906 3208 1024 3306 quibus
1050 3207 1244 3281 Nestoriani
1271 3219 1305 3280 et
1336 3207 1513 3281 Jacobitae
1542 3213 1665 3281 veneni
1696 3212 1747 3281 sui
1780 3207 1945 3303 quidpiam
1976 3212 2036 3278 in-

669 3329 893 3419 stillaverunt,
932 3351 997 3422 qua
1030 3325 1073 3397 de
1105 3349 1144 3397 re
1177 3324 1305 3396 dicetur
1338 3335 1466 3420 postea.
1519 3324 1593 3398 Nec
1624 3328 1765 3397 inaniter
1800 3334 1856 3397 aut
1886 3329 2035 3398 oratorie

670 3447 791 3518 dictum
816 3443 956 3535 intelligi
981 3441 1100 3535 debet,
1126 3464 1250 3516 vocem
1276 3445 1375 3514 totius
1389 3439 1565 3514 Ecclesiae
1581 3442 1736 3538 precibus
1750 3440 1901 3537 publicis,
1927 3466 2036 3538 prae-

669 3567 782 3639 sertim
795 3560 1032 3633 Euebaristicis
1059 3563 1231 3631 contineri.
1284 3557 1373 3632 Nihil
1391 3562 1478 3631 enim
1493 3563 1580 3630 inter
1593 3581 1691 3632 sacra
1710 3561 1870 3654 mysteria
1883 3558 2036 3634 fidelibus

668 3677 934 3778 proponebatur,
963 3674 1051 3771 quod
1076 3698 1145 3748 non
1171 3678 1362 3749 Antistitum
1383 3675 1509 3767 judicio
1529 3675 1704 3772 probatum
1731 3685 1842 3767 esset,
1869 3684 1925 3747 aut
1944 3680 2037 3748 anti-

670 3801 778 3892 quitus
804 3795 974 3868 traditum:
1008 3814 1233 3888 successuque
1266 3795 1426 3888 temporis
1459 3802 1493 3864 et
1524 3792 1627 3885 longo
1658 3815 1721 3865 usu
1752 3796 1959 3864 autoritatem
1990 3793 2033 3867 ab

670 3916 747 3987 aliis
777 3912 938 3984 Ecclesiis
976 3910 1179 4006 accipiebat,
1214 3932 1300 4005 quae
1333 3933 1407 3981 cum
1442 3909 1577 4003 reliquis
1612 3907 1914 3997 communicabant,
1946 3910 2034 4005 quod

667 4032 740 4103 fieri
765 4052 833 4101 non
859 4033 1007 4124 potuisse
1034 4031 1251 4100 certissimum
1278 4036 1347 4116 est,
1373 4030 1402 4098 si
1428 4029 1461 4096 in
1489 4025 1598 4121 aliqua
1629 4047 1750 4120 preces
1784 4036 2034 4121 usurparentur,

670 4172 756 4245 quae
783 4156 839 4220 aut
865 4150 988 4217 erroris
1015 4148 1222 4240 suspicione,
1249 4153 1305 4215 aut
1329 4146 1488 4215 novitatis
1509 4140 1732 4214 laborassent
1784 4143 1854 4215 Res
1869 4143 2033 4239 exemplis

668 4264 875 4339 manifestior
913 4262 977 4334 liet.
1031 4260 1268 4355 Quaecumque
1302 4281 1509 4331 communem
1541 4257 1717 4331 Ecclesiae
1749 4258 1846 4332 fidem
1883 4269 2035 4355 spectant

668 4394 843 4478 antequam
869 4401 930 4475 per
955 4378 1176 4451 Nestorianos
1204 4386 1237 4448 et
1262 4376 1434 4450 Jacobitas
1461 4379 1569 4449 scissa
1594 4373 1726 4465 linisset,
1753 4399 1794 4448 ea
1819 4374 1980 4470 leguntur
1999 4383 2032 4450 in

668 4496 820 4573 omnibus
851 4495 1047 4588 Liturgicis,
1078 4504 1134 4566 aut
1161 4492 1232 4565 aliis
1266 4491 1570 4567 sacramentatibus
1601 4494 1736 4582 officiis,
1772 4496 1870 4564 etiam
1903 4491 2031 4567 illorum

667 4617 924 4689 baereticorum:
951 4615 1028 4707 quia
1054 4610 1181 4684 scilicet
1211 4613 1404 4683 necessaria
1438 4609 1480 4683 ad
1514 4610 1652 4683 salutem
1685 4608 1841 4701 dogmata
1879 4608 2031 4684 fidelibus

667 4738 714 4805 ita
740 4731 868 4803 facilius
881 4728 1138 4801 inculcabantur.
1190 4724 1312 4800 Exorti
1330 4737 1406 4799 sunt
1422 4726 1612 4801 Nestoriani
1625 4729 1679 4822 qui
1693 4724 1734 4798 ab
1752 4724 1907 4800 Ecclesia
1925 4748 2029 4799 sece-

671 4849 798 4939 dentes,
817 4856 1041 4936 sacramenta,
1069 4854 1103 4917 et
1116 4844 1301 4937 Liturgiam
1319 4843 1533 4934 abstrdenmt,
1559 4853 1593 4915 et
1605 4845 1775 4939 propriam
1792 4843 1854 4916 sibi
1867 4841 2027 4916 fecerunt.

671 4966 710 5038 ln
735 4987 776 5037 ea
801 4966 863 5036 vix
889 4963 1063 5058 quidquam
1090 4961 1131 5036 ab
1159 4960 1223 5035 illis
1249 4965 1407 5033 insertam
1433 4965 1611 5058 reperitur,
1639 4959 1727 5056 quod
1753 4959 1795 5033 ad
1822 4962 1946 5032 erroris
1976 4963 2027 5032 sui

672 5079 992 5155 commendationem
1029 5089 1174 5175 spectet,
1214 5088 1263 5171 et,
1296 5089 1332 5151 ut
1360 5076 1510 5170 videtin,
1543 5100 1587 5150 ne
1617 5075 1652 5150 id
1681 5075 1833 5150 iacerent
1861 5076 2028 5170 religione
