4525 6034
700 584 751 663 'ld
1073 586 1690 669 (insultat-tollis

698 781 806 836 statam
827 771 949 837 ludunt
992 775 1178 856 Praeparat
1200 793 1310 855 nempe
1330 792 1453 836 suorum
1475 782 1591 838 mentes
1613 775 1652 839 ad
1673 793 1815 839 marmana
1836 777 1970 858 mysterii
1989 795 2037 840 cu-

694 875 747 957 jus
767 890 855 936 uma
882 873 970 937 Actio
987 874 1109 956 jamjam
1129 873 1298 936 mchoauda
1319 882 1377 951 est,
1399 876 1610 952 reverentiam,
1632 874 1841 939 denunciando
1862 894 1916 956 per
1934 875 2038 938 liiaconi

699 991 822 1051 roman,
844 970 976 1036 fotum
997 992 1069 1037 mou
1089 976 1120 1036 in
1143 972 1229 1036 altari
1252 992 1363 1054 corpus
1385 981 1417 1035 et
1437 975 1613 1056 sanguinem
1637 974 1757 1039 Christi.
1800 976 1893 1038 Porro
1913 993 1974 1037 cam
1992 975 2038 1038 ad-

699 1073 825 1137 hibeant
844 1074 970 1154 propria
992 1073 1200 1155 chrysostomi
1221 1073 1407 1154 aliorumque
1419 1072 1577 1136 Ecclesiae
1598 1073 1752 1153 luminum,
1774 1075 1918 1138 incidcata
1936 1077 2039 1154 saepius

697 1174 736 1236 ad
758 1171 902 1253 popnlmu
923 1172 1027 1250 umba,
1048 1173 1118 1235 dum
1140 1172 1191 1234 illa
1212 1173 1243 1233 in
1265 1174 1446 1236 contrariam
1468 1173 1557 1253 plane
1577 1175 1766 1250 sententiam,
1788 1173 1939 1236 Albertino
1958 1174 2040 1234 inter·

696 1280 787 1355 prete
807 1272 1012 1335 Protestantes
1034 1279 1184 1349 avertunt,
1206 1271 1351 1354 plandunt
1372 1271 1485 1334 trustra
1507 1271 1564 1352 ipsi
1586 1273 1654 1334 sibi.
1689 1273 1763 1335 llam
1778 1274 1805 1335 si
1820 1271 2040 1336 veterumverla

697 1373 772 1435 saus
794 1390 835 1434 ex
856 1389 892 1434 se
912 1372 1091 1453 perspicua,
1121 1373 1343 1434 commentariis
1365 1372 1428 1434 suis
1451 1371 1580 1434 obscura
1602 1371 1729 1444 laniunt3
1756 1380 1787 1434 at
1815 1390 1853 1434 ea
1879 1389 1951 1452 quae
1976 1372 2042 1431 inter

699 1471 802 1534 orteia
824 1488 912 1535 sacra
935 1473 1174 1552 pronunciantur
1195 1471 1233 1533 ad
1255 1471 1386 1552 plebem,
1408 1472 1515 1533 ritibm
1537 1472 1577 1533 ita
1599 1470 1848 1550 determinantur,
1869 1480 1902 1533 ut
1922 1472 1950 1533 in
1969 1470 2042 1531 aliam

698 1572 831 1650 omniuo,
853 1570 1003 1634 diversam
1026 1571 1064 1633 ab
1086 1589 1124 1633 ea
1146 1589 1235 1652 quam
1257 1573 1322 1652 ipsa
1344 1570 1437 1634 verba
1459 1571 1590 1633 ollerunt
1612 1571 1871 1654 significationem,
1892 1568 2043 1649 detorqueri

697 1678 860 1752 uoquoent.
891 1670 979 1743 Quod
996 1671 1076 1734 enim
1097 1670 1182 1733 initio
1203 1688 1311 1734 morae
1322 1670 1458 1733 Actionis
1481 1671 1661 1733 annunciant
1672 1670 1808 1745 Diaconi,
1831 1669 1914 1752 quasi
1932 1669 2042 1730 loturum

697 1770 790 1852 paulo
818 1779 904 1852 post;
934 1770 1012 1833 idern
1039 1788 1098 1852 qua
1126 1769 1203 1832 liora
1231 1770 1402 1852 perficitur,
1431 1771 1460 1831 in
1490 1770 1663 1832 memoriam
1684 1776 1849 1848 revocant,
1877 1766 2042 1850 persimiles

698 1869 961 1951 proclamationes,
982 1876 1120 1950 tempore
1142 1870 1377 1933 consecrationis
1399 1868 1585 1932 inchoandae
1606 1877 1637 1932 et
1659 1876 1883 1932 consummatae
1902 1865 2044 1948 perraria

699 1969 812 2033 Christi
833 1978 865 2032 et
887 1968 1111 2032 lnaocmionem
1134 1970 1262 2052 Spiritus
1283 1972 1395 2032 sancti:
1424 1968 1534 2031 lactum
1563 1987 1634 2032 esse
1662 1976 1809 2032 testantur
1839 1967 1967 2031 similiter
1987 1972 2042 2027 ante

699 2070 948 2146 communionem,
969 2068 1163 2151 populusque
1184 2069 1333 2150 approbat
1354 2067 1483 2131 dicendo
1504 2068 1608 2132 Amen.
1639 2068 1702 2132 Nec
1715 2069 1747 2129 in
1759 2086 1797 2130 eo
1811 2068 1943 2131 consistit
1950 2065 2044 2127 Orien-

635 2219 640 2223 .
697 2169 800 2232 talium
830 2169 955 2251 neugio,
985 2187 1053 2231 eum
1080 2176 1242 2250 praeterea
1269 2167 1338 2231 fidei
1361 2166 1521 2230 Confessio
1542 2176 1611 2230 ante
1633 2167 1817 2248 sacramenti
1840 2164 2044 2248 perceptionem

699 2269 819 2351 publice
841 2270 904 2347 liat,
926 2275 960 2331 ut
981 2270 1012 2331 in
1034 2267 1256 2331 &memorio
1278 2268 1317 2331 ad
1339 2268 1465 2348 primam
1485 2266 1650 2349 liturgiam
1673 2268 1846 2347 expositum
1868 2273 1922 2329 est.

784 2368 913 2431 Brevior
933 2367 1026 2431 multo
1049 2375 1097 2431 est
1118 2366 1294 2450 inLiturgia
1316 2367 1433 2430 Graeca
1457 2367 1533 2429 lraec
1546 2367 1672 2429 Diaconi
1684 2366 1799 2445 Oratio,
1821 2367 1850 2428 si
1871 2373 1964 2427 tamen
1978 2365 2046 2424 extat

698 2470 817 2550 integra
830 2470 859 2530 in
869 2467 1001 2552 vulgatis
1014 2466 1193 2530 Codioibos:
1215 2468 1409 2550 manuscripti
1431 2467 1509 2530 enim
1530 2466 1675 2529 rarissimi
1696 2473 1776 2544 sunt,
1799 2466 1899 2545 qoiaa
1913 2459 2046 2526 sexcentis

701 2568 786 2639 annis
816 2568 866 2631 illa
895 2567 1036 2648 usurpari
1069 2566 1149 2648 apud
1177 2567 1372 2630 Orthodoxos
1406 2565 1693 2646 Hierosolymitauos
1722 2565 1820 2627 nestit.
1866 2563 1943 2626 Fieri
1963 2565 2046 2622 auten

700 2668 809 2750 potuit,
831 2675 865 2729 ut
886 2668 1000 2729 initium
1022 2667 1225 2730 tantummodo
1247 2667 1465 2748 assignaretur,
1488 2664 1517 2728 id
1532 2666 1643 2747 quiippe
1656 2662 1754 2726 multis
1770 2663 1838 2726 aliis
1861 2665 1891 2725 in
1912 2662 1981 2725 locis
2001 2674 2046 2718 uso

700 2768 795 2831 venit.
817 2765 941 2830 Addere
953 2783 1074 2847 quoque
1089 2766 1231 2829 nonnulla
1239 2766 1307 2847 Syri
1319 2774 1460 2848 potuere:
1483 2764 1563 2845 quod
1585 2781 1679 2844 saepe
1700 2762 1893 2826 factumest:
1914 2756 2048 2824 sedaddi·

699 2873 830 2930 tamenta
848 2865 899 2929 illa
911 2866 1039 2947 plurium
1053 2865 1245 2929 saecolorum
1260 2872 1387 2929 aetatem
1401 2864 1515 2927 lerunt:
1538 2882 1595 2926 nec
1610 2863 1780 2944 quodquam,
1795 2861 1879 2943 quod
1893 2860 1958 2922 alibi
1970 2872 2047 2936 saepe

599 2960 605 2968 ’
699 2967 861 3048 repetitum
890 2984 951 3029 non
980 2974 1137 3042 occurrat,
1166 2968 1338 3045 continent,
1366 2965 1505 3045 omnique
1528 2963 1606 3027 adeo
1627 2964 1768 3025 novimas
1791 2962 1962 3043 suspicione
1982 2956 2046 3017 lile-

699 3074 814 3128 rantur.

787 3164 875 3240 Quod
897 3164 1009 3248 legitur
1030 3165 1060 3226 in
1081 3164 1142 3226 line
1163 3183 1243 3226 cuso
1262 3182 1357 3226 sucro
1377 3161 1554 3244 cffmtur,
1577 3170 1632 3223 etc.
1653 3179 1710 3225 uos
1732 3162 1884 3224 nonsatis
1900 3156 2046 3236 intelligere

700 3267 832 3349 ingenue
854 3264 993 3342 latemur,
1014 3263 1071 3327 sed
1092 3281 1154 3327 nou
1177 3264 1303 3345 alicujus
1325 3281 1395 3326 esse
1415 3264 1557 3324 momenti
1579 3263 1777 3325 certissimum
1800 3269 1859 3323 est.

787 3363 899 3435 Omnes
921 3381 1015 3445 porro
1037 3364 1192 3427 orationes
1214 3364 1285 3426 illae
1306 3363 1461 3444 praeviae,
1483 3361 1658 3442 desumptae
1679 3369 1749 3425 sunt
1771 3381 1812 3423 ex
1832 3359 1938 3423 lacobi
1949 3356 2045 3417 Graeca

700 3464 855 3547 liturgia,
883 3463 1019 3543 quamvis
1046 3464 1077 3526 in
1105 3481 1142 3526 ea
1173 3482 1234 3526 non
1261 3463 1368 3526 eodem
1394 3479 1521 3543 prorsus
1550 3460 1656 3524 ordine
1678 3461 1861 3542 dispositae:
1890 3466 1920 3521 et
1943 3453 2045 3519 totidem

701 3579 799 3644 prope
827 3562 931 3625 vorbis
959 3563 1103 3646 leguntur
1127 3562 1160 3624 iu
1188 3558 1330 3645 Coptica,
1359 3561 1484 3624 Graecis
1506 3559 1736 3636 Alexandrinis,
1758 3569 1790 3623 et
1813 3559 1946 3624 omnibus
1966 3567 2045 3635 propa

702 3662 784 3740 aliis,
814 3663 884 3743 quia
915 3662 1031 3725 sedicet
1060 3662 1184 3744 spiritus
1211 3662 1368 3725 Ecclesiae
1396 3660 1529 3742 loquitur
1562 3660 1592 3721 in
1624 3659 1699 3739 illis,
1732 3669 1763 3724 et
1795 3660 1908 3744 linguis
1936 3653 2044 3720 ommim

616 3771 623 3782 “
701 3763 845 3845 gentium

412 4039 444 4093 P.
460 4039 505 4092 30.
523 4040 540 4093 l.
560 4038 602 4089 1⁰.

415 4261 533 4317 Osculum
550 4264 628 4330 pacis.

1164 4023 1260 4094 Date
1281 4045 1413 4117 paceio,
1441 4028 1503 4093 etc.

794 4232 941 4313 Oscunuu
963 4246 1047 4325 pacis
1069 4243 1149 4326 apud
1172 4245 1283 4326 Syros,
1311 4242 1384 4305 Pac
1405 4250 1533 4307 vocatum
1554 4240 1745 4323 simpliciter,
1774 4241 1828 4321 qui
1851 4256 1923 4302 usus
1943 4247 2044 4317 matta

701 4350 835 4433 vulgaris
859 4347 1028 4430 spadana,
1051 4355 1084 4411 ut
1105 4350 1194 4411 etiarn
1218 4366 1287 4411 cum
1308 4346 1438 4410 Arabice
1460 4346 1605 4410 scribunt.
1628 4344 1817 4408 observatur
1840 4341 1940 4406 eadem
1957 4332 2044 4399 (iaculi

700 4449 797 4515 sancti
820 4447 976 4530 disciplina
998 4447 1077 4529 apud
1099 4447 1255 4510 Ecclesias
1278 4464 1383 4512 omnes
1400 4446 1581 4525 Orientales,
1603 4444 1819 4526 cujuscumque
1842 4443 1965 4525 linguae,
1983 4433 2044 4498 aba·

701 4569 762 4632 que
783 4549 846 4613 ullo
863 4547 1041 4612 discrimine
1075 4544 1215 4610 Canones
1235 4547 1286 4628 qui
1300 4546 1339 4610 de
1351 4545 1515 4609 illaextant
1527 4562 1568 4608 ex
1580 4543 1733 4607 veteribus
1749 4541 1905 4618 conciliis,
1926 4540 2045 4619 teguntur

701 4651 837 4715 similiter
857 4648 889 4712 in
911 4646 1048 4711 omnibus
1070 4644 1323 4725 Collecticnilrus‚
1353 4653 1383 4708 et
1408 4646 1439 4708 in
1461 4645 1585 4727 Syriaca
1608 4662 1682 4725 prae
1703 4641 1827 4722 reliquis
1851 4635 2044 4719 andquusima:

702 4749 942 4831 observaturque
964 4748 1153 4829 praesertim,
1176 4753 1209 4809 ut
1230 4747 1286 4810 viri
1308 4746 1393 4809 viros
1408 4745 1599 4821 osculentur3
1621 4743 1774 4821 uellerea,
1797 4743 1846 4804 sui
1867 4756 1953 4803 sexus
1972 4734 2042 4796 alias

702 4849 853 4915 Sacerdos
873 4866 960 4913 sacra
983 4845 1159 4924 celebrans,
1182 4864 1249 4909 cunr
1271 4864 1333 4927 pax
1355 4843 1452 4908 danda
1474 4854 1531 4925 est,
1554 4843 1706 4908 osculatur
1726 4843 1824 4923 primo
1848 4840 1953 4917 altare,
1974 4837 2043 4898 etat

702 4947 896 5012 Orientalium
912 4945 1100 5012 consuetudo
1116 4952 1173 5025 est,
1197 4946 1291 5008 tribus
1314 4947 1345 5007 in
1368 4944 1454 5025 locis,
1477 4945 1521 5007 od
1541 4943 1734 5024 captandum,
1757 4950 1790 5004 ut
1812 4942 1903 5019 aiumt,
1924 4947 2043 4999 omma

701 5050 784 5111 vitoe
805 5048 1048 5112 bendictionem.
1079 5048 1154 5110 'lum
1176 5045 1227 5108 dot
1249 5044 1384 5108 osculum
1407 5044 1564 5110 Sacerdoti
1585 5043 1772 5122 ministranti,
1795 5043 1820 5105 si
1844 5041 1909 5122 quis
1930 5045 1983 5114 est,
2002 5036 2042 5093 tul
