4525 6034
704 580 779 656 282
1210 576 1567 656 LITURGIA

806 768 989 844 Sacerdos.
1040 764 1291 840 Misericordiae
1314 765 1380 837 Dei
1407 766 1471 838 sint
1496 762 1680 838 vobiscum.

807 884 967 979 Populos.
1018 883 1062 958 Et
1088 905 1163 956 cum
1189 885 1302 977 spiritu
1329 891 1395 952 tuo.

807 1003 986 1074 Diaconos
1012 1000 1085 1071 otta
1110 1022 1198 1071 oooe
1220 1001 1428 1092 pronunciat
1454 997 1674 1069 Cotbolieom.

807 1117 990 1189 Sacerdos.
1044 1113 1218 1189 Credimus
1245 1125 1279 1187 et
1306 1112 1502 1187 accedimus.

1135 1476 1255 1546 Oratio
1283 1480 1362 1544 onte
1387 1475 1488 1547 Pater
1513 1483 1637 1547 noster.

806 1699 996 1772 Adoramus
1035 1683 1088 1786 t'e,
1121 1700 1214 1771 Deus
1248 1698 1349 1770 Pater
1378 1700 1604 1794 omnipotens,
1635 1705 1785 1788 creator,
1819 1709 1854 1770 et
1889 1697 2062 1795 dispositor

704 1816 895 1906 visibilium,
921 1825 955 1887 et
980 1813 1209 1904 invisibilium,
1236 1819 1291 1910 qui
1317 1837 1356 1887 es
1382 1813 1594 1887 absconditus
1620 1825 1655 1886 et
1680 1812 1915 1903 inscrutabilis,
1946 1816 2062 1888 iueda-

702 1931 797 2022 bilis,
824 1942 858 2004 et
883 1930 1146 2005 interminabilis:
1173 1934 1271 2024 origo
1297 1930 1394 2021 boui,
1425 1941 1459 2003 et
1492 1929 1570 2004 fors
1601 1935 1693 2003 vitae
1727 1929 1854 2026 absque
1887 1935 2061 2028 principio:

703 2049 782 2121 Rex
807 2070 942 2141 regum,
969 2058 1002 2120 et
1026 2047 1188 2122 Dominus
1206 2047 1430 2141 Angelorum3
1459 2050 1513 2142 qrri
1530 2046 1728 2122 sublimitate
1745 2060 1800 2119 tua
1821 2047 2062 2134 excelsissima,

636 2211 639 2222 ·
706 2187 807 2262 super
831 2174 978 2250 naturas,
1004 2172 1201 2260 potestates,
1228 2174 1262 2235 et
1281 2164 1414 2238 ordines
1429 2185 1557 2253 omnes,
1584 2164 1824 2236 circumfereris
1851 2185 1956 2259 super
1971 2163 2062 2235 ibro-

705 2304 782 2353 uum
810 2290 981 2352 aeteruum
1008 2284 1191 2374 majestatis
1219 2291 1294 2352 tuae
1319 2283 1353 2351 iu
1379 2280 1541 2352 excelsis:
1569 2283 1624 2375 qui
1652 2279 1770 2353 videns
1797 2302 1904 2372 genus
1920 2290 2062 2354 nostrum

704 2401 737 2469 iu
763 2396 913 2492 periculo
949 2399 1178 2486 coustitutum,
1218 2396 1293 2470 dum
1327 2398 1512 2488 ignorantia
1545 2395 1714 2467 doctrinae
1740 2399 1830 2468 vitae
1863 2406 2063 2484 teneremur;

705 2535 771 2586 uon
798 2512 977 2606 neglexisti
1004 2534 1122 2607 opem,
1148 2522 1182 2583 et
1207 2535 1320 2585 curam
1347 2534 1430 2605 erga
1445 2534 1507 2585 uos
1521 2522 1619 2584 tuam.
1671 2510 1791 2584 Misisti
1805 2515 1891 2583 euim
1917 2510 2062 2608 propbe-

706 2640 757 2703 tas
783 2633 938 2724 primum,
965 2638 1000 2700 ut
1025 2631 1282 2701 conversionem
1306 2628 1404 2701 uobis
1430 2627 1582 2701 omuibus
1607 2627 1727 2719 modis,
1754 2638 1788 2700 et
1807 2628 2063 2702 similitudinibus

705 2744 956 2842 praedicareat3
982 2744 1143 2841 ideoque,
1170 2754 1204 2816 et
1229 2753 1384 2845 tempora⁴
1406 2744 1554 2837 elegisti,
1582 2745 1698 2839 quibus
1725 2744 1897 2819 nobiseum
1924 2767 1988 2840 per
2012 2743 2063 2814 di-

704 2862 823 2934 lectum
855 2859 973 2932 Filium
1006 2871 1094 2933 tuum
1129 2860 1259 2934 locutus
1295 2884 1352 2951 es,
1386 2864 1589 2953 unigenitum
1621 2860 1731 2952 illum,
1749 2866 1820 2956 'qui
1855 2884 1901 2932 ex
1939 2870 1974 2932 ie
2007 2869 2064 2945 est,

706 3001 862 3072 germen,
889 2988 923 3050 et
948 2976 1077 3074 prolem
1103 3000 1150 3049 ex
1176 2979 1248 3051 sinu
1275 2988 1344 3068 tuo,
1370 2985 1404 3049 et
1430 2976 1534 3049 solem
1562 3001 1608 3050 ex
1634 2976 1816 3051 substantia
1842 2987 1912 3068 tua,
1937 2980 2063 3049 verita-

705 3105 789 3181 tem,
815 3097 916 3165 vitam
944 3103 977 3165 et
1004 3092 1161 3182 salutem3
1188 3096 1243 3189 qui
1270 3097 1378 3166 camis
1405 3116 1549 3190 expers,
1574 3098 1762 3165 ineamatus
1789 3103 1859 3167 est:
1886 3104 1921 3165 et
1951 3097 2061 3165 incor-

705 3233 845 3309 poreus,
872 3230 994 3304 corpus
1021 3214 1213 3306 assumpsit:
1240 3213 1295 3304 qui
1320 3208 1492 3283 nobiseum
1519 3213 1553 3281 in
1585 3220 1676 3281 terra
1709 3218 1952 3299 conversatus,
1984 3231 2061 3282 ora-

705 3332 828 3399 tionem
863 3335 1033 3421 paternam
1067 3348 1129 3406 uos
1166 3325 1293 3415 docuit,
1332 3337 1366 3399 et
1397 3326 1592 3399 sacrificium
1630 3330 1701 3398 siue
1734 3326 1874 3399 macula.
1936 3324 2061 3398 Oblab'o

706 3441 932 3537 acceptabilis,
958 3451 993 3513 et
1019 3441 1103 3514 odor
1129 3445 1243 3515 suavis
1269 3464 1331 3537 pro
1357 3443 1454 3516 uobis
1470 3446 1588 3532 extitit,
1615 3452 1648 3514 ot
1661 3447 1821 3538 mysteria
1838 3442 1924 3515 haee
1943 3451 2060 3524 sancta,

706 3568 740 3628 ot
765 3561 857 3629 ritae
882 3557 981 3653 plena
1007 3556 1103 3630 uobis
1129 3557 1271 3630 tradidit.
1325 3557 1376 3630 Tu
1402 3580 1485 3651 ergo
1511 3559 1671 3648 Domine,
1697 3559 1821 3655 perfice
1851 3582 1916 3632 nos
1951 3561 1985 3629 in
2010 3557 2060 3628 di-

706 3672 844 3768 sciplina
872 3677 976 3770 ipsius
1002 3676 1257 3768 sapientissima,
1282 3685 1318 3746 ut
1344 3677 1452 3746 auimo
1478 3697 1574 3770 puro,
1601 3678 1803 3748 couscientia
1821 3673 2006 3760 defaecata,
2030 3680 2060 3742 et

705 3788 818 3882 lingua
844 3789 942 3886 plena
970 3787 1190 3878 exultatione,
1217 3789 1395 3863 clamemus
1422 3790 1464 3862 ad
1477 3800 1527 3882 te,
1555 3814 1699 3882 oremus,
1725 3801 1760 3864 et
1779 3790 1944 3864 drumm:
1966 3792 2059 3864 Pater

705 3916 820 3979 noster
847 3909 902 4001 qui
928 3927 966 3978 es
992 3908 1026 3977 iu
1052 3906 1166 3980 coelis.

806 4021 966 4115 Populos.
1019 4021 1267 4111 Sanctificetur,
1294 4031 1357 4094 eto.

808 4137 991 4210 Sacerdos.
1043 4139 1148 4210 luam
1176 4150 1228 4211 est
1254 4140 1341 4211 enim
1353 4140 1514 4230 Domine,
1540 4141 1729 4233 imperium,
1755 4141 1879 4226 virtus,
1906 4140 2057 4235 potentia,

705 4278 866 4348 regnum,
894 4267 928 4328 et
952 4253 1112 4344 laudatio,
1139 4267 1303 4352 potesque
1329 4259 1461 4352 eripere
1486 4279 1549 4330 uos
1577 4279 1597 4327 a
1623 4256 1731 4346 malo,
1764 4265 1798 4326 et
1830 4254 1872 4327 ab
1909 4253 2058 4353 operibus

707 4377 795 4467 ejus,
823 4381 857 4443 et
883 4370 924 4443 ab
953 4371 1240 4467 oppressionibus,
1275 4371 1531 4462 tentationibus,
1561 4383 1595 4444 et
1629 4376 1735 4465 virgis
1767 4371 1908 4458 luroris,
1940 4383 1977 4444 et
2007 4371 2056 4441 di-

707 4493 836 4561 mittere
868 4498 1023 4585 peccata,
1059 4497 1093 4561 et
1127 4487 1247 4561 delicta
1272 4497 1387 4562 nostra
1417 4511 1478 4584 per
1510 4487 1740 4561 abundantiam
1773 4512 1925 4582 maguam
1956 4492 2057 4559 mise-

706 4603 871 4678 ricordiae
908 4617 1006 4695 tuae,
1037 4614 1074 4676 ut
1107 4604 1181 4676 dum
1223 4604 1444 4678 sanctificatur
1476 4608 1508 4676 in
1540 4605 1636 4678 nobis
1669 4627 1792 4678 nomen
1822 4617 1928 4694 taum,
1964 4615 1998 4676 et
2027 4607 2056 4673 iu

707 4719 803 4794 nobis
830 4731 885 4794 tua
912 4720 1065 4795 voluntas
1098 4722 1283 4818 perficitur,
1316 4730 1350 4792 te
1383 4720 1572 4815 laudemus,
1605 4734 1738 4814 sancte,
1774 4731 1809 4793 et
1837 4719 1952 4793 Filium
1984 4720 2055 4790 uui-

708 4839 863 4929 genitam.

811 4953 971 5048 Populos.
1024 4956 1142 5029 Amen.

809 5069 991 5143 Sacerdos.
1042 5073 1117 5145 Pax
1143 5070 1242 5145 vobis
1268 5068 1430 5166 omuibus,
