4525 6034
679 576 754 650 386
1065 571 1667 652 IlLPlTRIdRCHA

677 764 859 846 secundum
887 786 989 860 quos,
1024 766 1052 835 is
1089 764 1144 858 qui
1178 759 1415 854 designabatur
1441 761 1587 833 ordinari
1614 782 1682 831 non
1709 767 1851 855 poterat.
1905 757 2042 832 Namin

677 883 964 976 septingentorum
991 888 1025 951 et
1052 879 1190 974 amplius
1218 900 1377 950 annorum
1405 877 1561 965 decursu,
1587 878 1682 968 cujus
1708 874 1881 978 historiam
1896 874 2042 967 qualem-

677 1018 819 1090 cumque
850 995 1032 1083 babemus,
1069 1017 1235 1090 nunquam
1271 993 1447 1067 observari
1474 997 1599 1089 potuit,
1633 993 1774 1088 aliquem
1803 993 1845 1066 ab
1873 991 2042 1087 Episcopis

678 1112 882 1202 ordInatum,
914 1114 979 1184 nisi
1006 1111 1098 1184 Cleri
1134 1121 1168 1182 et
1202 1111 1316 1206 populi
1342 1131 1528 1182 consensus
1561 1108 1748 1182 accederet.
1801 1109 1920 1202 Neque
1953 1106 2043 1176 ordi-

677 1232 750 1306 nari
776 1236 910 1324 poterat
937 1231 1122 1322 quisquam,
1149 1229 1261 1300 invitis
1287 1227 1478 1323 Episcopis,
1505 1250 1582 1299 nam
1609 1249 1655 1298 ex
1680 1230 1828 1323 ipsorum
1845 1224 2044 1321 Coptitamm

674 1347 751 1437 jure
777 1364 881 1431 novo,
908 1342 1081 1415 duodecim
1110 1343 1228 1415 saltem
1253 1341 1415 1440 Episcopi
1442 1347 1653 1439 requiruntur
1681 1343 1722 1415 ad
1740 1341 1957 1415 ordinandum
1976 1340 2044 1411 Pa-

677 1458 866 1533 triarcbam.
919 1458 993 1531 Etsi
1029 1468 1138 1529 autem
1164 1462 1284 1550 ingens
1317 1459 1395 1531 olim
1423 1469 1497 1531 erat
1529 1458 1773 1556 EpiSooporum
1805 1463 1837 1530 ln
1871 1469 1940 1531 tota
1971 1458 2044 1532 Ae-

678 1587 786 1673 gypto
812 1575 981 1647 multitudo
1008 1574 1069 1647 sub
1098 1573 1294 1647 Christianis
1312 1575 1583 1670 ImperatorIbus,
1611 1573 1672 1647 sub
1688 1574 1940 1648 Mulomedanis
1966 1572 2045 1644 red*

680 1697 746 1766 acti
782 1691 825 1763 ad
859 1692 962 1783 longe
994 1694 1173 1786 pauciores
1200 1689 1347 1780 fuerunt,
1388 1690 1473 1764 adeo
1507 1702 1543 1763 ut
1575 1694 1604 1765 si
1640 1691 1860 1786 quadraginta
1896 1700 1953 1763 aut
1978 1692 2045 1759 cir-

680 1811 776 1898 citer,
803 1805 845 1878 od
873 1806 1017 1879 Comitia
1043 1805 1281 1880 Patriarcbalia
1308 1811 1563 1893 intervenirent,
1601 1831 1643 1881 ea
1668 1806 1937 1903 frequentissIma
1974 1826 2045 1877 esse

676 1923 935 2017 judicarentur·
960 1922 1137 2018 Nunquam
1164 1925 1264 2014 igitur
1290 1922 1412 1995 iactum
1438 1923 1601 2016 legimus,
1628 1935 1663 1996 nt
1689 1946 1764 1996 cunr
1791 1934 1884 1997 esset
1912 1927 2044 1996 senten-

678 2043 797 2112 tiarum
824 2039 1015 2127 diversitas,
1044 2038 1086 2110 de
1114 2038 1332 2111 Ordinatione
1358 2044 1581 2132 cogitaretur,
1618 2041 1726 2112 donec
1756 2039 1941 2112 concordia
1967 2043 2046 2109 inter

558 2176 561 2181 ·
678 2178 740 2229 eos
767 2160 823 2251 qui
850 2155 1005 2228 electioni
1030 2155 1264 2251 repugnabant
1289 2154 1483 2230 coaluisset:
1520 2160 1595 2230 sive
1628 2156 1754 2230 electus
1786 2156 1943 2244 adesset,
1977 2157 2046 2228 sive

678 2273 823 2347 abesset
876 2273 915 2345 Si
941 2272 1069 2360 aderat,
1097 2275 1208 2344 statim
1234 2275 1267 2343 in
1294 2271 1403 2345 medio
1431 2271 1701 2376 constituebatur,
1730 2284 1764 2344 et
1791 2276 1937 2345 omninnr
1963 2273 2046 2342 rotis

677 2398 713 2461 et
739 2389 1032 2462 acclamationibus
1058 2388 1301 2483 excipiebatur.
1355 2389 1393 2460 Si
1420 2388 1555 2478 aberat,
1589 2388 1669 2481 eligi
1696 2388 1850 2464 solebant
1877 2386 1977 2483 aliqui
2003 2410 2045 2460 ex

676 2502 922 2599 EpIscoporum
947 2526 1097 2596 numero,
1125 2506 1180 2598 qui
1207 2527 1282 2576 omn
1307 2504 1487 2579 Laioorum
1512 2504 1721 2577 NobiIiorum
1747 2504 1872 2595 Missis,
1902 2505 1945 2577 ad
1969 2504 2046 2576 blo-

676 2623 860 2693 nasterium
891 2619 926 2693 S.
958 2620 1097 2693 blacarii
1132 2619 1451 2716 proficiscebantur,
1486 2631 1542 2693 aut
1578 2624 1676 2692 etiam
1703 2620 1745 2691 ad
1772 2619 1881 2711 aliud,
1921 2621 1976 2693 vel
2008 2619 2047 2696 ad

680 2734 808 2808 Cellarn
841 2740 876 2808 in
907 2735 1053 2827 Eremo,
1086 2736 1130 2810 ad
1162 2760 1237 2810 eum
1272 2736 1500 2809 adducendum
1531 2739 1565 2809 in
1601 2758 1699 2832 quern
1733 2735 1818 2810 vota
1853 2735 2047 2832 reliquomnr

680 2854 824 2926 omnium
858 2856 1145 2948 conspiraverant.
1198 2853 1248 2926 Ibi
1281 2852 1418 2927 ulterior
1454 2854 1496 2927 de
1536 2858 1609 2946 ejus
1643 2852 1852 2942 conditione,
1893 2851 2046 2939 moribus,

681 2968 841 3057 doctrina,
869 2980 903 3041 et
928 2970 993 3041 fide
1019 2972 1186 3066 inquisitio
1214 2967 1331 3041 fiebat:
1358 2981 1491 3065 poterat
1518 2972 1603 3042 enlm
1618 2968 1725 3040 adhuc
1750 2967 1896 3041 rescindi
1925 2968 2046 3054 electio,

680 3088 832 3180 quamvis
859 3097 1086 3176 consummata
1119 3086 1308 3176 videretur,
1340 3088 1368 3157 si
1402 3085 1569 3181 quidpiam
1602 3088 1674 3156 vitii
1709 3088 1743 3155 in
1779 3083 1889 3156 electo
1918 3087 2046 3179 reperi-

677 3211 782 3291 retur,
809 3205 902 3295 cnjus
928 3204 1141 3294 ignoratione
1166 3201 1287 3274 factum
1314 3200 1442 3290 luisset,
1469 3211 1505 3273 nt
1531 3201 1730 3294 eligeretur,
1757 3205 1813 3296 qui
1839 3199 1960 3297 repelli
1985 3201 2045 3271 de-

679 3316 789 3390 bebat.
841 3317 1073 3391 Audiebantur
1122 3317 1480 3407 Archimandritorum,
1531 3322 1765 3413 seniorumque
1811 3316 2047 3394 Monacborum

680 3436 881 3524 testimonia,
908 3445 975 3505 tum
1002 3437 1031 3507 si
1058 3457 1100 3506 ea
1126 3433 1237 3518 lamae
1263 3432 1518 3529 responderent,
1546 3432 1759 3508 assumebant
1779 3457 1867 3506 «eum
1895 3433 2047 3529 Episcopi

679 3559 714 3621 et
738 3550 987 3639 Alexandriam,
1016 3560 1073 3623 aut
1098 3549 1253 3623 (dabiram
1280 3550 1496 3623 deducebant.

390 3681 481 3736 stacio
502 3685 605 3739 vineata
624 3688 666 3740 a·
782 3666 919 3739 LXVII.
972 3667 1080 3738 Porro
1107 3689 1183 3738 cum
1210 3667 1288 3738 olim
1315 3665 1493 3740 accidisset
1518 3676 1555 3737 nt
1586 3665 1732 3738 nonnulli
1765 3689 1803 3740 se
1830 3665 1963 3740 honore
1988 3688 2046 3739 su·

353 3768 431 3837 Jecu.
680 3784 786 3876 premi
814 3781 1000 3854 Sacerdotii
1026 3782 1182 3874 indignos
1205 3783 1405 3875 judicarent,
1432 3781 1612 3876 fugamque
1625 3791 1817 3855 sanctorum
1844 3785 2046 3877 antiquorum

680 3896 837 3991 exemplo
870 3898 1080 3985 molirentur,
1117 3909 1216 3993 atque
1249 3898 1336 3970 adeo
1372 3901 1408 3969 vi
1435 3897 1684 3990 constringendi
1718 3905 1852 3987 essent,
1891 3898 1979 3993 quod
2009 3896 2045 3967 de

680 4012 852 4085 Demetrio
879 4013 951 4085 XII.
979 4023 1093 4085 narrat
1118 4021 1266 4088 Severus
1294 4018 1327 4086 ln
1355 4017 1427 4106 ejus
1454 4006 1535 4103 vita,
1562 4013 1858 4086 indecensuetudo
1873 4013 1985 4105 duxit,
2015 4021 2046 4084 ut

682 4126 790 4200 eleeto
825 4132 933 4201 statim
960 4141 1102 4202 catenae
1136 4133 1367 4222 injicerentur3
1402 4137 1503 4224 alque
1534 4131 1578 4200 ita
1613 4128 1676 4201 uns
1714 4132 1813 4202 etiam
1849 4135 1905 4226 qui
1933 4131 2046 4205 ambitu

680 4254 714 4318 et
747 4243 925 4337 largitione
961 4246 1153 4337 dignitatem
1188 4244 1474 4341 adipiscebantur,
1507 4249 1560 4317 vis
1595 4244 1837 4340 quodammodo
1871 4247 1991 4335 fiebat,
2015 4255 2046 4315 ut

680 4360 879 4435 reluctantes
907 4383 991 4434 onus
1019 4361 1164 4434 subiisse
1198 4361 1402 4434 viderentur.
1455 4360 1508 4434 Ea
1542 4360 1656 4433 fabula
1683 4366 1835 4456 quamvis
1863 4385 1947 4454 erga
1973 4360 2045 4456 plc-

678 4499 804 4572 rosque
831 4482 886 4572 qui
913 4477 1098 4550 nullatenus
1129 4477 1354 4568 resistebant,
1395 4482 1476 4552 satis
1509 4476 1647 4549 ridicule
1679 4488 1837 4572 peracta,
1873 4482 1908 4550 in
1943 4477 2045 4568 legem

679 4598 827 4690 transiit,
860 4615 958 4688 quam
992 4587 1140 4666 reienmt
1172 4594 1400 4684 Ebnassalus,
1433 4592 1631 4666 Abulbircat
1666 4602 1700 4664 et
1726 4593 1929 4666 Pontificalis
1955 4592 2044 4677 liber,

677 4732 789 4805 neque
816 4721 956 4782 catenae
983 4710 1176 4801 solvuntur,
1202 4715 1266 4784 nisi
1294 4715 1381 4783 inter
1406 4714 1480 4807 ipsa
1509 4709 1734 4781 OrdinatIonis
1768 4709 1889 4782 officia.
1945 4707 2043 4780 Cate-

678 4848 796 4898 namm
823 4827 987 4919 ejusmodi
1015 4849 1094 4899 usus
1120 4826 1181 4899 iuit
1208 4851 1292 4921 erga
1323 4826 1506 4899 Macarium
1533 4826 1654 4899 XLIX.
1681 4825 1855 4923 anabum
1883 4828 1958 4900 sive
1982 4821 2043 4891 Jo-

679 4941 816 5037 sepbum
843 4942 911 5015 LII.
946 4943 1117 5015 Sanatium
1150 4943 1222 5015 LV.
1255 4944 1413 5014 llIennam
1448 4943 1535 5014 LXI.
1587 4941 1823 5037 Ephraemium
1859 4945 1933 5034 ejus
1969 4958 2043 5010 suc-

679 5079 867 5134 cessorem:
900 5082 969 5132 non
1002 5081 1089 5132 vero
1125 5081 1210 5150 erga
1243 5057 1447 5134 Pb'dotbeum
1480 5062 1588 5132 virum
1622 5057 1828 5154 Improbum,
1861 5069 1894 5130 et
1927 5054 2044 5149 aliquoi
