4525 6034
720 567 797 642 610
1225 567 1585 645 citonato

718 773 827 818 norum
849 753 938 817 tidem
960 752 1159 817 Ebu-Eitaib
1182 752 1397 820 Nestorianns:
1419 751 1504 815 Natis
1521 751 1600 814 tilius
1622 752 1735 814 Yemen
1756 749 1907 815 Melchita:
1926 750 2048 816 Ebnasm-

717 853 777 932 lus,
800 861 831 917 et
852 852 1029 916 Abutbircat
1050 852 1217 933 tacebitne,
1239 872 1406 935 omnesque
1427 851 1546 915 tandem
1569 850 1739 915 orientales
1761 850 1905 934 'theologi
1924 859 2052 919 tertantm.¹

806 952 965 1017 Orationes
988 956 1152 1038 gratiarum
1178 954 1305 1016 actionis
1334 953 1455 1029 variae,
1484 968 1562 1032 quae
1589 952 1619 1013 in
1646 950 1738 1015 Missa
1767 950 1941 1013 Melabarica
1962 957 2049 1033 primae

718 1053 768 1115 isti
790 1051 944 1137 Litargiae
966 1055 1124 1137 subjuncta
1148 1062 1231 1132 sunt,
1262 1055 1290 1115 in
1314 1055 1424 1116 nostris
1448 1050 1626 1130 codicibus,
1656 1053 1763 1114 tertiae
1785 1070 1862 1132 quae
1883 1051 2000 1114 Nestorii
2016 1058 2052 1112 est

719 1152 971 1234 subjiciebantur:
995 1172 1102 1235 nempe
1125 1153 1276 1235 quianon
1298 1153 1336 1216 ad
1358 1170 1458 1232 unam,
1481 1151 1537 1214 scd
1559 1152 1596 1213 ad
1619 1169 1724 1214 omnes
1746 1148 2052 1234 pertinentdeligendac

720 1252 757 1316 ad
782 1251 956 1316 Sacerdotis
979 1253 1144 1316 arbitrium.

1091 2129 1696 2310 titutum

735 2460 1264 2626 'reuocant
1351 2461 2059 2582 intentantis,

812 2703 862 2778 m
881 2702 1123 2780 cremantur
1136 2705 1163 2780 d
1177 2701 1364 2782 nonnum
1388 2705 1505 2782 PRIMA
1522 2700 1857 2795 mutuatione,
1879 2702 1997 2790 ustus

1150 2821 1202 2896 AD
1221 2819 1439 2898 nummum
1452 2821 1669 2898 Pmumuu.

949 3024 1090 3096 Domine
1117 3024 1240 3119 adjuva
1267 3048 1321 3097 me
1347 3048 1409 3121 per
1435 3027 1666 3097 miserationes
1692 3034 1778 3113 tuas,
1805 3034 1871 3095 etc.

1201 3302 1323 3374 Oratio
1351 3324 1468 3373 coram
1493 3304 1621 3374 Alteri.

793 3514 953 3618 Domine
985 3540 1078 3613 Deus
1112 3539 1229 3631 tortis,
1261 3540 1363 3614 Pater
1399 3547 1627 3638 omnipotens,
1654 3547 1709 3637 qui
1736 3563 1774 3612 es
1802 3539 1899 3614 solus
1927 3550 2073 3626 aeternos,

724 3659 879 3732 conditor
905 3661 1049 3732 omnium
1075 3669 1312 3752 ereaturarum,
1338 3659 1417 3732 Rex
1443 3659 1625 3753 gloriosus,
1652 3662 1706 3754 qui
1732 3656 1816 3730 facis
1844 3657 2012 3751 magnalia
2029 3659 2075 3727 in-

724 3774 1056 3871 comprehensibilia,
1092 3774 1266 3870 praeclara
1300 3786 1335 3848 et
1368 3776 1524 3865 excelsa,
1560 3798 1646 3871 quae
1679 3773 1795 3848 verbis
1832 3774 1995 3871 explicari
2023 3790 2075 3841 nm

724 3901 873 3988 possunt.
934 3890 985 3961 Tu
1018 3913 1080 3985 per
1116 3893 1210 3982 eujus
1249 3890 1529 3987 dispensationem
1569 3890 1792 3964 admirabilem
1833 3902 1869 3963 et
1909 3888 2076 3971 timendam,

726 4031 823 4104 qnam
850 4030 912 4103 per
937 4005 1111 4079 humanam
1138 4016 1287 4079 naturam
1313 4020 1461 4083 nostram
1489 4013 1597 4101 gessit
1621 4010 1809 4100 unigenitus
1836 4018 1916 4080 turus
1938 4007 2076 4079 Dominus

725 4134 841 4197 noster
866 4125 985 4212 iesus,
1018 4127 1213 4218 praestitisti
1239 4122 1336 4198 nobis
1363 4127 1611 4198 innovationem
1637 4128 1729 4198 vitae
1754 4148 1888 4213 novae,
1917 4125 2078 4214 dedistique

725 4241 823 4314 nobis
850 4243 971 4337 pignus
998 4239 1140 4336 Spiritus
1168 4244 1274 4313 sancti
1299 4244 1332 4313 in
1360 4241 1516 4316 cordibus
1542 4245 1680 4316 nostris:
1714 4253 1748 4314 et
1777 4264 1913 4314 nusum
1946 4262 2007 4336 per
2027 4255 2080 4308 co-

725 4358 908 4448 gnitionem
926 4359 1064 4430 istorum
1082 4361 1328 4452 mysteriorum,
1347 4357 1608 4454 praeclarorum,
1630 4368 1833 4446 sanctorum,
1861 4358 2079 4432 vivificantium

726 4482 762 4543 et
777 4471 975 4561 divinorum,
988 4494 1050 4544 nos
1064 4470 1175 4546 iecisti
1193 4473 1313 4565 dignos
1328 4497 1389 4569 per
1401 4480 1543 4569 gratiam
1558 4484 1659 4565 tuam,
1673 4498 1747 4547 cum
1762 4497 1806 4546 ne
1820 4476 2007 4549 accedendi
2017 4474 2080 4567 qui·

726 4586 802 4658 dem
829 4587 920 4681 digni
947 4610 1111 4678 essemus,
1138 4599 1195 4661 aut
1220 4590 1276 4662 illa
1301 4591 1504 4686 perficiendi,
1530 4603 1566 4665 ut
1588 4593 1644 4664 ilia
1669 4597 1937 4689 susciperemus,
1962 4601 1996 4667 et
2015 4589 2080 4685 ΨΒ

727 4708 1065 4778 communicaremus:
1101 4727 1169 4778 non
1201 4710 1345 4802 aspicias
1371 4710 1514 4782 Domine
1540 4709 1753 4783 humilitatem
1779 4721 1814 4782 et
1839 4710 2080 4785 imbecillitatum

727 4831 888 4912 nostram,
916 4821 976 4894 sed
1003 4830 1136 4918 praesta
1162 4844 1223 4918 per
1249 4827 1392 4914 gratiam
1418 4835 1517 4914 tuam,
1546 4837 1579 4897 et
1603 4828 1839 4903 miserationes*
1864 4838 1944 4902 tuas
1968 4828 2081 4907 ubetoe,
2163 4884 2165 4901 r

727 4934 846 5032 plenas
873 4941 981 5031 gratia
1007 4938 1152 5034 Spiritus
1179 4943 1297 5030 sancti,
1323 4950 1359 5013 ut
1384 4942 1459 5015 dum
1487 4944 1695 5016 consistimus
1715 4965 1829 5016 coram
1856 4955 1895 5017 te
1923 4942 2082 5018 consatu·
2162 4972 2163 4979 ¹

727 5056 781 5126 tiis
807 5055 947 5145 mundis,
975 5065 1009 5127 et
1035 5053 1203 5130 offerimus
1226 5056 1285 5130 tibi
1307 5057 1504 5132 sacrificium
1522 5058 1586 5134 hoo
1601 5065 1728 5154 vivum,
1747 5073 1917 5156 sanctum,
1943 5066 2083 5158 anama·
2165 5135 2173 5146 ,
