4525 6034
635 551 711 623 266
1114 540 1537 624 COMMENTARIUS

635 737 742 798 Amen.
787 734 914 813 Reliqua
936 734 966 794 in
980 729 1119 791 [lubricis
1144 728 1217 789 satis
1241 725 1390 806 explicata
1413 733 1492 789 sunt.
1537 726 1643 807 Neque
1656 735 1714 790 tam
1734 728 1825 789 certis
1844 726 1963 809 legibus
1982 734 2015 790 et

637 831 907 899 consuctudinibus
931 829 1075 891 adstricta
1090 824 1248 905 disciplina
1260 824 1463 887 Ecclesiarum
1487 823 1604 887 illarum
1627 834 1685 900 est,
1707 833 1740 887 ut
1756 842 1816 887 non
1832 825 2015 889 observetur

635 934 757 997 innoxia
769 934 800 994 in
815 930 992 1011 quibusdam
1009 925 1157 1007 capitibus
1171 923 1341 988 diversitas.
1372 924 1432 987 Sed
1452 925 1481 985 in
1500 926 1671 1006 praecipuis
1685 942 1790 987 omnes
1811 927 2013 1001 consentiunt,

636 1032 753 1094 scilicet
765 1040 797 1093 ιιι
819 1048 886 1091 cum
902 1045 1015 1090 summa
1034 1024 1208 1087 reverentia
1227 1021 1407 1085 exhiheatur
1424 1042 1441 1084 a
1456 1023 1670 1086 Sacerdotibus
1689 1031 1719 1086 et
1734 1023 1877 1087 Diaconis
1890 1023 2016 1086 Eucha-

635 1131 732 1205 ristia,
746 1136 779 1191 ut
797 1126 968 1211 significent
982 1125 1061 1186 illam
1079 1141 1154 1185 vere
1173 1140 1242 1184 esse
1266 1137 1378 1212 corpus
1395 1128 1424 1183 et
1444 1125 1621 1205 sauguinem
1637 1122 1764 1185 Christi:
1788 1131 1821 1185 ut
1843 1124 2013 1185 communi·

637 1236 741 1291 cantes
765 1226 966 1290 confiteantur
979 1222 1069 1299 idem,
1093 1221 1142 1282 vel
1155 1221 1291 1302 pluribus
1304 1220 1417 1295 verhiS,
1440 1228 1473 1282 ut
1487 1221 1517 1282 in
1530 1220 1716 1302 Coptitarum
1728 1220 1940 1300 confessione,
1962 1222 2012 1284 vel

636 1327 841 1408 pauciorihuS,
861 1332 894 1386 ιιι
914 1327 943 1386 in
958 1323 1092 1404 Syriacis
1105 1319 1269 1397 Ecclesiis,
1288 1326 1338 1381 aut
1355 1319 1475 1382 tandem
1489 1321 1554 1383 sola
1568 1321 1793 1403 responsione,
1808 1321 1913 1398 Amen,
1935 1339 2014 1401 quae

637 1426 735 1487 omnia
755 1424 974 1503 complectitur,
1005 1420 1184 1501 praesertim
1214 1436 1280 1479 cum
1303 1417 1375 1479 nihil
1398 1418 1524 1500 amplius
1548 1419 1607 1482 dici
1629 1420 1727 1483 soleat
1744 1438 1760 1481 a
1777 1419 1919 1500 singulis,
1943 1420 2014 1482 dum

637 1531 856 1586 sacramentum
880 1522 1056 1601 suscipiunt.
1102 1519 1209 1599 Neque
1233 1518 1438 1579 enimomnes
1462 1517 1634 1600 singulatim
1661 1534 1699 1579 eo
1723 1525 1872 1580 momento
1899 1516 2011 1596 dicunt,

636 1631 804 1705 praeeunte
821 1620 988 1684 Sacerdote
1004 1617 1236 1682 Confessionem
1249 1618 1414 1697 integram:
1439 1615 1570 1696 alioquin
1582 1615 1716 1699 Liturgia
1730 1624 1793 1680 toto
1806 1617 1855 1678 die
1871 1617 1920 1678 vix
1937 1635 2013 1697 per-

636 1722 795 1785 ficeretur:
819 1719 873 1782 sed
886 1717 1133 1799 quemadmodum
1155 1717 1340 1797 praecipitur
1353 1716 1383 1775 in
1399 1714 1458 1777 illis
1472 1713 1757 1790 Constituiionihus,
1780 1734 1858 1795 quae
1871 1717 2012 1796 superius

636 1821 751 1884 relatae
775 1826 861 1896 sunt,
885 1817 994 1880 dicitur
1016 1817 1094 1879 elata
1117 1834 1195 1878 voce
1218 1814 1397 1891 Confessio,
1421 1834 1488 1876 cum
1510 1815 1731 1878 Ecclesiasticis
1755 1816 1923 1889 communio
1946 1815 2013 1878 dis-

637 1909 794 1995 tribuitur,
825 1926 854 1980 ιι
886 1935 991 1979 omncs
1014 1935 1074 1977 uno
1097 1903 1152 1977 ore
1176 1916 1377 1996 respondent,
1408 1934 1444 1976 ea
1474 1913 1569 1976 verba
1599 1915 1809 1988 inclamantes,
1844 1913 2013 1992 Credimus,

636 2026 667 2081 ct
688 2020 862 2099 confitemur
884 2035 976 2096 usquc
1004 2017 1047 2077 od
1075 2017 1209 2077 ultimum
1240 2017 1323 2076 vitae
1353 2015 1508 2093 spiritam:
1538 2013 1587 2075 vel
1617 2013 1731 2076 Amen.-
1762 2014 1811 2076 rel
1840 2013 2014 2094 simpliciter

638 2116 798 2179 Credimus
804 2137 818 2191 ;
841 2118 881 2179 ita
904 2133 1024 2197 quoque
1048 2116 1078 2175 in
1100 2113 1261 2175 Laicorum
1284 2120 1314 2175 et
1336 2111 1493 2175 mulierum
1516 2115 1732 2176 commuuione.
1769 2111 1843 2175 Cum
1862 2114 2014 2193 processit

639 2216 790 2279 Sacerdos
814 2222 903 2277 extra
927 2192 1080 2276 cancellos
1104 2212 1223 2290 altaris,
1246 2230 1302 2273 seu
1325 2211 1362 2273 ad
1385 2219 1503 2292 portam
1526 2212 1704 2290 sanctuarii,
1734 2211 1785 2275 uhi
1812 2212 1895 2275 Laici
1925 2231 2013 2275 com-

638 2317 806 2392 municant,
829 2317 936 2377 iterum
961 2312 1120 2376 Confessio
1152 2310 1189 2374 ad
1218 2330 1272 2374 eos
1302 2313 1535 2392 pronunciatur,
1568 2322 1694 2392 cumque
1724 2311 1836 2393 singuli
1865 2313 2014 2375 accedunt

638 2422 669 2477 ct
692 2414 885 2476 Sacramenta
915 2414 1099 2494 suscipiunt,
1130 2411 1278 2476 Sacerdos
1308 2412 1391 2488 dicit,
1421 2418 1454 2472 ut
1483 2427 1576 2492 supra
1600 2430 1640 2473 ex
1662 2409 1864 2474 Ecbmimensi
1885 2411 2015 2475 relatum

635 2519 699 2576 est:
731 2521 761 2575 et
791 2532 831 2575 ex
861 2511 1016 2587 Gabriele,
1045 2513 1071 2574 si
1100 2511 1285 2573 Eucharistia
1316 2512 1440 2574 intincta
1470 2509 1572 2586 datur,
1603 2508 1720 2590 Corpus
1754 2518 1785 2572 et
1811 2514 1953 2592 smmis,
1983 2519 2017 2574 et

639 2613 735 2691 alitcr,
760 2614 785 2675 si
809 2614 894 2694 panis
917 2620 948 2673 et
970 2612 1050 2674 calix
1073 2618 1123 2673 aut
1146 2610 1288 2673 cochlear
1310 2612 1437 2674 seorsim
1461 2610 1673 2690 praebeantur.
1720 2609 1794 2673 Cum
1824 2628 1901 2672 vero
1930 2611 2016 2673 Con-

638 2711 733 2774 fessio
758 2712 836 2773 facta
863 2717 1025 2800 censeatur
1048 2712 1179 2773 omnium
1202 2711 1322 2772 nomine
1345 2711 1598 2773 communicantes
1621 2709 1722 2772 dicunt
1750 2717 1878 2787 tantum,
1908 2711 2016 2790 Αιηιιι,

639 2817 690 2872 aut
714 2809 827 2890 Credo,
851 2810 901 2872 vel
924 2810 1039 2891 aliquas
1064 2810 1138 2873 alias
1161 2810 1322 2871 orationes.
1446 2798 1454 2806 ”

348 2919 489 2987 Dispositio
508 2926 534 2975 in
553 2939 625 2977 com·
726 2910 867 2991 Sequitur
888 2917 921 2972 ιιι
943 2910 981 2971 de
1005 2909 1204 2991 dispositione
1227 2927 1332 2970 corum
1354 2909 1405 2991 qui
1435 2907 1472 2971 ad
1501 2909 1741 2971 communionem
1769 2907 1935 2984 accedunt,
1966 2908 2018 2971 di-

313 3008 499 3061 muniminibus
535 3012 742 3084 rehabeatur,
772 3026 833 3071 non
864 3008 984 3091 quidem
1014 3008 1053 3069 de
1081 3007 1234 3085 interiori,
1269 3008 1307 3068 de
1337 3026 1395 3088 qua
1431 3008 1501 3070 libri
1533 3014 1638 3070 extant
1668 3006 1859 3087 complurcS,
1888 3023 2017 3087 quorum

314 3094 363 3145 siro
375 3102 400 3146 0‘
413 3097 497 3162 primo
510 3097 625 3148 interior.
638 3109 767 3171 omnium
790 3126 848 3170 una
871 3108 1020 3170 sententia
1043 3114 1111 3181 est;
1136 3106 1284 3168 nominem
1306 3108 1357 3187 qui
1381 3106 1507 3189 alicujus
1529 3109 1648 3188 peccati
1671 3106 1790 3168 lethalis
1809 3109 1951 3169 conscius
1974 3109 2016 3169 sit

637 3207 705 3287 ipse
728 3206 797 3282 sihi,
820 3225 913 3287 posse
938 3205 975 3266 ad
999 3223 1112 3286 corpus
1136 3213 1166 3266 et
1189 3206 1366 3288 sanguinem
1387 3204 1500 3267 Christi
1523 3205 1682 3284 accedere,
1707 3212 1865 3287 antequam
1888 3214 2018 3285 peccata

639 3305 717 3386 apud
747 3305 942 3368 Sacerdotem
973 3303 1131 3366 confessus
1163 3302 1270 3380 fucrit,
1298 3297 1477 3381 ἐπιτίμιον,
1508 3323 1564 3366 seu
1596 3304 1748 3366 Canonem
1771 3304 2017 3385 poenitentialem

639 3406 810 3486 susceperit
833 3412 864 3466 et
886 3402 1061 3484 perfecerit,
1086 3402 1369 3484 absolutionemque
1392 3403 1564 3466 obtinuerit.
1608 3402 1651 3467 lta
1675 3404 1774 3466 multis
1797 3403 1925 3466 Michael
1955 3405 2016 3466 Pa-

640 3502 773 3565 triarcha
795 3502 1002 3566 Antiochenus
1025 3502 1247 3579 Jacobitarum,
1277 3509 1346 3563 ante
1370 3519 1464 3563 annos
1492 3503 1614 3564 circiter
1644 3510 1809 3566 sexcentos
1833 3501 1961 3564 docebat
1983 3505 2017 3564 in

643 3620 738 3682 opere
760 3604 880 3665 eximio.
924 3603 971 3663 De
990 3603 1229 3682 praeparatione
1251 3603 1294 3662 ad
1315 3601 1538 3680 aucipieodam
1559 3600 1796 3676 Bochai-istium,
1819 3601 2015 3679 Ehnassalus,

644 3701 779 3763 Severus
806 3700 975 3782 Episcopus
1008 3700 1194 3762 Aschmonin
1225 3701 1255 3761 in
1279 3700 1420 3762 Tractatu
1444 3698 1596 3783 designo
1626 3701 1781 3777 Paschali,
1808 3709 1840 3764 et
1867 3700 1945 3779 alio,
1976 3701 2015 3764 de

643 3799 804 3862 Exercitiis
820 3799 1069 3862 Christianorum:
1093 3798 1240 3861 Homiliae
1263 3798 1301 3861 de
1315 3798 1429 3861 circulo
1453 3800 1522 3861 anni
1545 3799 1583 3861 ad
1604 3818 1689 3862 usum
1710 3799 1868 3864 Ecclesiae
1877 3800 2016 3863 Alexan-

643 3898 761 3974 drinae,
784 3906 817 3961 et
838 3899 997 3964 Tractatus
1022 3900 1163 3978 anonymi
1185 3897 1366 3977 complures.

349 4000 468 4054 Essenos
495 4002 628 4069 dispositio
729 3997 817 4069 Quod
840 4001 1024 4061 exteriorem
1047 3997 1276 4078 dispositionem
1298 3998 1422 4070 attinet,
1450 3997 1545 4077 prima
1568 3997 1700 4059 conditio
1723 4007 1788 4076 est,
1811 4006 1844 4061 ut
1867 4016 1953 4060 nemo
1976 3998 2015 4061 ad

313 4085 446 4152 jejunium.

641 4098 881 4160 communionem
904 4097 960 4158 nisi
979 4098 1102 4179 jejunus
1127 4094 1262 4160 accedat.
1307 4095 1492 4177 Disciplinae
1515 4094 1602 4176 huius
1619 4095 1841 4160 fundamentum
1865 4105 1911 4159 est
1926 4098 2014 4178 Apo·

640 4196 746 4259 stolica
770 4196 888 4259 traditio
912 4215 990 4278 quae
1013 4217 1054 4259 ex
1077 4196 1248 4260 Canouihus
1271 4196 1400 4276 antiquis
1423 4194 1642 4276 Apostolomm
1671 4195 1803 4260 refertur
1835 4196 1871 4257 ab
1894 4196 2015 4259 Ebnas·

640 4297 706 4360 salo
738 4315 804 4378 cap.
837 4294 886 4357 ia.
932 4296 1128 4360 Collectionis
1167 4315 1250 4358 suae.
1296 4293 1401 4357 Omnia
1427 4296 1527 4374 fidelis
1553 4315 1677 4374 operam
1706 4296 1808 4372 dubit,
1836 4304 1869 4358 ot
1896 4295 2016 4358 Sacro-

640 4398 748 4457 meatie
770 4397 967 4458 communicet
988 4404 1149 4476 antequam
1171 4394 1287 4476 aliquid
1295 4397 1470 4474 portacent.
1494 4392 1731 4458 EaConstitutio
1747 4394 1873 4457 habetur
1895 4413 2017 4477 quoque

641 4495 671 4555 in
702 4513 740 4556 eo
771 4501 961 4575 syntagmate
992 4494 1073 4574 quod
1102 4493 1271 4557 Orientales
1299 4502 1410 4556 vocant
1438 4501 1603 4575 praccepta
1626 4494 1842 4575 Apostolorum
1871 4492 2015 4557 secunda.

640 4593 746 4655 Refert
776 4592 900 4655 eosdem
936 4591 1076 4656 Canones
1106 4592 1323 4655 Ecbmimensis
1355 4591 1550 4655 Collectionis
1580 4612 1654 4656 suae
1685 4612 1752 4675 cap.
1777 4594 1827 4658 ld.
1856 4593 1942 4655 titulo
1965 4593 2016 4674 qui

642 4700 704 4754 est:
728 4692 817 4768 Quod
830 4695 946 4771 jq'uois
976 4694 1071 4755 solum
1099 4692 1300 4754 Eucbora‘sts’o
1330 4694 1580 4754 communicando
1606 4695 1663 4768 sit,
1693 4695 1825 4773 citatque
1855 4700 2017 4775 praeterea

640 4790 807 4870 Epistolam
830 4791 911 4853 Petri
933 4792 971 4852 ad
996 4790 1196 4868 Clementem,
1220 4799 1250 4853 et
1273 4789 1347 4854 Can.
1374 4789 1424 4855 19.
1454 4791 1607 4873 llippolyti
1632 4792 1766 4856 Romani.
1800 4792 1900 4855 hutor
1923 4790 2018 4854 Com-

642 4891 782 4953 mentarii
808 4889 930 4952 Arabici
959 4892 989 4953 in
1020 4891 1209 4952 Harmoniam
1239 4889 1462 4972 Evangelicam.
1508 4890 1665 4966 Quomodo
1689 4890 1827 4954 Christis
1856 4909 1967 4971 corpus
1989 4896 2019 4950 et

640 4992 817 5070 saumonem
845 5008 903 5050 suu
929 4990 1117 5070 ardiscipolis
1142 4987 1287 5068 praebuit
1308 4998 1381 5068 post
1411 5009 1494 5052 esum
1521 4989 1684 5052 Pambotis
1690 5011 1704 5065 ;
1733 4990 1822 5053 nohis
1847 5008 1922 5051 aero
1956 5005 2018 5049 non
