4525 6034
536 631 592 707 na
623 629 1010 707 aaaromnnmmn
1041 630 1298 707 irrorans,
1521 630 1596 704 aaa

224 815 324 888 modo
353 838 487 912 semper
513 840 552 890 se
578 816 771 890 habuerunt.
824 817 949 890 Verum
983 841 1025 890 ea
1058 840 1145 913 quae
1171 821 1308 912 proprie
1334 817 1503 912 loquendo
1530 817 1597 889 Li-

215 913 366 1024 lurgiam
395 937 615 1022 constituunt,
652 935 803 1006 eamdem
832 958 873 1006 ao
900 935 1099 1029 reliquorum
1127 932 1388 1007 Christianorum
1414 933 1599 1025 Liturgiae,

223 1048 363 1121 formam
390 1047 522 1122 habent.
575 1049 749 1142 Leguntur
773 1050 948 1146 Epistolae
983 1060 1016 1122 et
1040 1048 1250 1142 Evangelia,
1287 1061 1463 1146 postquam
1491 1049 1599 1120 dictae

225 1175 300 1238 suut
335 1168 505 1238 orationes
542 1167 584 1237 ad
624 1166 864 1264 implorandum
903 1169 968 1240 Dei
1009 1166 1165 1238 auxilium
1206 1166 1394 1239 ordinatae:
1440 1178 1600 1238 canuntur

224 1282 365 1371 Psalmi3
399 1283 494 1379 panis
529 1294 563 1355 et
592 1286 707 1355 vinum
741 1305 806 1354 non
839 1288 912 1356 sine
938 1306 1060 1376 magna
1086 1285 1280 1354 reverentia
1307 1282 1349 1355 ad
1376 1282 1480 1354 altare
1506 1282 1557 1354 inl
1576 1325 1599 1338 -

224 1407 356 1487 runtur,
391 1397 548 1471 diversae
587 1422 651 1495 pro
696 1398 848 1472 omuibus
888 1403 1044 1496 personis
1083 1411 1118 1471 et
1155 1398 1411 1472 necessitatibus
1447 1398 1598 1472 dicuutur

226 1517 404 1587 orationes.
457 1516 569 1609 Atque
600 1515 684 1588 haec
712 1516 754 1588 ad
773 1520 1078 1613 praeparationem
1113 1538 1233 1588 sacrae
1267 1519 1406 1589 actionis
1434 1525 1598 1611 spectant,
1697 1589 1715 1610 Α

226 1654 312 1726 quae
337 1654 406 1703 non
432 1631 532 1704 modo
562 1634 594 1703 in
622 1631 786 1728 CopticiS,
814 1632 984 1730 Syriacis,
1012 1631 1152 1727 aliisque
1180 1631 1401 1705 Orientalibus
1427 1631 1599 1724 LiturgiiS,

225 1747 285 1820 sed
312 1752 345 1819 in
367 1746 506 1819 Graecis
525 1747 719 1844 Latinisque
746 1752 981 1845 cujuscumque
1007 1751 1100 1837 ritus,
1127 1748 1248 1820 eodem
1273 1748 1373 1819 modo
1400 1746 1447 1837 fit,
1474 1759 1508 1820 et
1533 1750 1599 1820 iis-

226 1862 300 1935 dem
328 1885 432 1958 saepe
457 1863 585 1952 verbis,
611 1888 677 1937 una
705 1877 798 1937 certe
824 1866 1008 1960 eademque
1035 1867 1208 1936 sententia.

328 1980 450 2053 XXIII.
502 1982 656 2054 Actionis
685 2004 803 2054 sacrae
837 1985 962 2053 initium
997 1980 1125 2052 ducitur
1162 1980 1203 2052 ab
1239 1980 1355 2052 osculo
1388 1984 1483 2076 pacis
1510 1980 1598 2078 apud
1629 1986 1922 2085 ΙΕιιιι]ιιιῑιιιιιι·

226 2093 458 2185 Nestorianos,
484 2108 521 2168 ut
547 2097 635 2193 apud
662 2098 810 2192 reliquos
839 2096 1046 2170 Orientalcs:
1080 2100 1230 2191 sequitur
1266 2095 1452 2168 adhortatio
1479 2090 1711 2170 solen-⁰¹¹³lle·

225 2199 277 2283 nis
304 2210 444 2283 Sursum
472 2214 591 2302 cordo,
620 2221 683 2286 cte.
712 2237 798 2308 quae
824 2213 946 2310 ubique
974 2224 1007 2285 et
1033 2235 1167 2307 semper
1195 2213 1377 2286 observata
1403 2211 1508 2284 luisse
1535 2235 1599 2284 re-

224 2331 365 2422 peritur:
411 2351 551 2423 eamque
592 2335 741 2425 sequitur
781 2334 888 2403 oratio
921 2350 1007 2424 quae
1049 2328 1136 2424 apud
1172 2351 1236 2402 nos
1271 2329 1477 2422 Praefatio,
1512 2329 1599 2425 apud

226 2443 354 2516 Gothos
388 2455 422 2516 et
465 2446 549 2518 alios
593 2446 807 2517 contestatio
853 2446 1046 2543 appellatur.
1105 2444 1157 2519 Ea
1196 2442 1311 2519 laudes
1348 2454 1383 2516 et
1419 2446 1600 2536 gratiarum

224 2563 373 2632 actiones
400 2565 549 2633 continet
574 2585 637 2657 pro
665 2561 817 2634 omnihus
844 2562 1013 2635 beneficiis
1045 2560 1188 2634 humano
1223 2566 1342 2654 generi
1370 2586 1389 2634 a
1417 2563 1493 2634 Deo
1520 2560 1599 2633 col-

223 2674 316 2765 latis,
353 2688 386 2748 et
418 2680 451 2748 in
486 2676 674 2752 Cherubico
710 2679 833 2774 hymno
867 2678 1005 2767 desinit,
1042 2677 1210 2766 Sanctus,
1245 2678 1412 2766 Sanctus,
1440 2677 1598 2749 Sanctus.

223 2791 350 2865 Variae
375 2811 477 2889 porro
505 2806 580 2867 sunt
605 2799 639 2867 in
666 2795 817 2868 omnibus
851 2806 916 2867 tam
945 2792 1169 2867 Orientalibus
1203 2817 1300 2889 quam
1329 2793 1598 2867 Occidentalibus

225 2909 359 2996 Officiis,
379 2910 621 2997 PraelatIoues
649 2917 679 2984 si
695 2912 802 2985 verba
824 2910 1034 3001 attendImus,
1057 2910 1118 2982 sed
1137 2932 1253 2983 omnes
1269 2913 1363 2985 unius
1395 2920 1470 2983 sunt
1497 2913 1596 3002 ejus-

114 3095 118 3098 .
224 3025 367 3121 demque
385 3031 582 3116 sententiae,
604 3050 672 3100 non
692 3033 798 3101 minus
815 3051 913 3123 quam
939 3025 1088 3122 reliquae
1105 3031 1275 3101 orationes
1290 3049 1376 3123 quae
1403 3037 1595 3122 sequuntur,

223 3164 330 3237 usque
358 3142 400 3213 ad
426 3147 726 3239 pronuntiationem
754 3143 937 3216 verborum
954 3143 1078 3218 Christi
1104 3146 1246 3217 Domini.
1298 3144 1336 3215 ln
1353 3143 1471 3216 codice
1489 3143 1598 3231 Eliae,

224 3270 261 3329 ut
287 3262 439 3354 superlus
465 3265 667 3348 notavimus,
695 3260 813 3332 desunt
837 3259 918 3333 folia
945 3264 1078 3332 circiter
1105 3260 1181 3348 duo,
1210 3270 1244 3332 et
1270 3283 1311 3332 ea
1336 3260 1483 3356 suppleri
1510 3283 1598 3357 pos-

224 3386 300 3447 sunt
327 3399 373 3447 ex
400 3376 486 3466 aliis,
514 3387 668 3470 quantum
695 3377 926 3450 adorationes
954 3399 1040 3472 quae
1058 3377 1275 3473 praecedunt,
1301 3376 1389 3449 illam
1411 3400 1457 3449 ex
1471 3377 1594 3449 Evan-

224 3491 322 3582 geliis
349 3495 543 3588 pericopen,
573 3492 639 3578 Qut
661 3495 777 3586 pridie
804 3517 904 3587 quom
924 3501 1118 3588 poteretur.
1171 3492 1259 3564 Nam
1284 3492 1390 3566 luisse
1414 3493 1597 3585 Liturgiam

225 3607 368 3703 aliquam
394 3611 427 3679 in
455 3632 520 3704 qua
548 3613 775 3682 omitterentur
801 3609 908 3682 verba
936 3610 1069 3698 Christi,
1095 3608 1273 3683 inauditum
1293 3632 1432 3705 prorsus
1451 3611 1598 3702 antiqui-

225 3734 302 3811 tus,
330 3733 363 3796 et
390 3734 507 3797 contra
534 3728 677 3797 omnium
703 3726 948 3816 Ecclesiarum,
990 3730 1056 3800 imo
1092 3735 1126 3798 et
1158 3729 1261 3821 Ipsius
1295 3725 1337 3797 de
1372 3750 1437 3821 qua
1468 3729 1598 3817 agimus

225 3840 448 3913 Nestorianae
476 3842 692 3938 dIsciplinam,
721 3867 807 3938 quae
833 3867 879 3916 ex
905 3843 1074 3917 Theodori
1102 3855 1136 3916 et
1162 3842 1484 3935 Nestoriihiturgiis
1512 3864 1598 3938 per-

226 3961 341 4052 spIcue
368 3962 571 4051 agnoscitur.
624 3959 671 4033 At
697 3960 783 4054 quod
809 3959 939 4033 illorum
965 3959 1106 4033 lormam
1133 3962 1300 4032 immutari
1326 3961 1439 4033 sanxit
1455 3959 1598 4031 Alexius

225 4074 410 4161 MenesiuS,
437 4085 472 4147 ut
485 4074 637 4147 Romana
665 4074 930 4167 substitueretur,
955 4080 1176 4169 nonmajoris
1197 4078 1381 4148 autoritatIs
1409 4084 1472 4163 est,
1501 4096 1598 4167 quam

225 4195 375 4264 rationes
404 4191 477 4263 talis
504 4192 788 4287 iuterpolationis,
822 4216 905 4287 quas
940 4199 973 4266 in
1000 4194 1156 4266 Decretis
1183 4192 1313 4288 Synodi
1339 4190 1597 4285 Diamperanae,

118 4385 120 4388 ,
226 4310 281 4401 qui
307 4308 484 4381 scribendo
513 4308 662 4396 aderant,
689 4317 807 4380 extare
825 4309 1021 4381 noluerunt.
1074 4309 1127 4381 De
1154 4307 1218 4382 illis
1233 4311 1303 4400 jam
1326 4306 1484 4378 nonnulla
1511 4304 1598 4377 dicta

226 4433 314 4514 sunt,
341 4435 375 4496 et
402 4428 434 4496 in
461 4429 548 4497 notis
575 4425 671 4522 plura
698 4426 856 4497 dicentur.

329 4541 452 4614 XXIV.
507 4542 771 4617 Observavimus
799 4565 932 4647 quoque
957 4545 1211 4617 Invocationem
1237 4542 1382 4638 Spiritus
1409 4541 1529 4630 sancti,
1563 4541 1597 4609 in
1652 4566 1785 4618 rnatum
1809 4566 1920 4633 spa-nu,

226 4661 332 4753 prima
358 4658 506 4752 Liturgia
532 4682 574 4732 eo
601 4658 679 4730 loco
706 4663 868 4754 positam,
894 4658 950 4731 uhi
975 4660 1080 4752 vulgo
1107 4682 1176 4731 non
1206 4657 1344 4750 legitur,
1377 4656 1503 4730 scilicet
1530 4653 1920 4752 an-“fssciisst‘if‘fflffi‘us-

227 4786 358 4871 tequam
385 4780 644 4872 pronunciantur
669 4774 776 4848 verba
805 4776 926 4850 Christi
952 4778 1095 4849 Domini.
1149 4776 1273 4848 Postea
1296 4797 1382 4848 vero
1409 4795 1476 4844 non
1502 4772 1596 4864 legi·
1610 4754 1654 4806 ⁸¹⁸
1663 4747 1831 4807 praetentum
1843 4739 1919 4792 ΟΜ

227 4900 296 4981 tur,
322 4901 358 4962 ut
383 4895 415 4962 in
444 4891 571 4965 duabus
605 4892 738 4982 alteria,
774 4901 807 4963 et
840 4895 874 4963 in
909 4892 1061 4966 omnibus
1096 4889 1330 4964 Orientalibus.
1384 4890 1421 4961 ht
1455 4889 1595 4987 Coptica

225 5007 340 5080 Basilii
367 5033 452 5104 quae
478 5010 614 5082 duarum
642 5010 778 5081 aliarum
807 5008 925 5081 Canon
958 5020 1028 5100 est,
1063 5013 1240 5080 Invocatur
1274 5006 1415 5136 §piritus
1449 5018 1595 5096 sanctuS,

225 5135 261 5196 ut
288 5123 457 5198 offerenda
485 5127 572 5198 dona
601 5137 797 5218 consecret,
825 5136 859 5199 et
886 5125 1002 5198 efficiat
1028 5147 1151 5222 corpus
1178 5134 1212 5197 ot
1238 5128 1432 5216 sanguinem
1456 5124 1594 5198 ChrIsti:

1306 5241 1388 5318 75*

1609 4829 1641 4879 sti
1660 4827 1754 4880 verbis.
