4525 6034
694 545 771 620 276
1190 545 1557 648 irrorari

796 689 979 806 Sacerdos.
1032 732 1171 806 Sursum
1197 732 1311 805 corda.

791 848 959 943 »Populus
1011 848 1181 923 Habemus
1209 850 1250 922 ad
1276 849 1464 923 Dominum.

796 965 978 1038 Sacerdos.
1032 966 1167 1040 Gratias
1194 988 1333 1059 agamus
1359 967 1444 1038 Deo.

796 1082 958 1174 Populus.
1011 1082 1157 1175 Dignum
1184 1092 1218 1153 et
1240 1085 1362 1174 justum
1389 1091 1450 1154 est.

795 1198 970 1271 Sacerdos
996 1200 1187 1271 inclinatos.
1241 1199 1316 1271 Tibi
1351 1201 1436 1270 enim
1467 1221 1567 1286 vere,
1604 1208 1638 1271 et
1668 1200 1885 1293 nequissime,
1920 1196 2055 1272 debetur

692 1313 800 1408 gloria
827 1326 861 1387 et
887 1316 1049 1404 adoratio,
1076 1319 1153 1411 quia
1168 1314 1360 1387 benedictus
1387 1338 1426 1388 es
1442 1315 1549 1406 Deus,
1575 1325 1609 1388 et
1626 1314 1741 1412 opifex
1759 1320 1914 1401 omnium,
1941 1316 2055 1388 Dens-

692 1454 757 1527 qoe
783 1455 883 1527 super
910 1435 1028 1506 omnia.

795 1549 945 1621 Eleoooa
970 1572 1095 1620 vocem.
1149 1548 1280 1621 Laudat
1314 1558 1349 1620 te
1380 1550 1523 1621 Domine
1550 1547 1700 1636 coelum,
1733 1547 1822 1644 quod
1854 1559 1907 1621 est
1940 1550 2056 1625 solium

692 1668 875 1757 majestatis
903 1677 996 1737 tuae:
1024 1675 1057 1737 et
1084 1675 1183 1752 terra,
1211 1686 1297 1760 quas
1324 1676 1377 1737 est
1402 1662 1582 1737 scabellum
1609 1661 1671 1736 sub
1696 1661 1836 1759 pedibus
1854 1668 1928 1737 tuis.
1959 1666 2056 1739 Lau-

693 1779 749 1852 dat
774 1782 906 1874 quidem
933 1791 1034 1869 terra,
1061 1792 1095 1852 et
1121 1780 1239 1854 adorat
1264 1803 1386 1853 nomen
1412 1791 1502 1853 tuum
1528 1785 1563 1852 in
1587 1779 1651 1853 bac
1678 1777 1842 1867 Ecclesia,
1876 1804 1964 1876 qnae
1999 1807 2056 1856 oro

692 1895 833 1968 tiliorum
867 1920 1000 1969 suorum
1033 1897 1176 1994 hymnos
1209 1895 1266 1968 tibi
1298 1901 1403 1986 canit,
1440 1920 1502 1994 per
1534 1907 1663 1969 coetum
1698 1895 1957 1992 Prophetarum,
1997 1923 2056 1996 per

694 2035 814 2104 agmen
854 2014 1114 2109 Apostolorum,
1155 2016 1331 2110 passiones
1369 2015 1573 2110 Martyrum,
1622 2011 1764 2086 Ordines
1802 2013 2055 2105 consessorum,

692 2128 911 2222 Theologiam
944 2131 1144 2219 Doctorum,
1171 2143 1296 2204 rectam
1329 2132 1465 2203 mendi
1497 2133 1659 2202 rationem
1690 2128 1957 2222 Religiosorum3
1988 2156 2055 2229 pa-

691 2248 839 2318 tientiam
872 2245 1057 2335 coelibum,
1092 2252 1276 2320 exercitum
1305 2250 1486 2340 Justorom,
1524 2255 1655 2319 coetuum
1686 2246 1899 2335 Sanctorum,
1937 2259 2055 2322 statuum

692 2383 872 2457 moresque
898 2361 1055 2434 bdelium:
1083 2363 1213 2435 coelum
1239 2372 1358 2452 autem,
1385 2368 1418 2436 iu
1433 2362 1587 2436 Ecclesia
1613 2361 1668 2434 illa
1685 2361 1833 2448 excelsa,
1858 2361 1915 2434 ubi
1943 2368 2056 2460 scripti

692 2487 768 2550 suut
793 2481 1005 2572 primogeniti
1037 2482 1083 2549 tui
1111 2483 1144 2550 in
1170 2479 1262 2552 libris
1300 2484 1423 2552 sanctis
1449 2483 1523 2552 tuis.
1576 2477 1614 2550 ln
1640 2501 1683 2550 ea
1709 2500 1831 2573 nempe
1855 2477 2055 2570 glorificaris

692 2593 902 2686 Angelomm
929 2593 1099 2682 cantibus,
1132 2594 1422 2688 Ambangelorum
1451 2594 1579 2687 jubilis,
1614 2592 1791 2668 Cherubim
1821 2595 2055 2669 concentibus:

691 2709 935 2804 Principatuum
962 2708 1164 2803 fortitudine,
1191 2713 1396 2785 Potestatom
1423 2711 1548 2805 gloria:
1575 2710 1785 2783 Thronorum
1807 2709 1959 2802 fulgore:
1977 2712 2054 2786 Do-

691 2829 906 2898 minationum
941 2826 1080 2900 decore:
1117 2827 1239 2899 ardore
1270 2828 1457 2921 legionum:
1484 2831 1569 2899 inter
1604 2831 1735 2932 agmina
1764 2829 1934 2909 viobioin,
1967 2850 2054 2900 ooe-

689 2952 744 3015 tus
770 2942 1005 3038 perlectorum,
1032 2947 1117 3015 inter
1143 2941 1239 3034 festa,
1266 2954 1301 3016 et
1325 2943 1447 3037 gaudia
1474 2945 1684 3032 Sanctorum,
1711 2944 2054 3041 sanctificationesque

690 3057 876 3156 Seraphim,
903 3062 958 3154 qui
985 3062 1075 3132 senis
1101 3059 1174 3147 alis,
1201 3070 1235 3133 et
1259 3081 1348 3132 voce
1373 3060 1590 3150 nitidissima,
1615 3059 1769 3149 laudant,
1796 3060 1958 3150 clamant,
1984 3085 2052 3134 vo-

689 3174 879 3265 ciferantur,
906 3186 940 3248 et
965 3176 1085 3248 dicunt.

794 3292 954 3387 Populos.
1007 3291 1160 3366 Sanctum.

796 3408 971 3480 Sacerdos
994 3410 1185 3481 inclinatas.
1238 3407 1391 3496 Sanctus,
1418 3408 1574 3500 Sanctus,
1599 3407 1741 3482 Sanctus
1765 3411 1858 3483 Dens
1885 3413 2049 3501 excelsos,

692 3535 827 3599 sanoms
854 3528 985 3620 inquam
1013 3527 1068 3620 qui
1094 3537 1146 3597 ter
1165 3523 1401 3614 sanctificatus,
1427 3536 1461 3598 et
1479 3534 1640 3621 perpetuo
1656 3525 1837 3600 laudandus
1863 3539 1927 3599 est
1955 3529 2050 3601 Pater

693 3650 829 3715 sauctus
856 3644 1004 3732 genitor:
1031 3652 1066 3713 et
1091 3664 1159 3714 uon
1184 3645 1333 3735 genitus:
1360 3640 1463 3713 Filius
1497 3649 1630 3714 sanctus
1656 3646 1804 3735 genibus,
1831 3653 1864 3714 et
1890 3664 1960 3714 non
1983 3666 2047 3736 ge-

690 3760 791 3845 nitor,
817 3755 959 3852 Spiritus
986 3760 1085 3830 etiam
1112 3767 1259 3846 sanctu,
1284 3757 1459 3829 vivificans
1487 3767 1520 3829 et
1546 3757 1743 3830 adorandus.
1795 3758 1976 3830 Sanctifica
1990 3779 2046 3830 nos

691 3874 802 3964 igitur,
829 3872 966 3960 Sancte,
993 3877 1048 3969 qui
1075 3879 1184 3947 omnia
1211 3873 1411 3965 sanctificas,
1437 3883 1472 3944 ut
1497 3878 1614 3970 parati,
1642 3883 1793 3947 streete
1819 3873 1975 3970 dispositi
1999 3878 2046 3944 si-

693 4011 766 4061 mus
801 3992 835 4060 in
867 3993 1061 4078 sanctitate,
1099 3991 1142 4063 ad
1173 3993 1363 4063 convivium
1395 3983 1492 4064 istum
1525 3993 1615 4078 vita,
1646 3999 1681 4062 et
1713 3993 1877 4063 suavitate
1908 3989 2045 4086 plenum,

691 4107 850 4198 unigeniti
875 4106 950 4178 Filii
977 4110 1035 4196 toi,
1060 4106 1194 4179 Domini
1221 4110 1325 4181 nostri
1351 4106 1434 4179 lesu
1460 4104 1593 4193 Christi,
1620 4110 1674 4201 qui
1700 4129 1784 4179 uuus
1809 4118 1873 4195 est,
1901 4107 1945 4178 de
1970 4106 2044 4178 Tri-

691 4225 794 4295 nitate
820 4233 954 4295 sancta:
990 4232 1024 4295 et
1058 4225 1099 4296 ad
1126 4226 1387 4297 communionem
1423 4226 1656 4318 mysteriorum
1684 4227 1756 4316 eJus
1782 4234 1986 4309 sanctornm,
2015 4218 2076 4294 ot'

691 4339 936 4412 vivificantium.
989 4341 1154 4427 Quicum
1189 4340 1290 4413 homo
1315 4341 1485 4412 voluntate
1515 4360 1575 4411 sua
1609 4338 1717 4412 faetus
1752 4350 1860 4428 esset,
1896 4351 1931 4412 et
1957 4360 2043 4412 mone

691 4451 834 4528 humano
861 4454 1033 4543 edocatus,
1060 4478 1127 4529 non
1153 4457 1283 4550 gloriae
1310 4456 1555 4529 diminutionem
1582 4466 1638 4527 aot
1664 4455 1841 4527 divinitatis
1869 4455 2042 4529 detrimen·

662 4580 759 4680 xtum
786 4593 907 4668 passus
934 4583 996 4660 est,
1024 4572 1084 4645 sed
1110 4578 1299 4647 incarnatus
1326 4575 1496 4658 existens,
1529 4573 1627 4643 etiam
1660 4583 1734 4643 erat
1764 4570 1843 4643 illud
1878 4572 1965 4667 quod
1989 4569 2040 4642 init

691 4684 845 4778 verbum,
871 4692 1044 4784 sapientia,
1071 4701 1105 4762 et
1119 4694 1225 4765 virtus
1250 4692 1314 4763 Dei
1340 4687 1545 4776 namraliter,
1571 4698 1604 4759 et
1629 4687 1898 4778 substantialiter,
1924 4690 2039 4761 etiamsi

693 4807 882 4900 accepisset
912 4802 1051 4878 formam
1086 4809 1198 4896 servi,
1237 4806 1280 4879 ad
1317 4804 1455 4879 salutem
1492 4826 1612 4899 nempe
1649 4807 1740 4876 vitae
1778 4814 1923 4878 nostrae.
1972 4806 2038 4901 lpse

691 4922 792 5013 igitur
818 4931 894 4993 ante
920 4925 1113 5018 passionem
1139 4946 1232 4997 suam
1259 4922 1436 4997 salutarem
1463 4924 1591 5016 aceepit
1616 4943 1735 5017 panem
1760 4925 1795 4993 in
1828 4944 1944 4994 manus
1969 4939 2036 4992 suas

694 5046 840 5127 sanctas,
867 5044 888 5120 †
914 5047 949 5110 et
973 5035 1153 5130 benedixit,
1180 5046 1201 5122 †
1228 5049 1262 5112 et
1286 5037 1397 5131 fregit,
1431 5044 1452 5120 τ
1477 5036 1672 5139 tradiditque
1697 5041 1732 5109 io
1756 5059 1872 5111 manus
1898 5037 2033 5131 discipu-
