4525 6034
571 588 628 703 ,m
646 587 854 666 inanum
870 585 1065 666 corrrom
1081 588 1112 666 s
1129 588 1276 666 risun
1540 591 1613 668 aar

239 770 289 833 illa
311 778 398 834 veste
420 769 586 847 Albonica,
609 790 665 835 seu
688 770 826 836 Camasio
848 789 910 835 non
932 780 1089 836 uterentur
1110 772 1140 833 in
1169 772 1336 836 ministerio
1357 774 1529 856 liturgico,
1557 776 1614 840 sed

238 878 352 933 tantum
374 871 405 933 in
426 870 569 951 precibus
591 870 735 951 publicis,
759 890 799 933 ex
821 869 981 953 disciplina
1002 870 1164 952 peculiari3
1195 873 1281 954 cujus
1311 873 1471 956 imaginem
1501 875 1613 939 obser-

237 987 314 1033 vare
335 970 407 1032 licet
429 970 509 1050 apud
530 977 652 1033 nostros
675 970 821 1051 quosdam
845 970 1028 1052 Religiosos.
1072 969 1191 1033 illarum
1220 973 1349 1034 vestium
1379 989 1484 1034 sacras
1512 975 1611 1058 signi·

236 1069 393 1132 ficationes
416 1069 569 1150 explicant
590 1071 704 1150 passim
727 1078 869 1147 autores,
892 1068 998 1131 mem
1021 1087 1120 1149 prope
1142 1070 1232 1133 modo
1256 1087 1292 1133 ao
1315 1069 1426 1132 Graeci
1449 1088 1531 1136 suas.
1564 1074 1611 1137 De

235 1169 294 1231 illis
319 1167 535 1231 Echmimensis
558 1187 598 1231 ex
621 1167 795 1231 canonibus
816 1167 1001 1246 Athanasio,
1028 1167 1202 1248 basilioque
1224 1168 1364 1247 tributis,
1393 1175 1455 1231 tum
1477 1189 1518 1233 ex
1542 1175 1613 1254 qui-
1660 1129 1724 1202 σῃ
1735 1132 1778 1185 10.
1790 1134 1821 1194 ’θ’
1835 1136 1863 1186 ⁵⁸

235 1268 364 1331 busdam
385 1266 582 1347 Apostolicis.
605 1268 639 1330 ln
661 1268 719 1330 illis
741 1285 835 1349 porro
859 1274 890 1329 et
913 1267 978 1328 aliis
1002 1267 1179 1329 testimoniis
1215 1285 1276 1330 non
1306 1269 1419 1350 exigua
1442 1276 1490 1332 est
1511 1272 1614 1334 nomi-

234 1384 307 1428 num
329 1365 529 1429 Arabicarum
552 1369 751 1448 permutatio,
781 1367 851 1447 quia
873 1366 926 1427 uix
954 1365 1015 1427 ullo
1045 1366 1119 1429 satis
1148 1368 1343 1448 exprimitur,
1374 1367 1532 1448 Copticum
1561 1378 1613 1433 aut

235 1465 404 1545 Graecum,
427 1468 476 1528 cui
497 1465 713 1547 respondeant.
736 1464 797 1530 Sed
819 1467 850 1528 in
872 1466 937 1527 istis
960 1463 1070 1528 diutius
1093 1466 1245 1527 immorari
1269 1483 1332 1529 non
1353 1466 1474 1529 videtur
1496 1486 1613 1549 operae

234 1566 384 1646 pretium,
408 1583 476 1627 cum
498 1565 621 1646 antiqua
643 1563 740 1627 torma
772 1585 812 1628 en
840 1573 977 1627 autorum
1005 1564 1261 1646 descriptionibus
1291 1584 1353 1629 non
1380 1567 1454 1629 satis
1484 1566 1614 1652 intelligi

234 1664 355 1745 possit:
377 1665 533 1728 recentior
554 1665 675 1745 paulurn
697 1665 849 1727 immutata
872 1664 910 1725 ab
932 1662 1060 1727 oculatis
1083 1667 1184 1745 potius
1200 1665 1344 1739 testibus,
1368 1682 1458 1746 quam
1472 1686 1513 1729 ex
1526 1665 1613 1731 libris

234 1764 369 1844 petenda
391 1765 439 1828 sit.
462 1763 569 1826 Omnia
591 1771 690 1826 autem
712 1764 884 1826 indumenta
906 1763 956 1825 illa
986 1780 1076 1825 sacra
1111 1762 1237 1826 Graecis
1266 1765 1453 1845 potissimmn
1481 1783 1614 1846 respou-

233 1862 318 1925 dent.
342 1862 417 1924 Nam
438 1862 512 1924 illud
534 1863 615 1944 quod
637 1870 793 1943 postremo
815 1862 885 1926 looo
908 1862 1091 1942 explicatum
1114 1871 1177 1942 est,
1199 1863 1326 1945 proprie
1336 1863 1509 1944 respondet
1520 1866 1614 1927 Φαι-

232 1957 331 2044 νολίῳ
344 1980 401 2024 seu
417 1955 573 2042 Φελονίῳ,
587 1978 676 2042 quam
698 1979 804 2024 vocem
817 1963 943 2041 exponit
962 1961 1163 2040 Glossarium
1185 1963 1281 2042 ipsam
1294 1964 1389 2026 vestis
1404 1980 1513 2027 sacrae
1530 1964 1614 2048 tigu-

232 2079 297 2123 ram
319 2068 532 2142 repraesentat
546 2059 690 2136 Goarius3
714 2068 821 2140 estque
836 2059 946 2123 Casula
963 2064 1085 2142 antiqua
1099 2069 1156 2124 se'u
1168 2063 1291 2143 planeta
1309 2063 1493 2126 Latinorum.
1515 2062 1613 2125 Prima

232 2161 327 2223 vestis
351 2176 432 2241 quae
455 2160 552 2222 Albae
575 2167 698 2222 nostrae
721 2159 902 2240 respondet,
927 2167 974 2222 est
996 2161 1123 2241 proprie
1146 2160 1299 2241 loquendo
1323 2148 1613 2248 stupratoresque:

234 2278 342 2323 vocem
367 2258 487 2322 Arabes
511 2258 672 2321 Christiani
694 2266 910 2337 servaverunt,
933 2267 964 2321 et
986 2277 1052 2321 eam
1073 2258 1290 2323 Eebmimensis
1312 2279 1370 2341 per
1398 2260 1518 2337 Hamas,
1545 2261 1612 2326 sive

234 2358 403 2421 [tamisiam
425 2357 558 2438 explicat
579 2357 648 2420 loco
672 2358 774 2421 citato.
797 2357 935 2421 Marsicae
950 2359 1016 2421 sive
1028 2346 1235 2436 Ἐπιμανίκια
1250 2359 1378 2423 uinculis
1397 2361 1523 2424 sericeis
1543 2361 1613 2424 alli-

235 2466 365 2542 gantur,
389 2456 426 2518 ad
448 2457 646 2537 significanda
669 2457 789 2520 vincula
812 2458 921 2538 quibus
944 2456 1081 2520 Christus
1104 2458 1216 2540 ligatus
1231 2467 1294 2537 est,
1318 2459 1399 2522 unde
1414 2466 1543 2540 apparet
1558 2477 1611 2522 eas

236 2558 272 2620 ad
295 2556 485 2620 Graecorum
506 2555 631 2618 sormam
653 2556 758 2619 lactas.
784 2557 885 2619 litsan
906 2557 972 2620 sive
994 2556 1117 2637 Epomis
1142 2558 1300 2621 amiculum
1323 2566 1386 2639 est,
1416 2564 1450 2619 ut
1473 2558 1611 2639 diximus,

234 2658 408 2739 adjunctum
429 2655 544 2718 habens
567 2657 741 2737 capucium,
764 2663 797 2718 ut
820 2657 862 2719 ait
882 2654 1110 2719 Echmimensis
1156 2657 1240 2722 Stola
1262 2657 1342 2721 eollo
1366 2659 1611 2739 circumponitur,

235 2764 326 2837 atque
348 2754 381 2818 in
403 2757 502 2819 crucis
524 2754 649 2818 sormam
671 2757 754 2818 circa
775 2756 918 2819 humeros
941 2755 1137 2835 decussatur,
1159 2764 1192 2819 ut
1206 2764 1417 2839 repraesentat
1433 2773 1500 2820 eam
1513 2756 1611 2841 ligura

236 2857 315 2937 apud
338 2856 492 2918 Goarium.
515 2854 629 2917 blentio
652 2855 683 2918 lit
705 2864 867 2936 praeterea
890 2853 1009 2919 Cidaris
1031 2874 1121 2937 quam
1144 2855 1295 2921 Sacerdos
1318 2857 1444 2937 imponit
1466 2856 1565 2937 capiti,
1581 2862 1612 2919 et

236 2973 314 3036 quae
337 2955 499 3017 cruciculis
521 2963 627 3018 ornata
650 2963 713 3035 est,
738 2955 818 3037 apud
841 2956 979 3019 eumdem
1000 2954 1249 3019 Echmimensem.
1283 2956 1395 3021 Omnes
1419 2963 1518 3018 autem
1541 2955 1611 3019 illae

235 3061 356 3134 vestes,
380 3061 524 3135 quantum
545 3052 628 3116 serre
658 3062 761 3135 potest
782 3054 988 3117 Ecclesiamm
1019 3053 1163 3134 facultas,
1193 3057 1349 3136 pretiosae
1378 3054 1500 3118 fuerunt
1530 3054 1612 3132 olim,

235 3161 266 3217 et
288 3161 359 3215 sunt
381 3154 551 3216 etiamnum.
576 3151 743 3216 Servantur
764 3170 875 3237 magna
898 3171 989 3232 eura,
1011 3170 1112 3234 neque
1136 3161 1222 3217 extra
1242 3153 1410 3217 Ecclesiam
1433 3161 1484 3214 aut
1498 3152 1613 3217 Secre-

236 3254 343 3315 tarium
365 3251 525 3315 transferri
554 3252 682 3332 dehent,
706 3253 795 3334 juxta
824 3253 963 3333 antiquos
994 3259 1027 3315 et
1054 3271 1149 3334 saepe
1178 3259 1343 3316 renovatos
1371 3251 1530 3333 Canones,
1560 3253 1613 3333 qui

132 3348 136 3360 '
236 3351 412 3434 Apostolis,
436 3350 628 3432 antiquisque
642 3351 781 3413 Patribus
793 3352 974 3418 tribuuntur.
997 3351 1214 3415 Benedictione
1228 3350 1403 3433 Episcopali
1420 3368 1610 3415 consecran-

237 3461 300 3530 tur,
322 3459 357 3513 ut
379 3453 477 3513 omnia
501 3468 580 3531 quae
604 3450 642 3512 ad
665 3468 785 3513 sacrum
808 3451 1003 3514 ministerium
1025 3452 1188 3531 pertinent.
1229 3449 1260 3514 Si
1283 3450 1320 3512 ab
1344 3451 1521 3530 haereticis,
1552 3450 1611 3512 boc

236 3559 283 3613 est
310 3551 453 3613 diversae
481 3550 698 3613 communionis
728 3549 895 3612 hominibus
921 3556 1087 3631 usurpatae
1116 3548 1228 3613 fuerint
1251 3548 1462 3614 Sacerdotales
1495 3556 1609 3629 vestes,

236 3667 289 3711 eas
311 3648 456 3731 profanas
479 3650 666 3723 existimant,
693 3655 725 3710 et
747 3649 871 3729 expiant
893 3650 985 3711 certis
1008 3648 1196 3711 orationibus
1218 3649 1268 3712 vel
1291 3649 1416 3711 llamrnis
1440 3649 1609 3711 absumunt.

235 3748 278 3811 lta
300 3751 332 3811 in
354 3749 424 3810 Vita
447 3747 558 3810 Chailis
581 3746 774 3810 Patriarebae
796 3745 994 3809 Alexandrini
1015 3746 1091 3810 LVI.
1114 3747 1238 3831 legitur,
1266 3747 1420 3811 lacobitas
1444 3764 1462 3808 a
1484 3747 1609 3811 Sultano

236 3847 418 3927 obtinuisse,
445 3855 480 3909 ct
499 3866 556 3908 sec
577 3846 797 3927 Episcoporrma
818 3845 1026 3908 Metabitomm
1047 3836 1148 3908 vestes
1168 3846 1384 3910 Sacerdotem:
1411 3847 1477 3927 ipni
1503 3847 1611 3908 bude-

235 3956 348 4008 reatur.
371 3946 454 4010 lnter
475 3945 674 4026 Episcopales
698 3952 729 4008 et
757 3943 970 4009 Sacerdotales
1000 3945 1038 4007 ad
1065 3944 1277 4009 celebrandam
1303 3945 1468 4029 Liturgiam
1497 3947 1611 4028 exigua

235 4044 407 4108 differentia
430 4053 493 4123 est,
517 4052 548 4107 et
569 4046 600 4107 in
623 4047 690 4125 ipsa
712 4042 810 4106 lorma
832 4043 980 4106 exteriori
997 4060 1096 4124 prope
1111 4043 1209 4108 nulla:
1233 4044 1459 4129 distinguuntur
1475 4044 1608 4124 circulis,

234 4142 350 4220 limbis,
373 4153 405 4207 et
427 4143 568 4206 crucibus
590 4151 625 4206 ut
647 4142 728 4225 apud
750 4142 896 4206 Graecos.

586 4404 686 4474 Mitte
711 4403 793 4474 milri
817 4406 977 4474 virtatem
1003 4426 1049 4474 ec
1075 4403 1158 4490 otto,
1186 4407 1250 4473 etc.

329 4614 367 4692 h
390 4624 502 4688 codice
525 4623 576 4705 qui
599 4621 737 4684 rubricas
760 4641 867 4687 omnes
897 4623 989 4687 hebet
1013 4623 1100 4706 juxta
1130 4625 1343 4689 recensionem
1372 4624 1523 4689 Gabrielis
1551 4626 1613 4688 Pa-

235 4729 401 4807 triarchae,
425 4734 564 4805 notatur,
588 4725 785 4790 Sacerdotem
808 4744 876 4788 curn
899 4727 936 4789 ad
959 4726 1037 4789 haec
1059 4727 1156 4789 verba
1173 4730 1365 4808 pervenerit,
1387 4746 1463 4792 uasa
1479 4746 1569 4793 sacra
1582 4731 1614 4794 iu

237 4828 322 4891 altari
346 4829 528 4909 disponere:
557 4826 681 4888 Discum
709 4826 826 4906 primo,
855 4833 1016 4907 postquam
1038 4843 1128 4887 manu
1151 4826 1262 4890 leuiter
1283 4826 1429 4908 detersit,
1457 4847 1514 4892 suo
1543 4828 1613 4893 loco

239 4930 445 5006 constituere,
468 4925 617 5006 simulque
639 4923 793 4986 linteolum
817 4923 897 5004 quod
923 4924 1130 5005 purificatorio
1158 4933 1266 4990 nostro
1294 4928 1477 5009 respondet:
1505 4929 1615 4994 deinde

238 5029 361 5092 calicem
383 5029 415 5089 in
438 5044 476 5089 ea
498 5034 587 5107 parte
611 5040 690 5105 quae
712 5022 809 5085 uara
829 5024 895 5086 sive
918 5024 1028 5087 solium
1050 5022 1175 5104 dicitur,
1200 5024 1403 5109 cochlearque
1424 5029 1571 5095 similiter.
