4525 6034
691 602 766 678 352
1071 595 1675 677 DEPATRIARCHA

689 789 847 887 politana,
874 798 1007 885 praeter
1034 788 1206 861 solennem
1235 786 1487 875 ordinationem,
1521 808 1619 881 quam
1646 808 1693 857 ex
1718 793 1850 857 vetusta
1878 791 2056 855 consuatu—
2106 854 2110 865 ,
2215 820 2217 829 1

689 907 767 978 diue
793 904 1009 1001 iecipiebant,
1043 914 1111 976 turn
1138 906 1235 975 etiam
1263 897 1538 999 Ἐνθρονισμὸν
1571 924 1632 973 seu
1660 901 1976 989 Proclamationem,
2000 902 2058 970 vix

689 1022 866 1117 quidquam
892 1020 1001 1095 tiebat.
1028 1019 1099 1091 Ima
1127 1022 1240 1091 conati
1267 1027 1342 1093 sunt
1368 1016 1546 1113 aliquando
1572 1017 1800 1106 Patriarebae,
1827 1016 2058 1112 Episcopatum

690 1136 835 1210 Cahirae
863 1137 1013 1225 abolere,
1041 1144 1075 1206 et
1094 1133 1158 1206 sibi
1185 1134 1381 1228 adjungere,
1408 1132 1452 1206 ob
1480 1132 1632 1205 eamdem
1658 1137 1839 1208 rationem:
1867 1132 1967 1228 idque
1984 1142 2056 1202 ten·
2218 1170 2219 1249 p

379 1277 441 1331 nar.
451 1276 594 1330 ramas.
603 1276 677 1329 aaa.
689 1257 773 1325 tavit
799 1258 885 1325 inter
911 1254 995 1325 alios
1022 1249 1190 1323 Macarius
1218 1254 1273 1346 qui
1300 1254 1384 1322 iuter
1411 1271 1473 1322 eos
1506 1258 1698 1322 numeratur
1729 1251 1849 1323 LXIX.
1884 1258 1962 1346 post
1993 1248 2058 1318 Sa-

364 1365 392 1417 o
408 1367 460 1417 ⁰¹³⁴*
476 1364 611 1416 MEMM·
689 1373 769 1443 nutii
794 1369 957 1466 Episcopi
983 1377 1134 1439 mortem.
1175 1366 1244 1440 Sed
1271 1365 1468 1447 obstitenmt
1494 1366 1618 1439 Misrae
1645 1370 1753 1456 cives,
1779 1376 1945 1459 negantes
1964 1365 2059 1436 licere

690 1485 872 1562 secundum
899 1484 1104 1559 Canonicam
1132 1482 1356 1580 disciplinam,
1389 1493 1425 1554 ιιι
1457 1482 1648 1579 Episcopus
1682 1482 1764 1556 duas
1792 1483 1892 1557 sedes
1920 1480 2059 1553 baberet.

691 1602 775 1677 Com
802 1606 902 1694 igitur
928 1600 1015 1672 bunc
1042 1599 1279 1695 Episcopatum
1306 1599 1468 1671 invadere
1495 1622 1562 1672 non
1595 1609 1754 1695 possent,
1780 1598 2059 1694 Archiepiscopes

690 1718 776 1791 illius
803 1718 895 1791 urbis
923 1740 962 1790 se
989 1716 1252 1812 appellaverunt,
1280 1726 1315 1788 ut
1341 1738 1520 1812 supremae
1548 1718 1734 1787 autoritatis
1760 1719 1793 1786 in
1821 1713 1973 1787 eamdem
1991 1713 2059 1784 Ec-

691 1834 829 1905 clesiam
855 1836 987 1926 signum
1013 1836 1047 1903 in
1073 1832 1174 1904 titulis
1202 1836 1270 1907 suis
1296 1830 1467 1904 baberent.
1502 1832 1587 1906 Cum
1615 1842 1723 1903 autem
1750 1833 1929 1902 Foatatum
1955 1833 2059 1902 nomi-

689 1959 779 2037 nant,
807 1953 838 2021 ia
864 1948 1007 2022 formula
1035 1946 1176 2045 Coptica
1204 1953 1338 2045 scripta,
1366 1949 1522 2042 adjiciunt
1536 1947 1732 2047 Babylonis,
1759 1958 1795 2020 ιιι
1820 1958 1973 2019 veterem
1997 1969 2059 2019 no-

689 2089 835 2161 vamque
863 2063 1015 2139 Cabirum
1043 2063 1327 2161 comprehendere
1354 2088 1393 2137 se
1420 2064 1615 2158 significent.

402 2192 596 2247 Provinciarum
613 2210 680 2247 enu-
796 2180 887 2254 XIV.
922 2183 1119 2255 Provincias
1151 2190 1260 2254 autem
1295 2192 1471 2254 numerant
1504 2188 1610 2278 Χημι
1645 2203 1706 2253 seu
1745 2182 1961 2275 Aegyptum,
2001 2202 2059 2272 quo

366 2282 482 2333 mm·
691 2301 827 2370 nomine
845 2296 1040 2370 inferiorem
1067 2298 1266 2390 significant,
1293 2293 1421 2392 Μάρις
1448 2300 1522 2371 sive
1548 2299 1778 2395 Superiorem,
1800 2319 1887 2393 qnae
1908 2294 1950 2367 ab
1969 2295 2059 2367 Ara·

691 2411 789 2487 hlhus
816 2413 928 2484 Sobid
954 2413 1149 2510 appehatm.
1176 2413 1323 2485 Primum
1348 2413 1427 2485 illud
1461 2436 1584 2486 nomeu
1617 2417 1698 2487 satis
1734 2426 1848 2487 uotum
1883 2422 1945 2484 est.
1996 2410 2060 2483 Se-

692 2533 802 2624 quitur
834 2529 1028 2625 Pentapolis
1061 2529 1242 2619 Airioana,
1282 2552 1369 2624 quae
1403 2553 1449 2602 ex
1489 2532 1630 2603 Graecis
1666 2530 1861 2624 Latinisque
1897 2529 2060 2601 notissima

693 2656 757 2735 est,
785 2649 848 2718 etsi
875 2646 950 2720 solo
975 2647 1069 2721 titulo
1097 2646 1292 2719 Christianis
1319 2650 1504 2741 provinciis
1532 2646 1742 2719 accensenda
1767 2644 1875 2718 fuerit.
1940 2644 2061 2739 Quippe
2101 2690 2104 2701 «

692 2760 734 2834 ab
763 2765 893 2854 origine
918 2785 1030 2835 rerum
1055 2762 1372 2836 Mubamedanorum
1400 2767 1434 2835 iu
1459 2764 1638 2861 Aegypto,
1673 2767 1734 2835 vix
1769 2763 1893 2835 mentio
1928 2762 2061 2835 occurrit

692 2877 921 2951 Ecclesiamm
946 2881 979 2950 in
1005 2879 1192 2976 Pentapoli,
1220 2890 1276 2952 aut
1302 2878 1547 2977 Episcoporum
1573 2880 1650 2953 Muc
1675 2883 1863 2952 missorum.
1920 2875 2061 2948 Occmrit

692 3018 792 3075 unum
826 2995 926 3069 modo
960 2996 1150 3091 exemplum
1185 2998 1219 3067 in
1258 2998 1329 3069 vita
1369 2994 1499 3093 Yupahi
1538 2998 1607 3070 Lll.
1648 2998 1790 3069 ordinati
1830 3016 1920 3066 anno
1957 2994 2000 3093 J„
2027 2988 2061 3063 C.

692 3109 941 3186 DCCCXXXI.
982 3116 1036 3207 qui
1072 3112 1194 3184 multos
1227 3115 1261 3183 iu
1294 3136 1355 3186 eas
1393 3118 1552 3206 regiones
1585 3113 1776 3211 Episcopos
1811 3114 1947 3182 misisse
1981 3107 2060 3179 dici-

692 3239 763 3303 tur:
791 3228 852 3301 sed
878 3239 997 3323 postea
1022 3227 1111 3301 nulla
1141 3227 1381 3302 Christianismi
1408 3235 1568 3304 memoria
1587 3235 1753 3327 reperitur
1778 3231 1812 3301 iu
1829 3228 1976 3300 Historia
1995 3225 2060 3297 Pa-

692 3344 868 3417 triarchali.
920 3344 997 3417 Nou
1030 3348 1076 3416 ita
1111 3344 1314 3440 Aetlriapes3
1349 3368 1427 3418 nam
1460 3370 1533 3419 cum
1570 3347 1649 3419 olim
1676 3369 1696 3417 a
1722 3345 1938 3435 Frumentio,
1973 3363 2060 3437 mrem

693 3463 921 3533 Fremebatoc
936 3471 1072 3549 vocant,
1100 3462 1162 3534 sub
1181 3460 1356 3536 Athanasii
1382 3468 1494 3556 magui
1510 3463 1704 3536 Pontificatu
1724 3461 1947 3536 Christianam
1973 3458 2060 3530 bdem

694 3580 916 3673 accepissent,
943 3579 977 3647 in
1004 3599 1044 3648 ea
1070 3585 1387 3672 perseveraverunt.
1440 3579 1566 3651 Vemm
1601 3579 1658 3653 illo
1692 3582 1851 3675 temporis
1879 3573 2059 3658 intervallo,

694 3715 761 3789 quo
788 3692 1018 3766 Alexandrina
1048 3693 1204 3766 Ecclesia
1239 3692 1444 3768 Ortbodoxis
1477 3694 1677 3767 Patriarchis
1710 3699 1836 3784 caruit,
1868 3717 1933 3789 per
1963 3710 2059 3763 mmos

693 3813 876 3900 nonaginta
907 3819 1054 3905 septem,
1090 3820 1293 3905 aecepenmt
1328 3809 1538 3884 adacohitis
1572 3811 1824 3907 Metropolitas,
1862 3833 1904 3881 ea
1939 3806 2059 3881 haeresi

694 3946 781 4017 quae
808 3924 894 4021 apud
927 3947 987 3998 eos
1022 3926 1162 4018 vigebat
1194 3925 1353 4014 inlectos,
1388 3939 1486 4022 atque
1518 3930 1564 3999 ita
1599 3950 1673 3999 eam
1706 3926 1926 4014 imbiberunt,
1958 3935 1992 3994 ut
2022 3921 2060 3991 ad

692 4039 777 4111 haec
803 4064 908 4136 usque
937 4053 1086 4138 tempora
1114 4064 1187 4114 earu
1215 4045 1390 4133 retineant,
1418 4066 1565 4140 suosque
1590 4044 1822 4140 Metropolitas
1848 4064 1918 4114 nou
1939 4037 2059 4112 aliunde

694 4178 793 4251 quam
819 4158 1028 4231 Alexandria
1055 4161 1178 4231 missos
1204 4161 1376 4254 accipiant.
1424 4159 1489 4231 Est
1514 4163 1601 4232 enim
1628 4160 1670 4233 de
1696 4160 1919 4256 Aethiopibus
1946 4160 2057 4247 siugu-

692 4273 773 4346 laris
800 4274 1032 4370 disciplinam
1049 4272 1242 4347 Canonihus
1259 4274 1418 4347 Nicaeuis
1435 4274 1604 4367 Arabicis,
1631 4286 1667 4348 ut
1686 4274 1932 4372 Metropolitam
1950 4292 2058 4345 creare

694 4409 760 4462 uon
787 4395 927 4486 possint,
963 4391 1024 4465 sed
1051 4390 1093 4463 ab
1120 4391 1351 4465 Alexandrino
1377 4393 1570 4464 Patriarcha
1598 4417 1673 4465 euru
1704 4403 1869 4485 cogantur
1902 4394 2058 4486 accipere.

798 4507 874 4578 XV.
901 4505 1009 4579 Nubia
1037 4507 1157 4580 eodem
1184 4508 1284 4580 modo
1312 4507 1353 4578 ad
1380 4507 1600 4582 Jacohitrcam
1622 4513 1886 4582 communionem
1895 4488 2058 4603 pertracta

695 4634 763 4713 est,
790 4635 826 4696 ut
851 4627 1029 4719 perspicue
1056 4625 1156 4697 docet
1181 4625 1381 4720 Eutychiae,
1414 4648 1456 4698 eo
1492 4630 1547 4721 qui
1575 4648 1657 4698 mox
1689 4625 1851 4698 indicatus
1887 4636 1939 4698 est
1970 4622 2056 4707 loco,

694 4750 870 4835 postquam
898 4739 939 4812 ab
966 4741 1205 4814 Alexandrinis
1232 4741 1393 4814 iacebitis
1425 4741 1613 4838 Episcopos
1647 4746 1786 4838 accepit
1848 4742 1934 4814 Nam
1969 4747 2057 4810 antea

695 4854 911 4929 Ortbodoxos
937 4856 1042 4930 fuisso
1068 4857 1185 4931 Nuhas
1211 4879 1280 4930 nou
1306 4861 1413 4930 minus
1441 4881 1538 4954 quam
1563 4856 1768 4954 Aethiopes,
1802 4861 1934 4931 omnino
1966 4854 2057 4928 veri-

694 4972 801 5044 simile
826 4973 968 5046 videtur.
1020 4971 1109 5045 Nihil
1136 4984 1247 5046 mmea
1279 4973 1321 5046 de
1357 4996 1473 5046 eorum
1509 4973 1761 5048 Christianismo
1795 4977 1967 5063 novimus,
1999 4969 2056 5040 nisi

694 5086 755 5161 suh
782 5088 1098 5162 Mubamedanorum
1124 5092 1281 5186 imperio,
1308 5113 1350 5163 ea
1369 5100 1523 5186 quantum
1538 5090 1691 5184 judicare
1707 5090 1786 5163 licet
1802 5094 1949 5178 ratione,
1976 5081 2057 5182 quod
