4525 6034
705 594 780 669 322
1207 596 1567 675 tltdttitll

701 779 819 855 heatus
846 784 1040 872 efficeretur,
1066 781 1229 878 bonisque
1255 784 1462 878 Angelorum
1483 783 1658 858 ditaretur:
1684 796 1719 858 ut
1734 809 1796 882 per
1822 788 1932 860 omnia
1960 810 2061 884 opera

702 906 736 970 te
763 901 908 991 agnitum
935 900 1087 995 opificem
1113 899 1367 991 admiraremnr;
1399 912 1433 973 et
1459 924 1534 974 cum
1557 924 1685 975 summo
1712 903 1862 992 silentio,
1893 914 1928 976 te
1953 903 2062 978 hono-

702 1038 860 1091 raremus.

805 1133 955 1204 mesonc
976 1156 1102 1206 cocco.
1141 1131 1272 1207 Etenim
1296 1145 1412 1207 coetus
1432 1134 1657 1227 Angelorum,
1683 1135 1816 1207 ordines
1844 1137 1968 1229 antiqui
1991 1137 2062 1209 Ar-

702 1248 952 1343 changelorum,
977 1248 1103 1323 Throni
1129 1250 1248 1323 dudum
1274 1253 1391 1348 positi,
1416 1249 1499 1322 hrmi
1531 1262 1565 1323 et
1589 1249 1791 1339 immobiles,
1819 1251 2007 1324 Potestates
2036 1263 2065 1324 et

702 1367 919 1462 Principatus,
945 1371 1139 1460 majestates
1166 1367 1342 1458 Virtutum,
1369 1366 1529 1441 celsitudo
1543 1368 1822 1454 Dominationum,
1849 1370 1984 1463 spiritus
2005 1372 2063 1460 ju-

703 1490 846 1565 stomm,
880 1482 1034 1555 Ecclesia
1067 1488 1361 1579 primogenitorum
1395 1484 1636 1581 descriptorum
1670 1487 1704 1554 in
1729 1484 1853 1573 coelis,
1888 1482 2063 1557 Cherubim

703 1597 894 1687 multiocnli,
921 1599 1095 1696 Seraphim
1122 1624 1186 1673 sex
1213 1600 1274 1673 olis
1300 1605 1460 1687 instructi,
1486 1612 1624 1673 naturae
1641 1604 1787 1673 mamma
1804 1603 1943 1675 scientia
1960 1624 2064 1697 prae-

704 1713 803 1805 ditae,
830 1726 1008 1788 trementes
1035 1741 1056 1789 a
1082 1718 1252 1790 divinitate
1278 1730 1334 1790 tua
1359 1717 1516 1791 invisibili
1542 1728 1577 1791 et
1601 1716 1939 1812 incomprehensibili,
1965 1719 2007 1815 ad
2027 1743 2062 1792 se

702 1833 793 1926 ipsas
821 1854 1020 1921 conversae,
1047 1843 1081 1905 et
1106 1837 1251 1907 intentae
1278 1834 1320 1905 ad
1345 1832 1600 1906 invisibilitatem
1628 1843 1662 1905 et
1683 1833 2063 1930 incomprehensibilita-

646 1976 648 1980 ⁴
702 1956 770 2019 tem
795 1951 946 2037 visionis,
972 1948 1119 2039 laudaut,
1144 1950 1366 2046 hymnumque
1392 1950 1435 2022 de
1449 1951 1548 2022 Patre
1573 1960 1607 2022 et
1624 1948 1709 2022 Filio
1736 1960 1770 2022 et
1786 1949 1913 2047 Spiritu
1938 1960 2063 2041 sancto,

704 2063 856 2154 clamant,
882 2064 1110 2138 vociferantur
1136 2077 1170 2138 et
1195 2065 1315 2139 dicunt.

807 2181 968 2275 Populus.
1021 2182 1179 2272 Sanctus,
1207 2183 1367 2276 Sanctus,
1397 2183 1549 2254 Sanctus.
1659 2260 1664 2271 ,
1726 2226 1733 2235 ·

807 2296 983 2370 Sacerdos
1013 2300 1205 2370 inclinatus.
1265 2299 1347 2385 Quis
1388 2302 1477 2372 enim
1510 2299 1649 2372 idoneus
1681 2300 1724 2371 sit
1756 2296 1798 2369 ud
1832 2297 2063 2392 explicandam

700 2416 882 2510 potentiam
914 2424 1022 2505 tuam,
1063 2428 1120 2489 aut
1149 2418 1222 2512 quis
1255 2415 1402 2488 narrabit
1435 2415 1551 2488 laudes
1586 2413 1684 2487 tuas?
1729 2413 1781 2485 Τιι
1816 2414 1947 2487 scilicet
1981 2438 2063 2488 vere

701 2541 837 2604 sanctus
864 2553 919 2619 es,
954 2532 1047 2604 Dens
1073 2533 1174 2604 Pater
1200 2542 1234 2604 et
1261 2536 1405 2605 omnium
1430 2555 1541 2605 rerum
1573 2532 1786 2627 principium,
1822 2539 1857 2601 et
1890 2534 1947 2626 qui
1981 2557 2001 2605 a
2033 2542 2064 2603 te

701 2656 755 2719 est
779 2647 895 2738 Filius,
922 2646 1072 2742 aequalis
1099 2651 1294 2722 aeternitate
1320 2659 1355 2721 et
1380 2651 1558 2744 sapientia3
1585 2647 1795 2740 singulariter
1821 2669 1868 2718 ex
1879 2646 2063 2721 substantia

699 2771 767 2851 trra,
793 2785 858 2836 nec
882 2763 1109 2858 temporaliter
1136 2775 1246 2855 ortus,
1273 2766 1420 2861 aequalis
1446 2768 1535 2839 omni
1560 2763 1694 2837 honoris
1720 2785 1849 2856 genere
1875 2785 1953 2836 cum
1979 2764 2063 2838 Deo.

700 2878 843 2953 Sanctus
869 2882 968 2952 etiam
994 2892 1028 2953 et
1054 2883 1279 2955 sanctissimus
1306 2881 1447 2977 Spiritus
1473 2893 1547 2954 tuus
1572 2881 1758 2968 vivificans,
1785 2890 1819 2952 et
1845 2884 1958 2953 omnia
1980 2904 2064 2978 per-

700 2994 831 3086 ficiens,
863 2999 918 3092 qui
945 3022 965 3069 a
991 3006 1025 3069 te
1050 2996 1167 3085 Pater,
1202 2995 1329 3101 absque
1355 3000 1447 3070 initio
1473 3008 1508 3070 et
1532 3007 1683 3094 tempore
1707 3001 1883 3093 processit
1938 2997 2063 3073 Omnes

700 3111 800 3202 igitur
825 3135 990 3209 supernae
1015 3115 1157 3187 virtutes
1182 3112 1369 3205 glorificant
1394 3125 1439 3203 te,
1468 3125 1503 3186 et
1527 3117 1729 3206 unigenitum
1754 3113 1872 3186 Filirmr
1900 3125 2005 3205 tunm,
2031 3127 2065 3188 et

700 3225 857 3322 Spiritum
883 3238 972 3302 tuum
998 3238 1160 3319 sanctum,
1186 3251 1271 3302 unns
1297 3234 1385 3303 enim
1411 3253 1449 3304 es
1474 3235 1509 3303 iu
1534 3230 1649 3304 tribus.
1701 3232 1783 3318 Quis
1809 3252 1897 3302 vero
1925 3233 2063 3304 scrutari

700 3347 806 3438 possit
840 3345 1037 3441 proirmdum
1072 3348 1195 3417 amoris
1229 3349 1275 3418 tui
1310 3368 1393 3439 erga
1428 3345 1597 3436 homines,
1630 3349 1684 3441 qui
1718 3368 1793 3419 cum
1826 3348 1877 3418 rei
1911 3368 2062 3420 essemus

700 3464 976 3553 transgressionis
1001 3464 1190 3557 praecepti,
1223 3462 1331 3534 Deum
1357 3459 1524 3553 Verbum,
1555 3462 1673 3534 Filium
1705 3465 1908 3555 unigenitum
1943 3464 2061 3560 splen-

701 3575 816 3649 dorem
842 3577 990 3671 gloriae,
1025 3579 1139 3651 salutis
1166 3588 1302 3650 nostrae
1328 3578 1592 3674 dispensatorem
1617 3600 1695 3652 esse
1720 3577 1882 3652 voluisti?
1925 3580 1991 3666 Qut
2017 3604 2060 3653 ex

698 3689 909 3788 beneplacito
935 3703 992 3766 tuo
1024 3705 1059 3766 et
1091 3693 1279 3768 voluntarie
1313 3698 1411 3767 animi
1444 3699 1622 3785 sententia,
1656 3694 1940 3790 dispensationem
1973 3697 2060 3769 illam

699 3831 761 3904 pro
788 3808 886 3884 nobis
912 3813 1108 3908 suscipiens,
1134 3815 1324 3882 incarnatus
1351 3822 1419 3899 est,
1452 3834 1497 3883 ex
1523 3792 1638 3884 sancta
1664 3813 1727 3883 Dei
1754 3814 1934 3903 genitrice,
1967 3836 2060 3886 sem-

634 4017 637 4029 !
698 3947 825 4022 perque
850 3926 991 4019 Virgine
1015 3926 1135 4017 illaria,
1162 3927 1364 4000 sanctificata
1389 3950 1451 4023 per
1478 3927 1655 4001 adventurn
1671 3927 1812 4023 Spiritus
1827 3931 1953 3999 sancti:
1971 3950 2058 4001 con·

700 4053 834 4137 ceptus,
868 4055 984 4131 uatus,
1016 4043 1189 4139 iactusque
1220 4042 1307 4115 idem
1335 4048 1469 4116 omnino
1498 4043 1586 4140 quod
1612 4065 1691 4131 nos,
1732 4066 1874 4140 corpus,
1907 4048 2058 4135 animam,

700 4170 860 4247 mentem,
897 4169 1066 4255 totumque
1101 4160 1186 4233 adeo
1223 4157 1387 4232 hominem
1421 4163 1591 4251 assumsit,
1624 4171 1657 4232 et
1687 4182 1750 4255 per
1780 4158 2058 4254 dispensationem

701 4297 794 4348 suam
821 4276 980 4369 dignitate
1006 4277 1149 4373 plenam,
1174 4274 1272 4349 nobis
1298 4299 1473 4350 ascensum
1498 4277 1540 4349 ad
1566 4276 1680 4349 coelos
1705 4274 1794 4348 fecit.

803 4391 977 4465 Sacerdos
1009 4395 1146 4466 clevans
1176 4416 1302 4465 vocem.
1369 4393 1433 4479 Qui
1468 4417 1542 4465 cum
1574 4397 1765 4490 passionem
1796 4391 1992 4477 salutarem,
2025 4399 2056 4462 et

700 4532 844 4599 crucem,
871 4511 914 4584 ad
939 4515 1132 4583 memoriam
1157 4510 1255 4584 nobis
1282 4508 1425 4604 reliquit,
1451 4509 1507 4582 ille
1532 4512 1747 4604 nequitiarum
1773 4518 1957 4581 nostrarum
1978 4530 2056 4579 me-

701 4626 804 4717 dicus,
831 4627 1030 4700 oblationem
1059 4630 1110 4699 sui
1135 4648 1198 4722 pro
1223 4625 1319 4699 nobis
1347 4622 1490 4698 offerens
1516 4625 1574 4698 tibi
1599 4625 1692 4697 Deus
1718 4635 1752 4696 et
1777 4626 1895 4697 Pater:
1930 4624 2057 4718 aceepit

699 4765 819 4839 panem
845 4746 878 4815 in
904 4766 1021 4816 manus
1047 4765 1139 4832 suas,
1165 4755 1200 4816 et
1226 4742 1411 4814 extendens
1437 4764 1496 4814 eas
1522 4744 1557 4813 in
1575 4740 1717 4829 coelum,
1742 4739 1924 4829 benedixit,
1938 4744 2057 4820 †san-

700 4860 867 4949 ctificavit,
894 4867 914 4943 τ
939 4858 1049 4953 fregit,
1076 4866 1097 4942 †
1123 4858 1300 4954 divisitque
1326 4857 1494 4954 discipulis
1520 4860 1588 4931 suis
1600 4857 1775 4955 Apostolis
1803 4858 1932 4931 dicens:
1957 4858 2055 4927 acci·

700 4981 778 5072 pite‚
805 4977 892 5049 edite
919 5000 964 5049 ex
991 4999 1051 5064 eo,
1087 4977 1163 5071 quia
1189 4975 1263 5047 Hoc
1289 4985 1342 5047 est
1374 4996 1496 5070 corpus
1529 4996 1637 5047 meum
1672 4972 1760 5070 quod
1794 4996 1857 5071 pro
1888 4972 1984 5047 vobis
2019 4980 2054 5041 et

700 5117 764 5190 pro
790 5092 898 5167 multis
923 5091 1087 5186 frangitur
1112 5102 1147 5164 et
1172 5090 1265 5164 datur
1291 5091 1462 5164 advitam
1488 5098 1667 5163 aeternam
1760 5168 1763 5174 ,
