4525 6034
563 570 603 646 tlt
628 571 836 649 titubanti
862 571 1045 650 camunti
1073 572 1104 649 S.
1132 570 1317 651 alluoth.
1552 574 1623 648 331

340 752 503 818 Orationes
525 754 679 821 uacuum
702 755 779 818 aliae
803 773 881 835 quac
903 763 1090 838 sequuntur,
1120 773 1158 818 ea
1188 758 1368 837 pracsertim
1395 775 1473 838 quae
1496 760 1629 822 occurrit

251 853 357 916 ultim
385 852 454 916 loco
484 871 514 936 p.
539 854 612 919 107.
643 872 710 918 cum
740 860 845 917 extent
872 854 903 916 in
934 854 1069 937 Copticis
1099 855 1341 936 exemplaribus,
1366 856 1428 937 jam
1457 856 1629 939 explicatae

253 958 324 1014 sunt
354 953 384 1014 in
410 952 498 1016 Notis
526 954 565 1017 ad
593 951 812 1035 Gregorianam
840 952 891 1015 illa
916 954 1019 1037 lingua
1046 952 1222 1035 liturgiam.
1272 955 1320 1016 Ex
1346 956 1503 1037 utriusque
1532 974 1627 1037 porro

253 1051 368 1115 codicis
391 1054 632 1133 comparatione,
654 1052 682 1115 si
703 1071 781 1134 quac
803 1059 870 1115 erat
892 1053 923 1115 in
945 1053 1091 1116 alterutro
1124 1052 1310 1132 obscuritas,
1340 1053 1431 1135 plene
1461 1054 1629 1133 discutitur,

252 1158 284 1213 et
314 1169 425 1230 verae,
454 1169 516 1214 non
545 1150 770 1233 metaphoricae
796 1151 1050 1214 transmutationis
1078 1150 1154 1214 fides
1182 1169 1271 1233 quam
1301 1154 1472 1232 continent,
1502 1155 1629 1236 egregie

252 1250 448 1313 confirmatur
481 1252 577 1315 tribus
607 1251 736 1314 diversis
765 1244 908 1333 linguis,
925 1250 1058 1325 Graeca,
1088 1248 1297 1334 Aegyptiace,
1327 1260 1356 1314 et
1384 1250 1523 1315 Arabica.
1569 1253 1630 1315 lsta

251 1367 331 1412 vero
359 1349 460 1412 ultima
490 1349 608 1433 lingua,
644 1368 712 1413 cum
741 1349 847 1430 plures
874 1350 1035 1413 versiones
1067 1349 1248 1429 habeamus,
1285 1352 1396 1413 crescit
1425 1352 1570 1432 maj0rem
1599 1354 1629 1414 in

252 1448 375 1512 modum
396 1449 517 1512 testium
539 1451 653 1512 veteris
674 1448 745 1512 fidei
766 1466 929 1512 numerus:
960 1449 1039 1510 inter
1061 1466 1139 1530 quos
1162 1448 1280 1528 nullus,
1315 1456 1366 1511 aut
1386 1449 1628 1532 interpretando,

252 1547 401 1611 literalem
423 1555 454 1610 et
475 1547 642 1630 simplicem
670 1546 938 1630 significationem,
969 1546 1007 1610 ad
1037 1547 1183 1629 figuratas
1213 1548 1384 1611 locutiones
1417 1552 1546 1629 avertit,
1578 1558 1629 1612 aut

251 1664 312 1727 per
333 1646 576 1711 observationem
599 1646 787 1730 adjunctam,
816 1653 849 1709 ut
876 1645 965 1709 aliter
995 1663 1084 1728 quam
1113 1646 1208 1710 verba
1238 1654 1347 1711 sonant
1376 1648 1628 1732 intelligerentur,

252 1744 417 1810 admonuit

710 2005 832 2076 Oratio
860 2003 934 2074 olio
960 2004 1169 2079 Fructionia.

343 2198 534 2276 Benedictio
556 2227 589 2270 es
612 2206 731 2271 Chriate
751 2207 836 2269 Deras
856 2215 969 2270 noster.
994 2206 1068 2270 Cum
1091 2208 1167 2273 baec
1190 2213 1287 2275 oratio
1309 2211 1430 2297 legatur
1451 2212 1482 2275 in
1498 2210 1626 2293 Coptica

166 2326 170 2329 ·
251 2313 437 2395 exemplari,
459 2311 552 2375 multa
574 2329 652 2394 quae
674 2312 704 2374 in
727 2330 764 2374 ea
787 2309 950 2373 observatu
973 2310 1147 2393 dignissima
1169 2322 1255 2391 sunt,
1278 2311 1473 2396 exposuimus
1496 2316 1526 2377 in
1549 2316 1627 2379 notis

252 2413 291 2476 ad
304 2411 452 2476 eumdem
474 2412 587 2488 locum,
609 2428 684 2491 quas
707 2408 786 2472 vide.

422 2667 524 2769 Εὐχή
549 2670 640 2768 ἄλλη
666 2668 808 2765 ὁμοίως
866 2669 988 2741 Oratio
1016 2671 1272 2746 dissimiliter
1299 2676 1454 2749 dicenda.

252 2838 315 2917 Σύ
340 2839 415 2943 γὰρ
441 2837 472 2916 al
497 2840 518 2916 ὁ
543 2845 642 2917 ababa
674 2837 735 2915 nat
766 2835 961 2934 κλώμονος,
986 2840 1047 2915 καὶ
1072 2840 1258 2930 ἄκλαυτος.
1315 2847 1543 2919 Tessenios
1570 2850 1629 2944 qai

511 2960 648 3052 frangis
674 2963 710 3028 et
732 2958 926 3052 frangeris,
953 2963 1105 3052 quamvis
1129 2984 1199 3033 non
1222 2965 1368 3056 frustata.

345 3150 522 3230 Sanianum
535 3162 623 3242 haec,
647 3168 678 3224 et
693 3160 769 3225 aliae
787 3159 899 3223 similes
919 3179 998 3243 quae
1017 3161 1047 3223 in
1061 3157 1247 3223 Graecorum
1266 3138 1522 3243 Orientaliumque
1544 3161 1629 3225 libris

249 3267 364 3349 passim
377 3274 553 3344 occurrunt,
575 3265 633 3328 illis
648 3266 698 3347 qui
721 3280 825 3327 veram
847 3263 1065 3328 elementorum
1087 3265 1118 3327 in
1141 3282 1254 3346 corpus
1277 3272 1308 3327 et
1328 3266 1506 3349 sanguinem
1519 3264 1631 3329 Christi

251 3367 534 3430 transmutationem
556 3365 706 3447 rejiciunt,
729 3365 836 3427 venire
858 3381 1016 3445 numquam
1038 3372 1168 3445 possunt
1189 3364 1220 3424 in
1241 3370 1387 3427 mentem:
1418 3383 1476 3427 nec
1499 3365 1537 3427 ab
1560 3365 1629 3444 illis,

250 3484 442 3548 quacumque
456 3466 575 3528 ratione
589 3464 655 3527 illas
678 3470 849 3544 torqueant,
871 3471 999 3543 possunt
1021 3463 1177 3546 explicari.
1201 3463 1352 3527 Christum
1365 3464 1492 3543 scilicet,
1517 3463 1631 3549 Orien-

248 3566 330 3628 tales
352 3567 382 3628 in
404 3563 595 3628 Eucharistia
617 3570 809 3644 praesentem
831 3563 872 3625 ita
895 3570 1082 3645 agnoscunt,
1111 3570 1144 3625 ut
1173 3564 1343 3644 viventem,
1372 3564 1628 3646 Sacerdotemque

248 3665 419 3728 secundum
441 3664 585 3727 Ordinem
607 3660 845 3741 Melchisedech,
869 3662 1043 3726 Pontificem
1066 3661 1235 3726 futurorum
1258 3664 1417 3743 bonorum,
1440 3665 1492 3745 qui
1514 3663 1629 3728 Sacra-

248 3773 384 3827 mentum
407 3763 489 3845 quod
512 3764 579 3845 ipse
601 3761 745 3839 instituit,
763 3762 947 3849 praesentia
975 3780 1047 3841 sua,
1076 3771 1107 3824 et
1133 3761 1277 3825 ineffabili
1300 3764 1477 3845 operatione
1500 3762 1629 3845 Spiritus

249 3865 350 3926 sancti
367 3862 512 3945 perficiat.
535 3861 581 3925 Eo
603 3867 742 3943 spectant
759 3858 811 3921 illa
831 3877 909 3942 quae
924 3863 1064 3943 superius
1080 3861 1233 3943 leguntur.
1262 3861 1323 3939 Oui
1343 3871 1415 3925 hanc
1437 3861 1629 3938 benedicten,

251 3967 347 4026 mum
374 3982 453 4024 nanto
480 3961 622 4024 benedic:
652 3962 705 4041 φοί
730 3965 800 4021 ωιο
822 3962 1035 4041 suctctificusta‘,
1057 3963 1149 4022 etium
1170 3981 1249 4024 nunc
1273 3963 1450 4041 smwtificu:
1479 3960 1540 4038 Oui
1561 3969 1630 4024 tunc

248 4062 385 4143 fregisti,
409 4063 501 4124 etiam
522 4078 602 4123 omae
621 4059 749 4140 frange:
772 4057 833 4134 Oui
853 4068 923 4122 tono
945 4061 1058 4122 dedisti
1067 4061 1226 4140 discipulis
1240 4069 1269 4123 et
1279 4061 1433 4142 Apostotia
1447 4063 1517 4138 tuis,
1539 4063 1631 4123 etiam

250 4180 335 4223 mmo
356 4161 476 4223 domine
497 4161 540 4222 du
560 4158 650 4222 nobis
671 4165 700 4220 et
721 4160 804 4220 omni
820 4160 933 4239 popolo
955 4168 1015 4222 tuo.
1059 4158 1155 4241 Igitur
1168 4156 1494 4242 Sacerdos‘authuam
1505 4159 1630 4222 Eucha-

250 4261 389 4323 risticum
411 4278 520 4342 panem
542 4257 673 4341 frangat,
697 4257 779 4338 quod
792 4256 895 4320 facere
918 4257 1018 4334 debet,
1041 4265 1074 4321 ut
1086 4257 1197 4322 Christi
1212 4259 1383 4341 exemplum
1397 4260 1538 4337 imitetur,
1562 4276 1630 4320 eum
1667 4258 1670 4263 ’

250 4361 386 4439 invocat,
410 4365 443 4421 ut
465 4357 604 4421 fractioni
627 4373 774 4438 praesens
797 4358 846 4436 sit,
869 4375 997 4437 eamque
1019 4357 1189 4421 sanctificet
1199 4381 1216 4420 z.
1229 4376 1326 4441 eaque
1338 4360 1467 4436 ratione,
1491 4357 1629 4421 Christus

251 4459 368 4541 frarrgit
390 4477 446 4540 per
467 4457 641 4522 Sacerdotis
663 4456 875 4534 ministerium,
906 4456 984 4519 sicul
1005 4456 1158 4520 benedicit
1181 4465 1212 4520 et
1233 4458 1400 4522 sanctificat
1421 4457 1527 4520 eodem
1550 4456 1630 4518 illius

251 4559 430 4622 ministerio.
474 4557 548 4622 Cum
570 4573 646 4619 vero
668 4556 757 4636 panis
778 4554 830 4618 ille
853 4565 1062 4635 consecratus,
1084 4557 1123 4619 sit
1145 4558 1244 4639 ipsum
1267 4575 1378 4639 corpus
1399 4559 1499 4619 vivum
1518 4555 1630 4619 Christi

249 4658 388 4734 Itomini,
413 4657 514 4720 dsunt
537 4656 693 4739 Coptitae,
716 4653 869 4718 Christum
891 4674 961 4718 esse
983 4657 1081 4737 ipsum
1104 4659 1156 4736 qui
1178 4666 1211 4719 ut
1233 4657 1333 4735 Deus,
1361 4674 1508 4739 praesens
1531 4655 1631 4719 omni-

247 4760 370 4839 potenti
392 4758 503 4820 virtute
524 4775 594 4835 sua,
624 4761 814 4818 sacramenta
836 4773 893 4835 per
915 4754 1059 4836 Spiritum
1080 4765 1216 4821 sanctum
1239 4756 1429 4820 invisibiliter
1451 4754 1629 4838 perficiens:

247 4875 311 4939 per
324 4856 520 4920 Sacerdotem
539 4855 700 4918 visibiliter
722 4870 866 4934 operans,
888 4852 1011 4939 frangit,
1034 4855 1064 4918 id
1086 4862 1145 4934 est,
1166 4854 1245 4919 idem
1268 4853 1339 4917 facit
1362 4852 1443 4936 quod
1464 4854 1631 4917 inEucha-

248 4958 358 5019 ristiae
370 4955 558 5019 institutione
571 4954 697 5018 fecerat.
721 4951 800 5016 Esse
822 4970 943 5035 quoque
965 4955 1064 5036 ipsum
1086 4957 1137 5036 qui
1160 4954 1325 5036 frangitur:
1348 4955 1418 5036 quia
1440 4970 1552 5036 corpus
1564 4954 1631 5034 ejus

248 5054 374 5135 vivum,
404 5053 460 5119 sub
490 5056 594 5136 specie
621 5055 709 5136 panis
736 5050 901 5136 frangitur,
931 5046 1032 5118 manet
1054 5061 1154 5118 tamen
1178 5043 1354 5134 ὄκλασοος,
1385 5055 1454 5134 quia
1477 5052 1550 5116 nulli
1568 5054 1631 5134 jarn

293 5188 406 5237 rammi
1370 5170 1421 5246 58
