4525 6034
601 1142 1213 1265 PRAEFATIO.

346 1586 472 1775 CUM
506 1695 731 1800 Syriacarum
764 1693 1001 1801 Liturgiarum
1037 1698 1066 1773 si
1105 1698 1247 1773 unicam
1280 1694 1398 1774 Basilii
1430 1693 1474 1773 ab
1512 1693 1597 1773 An-

227 1830 310 1909 drea
340 1829 454 1911 Masio
486 1831 609 1910 Latine
645 1829 816 1908 redditam
852 1833 1060 1933 excipimus,
1090 1829 1221 1909 Versio
1250 1830 1344 1908 nrrlla
1378 1830 1596 1933 hucusque

227 1965 407 2070 prodierit,
439 1991 665 2071 magnusque
700 1969 744 2044 sit
779 1965 915 2043 illarum
946 1990 1130 2066 numerus,
1162 1989 1224 2043 eas
1257 1990 1383 2043 omnes
1415 1968 1596 2066 interpre-

227 2105 287 2180 tari
318 2113 356 2179 et
387 2104 422 2179 in
457 2126 568 2179 unum
602 2125 734 2203 corpus
768 2100 972 2204 conjicere7
1010 2124 1144 2202 operae
1181 2103 1335 2202 pretium
1372 2104 1489 2179 visum
1530 2112 1596 2180 est

227 2236 376 2341 Ignotae
412 2239 507 2313 enim
542 2234 686 2314 fuemnt
717 2238 849 2313 nostris
886 2231 1108 2337 Theologis,
1142 2231 1248 2337 quod
1279 2232 1427 2335 Syriace
1462 2246 1597 2313 tantum

178 2412 182 2419 ·
227 2382 396 2449 extarent.
461 2368 615 2448 Exitus
647 2367 915 2474 quatuordecim
945 2365 1093 2470 Syriaco
1123 2365 1262 2445 Romae
1302 2367 1418 2446 editae
1458 2369 1598 2449 luemnt

226 2530 315 2583 anno
339 2501 524 2582 nmxcu.
550 2494 623 2582 'sub
646 2504 745 2583 titulo
769 2501 938 2580 Massalia
966 2492 1165 2580 Chaldaici
1189 2501 1243 2580 od
1270 2528 1379 2582 usum
1399 2502 1598 2582 Ecclesiae

226 2638 509 2737 Maronitomnn,
531 2640 693 2742 quamvis
713 2635 757 2714 ad
781 2637 860 2716 illos
880 2637 1079 2715 nullatenus
1099 2640 1308 2740 pertineant,
1336 2637 1401 2717 sed
1428 2638 1598 2718 lacobitis

225 2777 390 2876 propriae
422 2776 501 2851 sint
565 2772 649 2850 Illae
684 2796 792 2874 porro
829 2772 1059 2876 interpolatae
1093 2796 1175 2849 cum
1208 2770 1357 2875 luerint,
1389 2774 1518 2852 nullius
1553 2772 1599 2851 ad

225 2907 332 2986 iidem
376 2906 592 2986 catholicam
631 2905 908 2985 confirmandam
951 2931 1039 2985 usus
1085 2931 1169 2985 esse
1214 2918 1389 3010 poterant.
1463 2907 1598 2986 Omnes

225 3046 334 3147 igitur
375 3067 619 3147 quascumque
665 3044 820 3119 nancisci
864 3044 1067 3144 potuimus⁷
1105 3051 1142 3117 et
1176 3040 1287 3145 longe
1329 3041 1451 3144 plures
1492 3067 1598 3146 quam

225 3182 289 3280 ipsi
335 3176 531 3255 Maronitae
574 3178 881 3275 enumeraverim,
932 3200 978 3252 ex
1032 3171 1227 3252 cantemus
1270 3179 1424 3277 optimae
1478 3188 1597 3278 notae,

225 3312 350 3391 Latine
385 3311 590 3413 explicatas,
625 3310 714 3389 haec
747 3307 921 3388 Collectio
957 3307 1244 3411 repraesentabit.

356 3445 493 3538 Quanta
538 3446 582 3522 sit
626 3444 762 3522 illamm
806 3446 973 3522 autoritas
1019 3442 1063 3521 ad
1113 3442 1405 3547 cognoscendam
1457 3447 1598 3548 penitus

227 3577 460 3658 Orientalium
503 3576 550 3655 de
586 3576 809 3657 Eucharistia
849 3577 1192 3683 unamquamque
1237 3580 1338 3657 vanis
1380 3562 1598 3683 argumentis

226 3717 456 3817 impugnatae
487 3710 634 3815 luerint,
674 3715 709 3790 in
746 3711 1062 3791 Dissertationibus
1097 3716 1302 3816 praemissis
1347 3713 1446 3791 alteri
1488 3712 1598 3791 volu-

226 3851 309 3925 mini
350 3849 435 3925 satis
470 3845 601 3925 dictum
639 3858 704 3925 est.
765 3846 822 3924 De
856 3850 1169 3949 interpretatione,
1203 3859 1242 3926 ut
1269 3859 1446 3927 'accurata
1489 3859 1598 3949 esset,

226 3992 396 4085 quantum
428 3984 464 4059 in
495 3981 599 4061 nobis
631 3979 694 4059 luit
720 3984 969 4083 praestitimus.
1032 3979 1334 4061 Commentarium
1363 3987 1398 4061 in
1428 3981 1598 4066 Ordinem

227 4116 463 4217 Generalem‚
495 4128 530 4194 et
561 4119 595 4193 in
632 4115 827 4220 liturgiam
870 4115 1008 4218 lacobi,
1047 4142 1120 4220 quo
1162 4116 1344 4219 disciplina
1391 4118 1598 4220 explicatur,

228 4276 273 4329 ex
306 4248 563 4353 probatissimis
595 4248 689 4351 apud
711 4248 910 4329 Orientales
944 4250 1126 4329 autoribus
1161 4252 1384 4355 collegimus.
1423 4248 1599 4330 lsCom-

230 4388 445 4486 montarius7
496 4409 577 4462 cum
630 4382 795 4463 omnihus
828 4384 996 4489 Liturgiis
1033 4410 1149 4490 aeque
1198 4388 1408 4487 conveniat,
1453 4385 1598 4489 reliquis

227 4517 446 4623 explicandis
485 4517 637 4617 sullicit3
673 4521 739 4597 nisi
771 4518 914 4622 quando
950 4532 1144 4598 occurrunt
1173 4521 1363 4623 nonnulla,
1392 4546 1484 4625 quae
1519 4523 1598 4599 sin-

226 4653 343 4757 gulari
377 4653 494 4756 aliqua
527 4651 780 4731 observatione
808 4652 988 4758 indigent:
1024 4680 1066 4732 ea
1099 4679 1189 4733 vero
1212 4654 1382 4760 subjectis
1406 4657 1598 4760 unicuique

227 4791 321 4866 notis
350 4788 617 4891 explicavimus.

350 4921 454 5000 Nulla
490 4925 635 5000 istamm
665 4922 904 5025 Liturgiarum
935 4925 970 5001 in
1004 4926 1156 5029 antiquis
1184 4936 1220 5003 et
1247 4923 1364 5003 bonae
1392 4936 1499 5003 notae
1530 4948 1599 5003 co-

232 5054 371 5136 dicibus
403 5060 650 5160 manuscriptis
687 5068 827 5159 reperta
854 5081 926 5136 non
959 5056 1035 5163 iuit,
1066 5057 1159 5138 adeo
1189 5070 1229 5138 ut
1256 5059 1303 5138 de
1329 5060 1465 5140 illarum
1492 5070 1600 5139 auto-
