4525 6034
715 568 813 641 XXII
1172 571 1675 652 DISSERTATIO

716 759 912 847 docobitas,
947 781 1051 852 osqse
1086 759 1133 829 ad
1166 767 1294 853 tempas
1328 763 1443 853 petris
1474 764 1585 832 nostri
1609 762 1755 834 decanis
1788 764 1956 836 ommes
1984 768 2050 839 Pu-

718 863 894 935 trioreboe
920 863 1139 935 Antiochiae.
1191 863 1327 936 Deinde
1353 870 1434 935 orto
1459 871 1510 937 est
1536 865 1796 960 iatchoptites
1821 874 1855 938 et
1868 866 1967 960 Sproc
1988 873 2051 943 dis-

718 971 850 1053 sensio,
886 971 968 1061 qaia
1001 965 1084 1059 Spri
1115 975 1247 1061 porroet
1280 972 1317 1038 in
1356 991 1420 1037 sue
1454 968 1628 1040 oblatione
1659 970 1764 1042 satem
1797 978 1832 1042 et
1863 972 1971 1044 odam.
2014 976 2053 1046 ot

718 1074 858 1164 scripsit
879 1077 984 1163 poter
1009 1078 1126 1142 noster
1152 1071 1305 1143 dodones
1330 1071 1510 1145 Barmsnn
1536 1071 1697 1162 tibetinm,
1724 1077 1760 1144 in
1777 1096 1843 1168 qao
1862 1076 2052 1168 demonstro·

593 1174 596 1180 “
717 1179 767 1244 eit
798 1175 1066 1267 sacrificationem
1101 1179 1284 1267 positionis
1317 1175 1402 1245 ontis
1437 1181 1471 1244 ei
1505 1176 1574 1246 olei
1605 1180 1642 1246 im
1675 1177 1905 1250 ffltcbarisiio.
1953 1179 2053 1253 Melius

718 1282 891 1372 magisque
926 1281 1111 1372 perspicue.
1164 1277 1314 1372 Scripsit
1345 1278 1534 1372 idpistotam
1562 1280 1712 1373 publice,
1738 1285 1774 1350 in
1800 1303 1868 1374 qod
1893 1284 2055 1375 explicarit

717 1387 917 1477 aspramente
942 1381 1061 1474 quibes
1084 1380 1189 1453 selem
1215 1388 1249 1452 ei
1275 1382 1383 1453 oleam
1401 1386 1488 1474 poni
1516 1383 1757 1455 Eocberistico
1778 1392 1874 1455 recte
1899 1388 2055 1458 admisceri

715 1485 885 1578 probasii.
938 1484 1127 1556 Tractatum
1155 1485 1317 1577 eJusmodi
1343 1485 1486 1582 Syriaca
1504 1489 1660 1581 scriptum
1686 1491 1869 1583 reperimus
1894 1492 1926 1559 in
1947 1488 2054 1562 Codice

719 1587 933 1678 Colbertino,
961 1587 1021 1660 sub
1048 1587 1112 1660 hoc
1138 1588 1241 1661 titulo.
1293 1589 1492 1681 Empticotio
1517 1595 1679 1681 mysticae
1697 1594 1972 1685 sipripicetioais,
2002 1618 2055 1665 so-

717 1692 777 1779 dis,
814 1696 973 1785 serreeati
1004 1698 1038 1762 et
1072 1692 1145 1763 olei·
1175 1693 1265 1787 qood
1292 1697 1379 1786 pani
1409 1692 1650 1766 incctartsttco
1685 1697 1919 1785 admiscemus,
1954 1704 2056 1767 acme

717 1795 852 1865 donnae
877 1795 1100 1867 Potrirrrebe.
1152 1797 1185 1869 Is
1211 1819 1255 1868 ne
1281 1800 1324 1867 sit
1350 1818 1447 1891 quem
1472 1795 1652 1868 Bormaae
1678 1798 1864 1894 appellant,
1897 1804 2055 1873 nescimus:

718 1898 778 1972 sed
806 1898 956 1994 Coptitas
983 1899 1212 1972 admistionem
1237 1900 1326 1971 iilam
1351 1920 1419 1972 non
1445 1898 1610 1995 probasse
1637 1911 1763 1973 eertum
1789 1912 1861 1991 est,
1895 1925 1939 1973 ex
1961 1902 2054 1975 histo-

716 2006 766 2073 ria
792 2002 1058 2075 Patriarcharum
1070 2003 1371 2077 Alexandrinorum
1397 2006 1431 2074 in
1455 2005 1525 2076 vita
1539 2002 1750 2091 Christoduli,
1777 2005 1884 2101 deque
1900 2007 2056 2077 eadicetur

715 2107 862 2181 innotis
889 2105 932 2179 ad
958 2106 1117 2201 Syriacas
1143 2107 1321 2199 Litargias.

817 2211 854 2282 ln
880 2211 943 2282 illis
970 2210 1111 2281 diximus
1137 2209 1335 2308 Dionysium
1360 2210 1524 2284 Barsaiibi
1549 2213 1709 2284 mistionis
1739 2211 1824 2285 illins
1858 2235 1923 2284 non
1953 2216 2056 2285 memi-

637 2328 641 2334 ·
713 2315 825 2404 nisse,
860 2323 895 2385 ut
922 2336 1004 2386 sane
1030 2312 1172 2386 verbum
1198 2314 1240 2386 de
1266 2338 1308 2386 ea
1341 2335 1408 2384 non
1441 2314 1521 2385 iecit
1555 2319 1587 2386 in
1621 2313 1780 2387 Tractatu
1815 2316 1858 2387 de
1891 2319 2056 2411 praecipis

409 3261 446 3314 lie
464 3260 548 3317 Procli
561 3263 682 3335 liturgia.

713 2414 943 2490 Eucharistiae
968 2415 1094 2489 ritibus.
1146 2418 1195 2490 At
1218 2420 1252 2488 in
1280 2416 1526 2491 Commentario
1553 2418 1596 2489 ad
1621 2416 1742 2491 Jacohi
1773 2418 1973 2512 Liturgiam,
1997 2442 2057 2490 cum

715 2520 834 2615 duplici
862 2520 988 2595 Codice
1014 2523 1065 2593 usi
1089 2519 1285 2611 fuissemus,
1304 2524 1352 2617 ,in
1383 2544 1449 2592 uno
1476 2521 1554 2593 nihil
1587 2521 1693 2594 simile
1726 2546 1746 2594 a
1779 2522 1878 2595 nobis
1912 2532 2059 2619 repertum

713 2620 840 2695 iuerat:
866 2626 899 2695 in
926 2624 1031 2695 altero
1057 2633 1168 2696 tamen
1193 2627 1378 2720 reperimus
1393 2624 1605 2720 possedimm
1623 2624 1905 2699 Commentariun
1918 2638 2058 2715 nostrum

714 2725 756 2797 de
783 2751 824 2799 ea
850 2728 929 2802 salis
957 2737 990 2800 et
1016 2728 1083 2799 olei
1109 2728 1304 2801 admistione
1329 2732 1424 2824 paria
1449 2729 1539 2801 illum
1566 2752 1641 2801 cnm
1654 2728 1789 2824 reliquis
1807 2730 1907 2825 Syris
1921 2734 2058 2803 sensisse.

712 2830 828 2927 ltaque
854 2853 1002 2903 errorem
1028 2830 1091 2903 hac
1114 2835 1152 2903 'in
1176 2842 1271 2928 parte
1296 2843 1462 2920 nostrum,
1488 2855 1532 2904 ne
1545 2831 1728 2904 lectoribus
1743 2831 1851 2905 iraudi
1871 2855 1945 2906 esse
1958 2835 2056 2928 possit,

713 2938 945 3025 agnoscimus3
972 2935 1134 3029 simulque
1158 2940 1340 3008 novitatem
1366 2937 1455 3007 iilam
1482 2961 1502 3008 a
1529 2936 1688 3020 iacebitis
1717 2937 1936 3009 introductam
1959 2936 2058 3021 inisse,

712 3048 888 3134 antequam
913 3037 1116 3111 Barsalihius
1143 3038 1324 3130 scriberet,
1351 3039 1439 3133 quod
1465 3037 1598 3111 dubiam
1623 3037 1719 3112 nobis
1745 3038 1937 3132 videbatur,
1961 3038 2057 3111 liben-

711 3152 763 3214 ter
787 3143 936 3215 fatemur.

814 3246 985 3320 XXXVII.
1040 3244 1178 3319 Gabriel
1202 3245 1331 3319 Sionita
1356 3250 1442 3319 inter
1475 3247 1557 3319 alias
1600 3267 1682 3342 quas
1723 3256 1881 3319 recenset
1911 3247 2057 3338 Liturgias

712 3374 810 3423 unam
836 3360 987 3422 numerat
1000 3351 1121 3423 Proeto
1136 3351 1275 3423 ioannis
1303 3349 1537 3447 Chrysostomi
1563 3349 1722 3445 discipulo
1750 3350 1954 3439 attributam,
1987 3369 2056 3443 qnae

713 3480 732 3526 a
760 3454 854 3527 nobis
881 3459 915 3526 in
945 3455 1034 3527 nulio
1069 3453 1197 3526 Codice
1230 3464 1363 3549 reperta
1402 3464 1469 3540 est,
1503 3457 1566 3527 etsi
1596 3454 1778 3549 permtdtos
1811 3457 2056 3537 tractaverimus,

711 3569 845 3630 veteres
872 3567 906 3630 et
930 3556 1042 3631 bonae
1066 3568 1188 3648 notae,
1216 3568 1250 3629 et
1276 3557 1399 3652 aliquot
1423 3561 1638 3631 recentiores.
1692 3556 1887 3630 Verendum
1905 3567 2001 3652 p'orro
2022 3574 2057 3624 ne

712 3660 903 3734 Gabrielem
937 3664 1096 3734 memoria
1131 3683 1210 3752 sua,
1244 3671 1299 3734 aut
1333 3660 1436 3734 falsus
1476 3661 1585 3733 tittdus
1621 3660 1800 3757 deceperit.
1854 3661 1944 3734 Fieri
1975 3661 2056 3730 etiam

710 3768 816 3860 potuit
840 3777 876 3837 ut
902 3765 1021 3840 Codex
1048 3787 1113 3859 quo
1139 3787 1220 3838 usus
1247 3774 1299 3839 est
1323 3764 1451 3837 Sionita
1478 3787 1524 3837 ex
1548 3764 1679 3837 illorum
1705 3786 1830 3857 genere
1859 3763 1962 3853 ieret,
1987 3779 2055 3857 quos

710 3868 863 3940 advenae
890 3870 980 3966 Syri
996 3867 1249 3958 circumierunt,
1276 3879 1310 3940 et
1336 3889 1475 3963 quorum
1500 3869 1610 3941 titulos
1636 3878 1764 3940 mutare
1797 3868 1925 3958 solent,
1957 3889 1996 3938 ne
2023 3862 2056 3933 de

710 3971 906 4046 Orthodoxa
941 3973 1022 4062 fide,
1066 3994 1164 4067 quam
1194 3995 1234 4046 se
1268 3972 1422 4067 ampiecti
1456 3981 1655 4063 restanus-,⁹2
1664 3973 1889 4067 suspicionem
1921 3972 2055 4062 injiciant

709 4075 758 4146 Ita
776 4077 954 4149 Sacerdos
981 4074 1211 4167 Bagdadensis
1236 4074 1330 4149 Elias
1357 4078 1483 4148 titulum
1508 4080 1625 4147 tertiae
1651 4098 1733 4149 suae
1759 4074 1933 4167 Liturgiae
1961 4082 2056 4142 muta-

709 4190 828 4271 verat,
861 4191 895 4253 et
928 4204 972 4252 ex
997 4179 1146 4251 Nestorii
1172 4182 1304 4251 nomine
1331 4179 1470 4254 ioannis
1494 4201 1617 4281 nomen
1642 4179 1868 4267 formaverat,
1904 4174 1986 4273 quod
2009 4172 2055 4243 ie-

710 4293 802 4356 cerat
828 4285 976 4357 similiter
1003 4283 1096 4354 alten
1111 4304 1158 4354 ex
1183 4283 1444 4378 Mesopotamia,
1469 4284 1525 4361 isa
1559 4286 1702 4354 nomine.
1754 4280 1913 4354 Dioscori
1945 4296 2056 4373 quoque

707 4409 829 4459 nomen
856 4390 902 4459 ita
928 4385 1197 4459 transformatum
1222 4389 1256 4458 in
1283 4387 1406 4481 aliquot
1432 4384 1613 4459 Codicibus
1640 4384 1944 4458 animadvertimus.

811 4505 923 4599 Atque
948 4503 1032 4576 haee
1059 4512 1134 4575 sunt
1161 4526 1245 4599 quae
1273 4503 1315 4575 de
1339 4503 1497 4595 Liturgiis
1515 4507 1713 4598 praesertim
1728 4500 2053 4595 Jacobitarumprae-

707 4605 771 4679 fari
798 4608 992 4702 oportebat,
1018 4605 1145 4702 reliqua
1172 4610 1207 4678 in
1232 4610 1320 4683 notis
1347 4605 1390 4679 ad
1416 4606 1564 4700 singulas
1593 4605 1853 4703 explicabuntur.

1121 4956 1650 5003 ψ·-
