4525 6034
644 545 1265 625 suueuvonsruvu
1365 664 1367 667 Ι

421 762 544 834 Oratio
572 761 762 834 Oblationes
786 764 859 833 aaa
884 762 1141 855 Propositionis
1163 765 1266 857 panis
1292 769 1327 833 et
1346 762 1482 834 Calicis.

368 969 513 1042 Domine
538 970 622 1043 lesu
648 968 788 1061 Christi,
814 967 878 1042 Fili
908 972 1099 1062 unigenite,
1125 967 1276 1042 Verbum
1302 969 1368 1042 Dei
1393 970 1514 1060 Patris,
1542 973 1640 1066 eique
1653 994 1968 1065 Attianumuuqunue

262 1085 569 1177 consubstantiale,
589 1096 623 1158 et
648 1095 863 1158 coaetmnum
891 1096 925 1157 et
950 1085 1087 1182 Spiritui
1114 1095 1253 1176 sancto,
1280 1096 1315 1159 tu
1341 1110 1379 1160 es
1405 1090 1501 1184 panis
1527 1088 1640 1176 vivus,
1654 1081 1966 1182 ‘⁸⁰l2⁸⁰⁸⁸t¹¹¹²⁸⁰¹3⁸t¹¹⁶

263 1209 323 1300 qui
350 1202 553 1277 descendisti
579 1204 621 1274 de
647 1202 767 1296 coelo,
803 1213 838 1274 et
872 1206 1076 1298 praevenisti
1107 1224 1188 1292 nos,
1220 1202 1473 1299 impendistique
1500 1204 1641 1274 animam
1653 1169 1769 1307 '¹:3¹3’
1797 1185 1845 1237 ¹⁸¹⁰
1872 1179 1927 1222 Μ’

261 1331 358 1393 mam
382 1320 566 1416 perfectam
594 1329 628 1390 et
655 1318 783 1415 absque
809 1321 915 1408 vitio,
947 1340 1009 1413 pro
1036 1321 1106 1391 vita
1131 1317 1258 1391 muudi:
1286 1340 1445 1411 rogamus
1472 1317 1641 1391 obsecra·
1946 1396 1952 1408 ⁸

261 1458 407 1532 musqum
431 1434 613 1519 bonitatem
644 1446 753 1525 tuam,
786 1458 807 1509 o
843 1445 973 1507 amator
1006 1434 1193 1525 homiuum,
1229 1434 1369 1507 ostende
1404 1434 1526 1507 faciem
1553 1442 1639 1506 mam
1654 1394 1967 1547 ζῖἴὲᾜζζὲᾔζζῖζ

265 1576 371 1650 snper
394 1552 481 1625 bunc
505 1575 638 1649 panem,
665 1562 700 1624 et
725 1574 826 1649 super
851 1551 937 1622 hunc
964 1549 1112 1642 calicem,
1140 1573 1225 1647 quos
1252 1573 1354 1647 super
1379 1573 1529 1623 mensam
1555 1549 1641 1623 banc
1654 1567 1750 1619 enas.

265 1680 358 1742 tuam
392 1669 645 1743 Sacerdotalem
677 1673 863 1765 posuimus:
903 1666 1046 1740 benedic
1073 1689 1135 1739 eos
1161 1669 1208 1757 l,
1242 1667 1413 1740 sanctifica
1448 1688 1508 1740 eos
1540 1668 1581 1758 ι,
1608 1677 1643 1739 et
1691 1706 1925 1774 mmmm

272 1807 439 1859 consecra
466 1806 527 1857 eos
553 1786 598 1873 l:
624 1783 770 1858 transfer
803 1806 884 1874 eos,
917 1789 961 1856 ita
995 1794 1032 1855 ut
1057 1788 1153 1880 panis
1187 1783 1318 1879 quidem
1348 1783 1400 1855 hic
1430 1783 1487 1855 [iat
1519 1805 1642 1879 corpus

266 1912 359 1975 mum
385 1910 547 1994 sanctum,
574 1911 609 1973 et
632 1901 697 1974 boc
722 1904 853 1973 mistum
879 1904 912 1972 in
944 1900 1009 1973 boc
1036 1899 1163 1989 calice,
1191 1902 1329 1993 sanguis
1356 1910 1431 1972 tuus
1462 1901 1641 1996 pretiosus,

265 2030 304 2091 ut
330 2023 396 2092 sint
420 2017 519 2090 nobis
545 2017 697 2090 omnibus
723 2017 936 2113 praesidium,
962 2016 1138 2106 medicina,
1165 2015 1257 2089 salus
1290 2018 1486 2107 animarum,
1512 2036 1643 2111 corpo-

266 2157 356 2225 rum,
381 2136 636 2231 spiritnuunqu03
670 2137 746 2228 quia
773 2142 808 2205 tu
834 2156 872 2207 es
898 2132 992 2205 Deus
1017 2141 1152 2222 noster,
1187 2131 1311 2228 tibique
1344 2130 1483 2204 debetur
1509 2131 1581 2203 laus
1610 2141 1644 2204 et

265 2260 430 2348 potestas,
456 2273 533 2322 cum
557 2249 659 2322 Patre
684 2260 740 2322 tuo
768 2249 879 2340 bono,
906 2259 940 2320 et
965 2249 1090 2345 Spiritu
1107 2247 1312 2338 vivificante,
1339 2247 1462 2344 tibique
1488 2248 1642 2321 cousub-

267 2365 426 2456 stantiali,
451 2388 540 2438 nunc
566 2376 601 2438 et
626 2389 772 2463 semper,
799 2377 834 2440 et
859 2370 892 2439 in
919 2368 1029 2439 omnia
1056 2362 1192 2438 saecula
1210 2365 1429 2438 saeculorum.
1454 2366 1577 2439 Amen

377 2484 470 2555 Tunc
506 2487 640 2577 operiet
674 2484 850 2556 Sacerdos
880 2485 1007 2556 dacum
1043 2488 1077 2553 et
1103 2481 1260 2569 calicem,
1295 2488 1471 2576 uinaque
1503 2486 1644 2578 intepu-

265 2606 380 2672 mento
405 2621 477 2688 sao,
505 2605 541 2671 et
566 2602 679 2671 omnia
704 2604 830 2694 majori
854 2601 930 2672 nelo
956 2605 1064 2695 tepet·
1093 2604 1161 2669 tura
1176 2597 1386 2670 osculabitur
1412 2598 1535 2685 arare,
1550 2620 1639 2668 con-

266 2738 452 2810 versusque
478 2716 525 2786 ad
551 2718 659 2810 ipsias
684 2717 774 2787 latas
798 2716 979 2804 Australe,
1013 2715 1178 2786 adorabit
1212 2715 1325 2786 Dcaru
1360 2721 1395 2785 et
1435 2714 1644 2788 osndabitur

266 2834 392 2906 altore.
423 2833 504 2904 Tum
530 2836 676 2904 circuita
698 2840 856 2926 pacato,
883 2832 1065 2903 descendet
1091 2854 1209 2903 coram
1234 2831 1356 2919 altari,
1380 2831 1643 2925 monnutabit-

268 2972 334 3044 que
348 2948 606 3047 Absolutionem
631 2972 734 3043 super
758 2953 931 3022 ministros
955 2949 1113 3020 sedentes
1139 2969 1255 3019 amam
1282 2969 1345 3018 eo:
1375 2948 1473 3035 Ouod
1497 2951 1528 3021 si
1554 2948 1645 3021 adsit

266 3069 337 3159 ipsi
362 3065 538 3138 Sacerdos
562 3070 685 3153 socius,
713 3070 786 3160 ipse
808 3065 1048 3160 pronuntiabit
1072 3063 1340 3138 Absolutionem.

558 3324 566 3335 ’
654 3324 774 3396 Oratio
800 3325 1036 3398 Absolutionis
1062 3324 1108 3395 ad
1133 3324 1268 3395 Filiam.

374 3543 518 3613 Domine
543 3541 625 3613 lesu
653 3539 784 3614 Christe
810 3538 874 3611 Fili
894 3543 1081 3632 unigenite,
1109 3552 1144 3613 et
1168 3542 1316 3616 Verbum
1343 3542 1408 3614 Dei
1434 3540 1560 3636 Patris,
1588 3548 1643 3640 qui

268 3658 421 3753 dirupisti
448 3660 558 3729 omnia
592 3656 726 3729 nucula
753 3666 968 3752 peccatorum
1000 3668 1192 3730 nostrorum
1224 3662 1383 3756 passione
1415 3669 1470 3732 tua
1508 3658 1645 3733 salutm

269 3785 305 3846 et
331 3773 481 3863 vivifica
508 3776 563 3869 qui
589 3775 795 3869 inspiravisti
820 3776 854 3843 in
884 3772 1006 3845 faciem
1028 3773 1263 3870 discipulorum
1279 3786 1421 3865 tuorum,
1447 3774 1644 3872 Apostolo-

267 3904 410 3986 rumque
444 3900 656 3979 sanctorum,
690 3887 804 3960 dicens
836 3891 902 3960 eis:
937 3892 1091 3986 Accipite
1119 3889 1277 3987 Spiritum
1304 3901 1475 3981 sanctum,
1503 3915 1643 3987 quorum

267 4009 467 4079 reuiseritis
502 4015 643 4101 peccata
676 4009 884 4077 remittuntur
918 4009 988 4095 eis,
1020 4017 1054 4078 et
1089 4029 1228 4102 quorum
1269 4011 1470 4079 retinueritis
1514 4019 1643 4081 retenta

269 4133 363 4213 sunt3
389 4134 424 4195 tu
452 4126 629 4194 etiamnum
654 4121 798 4194 Domine
824 4145 886 4218 per
911 4121 1096 4218 Apostolos
1131 4133 1206 4196 tuos
1235 4134 1384 4214 sanctos,
1422 4146 1483 4197 eos
1511 4123 1643 4214 elegisti

270 4244 328 4334 qui
354 4238 553 4311 Sacerdotis
578 4261 714 4334 semper
739 4242 772 4309 in
798 4236 955 4311 Ecclesia
990 4248 1045 4311 tua
1072 4250 1187 4312 sancta
1220 4239 1452 4333 fungerentur,
1484 4251 1521 4311 ut
1546 4237 1642 4311 rela-

269 4366 393 4428 xarent
418 4365 556 4452 peccata
584 4366 845 4451 superterram,
872 4355 1080 4452 ligarentque
1112 4368 1146 4428 et
1172 4357 1345 4430 solverent
1378 4361 1489 4428 omnia
1516 4359 1641 4450 iniqui-

269 4475 349 4544 tatis
373 4472 517 4545 vincula.
569 4471 744 4565 Rogamus
781 4470 1064 4567 obsecramusque
1102 4473 1285 4546 bonitatem
1318 4483 1420 4563 tusum
1454 4496 1475 4545 o
1512 4482 1641 4544 amator

270 4587 452 4680 bominum,
477 4611 540 4684 pro
567 4592 678 4662 servis
704 4591 768 4662 tuis
793 4587 942 4685 patribus
969 4593 1065 4679 meis,
1090 4587 1248 4663 fratribus
1274 4593 1370 4681 meis,
1396 4599 1430 4660 et
1455 4588 1641 4661 infirmitate

271 4727 362 4794 mea,
389 4709 444 4801 qni
470 4709 578 4802 capita
605 4727 665 4778 sua
692 4727 808 4777 coram
833 4705 942 4798 gloria
969 4715 1024 4778 tua
1039 4717 1156 4779 sancta
1182 4706 1355 4794 inclinant,
1381 4713 1516 4802 praesta
1542 4706 1641 4779 nobis

271 4821 536 4894 misericordiam
565 4832 671 4913 mam,
704 4832 739 4894 et
764 4821 861 4895 solve
887 4826 998 4895 omnia
1030 4822 1163 4895 vincula
1193 4833 1408 4918 peccatomm
1440 4832 1640 4894 nostrorum.

275 4936 374 5021 Quod
401 4942 431 5012 si
457 4937 633 5011 adversum
665 4949 698 5010 te
732 4942 985 5034 peccaverimus
1017 4938 1198 5035 prudenter
1231 4939 1289 5011 vel
1318 4938 1559 5035 imprudenter,
1584 4938 1642 5011 vel

273 5052 387 5129 cordis
414 5055 550 5147 darida,
578 5077 682 5153 opere
709 5064 765 5128 aut
789 5053 917 5149 verbo,
949 5065 1005 5128 aut
1038 5055 1322 5153 pusillanimitate,
1357 5066 1393 5128 tu
1417 5055 1561 5129 Domine
1588 5057 1643 5152 qui
