4525 6034
469 595 500 673 S.
527 596 732 674 EllSl'Al'Hll
757 593 1019 672 PATRIARCHAE
1044 593 1284 673 AlilIOGHlllll.
1490 595 1567 669 239

310 783 492 872 Sacerdos.
545 783 795 857 Misericordiae
821 782 885 855 Dei
912 785 986 858 sint.

309 900 496 973 Diaconos.
548 900 782 996 Unusquisque
808 923 883 972 cum
907 904 1036 976 timore.

309 1017 492 1091 Sacerdos.
545 1020 670 1092 Sancta
695 1020 829 1091 sanctis.

309 1135 471 1230 Populus.
523 1136 616 1209 Unus
642 1134 743 1208 Pater
769 1145 915 1222 sanctus,
942 1145 1005 1207 etc.

433 1437 609 1510 Sacerdos
634 1438 719 1509 dicit
745 1438 942 1509 Orationem
966 1439 1157 1531 qrctiururu
1183 1439 1340 1508 actionis.

311 1625 449 1700 Omnem
474 1627 604 1701 laudem
630 1626 881 1715 indeficientem,
907 1629 1037 1719 gratiam
1063 1636 1140 1698 tuae
1165 1624 1376 1698 inenarrabili
1401 1623 1568 1699 ollerimus

204 1742 366 1815 Domine:
394 1748 449 1840 qui
470 1767 533 1841 per
551 1748 795 1840 susceptionem
813 1743 907 1837 hujus
922 1745 1073 1841 mysterii
1089 1741 1277 1815 illuminasti
1292 1744 1418 1815 animas
1433 1753 1567 1816 nostras

204 1858 307 1930 radiis
334 1860 555 1957 spiritualibus
582 1860 760 1933 divinitatis
787 1871 872 1933 tuce.
925 1860 1064 1932 Praesta
1089 1880 1154 1931 nos
1180 1862 1280 1952 igitur
1309 1856 1492 1932 incolumes
1524 1858 1566 1932 ab

202 1975 284 2066 igne
310 1974 366 2050 illo
392 1975 650 2070 inextinguibili,
676 1999 738 2073 per
763 1976 849 2049 istud
876 1978 1082 2048 convivium:
1118 1985 1152 2047 et
1183 1974 1368 2047 referemus
1400 1968 1457 2043 tibi
1482 1970 1568 2063 glo-

203 2091 303 2180 rium,
330 2100 392 2162 etc.

309 2207 469 2301 Populus.
518 2210 637 2281 Amen.

308 2323 490 2398 Sacerdos.
543 2326 626 2398 Pax.

308 2440 470 2534 Populus.
522 2440 665 2514 Etcum
691 2443 806 2537 spiritu
831 2451 898 2514 tuo.

306 2556 494 2629 moeones.
546 2559 637 2630 Post.

309 2671 492 2744 Sacerdos.
535 2672 677 2746 Domine
703 2673 831 2746 custodi
856 2673 1012 2771 populum
1038 2683 1127 2746 tuum
1154 2672 1296 2765 fidelem,
1322 2685 1356 2747 et
1381 2677 1477 2750 salva
1503 2698 1566 2748 nos

205 2811 323 2862 omnes
350 2790 392 2862 ab
420 2793 509 2863 omni
534 2793 651 2863 timore
678 2800 712 2862 et
737 2801 895 2863 tremore:
922 2788 1250 2887 tranquillitatemque
1277 2801 1312 2863 et
1336 2815 1454 2887 pacem
1477 2816 1565 2866 con-

203 2905 289 2977 cede
314 2904 411 2979 uobis
438 2908 601 2996 omnibus,
626 2905 941 3002 benedictionesque
965 2904 1084 2994 bonas,
1111 2907 1233 2998 gaudia
1260 2918 1295 2980 et
1312 2909 1565 2987 exultationem:

202 3032 240 3094 ut
265 3044 327 3118 pro
361 3024 513 3097 omuibus
543 3023 761 3096 retribuamus
795 3022 853 3095 tibi
885 3022 1044 3115 gloriam,
1079 3023 1229 3116 laudem,
1264 3025 1500 3101 exaltationem
1532 3040 1566 3102 et

203 3141 385 3231 gratiarum
413 3142 586 3229 actionem,
608 3141 750 3236 Deoque
766 3140 856 3213 Patri
881 3143 1026 3232 genitori
1051 3149 1118 3228 tuo,
1147 3151 1182 3212 et
1195 3142 1329 3239 Spiritui
1355 3154 1411 3219 tuo
1438 3159 1565 3237 sancto,

202 3276 309 3345 nnnc,
336 3265 397 3327 etc.

307 3371 470 3466 Populus.
522 3373 641 3444 Amen.

308 3489 493 3560 Diaconos.
546 3488 692 3560 benedic
720 3487 872 3563 Domine.

307 3604 490 3677 Sacerdos.
542 3605 688 3677 Benedic
714 3604 812 3677 nobis
839 3603 998 3677 omnibus.

306 3719 492 3794 Diaconos.
544 3720 744 3793 Benedicam
771 3722 956 3793 Dominum.

620 4014 1151 4057 ..μψ-

394 4331 456 4421 ru
502 4311 881 4426 uuuouuulu
928 4332 961 4425 u.
1009 4335 1376 4431 uusulunrr
1476 4343 1492 4354 ··

798 4526 967 4612 norun.

638 4774 671 4845 1.
712 4775 884 4847 Euatutbii
909 4778 1127 4851 Antiocbcui.

302 4960 520 5041 Ceuaauaarnn
542 4986 589 5042 est
611 4996 671 5041 non
694 4978 782 5042 nrodo
805 4980 884 5043 inter
904 4981 1072 5061 lacobitas,
1100 4983 1156 5046 sed
1179 4984 1257 5066 apud
1280 4941 1473 5050 Ortbodoxob
1496 4987 1562 5052 Eu-

201 5078 304 5141 stotbii
326 5079 523 5163 Antiocheni,
546 5082 597 5164 qui
618 5081 753 5146 Nicaeno
777 5083 911 5148 Concilio
933 5086 1083 5167 interfuit,
1107 5087 1264 5152 memoria:
1286 5106 1386 5173 neque
1407 5092 1501 5175 magis
1525 5093 1562 5158 ad
1592 5094 1773 5150 θοαὶ-Μ·
1788 5106 1812 5150 u
1825 5096 1869 5153 17.
