4525 6034
685 588 764 661 474
982 585 1768 664 litoralitottuuuts

685 775 745 848 tibi
771 785 823 849 est
849 775 957 868 gloria
985 795 1059 847 cunr
1085 775 1187 846 Patre
1213 784 1269 845 tuo
1298 784 1331 844 et
1356 773 1481 869 Spiritu
1507 784 1564 846 tuo
1585 776 1714 864 sancto,
1740 796 1828 847 nunc
1853 784 1888 846 et
1912 778 1945 846 in
1968 797 2050 849 sue-

685 891 761 963 cula
788 891 1008 964 saeculorum.
1061 890 1181 962 Amen.

1154 1165 1276 1235 Oratio
1290 1186 1407 1277 ,super
1434 1163 1592 1236 Calicem.

788 1371 882 1445 Deus
912 1380 1030 1443 noster
1061 1369 1145 1442 Jesu
1179 1367 1332 1459 Christe,
1367 1392 1471 1442 verus
1506 1392 1591 1442 vero
1623 1371 1734 1457 Deus,
1767 1373 1823 1465 qui
1855 1394 1932 1444 omn
1955 1371 2052 1448 bomo

683 1486 791 1559 factus
827 1511 886 1576 es,
919 1487 1073 1559 divinitas
1105 1495 1161 1558 tua
1196 1508 1363 1580 nunquam
1395 1495 1553 1582 separata
1589 1495 1641 1557 est
1674 1484 1716 1559 ab
1749 1484 1964 1559 humanitate:
2002 1492 2056 1584 qni

685 1602 827 1677 elludisti
853 1606 1049 1695 sanguinem
1075 1612 1165 1674 tuum
1191 1602 1378 1674 voluntarie
1405 1623 1506 1697 snper
1532 1599 1721 1693 Golgntba:
1748 1601 1893 1674 extende
1926 1625 2056 1676 manum

683 1727 773 1791 tuam
800 1741 902 1815 super
927 1718 1012 1790 bunc
1038 1717 1188 1806 calicem,
1216 1740 1357 1813 eumque
1383 1717 1543 1806 benedic,
1578 1715 1747 1790 sanctifica
1770 1726 1813 1789 <et
1843 1719 1996 1813 purifica,
2022 1729 2056 1791 ut

683 1834 875 1931 perficiatur
901 1838 935 1905 in
961 1856 1005 1907 eo
1034 1837 1173 1925 sanguis
1201 1841 1275 1907 turus
1301 1843 1455 1919 sanctus,
1482 1837 1515 1904 in
1543 1831 1606 1904 bac
1632 1842 1747 1906 sancta
1773 1831 1929 1908 Ecclesia
1953 1834 2055 1930 Apo-

684 1949 820 2024 stolica:
849 1953 925 2044 quia
952 1959 1006 2020 tua
1034 1958 1086 2021 est
1111 1948 1233 2041 gloria‘
1249 1972 1324 2021 eum
1350 1948 1452 2020 Patre
1479 1958 1547 2037 tuo,
1574 1959 1608 2020 et
1634 1948 1758 2044 Spiritu
1784 1959 1914 2039 sancto,
1941 1961 2004 2022 etc.

788 2066 933 2155 Puritas,
959 2063 1147 2137 benedictio
1174 2074 1207 2165 pt
1233 2066 1397 2155 suavitas,
1423 2061 1613 2138 bibentibus
1629 2086 1676 2136 ex
1700 2068 1863 2158 sanguine
1890 2075 1947 2137 tuo
1973 2089 2054 2162 pre-

683 2182 783 2269 tioso,
811 2203 906 2253 vero.
960 2183 1079 2254 Arnen.

1077 2435 1200 2543 &atio
1226 2493 1329 2565 srcper
1356 2470 1518 2543 cochlear
1545 2472 1668 2542 crocis

789 2677 894 2765 Deus,
921 2678 1014 2750 Deus
1040 2688 1166 2764 noster,
1195 2679 1250 2771 qui
1277 2699 1414 2751 servum
1440 2686 1530 2748 tuum
1556 2676 1677 2748 baiam
1697 2675 1898 2772 Propbetam
1926 2676 2054 2770 dignum

684 2794 795 2866 fecisti
829 2793 963 2865 videndi
999 2791 1174 2889 Seraphim
1209 2796 1240 2865 in
1275 2797 1369 2887 cujus
1403 2814 1517 2899 manu
1537 2791 1676 2887 forceps
1711 2803 1804 2882 erat,
1836 2814 1902 2887 pro
1931 2795 2056 2887 accepit

687 2909 867 2983 carbonem
903 2931 949 2981 ex
982 2907 1095 2997 altari,
1139 2931 1237 3004 quern
1267 2910 1402 2980 immisit
1434 2911 1484 2981 ori
1524 2911 1606 3001 ejus.
1659 2906 1756 2980 Nunc
1791 2909 1935 2981 Domine
1969 2907 2055 2979 Deos

567 3076 573 3081 -
685 3035 814 3115 noster,
840 3026 942 3097 Pater
969 3028 1178 3120 omnipotens
1204 3028 1238 3097 in
1263 3024 1398 3114 mundo,
1425 3023 1571 3095 extende
1597 3045 1729 3096 manum
1755 3031 1845 3097 mam
1870 3045 1974 3119 super
1997 3021 2057 3093 boc

687 3141 845 3214 coeblear
877 3143 1006 3228 crucis,
1043 3140 1086 3212 ad
1119 3139 1412 3213 administrandum
1445 3161 1568 3235 corpus
1596 3150 1630 3212 ot
1655 3143 1870 3231 sanguinem,
1901 3138 2056 3231 unigeniti

685 3258 761 3330 Filii
786 3260 833 3329 tui
858 3256 992 3328 Domini
1019 3255 1084 3327 Dei
1111 3265 1146 3327 et
1172 3256 1352 3330 salvatoris
1378 3259 1485 3328 nostri
1516 3254 1600 3327 lesu
1626 3253 1759 3328 Christi.
1811 3255 1856 3327 Et
1880 3276 1969 3326 nunc
1993 3252 2055 3325 be-

686 3373 796 3462 nedic,
824 3372 995 3445 sanctifica
1022 3383 1056 3444 et
1082 3371 1203 3444 munda
1230 3371 1321 3461 illud,
1348 3370 1456 3465 daque
1481 3369 1529 3441 illi
1556 3374 1713 3443 virtutem
1730 3380 1764 3442 et
1789 3369 1946 3463 gloriam
1973 3393 2055 3465 qua-

686 3486 753 3560 lem
780 3486 899 3560 dedisti
926 3489 1045 3584 lorcipi
1071 3487 1266 3584 Seraphim3
1294 3491 1370 3582 quia
1397 3497 1453 3558 tua
1479 3496 1533 3559 est
1558 3486 1680 3579 gloria,
1706 3496 1769 3557 etc.

952 3778 1072 3849 Oratio
1099 3800 1204 3872 saper
1230 3800 1350 3847 arcam
1376 3780 1451 3849 sive
1478 3778 1606 3850 discam
1630 3781 1803 3868 majorca.

792 3984 937 4057 Domine
964 3983 1057 4057 Deus
1083 3991 1201 4056 noster
1228 3985 1283 4078 qui
1310 3982 1420 4055 dixisti
1446 3981 1561 4078 Moysi
1586 4002 1690 4055 servo
1717 3991 1775 4054 tuo
1803 3991 1837 4054 et
1862 3983 2053 4080 Propbetne,

688 4099 745 4173 fac
771 4098 849 4174 mibi
875 4122 960 4174 vasa
986 4102 1148 4195 pretiosa,
1175 4109 1209 4170 et
1235 4096 1418 4171 collocabis
1454 4102 1495 4170 ea
1521 4101 1556 4170 iu
1581 4094 1799 4170 tabernaculo
1831 4119 1935 4193 super
1959 4122 2053 4173 nron-

688 4225 757 4288 tem
783 4215 893 4288 Sinai:
929 4237 1016 4288 nunc
1043 4214 1187 4287 Domine
1214 4214 1307 4286 Deus
1339 4221 1455 4287 noster
1490 4216 1718 4309 omnipotens,
1753 4212 1898 4285 arande
1932 4236 2052 4287 manum

690 4342 779 4405 tuam
807 4354 908 4428 super
934 4332 1020 4403 banc
1046 4352 1177 4419 arcam;
1205 4340 1238 4401 et
1262 4329 1363 4424 imple
1387 4329 1477 4402 illam
1504 4333 1646 4420 virtute,
1678 4327 1868 4400 fortitudine
1894 4340 1932 4403 et
1956 4331 2053 4423 gratia

593 4513 601 4522 .
690 4447 835 4543 Spiritus
863 4449 986 4537 sancti,
1020 4445 1063 4519 ad
1089 4444 1233 4538 gloriam
1266 4453 1357 4517 tuam
1381 4455 1418 4516 ut
1443 4444 1634 4541 perficiatur
1659 4448 1693 4516 in
1719 4465 1761 4515 ea
1787 4464 1912 4540 corpus
1938 4449 2054 4537 unige-
2100 4518 2103 4524 ,

688 4566 747 4634 niti
772 4563 847 4636 Filii
881 4565 928 4636 tui
958 4563 1092 4635 Domini
1124 4560 1190 4632 Dei
1221 4569 1255 4632 et
1287 4559 1476 4634 Salvatoris
1509 4562 1618 4633 nostri
1649 4560 1730 4632 Jcsu
1757 4556 1900 4651 Obristi,
1934 4563 1969 4632 in
1999 4558 2053 4630 buc

688 4689 805 4753 sancta
832 4676 988 4750 Ecclesia
1014 4674 1225 4772 Apostolica,
1252 4679 1329 4771 quia
1354 4675 1413 4747 tibi
1439 4684 1499 4749 est-
1517 4675 1637 4769 gloria,
1664 4685 1727 4747 etc.

798 4795 879 4865 Tam
901 4795 1038 4886 faciens
1064 4794 1194 4886 aarum
1221 4794 1334 4862 macic
1359 4791 1537 4863 Sacerdos
1562 4792 1655 4861 ctat.

794 4909 921 4995 Virtus,
947 4907 1151 4994 benedictio,
1183 4903 1375 4979 illuminatio
1409 4916 1443 4978 et
1474 4906 1690 4980 sanctificatio
1721 4907 1892 4981 Trinitatis
1928 4914 2050 4981 sancta

691 5027 733 5099 sit
758 5023 834 5095 buic
860 5023 1049 5114 Ecclesiae,
1075 5019 1273 5094 benedictae
1299 5024 1445 5096 civitatis
1470 5021 1512 5095 N.
1564 5022 1685 5095 Arnen.
