4525 6034
697 577 775 652 450
1204 576 1565 656 allatuin

801 763 986 836 Sacerdos.
1039 762 1084 835 Et
1115 764 1248 836 mistum
1282 762 1370 858 quod
1406 774 1459 837 est
1493 765 1527 835 in
1562 763 1628 837 boc
1654 763 1780 856 calice,
1812 774 2005 839 transmutet
2033 770 2060 840 in

697 883 894 972 sanguinem
923 877 1046 950 Christi
1072 880 1138 951 Dei
1164 881 1279 950 nostri.

802 994 964 1087 Populo.
1017 995 1138 1065 Amen.

801 1109 986 1181 Sacerdos.
1039 1108 1084 1179 Ut
1110 1111 1177 1180 sint
1203 1105 1355 1180 omnibus
1382 1107 1639 1203 suscipientibus
1674 1112 1708 1180 in
1739 1113 1965 1186 remissionem
2002 1111 2060 1183 de-

696 1227 848 1298 lictorum
877 1244 1012 1312 eorm,
1048 1233 1083 1294 et
1115 1246 1178 1319 per
1209 1245 1252 1296 ea
1285 1227 1377 1295 vitae
1414 1233 1572 1296 aeternae
1607 1223 1771 1298 haeredes
1805 1227 2004 1316 efficiantur,
2034 1239 2062 1302 et

698 1339 883 1413 referemus
910 1336 969 1409 tibi
994 1338 1147 1430 gloriam.

805 1453 965 1547 Populos.
1018 1456 1139 1527 Amen.

801 1566 978 1638 Sacerdos
1003 1567 1194 1638 inclinatae.
1249 1564 1425 1639 Offerimus
1452 1567 1510 1640 tibi
1535 1569 1680 1640 Domine
1699 1568 1895 1654 sacrificium
1920 1569 1986 1642 boc
2006 1593 2061 1665 pro

697 1683 854 1756 Ecclesia
881 1692 936 1754 tua
963 1692 1078 1755 sancta
1105 1681 1228 1778 ubique
1255 1681 1383 1771 dillinsa,
1411 1693 1445 1756 et
1469 1704 1531 1780 pro
1557 1683 1680 1779 populo
1711 1695 1768 1757 tuo
1796 1684 1883 1756 fideli
1908 1696 1941 1757 et
1967 1684 2062 1758 Clero

700 1798 911 1872 sacerdotali.
1514 1809 1521 1822 ³

805 1914 955 1984 Etecorm
980 1935 1106 1984 ccccm.
1160 1912 1205 1985 Et
1236 1912 1385 1985 concede
1411 1913 1588 1987 Ecclesiae
1624 1924 1701 1987 tuae
1733 1923 1872 1988 sanctae
1906 1916 2062 2010 mannul-

697 2029 835 2119 litatem‚
862 2041 896 2101 et
922 2052 1053 2125 pacem,
1080 2027 1358 2124 praesulibusque
1391 2032 1464 2121 ejus
1490 2033 1652 2101 caniciem
1678 2028 1822 2118 bonam,
1854 2039 1888 2100 et
1920 2029 2061 2105 bonora-

698 2143 814 2216 bilem:
842 2152 876 2215 et
902 2154 1011 2216 statue
1037 2147 1070 2215 in
1097 2165 1139 2215 ea
1165 2144 1327 2216 Pastores
1361 2149 1416 2239 qui
1442 2155 1535 2217 recte
1572 2144 1766 2240 dispensent
1799 2144 1941 2218 verbum
1972 2150 2063 2217 veri-

698 2262 787 2350 tatis,
815 2271 848 2331 et
873 2258 1060 2332 referemus
1086 2259 1157 2347 tibi,
1184 2270 1247 2332 etc.

803 2373 980 2446 Sacerdos
997 2375 1191 2446 inclinatas.
1241 2373 1412 2446 Memento
1450 2375 1595 2446 Domine
1637 2377 1799 2462 omnium,
1838 2379 2001 2446 miserere
2035 2384 2064 2444 et

700 2488 823 2580 adJuva
850 2510 967 2562 omnes
994 2492 1050 2583 qui
1077 2492 1237 2562 invocant
1263 2499 1310 2580 te,
1336 2487 1438 2560 etad
1464 2498 1498 2560 te
1525 2488 1720 2581 coniugium
1745 2511 1820 2559 cum
1846 2487 1911 2560 lide
1938 2511 2030 2561 vera.

804 2603 956 2675 Meosne
987 2626 1112 2675 vocem.
1166 2604 1338 2677 Auxilium
1370 2607 1471 2676 etiam
1510 2614 1601 2677 tuum
1638 2602 1790 2676 omnibus
1823 2614 1979 2699 praesta,
2016 2606 2063 2698 qui

700 2727 853 2810 egestate
894 2728 928 2790 et
961 2721 1124 2810 angustiis
1160 2717 1397 2792 conflictantur.
1451 2719 1590 2793 Custodi
1620 2720 1763 2791 Domine
1796 2741 1858 2791 eos
1894 2743 1915 2791 a
1956 2716 2063 2813 quibus

698 2855 816 2905 manus
843 2832 1076 2906 auxiliatomm
1102 2834 1302 2930 praeclusae
1328 2845 1415 2924 sunt,
1442 2847 1476 2908 et
1501 2834 1687 2907 referemus
1712 2833 1771 2905 tibi
1798 2835 1952 2926 gloriam.

805 2947 983 3020 Sacerdos
1008 2949 1200 3020 inclinatam.
1240 2950 1411 3023 Memento
1430 2951 1574 3023 Domine
1599 2950 1730 3042 Regum
1757 2949 1900 3022 bdelium
1928 2953 1984 3044 qui
1997 2947 2062 3019 Eo-

699 3061 838 3135 clesiam
864 3071 952 3134 tuam
979 3075 1129 3136 sanctam
1156 3063 1325 3158 adjuvant,
1353 3074 1387 3135 et
1412 3064 1537 3160 populo
1563 3075 1621 3137 tuo
1648 3063 1737 3136 fideli
1763 3064 1983 3137 benefaciunt

803 3177 955 3251 Etcoooa
980 3201 1107 3252 vocem.
1132 3178 1179 3251 Et
1204 3179 1299 3252 aufer
1326 3203 1347 3251 a
1372 3179 1470 3253 nobis
1495 3180 1639 3251 Domine
1665 3183 1829 3252 inimicum
1857 3181 2062 3277 spiritualem,

701 3294 840 3386 ejusque
868 3292 1089 3388 tyrannidem,
1116 3305 1151 3367 et
1178 3317 1225 3366 ex
1244 3317 1343 3367 manu
1369 3297 1552 3391 principum
1570 3295 1955 3369 immisericordiumnos
1968 3300 2064 3390 eripe,

606 3465 614 3476 ,,
700 3415 734 3476 et
759 3406 945 3479 referemus
973 3406 1042 3498 tibi,
1069 3419 1154 3481 etc*

803 3522 980 3593 Sacerdos
1005 3525 1197 3595 inclinatos.
1236 3524 1406 3598 Memento
1428 3527 1572 3599 Domine
1597 3524 1796 3598 Sanctorum
1823 3527 1968 3597 omnium
1993 3546 2064 3594 ma·

699 3638 826 3731 trisque
851 3639 1010 3729 unigeniti
1037 3638 1112 3710 Filii
1140 3643 1201 3711 tui:
1229 3639 1335 3728 salva,
1363 3650 1398 3712 et
1423 3640 1582 3713 confirma
1609 3663 1672 3714 nos
1699 3663 1761 3737 per
1786 3662 1909 3736 preces
1925 3640 2065 3712 Sancto-

699 3773 772 3822 rum
799 3761 937 3823 tuorum.
1891 3835 1900 3857 ι

803 3866 954 3939 Elcooor
979 3890 1105 3939 vocem.
1158 3866 1202 3940 Et
1237 3865 1298 3939 sub
1332 3866 1393 3940 alis
1421 3867 1620 3940 Sanctomm
1655 3878 1785 3940 tuorum
1822 3878 1968 3963 protege
1995 3888 2065 3955 nos,

700 3988 735 4050 et
765 3981 851 4053 inter
887 4004 1003 4055 eorum
1035 3982 1171 4056 ordines
1210 4005 1274 4056 nos
1313 3986 1493 4056 constitue:
1532 3994 1567 4055 ut
1601 4005 1676 4055 cum
1709 3986 1758 4054 eis
1791 3981 1976 4057 referamus
2010 3983 2063 4053 tibi

701 4093 853 4186 gloriam.
1844 4109 1848 4122 ·

805 4210 982 4282 Sacerdos
1008 4214 1200 4284 inclinatas.
1253 4214 1423 4287 Memento
1449 4212 1594 4286 Domine
1625 4234 1784 4286 veromm
1813 4212 1969 4285 Ecclesia
1994 4222 2066 4283 tuae

700 4324 887 4413 Pastorum,
916 4329 972 4421 qui
997 4326 1095 4400 nobis
1121 4327 1220 4399 fidem
1246 4338 1373 4400 rectam
1395 4326 1688 4423 praedicaverunt,
1713 4328 1915 4423 Patmmque
1940 4326 2066 4398 electo-

700 4459 772 4509 rum
799 4449 834 4511 et
859 4440 1044 4514 Doctorum
1072 4441 1353 4515 Ortbodoxorum.

802 4554 954 4626 Eleoooa
979 4578 1105 4628 vocem.
1160 4557 1338 4631 Conserva
1364 4579 1428 4629 nos
1454 4560 1597 4631 Domine
1622 4560 1655 4629 in
1681 4555 1746 4629 lide
1773 4556 1980 4647 orthodoxa,
2006 4578 2065 4627 nec

699 4678 863 4756 errantes,
891 4681 948 4742 aut
973 4693 1052 4744 reos
1078 4670 1181 4745 facito
1208 4695 1272 4746 nos
1299 4673 1451 4747 Domine.

802 4783 980 4857 Sacerdos
1010 4787 1205 4858 inclinatos.
1257 4788 1428 4861 Memento
1461 4789 1605 4861 Domine
1638 4791 1781 4860 omnium
1820 4787 1961 4861 fidelium
2001 4786 2064 4857 de-

601 4921 605 4928 *
698 4894 899 4990 functorum,
926 4905 1042 4995 quiin
1069 4925 1131 4998 spe
1158 4911 1214 4974 tua
1241 4902 1483 4994 decubuerunt,
1511 4913 1545 4976 et
1571 4905 1715 4997 quietem
1745 4915 1882 4999 praesta
1915 4924 1974 4999 per
1998 4904 2064 4970 mi-

699 5016 886 5088 serationes
913 5026 1000 5110 tuas,
1025 5019 1066 5091 iis
1094 5019 1150 5113 qul
1176 5017 1338 5115 redempti
1364 5029 1440 5093 sunt
1465 5020 1628 5113 sanguine
1653 5021 1815 5113 unigeniti
1840 5019 1915 5092 Filii
1940 5020 1991 5090 tui.
