4525 6034
707 592 755 665 14
1063 554 1069 575 ’
1209 595 1568 673 etruscin

702 781 860 878 populum
886 775 1139 876 congrepatum,
1164 783 1401 877 mundavitque
1426 806 1490 857 nos
1521 807 1583 881 per
1609 784 1765 880 Spiritum
1792 794 1940 857 sanctum
1968 808 2068 858 snum.

702 899 780 995 Ipse
806 924 882 973 cum
909 900 1084 974 dilexisset
1110 921 1191 974 suos
1219 904 1397 995 quierant
1431 904 1465 972 in
1496 900 1629 991 mundo,
1665 900 1797 973 tradidit
1831 923 1869 974 se
1896 903 2005 996 ipsum
2032 901 2070 972 ad

703 1016 843 1089 salutem
870 1041 931 1113 pro
959 1016 1057 1091 nohis
1084 1020 1117 1087 in
1143 1025 1295 1105 mortem,
1323 1040 1409 1113 quae
1437 1039 1626 1113 supernos
1653 1017 1831 1111 regnabat,
1858 1041 1923 1112 qua
1944 1040 2071 1113 peeca-

702 1143 812 1207 torum
843 1145 1032 1207 nostrorum
1065 1155 1166 1205 causa
1201 1135 1370 1206 constricti
1388 1120 1618 1206 'tenebamurz
1662 1133 1833 1207 descendit
1864 1134 1907 1205 ad
1945 1133 2068 1206 interos

701 1274 763 1348 per
798 1274 950 1345 crucem,
985 1254 1131 1323 surrexit
1157 1274 1177 1321 a
1205 1253 1341 1324 mortuis
1377 1249 1430 1321 die
1464 1254 1573 1340 tertia,
1606 1250 1755 1323 ascendit
1782 1251 1825 1323 ad
1851 1253 1982 1342 coelos,
2010 1272 2069 1321 se-

702 1367 813 1462 disque
840 1367 883 1440 ad
910 1368 1084 1439 dexteram
1110 1376 1217 1456 tuam,
1246 1378 1407 1463 apator,
1436 1367 1691 1463 designavitque
1719 1366 1806 1438 diem
1832 1369 2067 1453 retributionis,

702 1487 735 1555 in
773 1508 839 1580 quo
882 1483 1054 1580 apparebit
1091 1482 1135 1555 ad
1166 1483 1380 1576 judicandum
1413 1485 1529 1558 orbem
1567 1489 1600 1556 in
1628 1485 1756 1576 justitia
1796 1494 1830 1555 et
1865 1485 2068 1557 tribuendum

633 1584 642 1603 ’
701 1604 877 1695 unicuique
899 1603 996 1691 juxta
1023 1622 1127 1696 opera
1156 1622 1226 1671 sua.

440 1750 469 1780 ατ
508 1724 539 1781 τὸ
585 1728 613 1781 εό
642 1747 688 1779 σου
805 1718 966 1811 Populos.
1007 1715 1198 1789 Secundum
1227 1715 1491 1788 misericordiam
1525 1726 1633 1806 mam,
1660 1716 1823 1808 Domine,
1854 1727 1888 1789 et
1915 1739 1983 1789 non
2009 1739 2067 1790 se-

375 1817 410 1954 :v'
428 1840 465 1882 ’θ’
490 1820 553 1954 '‘⁰2“oe
622 1811 843 1950 {tflcundum
868 1843 1007 1930 peccata
1033 1844 1159 1905 nostra.

804 1951 989 2023 Sacerdos.
1026 1948 1168 2023 instituit
1192 1947 1291 2021 nobis
1317 1951 1513 2045 mysterium
1538 1948 1604 2021 hoc
1630 1971 1787 2041 magnum
1804 1952 1938 2045 piatatis
1957 1959 1991 2022 et
2006 1974 2065 2022 re-

699 2068 846 2160 ligionis,
873 2091 948 2139 cum
975 2069 1146 2139 statuisset
1172 2065 1305 2138 tradere
1332 2087 1371 2137 se
1398 2069 1496 2138 morti
1522 2088 1585 2162 pro
1612 2065 1723 2137 mundi
1748 2070 1828 2138 vita.

802 2183 965 2277 Populos.
1007 2180 1182 2254 Credimus
1209 2185 1242 2253 in
1268 2184 1319 2253 rei
1345 2188 1487 2259 veritate
1514 2186 1560 2253 ita
1587 2205 1675 2256 csse.

803 2299 986 2372 Sacerdos.
1025 2298 1169 2395 Accepit
1193 2321 1315 2394 panem
1340 2300 1505 2371 inmanus
1533 2320 1611 2373 suas
1639 2308 1785 2389 sanctas,
1810 2322 1914 2396 puras
1944 2310 1977 2372 et
2002 2305 2064 2371 im-

699 2414 900 2507 maculatas‚
933 2416 1051 2489 beatas
1084 2426 1118 2488 ct
1150 2415 1381 2505 vivificantes,
1417 2426 1451 2487 et
1489 2419 1622 2511 aspexit
1654 2419 1687 2489 in
1715 2416 1867 2510 coelum,
1900 2416 1946 2488 ad
1972 2429 2015 2508 te,
2046 2439 2065 2489 o

698 2531 804 2625 Deus,
830 2533 963 2605 Patrem
991 2554 1083 2605 suum
1112 2540 1146 2604 et
1172 2534 1318 2604 amolum
1343 2532 1530 2605 Dominum.

807 2650 900 2721 Tenc
926 2653 1076 2743 accipiet
1101 2650 1307 2722 oblationem
1331 2672 1434 2743 saper
1465 2673 1583 2721 manos
1608 2673 1704 2738 suas,
1737 2654 1941 2744 asseretque
1966 2651 2066 2722 actm

699 2768 844 2860 desuper
870 2767 974 2838 disco.

801 2881 963 2976 Populos.
1006 2883 1125 2955 Amen.

801 2997 977 3072 Sacerdos
1002 3000 1129 3070 levabit
1155 2999 1272 3071 ocados
1299 3000 1423 3072 diceas.
1449 2998 1493 3071 Et
1518 3003 1644 3093 gratias
1671 3001 1748 3093 egit
1775 3001 1804 3088 †

800 3117 962 3210 Populos.
1001 3116 1122 3189 Amen.

801 3232 986 3306 Sacerdos.
1030 3233 1074 3305 Et
1099 3232 1270 3306 benedixit
1297 3257 1381 3305 eum.
1409 3235 1438 3323 †

799 3349 961 3443 Populos.
1000 3348 1120 3421 Amen.

801 3467 976 3540 Sacerdos
1002 3468 1107 3563 dipito
1136 3474 1189 3539 ter
1216 3466 1421 3539 oblationem
1447 3490 1541 3539 raam
1551 3465 1701 3562 apaadr't
1726 3468 1761 3536 ia
1786 3467 1918 3537 modam
1946 3467 2061 3538 macie

801 3582 846 3656 Et
872 3582 1091 3657 sanctificavit
1117 3607 1203 3655 eum.
1230 3585 1258 3672 †

799 3702 961 3794 Populus.
1000 3702 1122 3774 Amen

801 3819 976 3891 Sacerdos
998 3823 1141 3915 sraapet
1174 3817 1379 3889 oblationem
1408 3821 1444 3888 in
1478 3821 1549 3888 tres
1575 3821 1707 3909 partes,
1742 3839 1826 3910 qaas
1858 3820 1911 3888 ita
1950 3817 1996 3888 od
2023 3836 2058 3888 se

696 3939 839 4007 invicem
865 3937 1035 4033 adjmet,
1062 3943 1100 4007 at
1125 3935 1368 4030 quedammodo
1396 3936 1526 4006 divisae
1542 3954 1611 4003 aon
1626 3935 1703 4003 siat.
1744 3933 1840 4020 Quae
1854 3934 1931 4004 dam
1944 3937 2058 4029 secat,

697 4053 821 4149 dipitos
846 4058 940 4125 intra
958 4055 1083 4125 discam
1105 4053 1261 4148 deterpit,
1288 4073 1332 4123 ae
1354 4053 1435 4146 quid
1453 4075 1499 4123 ea
1525 4049 1648 4123 oblmis
1675 4047 1876 4142 adhaereat
1904 4058 1940 4123 et
1964 4052 2056 4122 dicet.

799 4170 844 4243 Et
877 4170 980 4264 fregit
1014 4193 1107 4261 eum,
1149 4166 1303 4264 deditque
1341 4171 1467 4240 sanctis
1504 4166 1672 4263 discipulis
1705 4177 1739 4238 et
1773 4165 1949 4263 Apostolis
1981 4172 2056 4257 suis,

697 4286 828 4362 dicens:
866 4286 1038 4383 Accipite,
1071 4285 1267 4359 manducate
1307 4308 1353 4357 ex
1381 4285 1446 4357 hoo
1477 4307 1603 4358 omues.
1640 4285 1715 4357 Hoc
1748 4295 1801 4357 est
1826 4288 1914 4355 enim
1942 4303 2055 4378 corpus

696 4428 805 4477 merim
832 4404 921 4500 quod
947 4426 1009 4500 pro
1036 4403 1136 4477 vobis
1162 4402 1344 4495 frangitur,
1371 4413 1405 4474 et
1429 4424 1491 4497 pro
1518 4401 1626 4473 multis
1654 4400 1749 4473 datur
1772 4404 1806 4471 in
1831 4404 2055 4475 remissionem

695 4532 919 4617 peccatorum,
946 4519 1012 4594 hoo
1036 4520 1138 4593 iacite
1164 4523 1197 4591 in
1222 4524 1289 4591 mei
1314 4523 1519 4592 memoriam.

799 4638 961 4732 Populus.
1003 4637 1123 4708 Amen.

796 4750 972 4829 Sacerdos
998 4759 1115 4825 teneras
1141 4752 1282 4823 calicem
1307 4775 1408 4823 marsa
1432 4777 1506 4841 aaa,
1534 4754 1634 4824 dicet.
1687 4750 1843 4824 Similiter
1874 4749 1971 4821 etiam
1997 4766 2055 4815 ca-

694 4870 793 4943 licem
817 4879 895 4966 post
921 4892 1073 4960 coenam,
1101 4891 1188 4964 aqua
1215 4878 1248 4940 et
1273 4870 1353 4941 vino
1380 4872 1520 4942 miscuit.

799 4986 973 5058 Sacerdos
1000 4985 1142 5056 calicem
1167 4992 1220 5057 ter
1247 5007 1350 5057 eruce
1375 4985 1532 5081 sipaadit,
1568 4993 1603 5058 et
1628 4986 1728 5058 dicet.
1762 4982 1895 5057 Gratias
1929 4976 2053 5074 egini

799 5102 959 5197 Poprdos.
1004 5101 1125 5175 Amen.
