4525 6034
698 599 725 672 8
1078 600 1254 679 ORDO
1308 600 1686 683 conubiis

803 788 987 861 Sacerdos.
1040 790 1133 862 Deus
1158 790 1292 862 laudem
1317 800 1406 862 mam
1433 792 1610 887 suscipiat,
1637 802 1671 865 et
1687 791 1843 867 laetificet
1853 817 1912 868 con
1924 796 2044 870 audien-

699 906 779 975 tium
804 915 859 994 te,
885 907 919 976 in
945 926 1053 997 regno
1081 904 1252 977 coelorum
1278 909 1312 977 in
1339 906 1485 979 saccula.

802 1021 990 1093 Diaconos.
1043 1020 1206 1111 Alleluia,
1234 1022 1373 1094 alleluia.

803 1137 988 1210 Sacerdos.
1040 1137 1214 1210 immolate
1239 1136 1285 1209 illi
1312 1138 1495 1230 sacrificia,
1522 1140 1639 1213 oberte
1665 1142 1874 1234 oblationes,
1902 1145 2048 1217 ascendite

698 1256 733 1324 in
760 1258 843 1326 atria
869 1254 1022 1342 Domini,
1049 1264 1083 1325 et
1109 1254 1248 1326 adorate
1276 1277 1351 1326 eum
1377 1259 1411 1327 in
1437 1256 1562 1353 templo
1596 1268 1712 1331 sancta
1747 1262 1839 1352 ejas,
1875 1261 2049 1334 confitemini

700 1380 734 1441 et
759 1369 947 1443 benedicite
973 1374 1097 1443 nomini
1124 1374 1216 1463 ejuS,
1244 1396 1264 1442 a
1291 1395 1357 1468 quo
1383 1377 1453 1444 vita
1480 1373 1640 1446 tribuitur.
1693 1374 1848 1448 Alleluia.

803 1488 992 1558 Diacoaas.
1044 1489 1135 1561 Ante
1161 1487 1384 1580 Evangelium
1411 1487 1600 1562 Salvatoris
1625 1495 1753 1582 nostri,
1780 1496 1835 1587 qui
1862 1498 2050 1567 annunciavit

699 1607 803 1676 vitam
829 1602 1000 1677 animabus
1015 1607 1177 1695 nostris,
1203 1627 1279 1677 cum
1305 1603 1463 1677 odoribus
1489 1609 1672 1701 impositis,
1698 1610 1958 1683 misericordiam
1978 1621 2051 1683 tram

699 1719 843 1793 Domine
870 1720 1097 1817 deprecamur.
1331 1786 1333 1788 ,

802 1837 978 1909 Sacerdos
1002 1841 1104 1908 atera
1128 1837 1205 1909 ibas
1229 1839 1266 1907 s‘a
1293 1837 1495 1908 tbmibalm
1521 1836 1556 1910 et
1581 1841 1676 1910 dicit.

802 1946 949 2027 benedic
975 1954 1128 2026 Domine.
1181 1954 1286 2049 Kyrie
1314 1954 1460 2042 eleison,
1487 1955 1593 2051 Kyrie
1620 1955 1769 2046 eleison,
1800 1959 1907 2053 Kyrie
1932 1958 2051 2030 eleison.

698 2070 907 2161 AdoremuS,
933 2071 1105 2143 laudemus
1132 2080 1167 2142 et
1192 2071 1421 2161 celebremus,
1448 2069 1653 2161 exaltemus,
1681 2073 1880 2147 extollamus
1909 2084 1941 2146 et
1954 2074 2049 2146 bene-

699 2187 846 2260 dicamus
878 2209 1002 2259 nomen
1037 2185 1241 2259 adorandmn
1276 2197 1311 2259 et
1342 2186 1540 2259 laudandum
1572 2188 1702 2279 Patris,
1736 2189 1830 2279 Filii,
1862 2201 1897 2261 et
1927 2191 2049 2287 Spiritus

699 2309 806 2379 sancti
831 2308 921 2396 vivi,
948 2307 1043 2396 cujus
1069 2327 1133 2375 una
1160 2313 1211 2376 est
1230 2315 1397 2401 potestas,
1424 2325 1490 2374 una
1506 2306 1686 2397 majestas,
1711 2306 1959 2379 unavoluntas:
1982 2329 2053 2379 unus

649 2490 654 2507 Ι
698 2421 814 2512 Deus,
848 2444 971 2509 verus,
1002 2419 1215 2509 benedictus,
1249 2420 1428 2509 excelsus,
1469 2419 1655 2494 indivisus:
1690 2424 1755 2517 ipsi
1791 2426 1834 2496 sit
1868 2425 1992 2516 gloria,
2026 2432 2053 2495 et

700 2558 890 2632 supernos
916 2536 1166 2611 misericordiae
1192 2539 1285 2628 eJus,
1317 2557 1405 2608 nunc
1431 2545 1466 2607 et
1491 2557 1626 2631 semper
1653 2549 1686 2610 et
1711 2543 1745 2611 in
1778 2540 1914 2612 saecula
1945 2562 2053 2613 saccu-

698 2652 828 2745 lorum,
854 2653 974 2727 Amen.
1025 2655 1171 2727 Domina
1196 2653 1290 2726 Deus
1316 2654 1526 2748 omnipotens
1553 2657 1609 2748 qui
1635 2656 1816 2727 secundum
1838 2656 1980 2729 divinam
1993 2678 2052 2727 vo-

697 2770 855 2842 luntatem
883 2775 991 2843 omnia
1018 2774 1128 2862 regis3
1163 2772 1272 2842 omnia
1308 2772 1396 2842 enim
1429 2769 1487 2842 tibi
1514 2769 1643 2844 subdita
1671 2783 1761 2845 sunt:
1797 2773 1948 2846 concede
1969 2772 2053 2844 nobis

698 2887 842 2959 Domine
867 2889 960 2961 Deus
986 2878 1254 2984 propitiationem
1280 2885 1475 2959 delictorum
1507 2896 1543 2958 et
1573 2891 1806 2961 remissionem
1836 2881 2053 2987 peccatorum:

701 3004 796 3076 aufer
822 3027 842 3075 a
867 3004 966 3077 nobis
994 3004 1104 3077 dolum
1131 3014 1165 3075 et
1189 3002 1373 3094 invidiam,
1406 3011 1440 3075 et
1465 3001 1592 3134 Spiritu
1624 3014 1680 3076 tuo
1708 3016 1824 3078 sancto
1849 3029 1916 3079 nos
1942 3007 2054 3080 sanati-

699 3121 782 3213 bca,
809 3130 845 3193 ut
871 3120 962 3214 digni
988 3121 1159 3194 auditores
1186 3131 1221 3192 et
1245 3118 1393 3194 lactares
1420 3122 1523 3193 simus
1549 3119 1730 3212 Evangelii
1757 3121 1879 3196 Christi
1906 3126 1974 3195 tui:
2003 3142 2054 3217 per

701 3258 798 3329 quem
825 3247 860 3309 et
885 3261 959 3310 cum
987 3261 1053 3333 quo
1080 3247 1115 3308 te
1141 3235 1240 3309 decet
1264 3235 1337 3308 laus
1365 3246 1399 3308 et
1424 3235 1552 3328 gloria,
1579 3237 1675 3310 simul
1697 3260 1771 3312 cmn
1786 3239 1892 3312 suffitu
1909 3238 1971 3311 boc
1987 3237 2053 3308 tbu-

698 3355 763 3439 ris,
791 3364 868 3425 ante
893 3353 1071 3426 lectionem
1096 3351 1276 3445 Evangelii
1302 3354 1348 3423 tui
1373 3352 1539 3427 salutaris.
1597 3352 1742 3426 Domine
1774 3364 1808 3426 et
1832 3356 1928 3428 Deus
1957 3362 2053 3426 noster

699 3466 758 3538 tibi
783 3468 894 3561 gloria
919 3473 953 3541 in
979 3469 1126 3544 saecula.

803 3584 992 3658 Diaconos.
1044 3585 1207 3661 Accedite
1233 3585 1277 3657 ad
1301 3606 1356 3656 me
1382 3582 1514 3672 fratrea,
1541 3592 1651 3657 tacete
1678 3596 1713 3657 et
1733 3586 1915 3661 auscultate
1938 3568 2075 3660 annm-¹

689 3701 877 3775 'ciationem
902 3701 1093 3776 salvatoris
1120 3704 1243 3791 nostri,
1270 3724 1316 3773 ex
1341 3699 1532 3793 Evangelio
1560 3711 1678 3776 sancto
1705 3702 1794 3799 quod
1819 3701 1921 3777 vobis
1941 3702 2050 3796 legiun

803 3819 988 3892 Sacerdos.
1040 3821 1116 3893 Pax
1141 3818 1328 3891 vobiscum.

804 3937 965 4030 Popalas.
1017 3935 1062 4008 Et
1088 3959 1163 4007 curn
1189 3934 1314 4030 Spiritu
1340 3942 1408 4004 trra.

804 4051 988 4126 Sacerdos.
1039 4052 1096 4125 Ex
1121 4049 1310 4144 Evangelio
1346 4057 1483 4138 sancto,
1516 4049 1651 4122 Domini
1684 4054 1791 4125 nostri
1823 4051 1906 4125 lesu
1938 4048 2049 4133 Christi,

700 4169 764 4240 Dei
789 4173 894 4242 nostri
918 4173 1013 4260 veri,
1039 4168 1288 4266 praedicatione
1313 4164 1423 4255 lacta,
1451 4189 1471 4237 a
1496 4164 1538 4237 N.
1565 4166 1733 4262 Apostolo
1760 4177 1795 4239 et
1819 4189 1982 4264 praecone
2001 4166 2049 4235 vi-

700 4294 755 4356 tae
783 4298 959 4377 aeternae,
987 4289 1275 4360 annunciationem
1299 4285 1391 4355 vitae
1417 4291 1452 4353 et
1477 4281 1592 4355 salutis
1619 4283 1767 4355 audimus
1800 4306 1863 4379 pro
1899 4277 2049 4356 animabus

701 4406 834 4479 nostris.

806 4520 994 4592 Diaconos.
1046 4519 1164 4593 Estote
1190 4523 1225 4591 in
1250 4516 1398 4602 silentio,
1423 4513 1623 4604 Auditoros,
1656 4517 1721 4590 bac
1753 4524 1819 4588 est.
1837 4521 1924 4588 enim
1945 4514 2049 4586 Evan-

702 4635 827 4729 gelium
853 4648 1001 4711 sanctum
1029 4636 1118 4731 quod
1142 4637 1273 4730 legitur.
1325 4634 1462 4707 Fratres
1488 4639 1555 4709 mei
1573 4633 1747 4721 festinate,
1775 4631 1903 4723 audite,
1929 4639 1959 4702 et
1974 4648 2049 4699 eon-

703 4752 837 4826 fitemini
862 4752 1003 4826 verbum
1029 4753 1095 4824 Dei
1120 4756 1202 4826 vivi.

807 4871 991 4944 Sacerdos.
1043 4870 1147 4962 Igitur
1182 4873 1217 4942 in
1250 4879 1403 4965 tempore
1439 4870 1705 4945 conversationis
1737 4870 1772 4938 in
1810 4876 1901 4937 terra
1935 4859 2048 4934 Domini

704 4987 768 5060 Dei
794 4996 828 5059 et
853 4988 1040 5060 Salvatoris
1066 4989 1173 5061 nostri
1198 4986 1281 5059 lesu
1308 4986 1448 5078 Christi,
1475 4987 1559 5060 dixit
1584 4982 1762 5080 Discipulis
1788 4985 1876 5072 suis,
1904 4990 1959 5054 etc.

767 5188 769 5192 ¹
807 5104 967 5199 Popalas.
1019 5102 1167 5176 Benedio
1192 5104 1301 5176 Pater.
