4525 6034
665 544 767 628 LXX
1166 556 1545 634 utssutttttto

668 743 851 814 mutitudini
877 765 946 817 non
972 742 1112 833 sufficit,
1139 764 1260 838 nempe
1285 752 1322 814 ιιι
1347 764 1457 816 novus
1485 741 1662 831 afferatur,
1695 751 1908 838 resumatqua
1940 744 2060 815 utini-

668 868 738 929 ster
765 856 914 930 Canania
940 867 1085 954 partem,
1118 860 1152 929 in
1184 879 1249 952 qua
1284 855 1391 929 verba
1424 857 1548 930 Christi
1574 862 1798 931 continentur:
1834 881 1898 953 qua
1932 858 1977 931 de
2014 882 2060 930 re

667 993 784 1066 parum
813 973 944 1045 solliciti
971 971 1068 1044 luere
1093 976 1265 1069 puriores,
1291 981 1327 1043 ιιι
1353 972 1417 1043 dici
1443 973 1581 1063 volunt,
1615 973 1833 1065 Evangelici,
1872 996 1937 1045 nec
1970 975 2059 1045 ior-

667 1092 769 1162 ιιιιιῑι
796 1091 971 1160 immerito.
1024 1088 1089 1160 Ubi
1118 1092 1205 1159 enim
1233 1093 1443 1160 consecratio
1472 1088 1710 1161 elementorum
1729 1087 1819 1160 nulla
1839 1093 2059 1183 supponitur,

667 1202 714 1274 ibi
740 1203 863 1276 inutilis
891 1215 943 1276 est
970 1226 1144 1275 sacrorum
1171 1202 1351 1275 verborum
1379 1207 1622 1299 pronuntiatio,
1649 1203 1706 1276 vel
1728 1205 1898 1298 repetiti03
1926 1206 2059 1299 quippe

668 1321 698 1390 si
723 1318 802 1392 nihil
824 1320 987 1412 alliciunt,
1015 1308 1200 1415 repetenda
1227 1340 1295 1389 non
1320 1318 1493 1409 videntur,
1528 1322 1593 1390 imo
1627 1340 1691 1390 nec
1725 1321 1759 1425 qn
1787 1315 1926 1391 Oanone
1959 1341 2058 1414 pro-

667 1434 855 1506 nuntianda.
909 1435 995 1507 Sunt
1022 1435 1109 1507 aliae
1135 1433 1290 1506 rubricae
1316 1437 1349 1505 in
1376 1435 1440 1506 illis
1469 1435 1613 1522 Officiis,
1640 1437 1841 1528 praesertim
1866 1435 2057 1526 inAngli-

668 1552 781 1638 canis,
822 1559 858 1620 ut
893 1572 978 1644 quae
1010 1549 1231 1623 Eucharistici
1270 1553 1366 1644 panis
1399 1550 1588 1621 munditiem
1624 1558 1797 1644 spectant,
1840 1548 2054 1644 probibitio-

667 1686 745 1735 nem
770 1686 814 1735 ue
840 1663 1001 1758 reliquiae
1029 1688 1115 1760 quae
1149 1665 1226 1736 data
1253 1669 1485 1736 commuuione
1511 1664 1749 1759 superfuerint,
1777 1668 1810 1734 in
1837 1687 2055 1736 communem

668 1802 762 1851 usum
796 1790 1027 1873 asportantur,
1068 1779 1129 1852 sed
1171 1782 1205 1850 in
1252 1783 1327 1873 ipsa
1363 1802 1478 1851 mensa
1519 1780 1576 1850 ubi
1613 1779 1730 1853 Coena
1766 1778 1936 1852 celebrata
1974 1790 2055 1868 est,

667 1917 687 1965 a
728 1894 957 1966 sacerdotibus
998 1906 1033 1967 et
1071 1895 1232 1967 Diaconis
1272 1906 1470 1967 reverenter
1509 1903 1693 1967 sumantur:
1737 1895 1797 1966 sed
1838 1895 1894 1966 illa
1934 1918 2054 1991 prae-

665 2011 763 2103 cipue
799 2032 885 2104 quae
917 2032 1061 2102 genuum
1097 2009 1278 2081 flexionem
1320 2009 1636 2082 communicantibus
1676 2013 1835 2105 imperat,
1876 2011 2053 2084 monendo

666 2133 800 2213 tamen,
833 2146 876 2195 na
911 2128 1082 2220 quisquam
1117 2124 1203 2196 banc
1236 2123 1394 2215 honoris,
1427 2126 1469 2198 ad
1500 2125 1680 2197 recolenda
1714 2135 1812 2217 grato
1845 2129 1954 2196 aniam
1981 2125 2054 2215 Dei

666 2237 829 2311 beneficia
860 2240 1157 2331 significationem,
1192 2239 1234 2311 ad
1270 2241 1498 2313 adorationem
1533 2240 1668 2313 referat.
1719 2239 1764 2311 Et
1797 2245 1927 2312 moneri
1962 2264 2053 2314 sane

667 2354 856 2449 oportebat:
885 2358 957 2449 quis
984 2359 1071 2427 enim
1097 2355 1355 2451 procumbentes
1382 2379 1495 2429 coram
1522 2356 1730 2429 Eucbamstia
1764 2378 1839 2428 eam
1865 2378 1933 2428 uon
1955 2357 2052 2429 ado-

665 2492 744 2541 rare
771 2470 1025 2554 existimasset?
1053 2468 1137 2543 Cum
1162 2475 1264 2565 igitur
1289 2475 1323 2542 in
1349 2475 1559 2568 paucissimis
1595 2472 1659 2545 illis
1686 2470 1803 2544 ritibus
1831 2475 1887 2566 qui
1918 2475 2053 2566 primae

665 2584 926 2658 Reformationis
961 2585 1125 2658 dammam
1159 2588 1363 2678 effugerunt,
1406 2591 1599 2660 necessaria
1632 2585 1733 2658 luerit
1766 2586 1925 2678 alicujus,
1959 2612 2051 2683 quae

667 2699 885 2790 servabatur,
914 2701 1108 2798 disciplinae
1134 2705 1372 2798 praescriptio,
1400 2706 1486 2774 inter
1511 2713 1648 2774 veteres
1671 2702 1901 2792 Christianos,
1929 2703 2050 2775 Grae-

666 2838 725 2889 cos
753 2828 788 2888 ιι
814 2815 1002 2889 Orientales
1029 2839 1167 2906 omnes,
1204 2821 1260 2913 qui
1293 2841 1367 2888 cum
1403 2840 1526 2909 magno
1563 2820 1848 2889 caeremoniarum
1881 2829 2050 2913 apparatu

663 2931 848 3023 Litargiam
885 2932 1078 3022 celebrant,
1115 2931 1238 3027 aliquid
1272 2936 1363 3004 circa
1396 2933 1469 3005 illas
1502 2931 1607 3007 luisse
1639 2932 1910 3022 determinatum,
1944 2944 1978 3005 et
2012 2937 2048 3006 in

664 3046 836 3119 codicibus
863 3047 1112 3121 Ecclesiasticis
1139 3054 1382 3145 praescriptum
1409 3046 1560 3121 dubitare
1586 3071 1685 3122 nemo
1699 3058 1829 3143 potest:
1857 3051 1886 3120 si
1906 3047 2046 3141 dubitet,

666 3161 754 3233 unda
781 3163 879 3236 dubia
905 3163 1052 3260 probare
1079 3186 1141 3237 sua
1167 3169 1274 3261 possit
1300 3165 1385 3238 bau'd
1411 3163 1510 3236 facile
1536 3168 1693 3259 reperiet.

341 3279 654 3380 ὅιῖιιῦιξιᾶῑιοῑιιιιιιη
772 3278 876 3370 Igitur
903 3303 991 3375 quae
1018 3284 1052 3351 in
1080 3279 1262 3353 codicibus
1290 3280 1449 3370 Graecis,
1476 3281 1646 3376 Syriacis,
1674 3279 1823 3376 Copticis
1850 3288 1884 3352 et
1905 3281 2046 3353 aliarum

339 3363 515 3507 fffflhf'ff.
534 3370 569 3469 ,ὼ
591 3373 852 3510 ἓιοῖιίιιςιιιιιιιιι
887 3398 1051 3490 reperitur
1086 3395 1275 3490 disciplina,
1314 3396 1444 3468 frivolis
1478 3396 1661 3481 rationibus
1696 3418 1777 3491 quas
1811 3396 2045 3469 Protestantes

339 3533 423 3589 deb„
439 3470 488 3519 ψ
508 3474 584 3509 'cmm
610 3475 648 3511 ω’
666 3507 709 3578 ad
736 3532 808 3580 eam
836 3509 1091 3582 convellendam
1118 3510 1353 3602 adhibuerunt,
1379 3511 1505 3584 firmior
1532 3521 1601 3600 est,
1629 3521 1663 3582 ιι
1689 3511 1868 3584 secuudum
1887 3511 1975 3583 illam
1999 3510 2045 3581 de

665 3622 843 3696 O'rientalis
869 3624 1045 3697 Ecclesiae
1072 3624 1137 3697 fide
1159 3628 1317 3718 judicium
1344 3628 1416 3699 lieri
1443 3626 1552 3699 debet.
1585 3626 1683 3698 Nulla
1710 3648 1793 3699 saue
1820 3626 1906 3699 illius
1934 3627 2043 3698 disci-

662 3738 773 3833 plinae
791 3761 870 3832 pars
892 3750 963 3831 est,
991 3764 1077 3835 quae
1099 3741 1352 3835 Berengariana
1376 3755 1545 3839 tempora,
1574 3752 1607 3815 ιι
1629 3740 1732 3815 falsas
1751 3764 1868 3814 omues
1882 3740 2042 3836 Eporbas

661 3856 849 3926 mutationis
876 3855 970 3945 lidei,
999 3877 1080 3949 quas
1107 3857 1302 3931 Albertinus
1330 3861 1558 3951 excogitavit,
1591 3880 1658 3929 non
1693 3866 1897 3929 antevertat:
1930 3879 2042 3951 prae·

662 3972 775 4040 sertim
808 3973 842 4040 in
868 3970 931 4042 illis
958 3970 1074 4043 ritibus
1102 3977 1158 4066 qui
1184 3977 1320 4065 majoris
1347 3977 1503 4046 momenti
1530 3985 1617 4050 sunt.
1670 3972 1757 4046 Nam
1788 3976 1821 4043 in
1849 3971 1922 4044 aliis
1950 3993 2041 4066 quae

660 4088 891 4158 caeremonias
919 4085 1011 4159 solas
1038 4098 1209 4182 spectant,
1238 4092 1267 4161 si
1295 4113 1381 4185 quaa
1407 4091 1589 4162 differentia
1617 4099 1685 4179 est,
1712 4112 1830 4185 parum
1856 4087 1978 4164 relert:
2006 4092 2040 4159 in

659 4199 795 4293 rebquis
822 4198 973 4295 perlecta
1000 4212 1053 4273 est
1079 4204 1276 4293 similitudo,
1303 4208 1487 4278 orationum
1515 4219 1549 4278 ιι
1576 4209 1704 4279 rituum.
1757 4205 1835 4276 Non
1862 4207 2040 4299 accepisse

660 4336 744 4386 vcro
766 4315 941 4411 quidquam
960 4317 1024 4388 boc
1038 4321 1072 4388 in
1089 4341 1216 4410 genere
1241 4318 1431 4393 Orientales
1454 4321 1496 4392 ab
1521 4320 1809 4410 occidentalibus,
1837 4342 1912 4391 cum
1936 4320 2039 4391 multa

659 4429 903 4520 demonstrant,
930 4442 998 4504 tum
1025 4433 1104 4504 illud
1129 4438 1300 4525 maxime,
1329 4436 1418 4531 quod
1444 4437 1601 4509 rrountdla
1627 4437 1738 4508 Latini
1761 4457 1884 4509 severe
1903 4438 2039 4507 nimium

658 4551 854 4639 exagitasse
881 4546 1189 4643 deprehenduntur,
1216 4560 1252 4622 ut
1277 4557 1543 4625 communionem
1570 4557 1736 4625 intinctam
1763 4550 1977 4639 Humbertus,
2004 4559 2040 4620 et

657 4666 738 4733 ritus
766 4662 850 4737 alios
877 4664 1073 4756 nonnullos,
1100 4667 1295 4762 plerumque
1321 4672 1490 4742 innoxios.
1521 4667 1593 4743 Eos
1609 4672 1721 4764 itaque
1736 4692 1755 4739 a
1769 4667 1897 4739 Latinis
1912 4664 2038 4737 Graeci

657 4782 812 4873 accipere
845 4801 911 4852 non
946 4789 1141 4875 potuerunt:
1178 4783 1279 4856 multo
1312 4788 1420 4858 minus
1451 4784 1642 4857 Nestoriani
1683 4794 1717 4856 ιι
1747 4781 1938 4872 Jacobitae,
1980 4785 2038 4877 qui

654 4892 776 4964 nullam
804 4917 878 4966 cum
906 4894 1065 4986 Graecis,
1093 4922 1114 4970 a
1141 4897 1366 4972 Consiliorum
1392 4899 1553 4997 Ephesini
1579 4909 1613 4972 ιι
1630 4899 1915 4974 Calcbedouensis
1942 4909 2036 4971 tem-

653 5028 740 5103 pore
766 5015 1028 5085 communionem
1056 5011 1263 5109 babuerunt,
1288 5020 1423 5088 minime
1449 5020 1595 5090 omnium
1621 5042 1642 5090 a
1668 5018 1806 5090 Latinis.
