4525 6034
639 554 1174 637 ALEXANDRINO.
1503 557 1577 631 401
1720 555 1722 559 ⁴

313 747 483 823 LXXXV.
510 747 567 820 Ex
593 747 738 821 diversis
763 769 849 820 vero
880 744 1040 821 historiae
1072 745 1157 819 locis
1191 743 1422 839 intelligimus,
1455 765 1580 818 novum
1628 756 1703 810 Fidei
1720 757 1857 827 protensa

223 866 456 956 Patriarcham,
496 875 673 960 antequam
707 867 780 957 ejurs
821 864 941 937 electio
986 861 1279 936 acclamationibus
1317 862 1580 952 confirmaretur,

221 1007 316 1082 saepe
340 991 492 1057 coactum
517 981 623 1055 lirisse
648 980 815 1078 publicam
840 980 956 1054 iacere
981 980 1059 1054 lidei
1085 1003 1170 1055 suae
1195 978 1450 1077 professionem.
1505 979 1582 1052 'lu-

220 1095 277 1174 lcm
301 1100 555 1197 postulaverunt
586 1098 809 1173 Alexandrini
844 1121 881 1169 a.
898 1096 1056 1172 Gabriele
1088 1097 1195 1170 nvn.
1223 1101 1278 1195 qui
1312 1119 1435 1171 novam
1467 1096 1583 1170 iacere

219 1218 396 1303 recusavit,
421 1226 558 1288 veteres
583 1215 743 1289 formulas
771 1214 923 1287 sufficere
949 1224 1096 1287 testatus.
1149 1212 1293 1288 Michael
1317 1214 1468 1288 LXVlll.
1495 1235 1582 1286 anno

218 1334 245 1406 J.
270 1332 308 1406 G.
335 1331 489 1406 MXClll.
516 1354 590 1405 cum
616 1330 857 1405 Alexandriam
884 1329 1141 1427 proclamandus
1162 1330 1366 1423 advenisset,
1388 1336 1504 1427 jussus
1518 1342 1582 1421 est,

219 1452 367 1544 scriptam
395 1450 476 1522 dare
501 1449 578 1523 lidei
604 1471 687 1522 suae
713 1446 973 1520 confessionem.
1032 1445 1209 1543 Expressa
1243 1471 1375 1545 quoque
1408 1458 1480 1538 est,
1521 1447 1583 1522 sub

218 1566 431 1662 depositionis
458 1569 735 1651 interminatione,
759 1568 857 1636 etiam
878 1573 957 1660 post
970 1562 1218 1637 Ordinationem
1237 1565 1584 1640 etProclamationem

219 1681 391 1779 aCyrillo
417 1682 485 1756 filio
511 1681 662 1755 Laldaki.
714 1680 835 1753 Mirum
867 1679 900 1751 id
936 1689 1065 1772 umen,
1097 1679 1219 1752 iactum
1252 1680 1356 1756 brisso
1392 1705 1475 1776 erga
1503 1659 1585 1755 ‘ra-

218 1801 377 1873 tn‘arcbas
399 1804 469 1894 Jam
495 1799 685 1886 ordinatos,
717 1820 791 1869 cum
822 1798 892 1887 jam
923 1818 981 1867 res
1012 1799 1144 1889 integra
1170 1819 1237 1869 non
1270 1797 1371 1871 iuret:
1405 1799 1466 1872 sed
1498 1799 1587 1872 aliud

217 1916 307 2010 buius
337 1916 528 2010 diligentiae
555 1917 588 1987 in
614 1911 846 2011 perspicienda
872 1934 989 1985 eorum
1007 1911 1218 1988 Orthodoxia
1244 1925 1471 2008 argumentum
1499 1938 1587 2012 sup-

219 2034 364 2130 peditant
390 2034 546 2130 exempla
573 2031 656 2120 duo,
689 2029 733 2102 de
760 2028 878 2126 quibus
904 2052 987 2103 mox
1013 2029 1178 2129 dicemus,
1210 2055 1285 2104 cum
1312 2030 1354 2103 de
1379 2031 1586 2128 proiectione

218 2151 258 2221 ad
281 2151 318 2223 S.
347 2149 530 2222 linearium
558 2147 722 2242 agendum
750 2150 822 2219 erit
1351 2203 1355 2209 .

318 2266 507 2352 LXXXVl.
533 2264 695 2339 Solebant
727 2285 860 2360 quoqne
891 2264 1113 2338 Alexandrini
1144 2275 1221 2337 ante
1248 2263 1499 2339 Ordinationem
1532 2275 1589 2339 aiut

218 2384 533 2473 Proclamntioncm,
569 2381 774 2454 conditiones
802 2380 981 2476 quasdam,
1013 2403 1073 2454 seu
1099 2392 1198 2478 pacta
1224 2392 1390 2455 conventa
1418 2386 1487 2457 suis
1513 2382 1588 2457 Pa·
1636 2388 1714 2443 raca
1732 2362 1868 2445 donnana.

217 2500 367 2571 triorchis
394 2521 597 2595 proponere,
624 2502 832 2593 exigereque
857 2507 893 2568 ut
918 2498 960 2570 nd
987 2521 1103 2571 eorum
1130 2497 1406 2572 observationem
1432 2499 1588 2575 subscri-

218 2621 333 2714 ptione
359 2615 483 2711 publici
510 2618 715 2688 instrumenti
741 2635 780 2687 sc
807 2612 1064 2708 obstringerent
1123 2615 1296 2702 Quaedam
1330 2621 1481 2714 privatas
1512 2616 1588 2690 Ee-

217 2733 343 2805 elesiae
375 2732 626 2805 Alexandrinae
663 2753 721 2804 res
760 2740 916 2826 spectare
949 2729 1175 2824 videbantur,
1209 2732 1274 2805 alia
1307 2733 1350 2807 nd
1380 2756 1590 2808 communem

218 2851 390 2923 utilitatem
416 2846 633 2945 pertinebant
686 2848 787 2920 Primi
812 2849 948 2941 generis
976 2858 1066 2936 crat,
1102 2869 1211 2921 annua
1237 2850 1342 2939 mille,
1374 2874 1457 2924 mcx
1488 2856 1590 2947 qnin-

218 2980 396 3059 genturnm
429 2963 604 3039 aureorum
637 2967 775 3063 pensio,
820 2986 917 3060 quam
952 2962 1183 3056 patriarchae,
1217 2965 1448 3041 Alexandrino
1487 2966 1590 3042 Cleru

217 3093 394 3180 praestare
421 3082 628 3169 tenebantur,
657 3083 699 3154 ad
724 3080 946 3154 aedificiorum
972 3082 1256 3170 instaurationem,
1283 3082 1468 3173 luminaria,
1500 3109 1591 3181 quo·

218 3201 431 3295 tidiannsque
455 3198 632 3272 Ecclesiae
657 3201 836 3294 impensas.
872 3196 978 3290 Origo
1005 3200 1177 3293 pensionis
1204 3199 1289 3273 illius
1317 3198 1480 3274 aCbailis
1507 3199 1593 3273 LVl.

218 3314 428 3413 temporibus
461 3314 642 3411 repetenda
684 3327 756 3402 est,
796 3316 850 3410 qui
890 3314 1059 3387 ordinatus
1098 3313 1160 3387 luit
1195 3317 1284 3389 circa
1325 3339 1446 3389 annum
1482 3317 1512 3389 J.
1554 3315 1592 3390 C.

217 3431 498 3506 DCCGLXXXI.
551 3432 585 3503 ls
612 3435 699 3503 enim
725 3415 854 3524 ingenti
876 3434 1017 3526 pecunia
1042 3431 1215 3522 multatus,
1251 3431 1293 3504 ab
1320 3433 1493 3507 Acbmede
1526 3433 1593 3509 lilio

218 3548 365 3623 Tolouni
389 3551 541 3646 Aegypti
567 3547 757 3637 Praefecto,
785 3569 858 3619 cnm
886 3546 1049 3621 solvendo
1077 3571 1144 3622 uon
1164 3559 1266 3640 esset,
1294 3547 1335 3622 ab
1354 3549 1593 3624 Alexandrinis

217 3662 381 3754 obtinuit,
415 3676 451 3738 ut
477 3665 595 3738 domos
623 3663 802 3758 quasdam,
835 3663 1054 3761 diversasque
1085 3664 1215 3739 illorum
1241 3664 1416 3740 Ecclesiae
1448 3688 1594 3763 posses-

218 3783 338 3854 siones
364 3780 544 3868 venderet,
571 3803 613 3852 ea
641 3780 847 3868 conditione,
873 3791 909 3853 ot
935 3784 1109 3877 quotannis
1135 3781 1225 3854 mille
1250 3793 1373 3856 aureos
1400 3785 1482 3879 ipsis
1508 3808 1595 3881 per-

218 3897 392 3986 solveret,
418 3896 461 3969 de
490 3920 553 3993 qua
580 3899 736 3994 pactione
761 3899 1012 3970 instrumentum
1038 3897 1225 3971 coniectum
1252 3909 1314 3971 est.
1360 3897 1430 3973 Sub
1457 3901 1595 3974 Zacha-

217 4015 269 4085 ria
285 4011 410 4086 LXIV.
436 4013 545 4086 media
570 4034 650 4108 pars
677 4011 818 4085 deducta
845 4023 912 4086 est:
939 4022 973 4084 et
998 4025 1118 4110 postea
1144 4013 1281 4088 redacta
1307 4016 1350 4088 ad
1376 4038 1499 4091 aureos
1527 4017 1595 4090 du-

220 4141 363 4219 centos,
390 4128 453 4203 sub
479 4129 630 4203 Macerio
655 4127 777 4202 LXIX.
829 4126 880 4200 Ea
913 4151 998 4204 vero
1032 4153 1135 4203 causa
1167 4153 1308 4225 magnas
1343 4144 1378 4206 et
1411 4134 1595 4208 sceleratas

218 4250 355 4342 peperit
379 4249 594 4342 pecuniarum
621 4249 839 4337 exactiones,
874 4267 914 4317 ac
950 4249 1140 4320 simoniacis
1167 4246 1453 4341 Orduationihus,
1487 4275 1595 4348 prae-

219 4361 372 4434 texendo
399 4366 646 4452 necessitatem,
669 4366 804 4456 punam
832 4366 970 4459 aperuit.
1005 4364 1062 4436 An
1088 4362 1165 4435 boio
1191 4369 1286 4438 oneri
1311 4365 1483 4464 hucusque
1509 4369 1597 4443 sut-

215 4482 359 4571 taceant
384 4477 591 4575 Coptitamm
616 4477 836 4551 Alexandrini
861 4479 1095 4570 Paniarchae,
1127 4480 1226 4555 nobis
1259 4483 1498 4580 incompertum
1534 4495 1596 4559 cst.

220 4594 369 4691 Reliqua
403 4605 576 4692 pactomm
607 4598 717 4691 capita
759 4607 816 4669 aut
842 4595 982 4691 adjura
1016 4595 1193 4671 Ecclesiae
1225 4598 1475 4674 Alexandrinae
1510 4624 1596 4697 spc-

220 4710 378 4802 ctabant,
406 4722 462 4784 aut
487 4722 583 4784 erant
609 4711 651 4783 de
677 4710 859 4808 disciplina.
903 4711 971 4786 Sed
999 4735 1085 4809 quac
1112 4735 1320 4789 communem
1346 4717 1497 4791 omuibus
1519 4720 1596 4792 Ec-

221 4827 341 4899 clesiis
367 4827 590 4924 disciplinam,
626 4826 962 4925 reformationemque
994 4834 1088 4925 ejus,
1122 4840 1191 4904 tam
1222 4834 1256 4903 in
1291 4835 1399 4929 eapite
1431 4858 1526 4930 quam
1562 4840 1597 4909 iu

220 4942 386 5017 membris
419 4955 575 5042 spectare
602 4942 835 5039 judicabantur
846 4999 858 5036 ,
891 4968 933 5019 ea
962 4959 999 5020 ut
1029 4945 1203 5044 plurimum
1236 4959 1314 5022 ante
1349 4949 1598 5027 Ordinationem

224 5063 357 5158 scripto
384 5061 647 5160 comprehensa,
676 5084 769 5137 nouo
801 5061 1015 5137 Patriarclrae
1040 5060 1281 5138 subscribenda
1313 5068 1599 5165 proponebantur,
