4525 6034
480 554 529 629 DE
544 552 785 630 COPTleRllll
796 549 1143 628 AldllldNDRlllOltUil
1168 490 1364 627 LITURGllS.
1441 545 1617 617 Lffllil

256 741 378 832 nqeue,
405 760 474 811 non
500 743 607 811 minus
634 763 732 835 ιιιιιιιιι
759 749 830 813 ιοιο
858 738 1004 812 Oriente.
1033 738 1119 824 Quin
1137 736 1227 809 multi
1243 737 1328 809 illius
1341 735 1440 831 plane
1457 747 1618 832 expertes

254 854 372 943 forent,
399 854 551 927 dubitare
576 879 644 928 non
672 860 749 929 sinit
774 856 878 930 solius
904 855 1041 928 Antonii
1068 853 1266 949 exemplum.
1320 851 1389 925 Illis
1414 860 1450 923 ut
1475 852 1618 925 consul-

254 980 315 1041 tum
339 969 442 1043 iuuisse
469 969 643 1067 plusquam
669 972 852 1046 verisimile
879 984 946 1063 est,
973 974 1244 1068 interpretatione
1257 972 1492 1065 scripturarum
1505 968 1618 1061 lingua

254 1086 446 1176 uernacula,
483 1092 529 1160 ita
564 1110 696 1183 quoque
727 1093 816 1160 circa
843 1091 931 1161 sacri
958 1088 1062 1161 officii
1089 1086 1350 1160 celebrationem
1384 1084 1507 1156 iactum
1541 1106 1618 1156 esse

256 1205 365 1295 potuit,
392 1202 453 1275 sed
479 1226 626 1298 preces,
652 1208 851 1301 praesertin
873 1205 1079 1298 Liturgicas‚
1108 1204 1248 1300 Coptica
1264 1204 1354 1297 prius
1374 1224 1471 1296 quarn
1487 1200 1622 1272 Graece

258 1322 388 1413 scriptos
413 1320 536 1411 fauisse,
567 1320 677 1410 nulla,
711 1343 754 1392 ne
781 1320 912 1415 quidem
937 1321 1026 1411 levi,
1059 1322 1252 1411 conjectura
1280 1327 1428 1407 constat,
1463 1326 1519 1388 aut
1553 1317 1620 1388 ali-

258 1437 343 1526 cujus
367 1440 525 1509 momenti
551 1440 752 1510 testimonio.
806 1436 871 1523 oui
898 1441 1005 1527 eninr,
1031 1447 1067 1507 ιιι
1083 1436 1286 1532 Aegyptiaci
1307 1446 1442 1506 autores
1461 1432 1620 1521 nonnulli,

258 1550 396 1623 ldarcrm
421 1575 491 1624 non
517 1553 649 1625 Graece
675 1563 732 1624 aut
756 1552 892 1643 Latine,
925 1553 985 1626 sed
1017 1553 1159 1648 Coptice
1188 1550 1410 1643 Evangelium
1445 1551 1623 1644 scripsisse

260 1668 465 1759 contendunt,
492 1680 526 1741 et
551 1672 772 1742 recentissimi
800 1681 895 1759 sunt,
923 1681 957 1742 et
983 1670 1168 1741 autoritatis
1194 1666 1257 1739 hoc
1284 1670 1318 1737 in
1345 1674 1540 1757 argumento
1564 1663 1621 1734 le-

260 1786 414 1856 vissimae.
441 1785 561 1881 Neque
587 1797 699 1857 tamen
726 1786 768 1858 ab
795 1785 863 1858 ullo
891 1809 1031 1880 quorum
1045 1782 1173 1881 'scripta
1191 1783 1393 1870 viderimus,
1421 1780 1542 1852 dictum
1558 1790 1621 1866 est,

259 1899 402 1973 Bmiliom
447 1911 504 1974 sut
539 1901 739 1993 Gregorium
785 1901 905 1974 eadem
945 1901 1058 1994 lingua
1092 1900 1276 1993 Liturgiam
1310 1897 1500 1971 ordinasse:
1535 1893 1623 1989 quod

264 2022 418 2089 extremae
454 2017 665 2091 absurditatis
700 2017 844 2090 futurum
878 2017 1015 2107 fuisset,
1052 2040 1127 2088 curn
1163 2016 1205 2088 ad
1240 2036 1301 2087 eos
1337 2035 1406 2085 non
1440 2013 1622 2108 pertineret

266 2133 459 2228 Aegyptiace
486 2133 612 2226 lingna:
640 2139 706 2206 imo
733 2156 779 2206 ne
805 2133 847 2205 de
875 2132 1006 2230 Gyrillo
1033 2132 1185 2227 quidem,
1221 2135 1294 2226 qui,
1321 2130 1514 2225 Aegyptius
1548 2149 1622 2197 cum

266 2260 357 2338 esset,
381 2249 414 2320 id
440 2260 593 2345 poterat,
618 2250 686 2321 tale
713 2250 889 2345 quidquam
915 2253 1098 2321 memoriae
1123 2247 1347 2344 prodiderunt.
1389 2245 1475 2317 Nam
1501 2243 1622 2331 Marci,

264 2373 293 2433 ιι
313 2387 389 2436 mox
415 2364 633 2440 observatum
661 2375 732 2457 est,
760 2365 944 2459 Liturgiam
972 2362 1125 2462 Coptitae
1140 2385 1208 2437 non
1223 2370 1430 2455 agnoscunt,
1459 2383 1532 2431 cum
1554 2358 1622 2430 ali-

264 2481 606 2574 quotPatriarcbarum
619 2482 767 2557 Decreta
785 2492 922 2571 extem,
949 2504 1035 2577 quae
1060 2490 1197 2577 praeter
1221 2478 1382 2570 vulgares
1410 2487 1502 2567 tres,
1529 2476 1621 2548 Sca·

260 2593 396 2687 ligerano
424 2608 459 2669 et
484 2599 558 2672 abis
585 2597 755 2671 codicibus
782 2598 1064 2694 comprehensas,
1092 2596 1175 2671 abas
1194 2596 1236 2667 ad
1255 2617 1388 2669 sacmm
1406 2595 1620 2664 ministerium

260 2711 394 2786 adbiberi
419 2713 635 2810 prohibeant,
663 2725 697 2787 et
722 2735 807 2787 onus
834 2724 891 2787 aut
917 2713 1020 2806 alter,
1049 2715 1103 2810 qui
1132 2712 1220 2785 illius
1245 2711 1420 2803 Liturgiae
1452 2711 1618 2781 memine-
1735 2772 1738 2775 ,

256 2839 336 2922 nni,
361 2830 452 2902 illam
478 2854 524 2902 ex
551 2854 593 2903 ea
620 2854 718 2926 quae¹
733 2828 854 2928 Cyrilli
881 2830 1022 2920 dcitur,
1048 2829 1280 2925 interpolatam
1309 2835 1504 2920 agnoscant

347 2947 423 3019 XV.
457 2944 542 3019 Cum
575 2951 675 3040 igitar
700 2970 768 3021 non
796 2970 842 3019 ex
868 2947 1114 3043 Aegyptiorum
1152 2947 1209 3041 qui
1234 2944 1383 3017 Arabico
1416 2945 1620 3037 scripsemnt

250 3066 440 3136 testimoniis
466 3067 549 3136 certi
576 3063 752 3160 quidquam
780 3067 871 3136 circa
902 3085 1021 3135 veram
1045 3062 1271 3155 Liturgiarum
1306 3063 1470 3150 originem
1505 3057 1620 3130 baberi

245 3182 366 3275 possit,
394 3178 482 3273 quod
508 3177 641 3251 Graece
666 3181 851 3253 nescirent:
877 3178 957 3250 nibil
983 3203 1004 3251 a
1031 3175 1172 3251 Graecis
1197 3179 1322 3274 pariter
1348 3174 1413 3246 hoc
1439 3178 1473 3247 in
1493 3196 1620 3267 genere

246 3295 359 3368 doceri
385 3317 580 3391 possumus,
607 3299 729 3393 quippe
754 3318 798 3367 ne
823 3299 921 3368 unius
948 3293 1097 3389 quidem
1126 3297 1181 3390 qui
1199 3292 1359 3388 Copticos
1385 3290 1490 3364 libros
1517 3290 1619 3365 vide-

243 3415 309 3501 rit,
336 3421 432 3484 extat
456 3414 492 3483 in
517 3411 621 3485 literis
649 3416 817 3484 memoria.
844 3412 940 3484 Unus
966 3410 1068 3483 modo
1098 3413 1244 3483 occurrit
1269 3408 1467 3482 Theodorus
1494 3407 1620 3480 Balsa-

244 3550 322 3600 mon
350 3531 408 3622 qui
434 3528 478 3600 de
503 3551 544 3600 ea
570 3527 741 3621 Biturgia,
775 3551 861 3624 quae
892 3528 999 3601 ldarci
1032 3531 1166 3600 nomine
1197 3527 1409 3619 designatum,
1449 3525 1620 3597 consultus

244 3654 295 3717 ost
326 3668 348 3716 a
374 3643 493 3717 Marco
519 3643 712 3717 Paniarcba
738 3644 991 3733 Alexandrino,
1008 3652 1060 3722 ‚et
1092 3643 1188 3717 simul
1222 3643 1264 3714 de
1297 3665 1339 3715 ea
1373 3666 1459 3738 quae
1490 3640 1619 3713 Jacobo

242 3760 461 3833 tribuebatur.
514 3762 566 3835 At
591 3760 671 3861 περὶ
695 3759 742 3833 cd
766 3765 859 3861 pipp
884 3768 944 3859 τῆς
968 3758 1251 3861 Ἀλεξανδρείας,
1285 3760 1346 3834 καὶ
1369 3764 1446 3836 τῶν
1471 3758 1619 3859 Ἱεροσο-

242 3873 373 3972 λύμων
406 3875 748 3978 ἆναγινωσκόμιναι
782 3878 1019 3978 λειτουργίαι,
1050 3877 1111 3951 καὶ
1144 3875 1332 3978 λεγόμεναι
1362 3882 1619 3978 συγγραφῆναι

242 3991 342 4093 παρὰ
367 3998 445 4069 τῶν
469 3992 587 4095 ἁγίων
610 3991 827 4070 ἀποστόλων
851 3991 1023 4092 Ἰακώβου
1047 4000 1115 4070 τοῦ
1139 3992 1389 4093 ἀδιλφοθιόυ,
1414 3993 1475 4068 καὶ
1499 3990 1619 4093 Molp-

242 4138 311 4185 κου
338 4108 461 4184 δικταί
486 4113 552 4185 εἰσι
584 4118 637 4207 τῇ
666 4110 753 4213 ἁγίᾳ
784 4110 846 4186 καὶ
877 4116 1058 4208 sodoims}
1090 4111 1278 4208 ἐκκλησίᾳ,
1310 4110 1333 4208 ἢ
1364 4110 1428 4200 or’r'3
1462 4111 1558 4199 Ossae
1583 4114 1620 4180 in

239 4227 401 4323 partibas
426 4228 669 4300 Alexandriae
695 4236 731 4300 et
755 4231 1065 4324 Hierosolymorum
1082 4229 1237 4325 loquutur
1254 4230 1455 4325 Lamptera,
1482 4234 1619 4298 etcon-

243 4348 397 4437 scriptae
428 4344 584 4415 ιιίιιιιιιιιι
606 4349 716 4439 [aare
742 4370 766 4416 o
797 4350 926 4418 sancis
959 4347 1137 4441 Apostolis
1171 4346 1305 4418 Jacobo
1338 4351 1454 4440 fratre
1480 4346 1620 4417 Domini

245 4470 280 4533 st
304 4461 447 4549 Murco,
473 4462 696 4554 recipiendae
720 4469 798 4534 ιιιιιι
823 4487 847 4533 a
872 4469 994 4535 sancta
1020 4470 1055 4534 et
1073 4462 1254 4534 Cutbolicu
1279 4462 1454 4549 Ecclesia,
1482 4463 1616 4532 necne?

245 4578 331 4650 ilisa
358 4599 443 4649 sane
467 4576 679 4652 Balsamonis
705 4582 901 4675 responsio,
935 4601 1044 4681 ιιιιιιιιι
1065 4602 1140 4651 cum
1175 4578 1273 4675 paulo
1309 4579 1474 4674 prolixior
1509 4580 1553 4651 sit
1584 4580 1618 4647 in

245 4701 406 4792 pauciora
433 4694 541 4767 verba
568 4694 811 4768 connabemus.
866 4695 1063 4786 canobiis,
1099 4700 1219 4792 inquit,
1251 4694 1436 4791 Apostolos
1471 4692 1616 4781 mandat,

244 4832 290 4882 ne
315 4814 382 4886 sint
407 4814 442 4883 in
467 4810 566 4884 nobis
593 4810 771 4887 schismata
797 4823 956 4885 etenum
984 4812 1131 4886 dicamas
1157 4833 1287 4884 omnes:
1315 4814 1409 4907 quasi
1436 4815 1555 4883 rituum
1584 4820 1618 4883 et

247 4931 431 5002 orationum
466 4933 628 5004 innocens
656 4930 833 5003 diuersitas
867 4929 1043 5005 schismata
1071 4939 1127 5001 aut
1154 4929 1321 5000 doctrinas
1348 4950 1456 5001 novas
1492 4932 1527 4999 in
1553 4951 1617 5000 re-

244 5042 402 5137 ligionem
428 5044 577 5144 inducat,
606 5049 659 5142 qui
687 5047 822 5144 puerilis
850 5070 946 5121 error
972 5047 1091 5120 dudum
1120 5070 1140 5118 a
1166 5044 1228 5119 SS.
1255 5044 1319 5118 PP.
1347 5056 1399 5118 est
1416 5045 1616 5135 confutatus,

1330 5161 1376 5234 11
1393 5163 1412 5200 ⁴*

1633 2941 1942 3014 liturgiaGraecslisrci

1633 3030 1737 3085 Graecis
1751 3034 1854 3101 cognita
1866 3042 1893 3086 et
1907 3034 1941 3086 de

1634 3134 1665 3170 ea
1688 3118 1846 3173 balsamonis
1867 3120 1943 3187 judi·

1634 3207 1708 3259 cium.
