4525 6034
1208 566 1439 646 bolla

836 839 958 909 Oratio
982 862 1049 932 pro
1075 862 1202 933 mappa
1226 842 1338 936 niqra,
1366 862 1455 934 quae
1481 847 1534 913 eat
1561 865 1665 936 cuper
1679 818 1815 916 'aare

750 1049 785 1125 lu
807 1059 917 1122 Rituali
941 1058 1089 1122 Gabrielis
1112 1079 1175 1123 vox
1204 1062 1261 1123 ista
1283 1060 1396 1143 legitur
1418 1062 1447 1124 iu
1462 1061 1570 1144 plurali
1593 1050 1769 1141 capriana:
1792 1081 1869 1144 quae
1891 1065 2012 1145 quidem

639 1164 805 1245 respondet
828 1148 1016 1240 aliquatenus
1040 1158 1225 1222 Graecorum
1247 1158 1455 1235 datioeuaiir,
1478 1163 1614 1243 quamvis
1643 1163 1674 1224 in
1695 1161 1807 1241 forma,
1838 1164 1870 1224 in
1899 1181 2013 1227 conse-

639 1266 792 1336 cratione,
817 1259 899 1322 etin
922 1276 979 1321 usu
1002 1257 1101 1339 aliqua
1126 1260 1166 1321 sit
1188 1258 1357 1322 diversitas.
1411 1260 1597 1324 Antimensia
1628 1261 1708 1327 enim
1731 1261 1817 1324 altari
1845 1262 1926 1326 nudo
1952 1265 2013 1325 im-

637 1370 790 1446 ponuntur
817 1362 975 1437 vicemque
1003 1356 1082 1419 illius
1113 1357 1272 1439 suppleat,
1302 1366 1333 1420 et
1363 1357 1526 1422 induuntur
1554 1361 1628 1441 ipsis
1656 1368 1829 1424 sanctorum
1856 1361 2014 1443 reliquiae,

636 1482 698 1526 non
722 1478 848 1542 mappae
871 1474 949 1538 quae
971 1456 1029 1517 bac
1053 1459 1192 1520 oratione
1215 1466 1444 1522 consecrantur.
1489 1458 1552 1520 lmo
1574 1467 1715 1540 quantum
1734 1460 1871 1541 J'udicare
1898 1476 2013 1539 possu-

638 1581 721 1640 mus,
745 1560 843 1642 pallae
867 1558 985 1633 altaris,
1008 1560 1200 1639 eaeterisque
1223 1557 1443 1620 linteaminibus
1467 1559 1562 1621 sacris
1580 1561 1723 1622 convenit
1739 1559 1814 1622 baec
1829 1557 2012 1621 benedictio.

723 1660 757 1722 ln
779 1657 888 1720 Rituali
911 1654 1060 1718 Gabrielis
1084 1656 1174 1718 aliter
1196 1655 1271 1718 baec
1294 1656 1465 1720 benedictio
1481 1658 1602 1740 legitur.
1624 1658 1767 1734 Domine,
1789 1657 1917 1720 Domirw
1938 1656 2014 1718 Jeau

638 1761 773 1834 OErriste,
796 1759 848 1838 qai
868 1755 959 1817 babet
980 1756 1140 1817 tbesauroa
1160 1757 1405 1832 misericordiae,
1428 1758 1555 1837 larqitor
1578 1757 1724 1819 bonoram
1746 1756 1883 1819 onradus
1908 1757 1961 1835 qui
1980 1755 2014 1815 iu

637 1880 703 1922 eum
726 1857 895 1936 confidant:
917 1855 970 1934 qai
990 1854 1105 1915 coelum
1127 1856 1275 1934 eapaudit
1295 1874 1363 1916 cam
1389 1855 1567 1932 utbtititate,
1596 1856 1647 1918 vel
1675 1875 1742 1918 cum
1768 1856 1933 1936 praeclaro
1955 1870 2014 1914 or-

637 1960 724 2035 dine,
748 1956 954 2034 dirpomitqae
975 1954 1074 2015 uariis
1095 1953 1249 2015 coloribus
1270 1953 1360 2015 orbes
1382 1962 1412 2015 et
1431 1954 1525 2016 nubes
1546 1956 1634 2029 coeti,
1655 1956 1700 2016 ita
1721 1963 1825 2016 utnon
1839 1955 1880 2015 ait
1892 1956 1924 2014 ia
1941 1952 2014 2012 atae

637 2056 810 2121 diversitas.
855 2051 897 2113 Et
917 2070 1011 2129 aare,
1036 2050 1162 2113 Domine
1192 2060 1313 2115 amator
1343 2053 1511 2127 leomarum,
1541 2054 1583 2114 sit
1605 2059 1742 2132 potestas
1769 2061 1821 2113 tua
1849 2053 1954 2113 dioiaa
1980 2051 2014 2111 io

635 2157 705 2218 istie
725 2156 826 2230 cama,
855 2159 886 2212 et
911 2150 1045 2211 aestibus
1073 2153 1147 2224 (seu
1176 2152 1378 2226 maneam)
1411 2150 1518 2230 quibua
1547 2152 1745 2213 inooloeudae
1773 2157 1843 2211 atat
1867 2150 2014 2229 reliquiae

636 2250 880 2336 (ηιλουμψανον
902 2241 1048 2331 λείψανα
1056 2254 1084 2327 ,)
1115 2251 1257 2327 corporis
1284 2251 1329 2310 iai
1357 2251 1471 2326 sancti,
1500 2251 1546 2311 ita
1571 2258 1606 2312 at
1625 2252 1728 2311 mittas
1755 2268 1848 2328 suaper
1878 2266 1917 2309 ea
1942 2250 2012 2310 airr-

636 2361 727 2415 tutem
748 2350 889 2423 certium,
912 2346 1019 2427 quibua
1040 2347 1204 2409 involutum
1228 2355 1273 2408 ea
1293 2366 1405 2427 carpta
1427 2357 1508 2410 mum
1529 2357 1666 2411 eoactum
1680 2350 1712 2409 io
1724 2348 1872 2427 seputm,
1894 2348 2013 2426 daque

637 2449 815 2511 coelestibus
837 2447 958 2508 similia.
1003 2444 1132 2508 Utuntur
1156 2454 1253 2507 autem
1285 2445 1425 2527 Coptitae
1447 2448 1478 2509 in
1499 2447 1557 2508 bac
1579 2448 1717 2510 oratioue
1739 2464 1815 2508 voce
1833 2444 1956 2522 σκεῦος,
1979 2451 2011 2507 et

636 2547 846 2629 Aegyptiace,
869 2562 947 2625 quae
970 2552 1091 2622 vestes,
1115 2562 1177 2606 uon
1199 2544 1288 2606 modo
1313 2562 1391 2626 quae
1414 2547 1539 2626 corpori
1556 2547 1833 2626 circumponuntur,
1857 2545 1911 2607 sed
1935 2543 2009 2606 alias

638 2661 775 2725 quoque,
805 2653 839 2708 ut
872 2643 1036 2725 stragulam
1066 2643 1230 2724 significat
1268 2643 1382 2705 Eadem
1410 2661 1532 2724 quoquc
1561 2662 1622 2705 vox
1650 2640 1808 2728 λείψανον
1837 2650 2009 2724 usurpatur,

637 2751 667 2804 ut
690 2744 720 2804 in
743 2741 954 2823 praecedenti,
978 2761 1066 2822 quam
1088 2742 1208 2804 Arabes
1231 2741 1360 2803 reddunt
1380 2760 1438 2822 per
1459 2761 1526 2804 eam
1548 2760 1627 2823 quae
1649 2742 1784 2804 membra
1805 2742 1964 2824 significat.

723 2842 831 2903 Versio
856 2860 933 2922 quae
957 2843 986 2902 in
1010 2841 1182 2922 Spramictis
1203 2838 1351 2918 refertur,
1382 2848 1489 2920 peceat
1512 2842 1611 2902 statim
1634 2841 1665 2903 iu
1688 2840 1774 2902 titulo
1792 2842 1841 2920 qui
1860 2839 1928 2901 talis
1951 2846 2008 2916 est,

635 2939 812 3002 Benedictio
834 2941 1019 3020 corporalis,
1043 2946 1161 3000 etcum
1182 2939 1256 2999 illud
1275 2937 1432 3016 foedamio
1452 2939 1555 3018 suerit.
1600 2938 1680 3002 Nihil
1702 2957 1777 3001 sane
1799 2938 1914 3016 minus,
1942 2956 2009 2999 narn

635 3058 744 3121 mappa
767 3059 844 3121 quae
868 3040 953 3102 altari
975 3039 1152 3118 imponitur,
1188 3054 1249 3099 nou
1279 3043 1327 3098 est
1349 3037 1526 3119 corporale:
1557 3046 1588 3100 et
1616 3040 1710 3101 verbu
1741 3039 1899 3117 sequentia
1930 3036 2010 3098 unde

635 3141 787 3220 interpres
810 3138 988 3215 deduxerit,
1013 3135 1148 3198 divinare
1171 3154 1232 3197 nou
1255 3144 1302 3198 est
1324 3134 1428 3213 facile,
1460 3155 1528 3198 curn
1557 3137 1639 3199 nulla
1666 3154 1727 3198 vox
1755 3135 1825 3197 huic
1853 3135 2010 3218 significa-

636 3240 710 3301 tioni
741 3238 896 3318 proxima,
920 3235 1045 3316 Coptica
1075 3232 1125 3296 vel
1148 3233 1299 3313 Arabica,
1324 3236 1380 3297 ista
1404 3238 1434 3297 in
1458 3237 1596 3298 oratione
1618 3243 1774 3312 occurrat,
1803 3236 1878 3307 imo,
1902 3233 2010 3298 eadem

634 3339 719 3418 ipsa,
742 3354 830 3416 quam
852 3336 883 3396 in
906 3334 964 3395 alia
986 3333 1198 3396 benedictione
1228 3334 1396 3396 aceretem
1424 3343 1536 3396 uestem
1563 3334 1780 3415 interpretatus
1809 3331 1924 3411 luerat,
1958 3333 2011 3395 bic

635 3435 747 3498 abillo
770 3433 1004 3516 persoedatum
1028 3431 1224 3513 exprimitur,
1254 3449 1351 3512 aeque
1373 3434 1548 3512 improprie.
1593 3433 1667 3495 Nam
1702 3433 1727 3495 si
1756 3434 1907 3513 interpres
1938 3433 2008 3513 qui·

635 3553 764 3615 cumque
785 3532 840 3594 luit
852 3531 1041 3603 mediocrem,
1051 3531 1229 3612 disciplinae
1242 3529 1404 3592 Orientalis
1419 3539 1538 3612 gustum
1557 3531 1721 3609 habuisset,
1744 3532 1885 3594 scivisset
1898 3532 2012 3595 lintea-

634 3634 713 3695 mina
737 3650 841 3710 sacru,
865 3631 892 3692 si
915 3630 1023 3693 sordes
1046 3630 1269 3706 contraxerint,
1294 3627 1390 3704 ablui,
1413 3647 1474 3690 non
1497 3632 1679 3692 consecrari.

719 3730 762 3792 lta
785 3736 883 3794 autem
906 3730 1034 3791 vertitur
1055 3728 1132 3790 haec
1146 3727 1251 3790 Oratio
1268 3726 1305 3788 ab
1320 3735 1435 3789 autore.
1460 3726 1626 3790 Oltooriae
1642 3729 1717 3791 teat
1732 3728 1861 3804 coroa,
1879 3748 2014 3809 praeses

633 3831 844 3891 thesaurorum
866 3828 1109 3904 misericordiae,
1132 3828 1212 3888 dans
1234 3826 1314 3888 bona
1336 3826 1473 3888 omuibus
1494 3830 1547 3906 qui
1567 3837 1692 3906 sperant
1711 3832 1743 3890 iu
1766 3839 1804 3904 te,
1826 3831 1879 3909 qai
1899 3835 2013 3889 exterr-

632 3929 682 3989 atr
703 3927 804 3989 coetos
825 3928 857 3987 iu
879 3926 1060 3987 mbtimitate
1082 3932 1148 4001 baa,
1173 3927 1263 3987 cario
1285 3926 1388 3987 colore
1410 3928 1745 4005 mouumentum,
1768 3914 1798 3987 et
1817 3927 1911 3989 arabes
1933 3945 2012 3989 coe-

631 4028 728 4088 torum
749 4028 801 4105 qai
821 4024 950 4086 tibdam
972 4032 1002 4085 et
1022 4044 1084 4086 aaa
1106 4025 1292 4085 atterantur:
1320 4042 1401 4085 mtao
1422 4043 1441 4084 o
1464 4024 1591 4086 Duroniae
1620 4033 1740 4087 ammae
1767 4026 1934 4100 bamam
1967 4028 2015 4088 aa

630 4128 729 4186 uirtus
751 4133 804 4186 tria
825 4125 930 4185 diviua
952 4125 1075 4184 oeuieas
1096 4141 1193 4202 mpra
1214 4124 1291 4185 baec
1312 4140 1408 4196 uara,
1437 4138 1515 4202 quae
1545 4126 1751 4204 corqaaq'imur
1779 4126 1822 4185 ad
1850 4126 2012 4186 avarum

631 4225 771 4301 corporis
798 4223 843 4283 toi
868 4224 983 4283 saneti:
1015 4223 1097 4282 mitte
1125 4241 1217 4301 suaper
1246 4240 1284 4282 ea
1311 4224 1450 4283 virtatem
1478 4223 1636 4285 velaminis
1657 4224 1689 4283 iu
1710 4241 1770 4303 qao
1792 4241 1904 4303 carptas
1925 4230 2012 4284 mure

629 4330 767 4383 raucam
788 4324 820 4383 ia
842 4321 996 4400 sepultura
1018 4321 1183 4382 inuolutum
1202 4320 1278 4399 [uit.-
1300 4323 1340 4383 iis
1362 4321 1475 4381 είνηίἰεε
1497 4321 1558 4382 rint
1578 4321 1770 4396 coelestibus,
1793 4329 1851 4386 etc.
1875 4322 2012 4384 Praeres

631 4420 859 4493 thesaurorum,
882 4417 979 4495 male,
1010 4436 1078 4480 nam
1101 4435 1164 4479 vox
1193 4418 1324 4481 Arabica
1358 4429 1456 4485 antro
1487 4419 1648 4481 Doroioum
1680 4420 1845 4503 significat:
1879 4437 2010 4501 praeses

630 4516 746 4580 alienos
776 4518 936 4580 thesauros
966 4517 1166 4594 administrat,
1197 4536 1258 4580 non
1287 4534 1370 4580 suos.
1414 4515 1447 4579 lu
1479 4517 1674 4597 sequentibus
1705 4520 1806 4581 verbis
1837 4529 1885 4583 est
1907 4518 2010 4598 aliqua

629 4615 816 4696 perplexitas
842 4617 1004 4692 orationis,
1034 4617 1120 4698 qu‘us
1152 4624 1266 4691 tamen,
1293 4623 1326 4676 ut
1354 4616 1488 4694 videtur,
1517 4617 1667 4679 sententia
1695 4626 1757 4695 est,
1787 4622 1840 4698 qut
1869 4617 2011 4680 extrudis

629 4714 730 4775 coetos
752 4722 874 4789 carate,
898 4721 928 4775 et
947 4714 1068 4799 nutriam
1091 4717 1194 4777 eotore
1216 4715 1385 4794 dietaque.
1432 4713 1490 4776 Sed
1506 4714 1581 4778 haec
1597 4715 1669 4778 nihil
1693 4715 1729 4776 ad
1747 4715 2008 4780 benedictionem:

631 4812 787 4891 sequentia
817 4812 888 4874 nihil
910 4813 1007 4875 miuus
1030 4812 1167 4875 referunt
1190 4830 1278 4893 quum
1301 4819 1415 4874 textum
1428 4812 1585 4894 Copticum
1608 4822 1639 4876 et
1664 4812 1838 4892 Arabicum,
1861 4822 1892 4877 et
1913 4832 2009 4876 sensu

630 4918 751 4971 carent:
776 4911 845 4991 quid
870 4911 947 4971 enim
971 4912 1025 4989 sit,
1049 4914 1229 4990 coujuopere
1250 4930 1328 4972 oasa
1351 4913 1394 4973 ad
1422 4912 1579 4974 broacrrm
1609 4915 1749 4993 corporis
1777 4912 1893 4976 corba
1917 4929 2007 4974 neruo

633 5007 758 5070 dixerit:
782 5026 882 5090 noque
905 5027 965 5090 qua
986 5010 1104 5071 ratione
1127 5010 1193 5071 sren'
1214 5011 1362 5090 potuerit,
1387 5003 1419 5072 u't
1441 5010 1472 5072 in
1495 5010 1610 5074 duabus
1632 5012 1720 5077 liueis
1742 5012 1876 5076 eamdem
1900 5026 2006 5073 vocem
