4525 6034
649 586 723 659 170
1148 583 1544 663 oonuunnnmos
1650 674 1660 683 ,

656 772 761 833 vitium
789 778 852 832 est:
881 777 912 831 et
932 771 1086 849 scrnptntra
1110 770 1263 851 praecipit
1287 776 1322 830 ut
1349 788 1447 850 apnus
1472 772 1514 833 sit
1541 771 1655 852 abacue
1683 772 1766 835 vitio.
1799 771 1909 834 Oblata
1927 792 2035 853 porro,

657 868 937 944 sivchclsaristia,
960 876 1007 929 est
1027 887 1124 948 conus
1147 868 1305 932 anniculus
1326 870 1359 929 in
1380 871 1477 931 veteri
1496 870 1562 951 lepe
1580 879 1773 950 praeceptus,
1794 873 1827 932 in
1848 890 1907 951 quo
1928 872 2036 932 vitiosus

657 987 724 1029 esse
751 968 863 1029 nullum
892 966 998 1040 debet;
1028 974 1058 1028 et
1083 969 1199 1048 fissura
1225 970 1331 1030 vitium
1352 976 1406 1032 est.
1451 967 1488 1029 Si
1513 988 1585 1050 erpo
1612 969 1716 1031 oblata
1741 969 1837 1048 suerit
1859 970 1949 1048 fissa,
1979 976 2037 1030 aut

653 1065 769 1146 fracta,
790 1085 851 1127 non
873 1066 943 1127 licet
964 1085 1031 1128 eam
1053 1064 1163 1146 offerre
1185 1069 1331 1146 lepitime,
1355 1075 1385 1129 et
1412 1069 1534 1149 mundo
1563 1076 1627 1130 tota
1654 1070 1730 1147 fissa
1749 1067 1853 1147 luerit,
1875 1069 2036 1148 vimaranis

655 1166 688 1225 in
717 1172 835 1226 acetum
862 1166 907 1224 ita
934 1183 1054 1225 versum
1080 1173 1114 1226 ut
1138 1166 1229 1245 plane
1251 1174 1425 1245 corumptum
1445 1168 1496 1242 sit,
1517 1167 1592 1228 itlscd
1614 1164 1724 1246 offerre
1744 1184 1932 1248 nequaquam
1953 1166 2033 1230 acet.

655 1262 695 1324 Et
722 1262 814 1342 paulo
845 1269 924 1343 post.
960 1261 1034 1324 Cum
1063 1266 1211 1325 sacerdos
1238 1266 1351 1342 repen't
1379 1284 1581 1345 quaecum
1610 1284 1686 1345 apsa
1707 1274 1778 1327 nent
1797 1267 1867 1345 ipsi,
1890 1264 2034 1340 oblatam,

656 1364 768 1437 vinulo,
792 1362 870 1436 tbus,
893 1360 1041 1423 carbones
1063 1369 1093 1423 et
1114 1364 1216 1424 amnia
1238 1381 1317 1424 vasa
1339 1370 1369 1424 et
1388 1365 1589 1426 iustrumenta
1609 1365 1873 1439 santonensium,
1895 1369 2035 1443 recteque

655 1470 690 1522 ut
711 1468 829 1540 oportet
849 1461 952 1522 omnia
977 1479 1011 1521 se
1036 1460 1150 1522 lsabere
1179 1462 1334 1541 comperit,
1363 1463 1494 1542 accepiet
1520 1462 1663 1537 oblatam,
1685 1481 1809 1544 eammsc
1830 1462 1936 1524 leviter
1955 1459 2034 1520 abs-

657 1567 765 1642 tepet,
794 1561 872 1621 sicut
898 1556 1037 1620 Curianus
1057 1559 1206 1621 Dominus
1227 1562 1315 1641 οοοίο
1334 1562 1435 1640 primo
1457 1561 1614 1624 abstersus
1642 1568 1697 1636 est,
1719 1568 1879 1641 antequam
1899 1557 2036 1621 Simeoni

656 1658 821 1720 Sacerdoti
841 1659 1033 1720 trademur:
1056 1659 1166 1720 deinde
1187 1676 1279 1740 super
1298 1678 1406 1722 manus
1424 1679 1492 1721 eam
1506 1658 1708 1737 circumferet,
1730 1660 1811 1720 sicta
1831 1678 1898 1720 eum
1910 1656 2035 1718 smus

655 1759 689 1819 in
723 1758 829 1836 templo
863 1758 1049 1819 circumtulit.
1089 1757 1220 1819 Tandem
1254 1759 1384 1838 depone
1414 1776 1483 1819 eam
1516 1758 1673 1819 Sacerdos
1710 1765 1739 1818 et
1777 1758 1811 1817 in
1852 1757 1938 1818 disco
1978 1773 2035 1815 sess

654 1865 768 1936 patena
790 1853 969 1927 collocabit;
992 1874 1070 1935 meae
1088 1874 1237 1935 praesepe
1258 1857 1418 1937 sipnitlcat,
1441 1865 1472 1918 et
1492 1857 1582 1919 linteo
1603 1857 1670 1918 velo
1693 1874 1761 1916 eam
1781 1855 1924 1928 involvet,
1953 1855 2035 1915 meua

654 1956 731 2034 fecit
757 1953 845 2033 Virpo
866 1954 899 2013 in
928 1955 992 2031 ejus
1012 1956 1182 2016 nativitate.
1216 1954 1329 2018 Dmmss
1354 1965 1454 2018 autem
1481 1958 1581 2035 primo
1607 1956 1801 2034 praesepium
1822 1953 1983 2033 sipnsficol,
2004 1957 2037 2013 et

653 2062 807 2134 postremo
829 2051 1007 2130 sepulcmm.
1054 2052 1114 2116 Sed
1137 2054 1307 2116 accuratius
1330 2057 1419 2116 ritum
1442 2054 1576 2136 explicat
1604 2052 1725 2116 Gabriel
1747 2050 1931 2114 Patriarslra.
1975 2049 2033 2111 llis

652 2154 790 2234 pmactis
810 2149 939 2212 involvit
956 2169 1068 2229 panem
1089 2150 1334 2214 Eucharistimsm
1360 2154 1476 2215 sericeo
1500 2172 1614 2232 panno,
1643 2154 1782 2232 lammae
1811 2150 1921 2213 abolit
1941 2167 2034 2225 suuper

656 2259 749 2332 caput
769 2269 866 2324 mmm,
890 2250 1094 2328 praecedente
1119 2250 1260 2313 Diacossc
1286 2270 1406 2314 cerevsm
1431 2259 1578 2330 pertento.
1605 2251 1752 2313 Similiter
1773 2251 1854 2311 alius
1873 2248 2033 2309 Diaconum

656 2352 804 2412 elevatam
836 2354 915 2409 tenet
943 2348 1105 2426 ampullam
1133 2350 1200 2410 vini
1221 2368 1311 2429 mper
1340 2358 1433 2429 caput
1452 2370 1548 2426 mmm,
1571 2351 1687 2412 sericeo
1707 2349 1774 2411 velo
1795 2348 1978 2410 bsoolsdam:
2002 2352 2034 2407 et

656 2467 762 2510 coram
790 2467 826 2510 eo
856 2446 1014 2508 Diaconos
1042 2465 1163 2510 cereum
1188 2448 1386 2528 praesmns,
1419 2451 1659 2528 circumeuutque
1689 2448 1788 2509 almre
1809 2446 1916 2509 sensel:
1942 2452 2033 2525 moue

655 2549 774 2609 interea
795 2547 910 2626 aliquot
931 2543 1092 2606 Orationes
1113 2547 1217 2626 linpssa
1239 2546 1367 2627 Coptica
1388 2549 1562 2610 recitantur.
1600 2545 1738 2609 Circuitu
1756 2553 1895 2625 pmamo,
1917 2551 1980 2604 stat
1999 2544 2033 2603 s'n

656 2646 725 2707 loco
747 2664 803 2706 suo
823 2643 909 2721 [acie
930 2644 973 2704 ad
995 2642 1147 2706 Orientem
1169 2664 1336 2708 conversa:
1358 2646 1516 2709 Diaconus
1527 2647 1665 2709 m'sniliter
1685 2664 1742 2707 ssco
1762 2646 1796 2706 in
1816 2645 1884 2706 loco
1907 2643 1951 2705 ad
1968 2640 2033 2703 οο-

657 2743 804 2804 cidentem
822 2761 1004 2804 commata:
1025 2741 1238 2824 Sacerdosque
1254 2743 1386 2808 oblatam
1404 2764 1493 2807 mam
1505 2747 1632 2825 imponit
1651 2744 1756 2805 martti
1775 2744 1928 2816 smisaue,
1943 2759 2032 2802 οοοο-

657 2859 714 2921 pue
735 2842 825 2903 simul
846 2860 913 2902 cum
935 2841 1067 2920 ampulla
1089 2842 1155 2903 vini
1176 2851 1223 2904 ter
1244 2862 1336 2925 cmsce
1357 2847 1473 2924 sipsot,
1495 2843 1636 2906 Diacono
1664 2861 1731 2904 eom
1752 2841 1819 2903 velo
1842 2843 1959 2902 sericeo
1980 2842 2034 2900 in-

655 2941 789 3002 volutam
811 2946 935 3003 tecente.
980 2938 1124 3002 Eundem
1149 2959 1271 3022 quoque
1296 2943 1385 3005 ritum
1408 2941 1613 3006 circumeundi
1635 2941 1736 3003 altaris
1760 2957 1827 3002 cum
1849 2956 1929 3018 pane
1953 2955 2031 3001 con-

657 3038 808 3101 secrando
830 3045 915 3101 notat
938 3038 1017 3101 idem
1033 3038 1165 3117 Gabriel,
1189 3042 1219 3103 in
1242 3040 1348 3104 Officio
1372 3042 1453 3122 quod
1476 3041 1626 3104 celebrari
1648 3039 1740 3102 debet
1761 3037 1800 3100 ad
1815 3022 2031 3121 inboonopir

658 3139 731 3200 novi
753 3137 909 3218 Episcopi.
947 3136 991 3199 lta
1014 3140 1102 3199 etiam
1124 3137 1304 3202 Abulbircat
1326 3159 1394 3221 cap.
1420 3141 1469 3207 19.
1505 3141 1553 3203 Ex
1575 3140 1621 3202 his
1644 3138 1820 3201 testimoniis
1842 3135 2032 3215 intelligitur,

656 3238 747 3298 situm
769 3235 875 3314 luisse,
899 3242 931 3298 ut
955 3234 1106 3299 Sacerdos
1129 3236 1167 3298 ad
1190 3237 1348 3301 Prothesin
1370 3258 1426 3302 seu
1448 3238 1543 3303 altare
1571 3239 1792 3321 pannomiam,
1816 3242 1907 3315 atque
1928 3252 1970 3296 ex
1991 3249 2030 3295 eo

657 3336 812 3417 acciperet
835 3333 972 3398 Oblatum
996 3335 1243 3415 consecrandum,
1268 3355 1355 3417 οιιοιο
1383 3339 1512 3400 circuitu
1540 3346 1666 3419 peracto
1697 3335 1735 3398 ad
1764 3335 1859 3397 altare
1886 3330 2030 3409 deferret,

656 3452 715 3496 nec
744 3438 811 3497 sine
844 3450 970 3514 pompa,
1001 3451 1067 3495 cum
1095 3433 1222 3497 Diaconi
1250 3452 1359 3498 cereos
1388 3444 1512 3517 gestare
1537 3436 1711 3516 Jubeantur.
1756 3434 1802 3495 De
1831 3431 2030 3494 veneratione

658 3549 736 3612 quae
765 3532 852 3595 donis
882 3532 1014 3595 nondum
1036 3533 1231 3595 sanctificatis
1260 3533 1396 3597 defertur
1424 3534 1496 3597 nihil
1527 3535 1670 3617 legonus,
1699 3531 1755 3597 sed
1777 3534 1844 3612 ipsa
1865 3547 1978 3611 pompa
2000 3536 2030 3591 et

654 3633 812 3712 processio
834 3632 906 3694 satis
929 3649 995 3693 eam
1019 3631 1188 3713 designant.

351 3740 531 3806 syriscum
546 3738 641 3794 Orien-
743 3730 789 3793 Ne
812 3732 879 3811 quis
902 3739 1001 3793 autem
1024 3731 1176 3794 existimet
1205 3731 1367 3814 Aegyptiis
1394 3729 1467 3793 solis
1497 3749 1684 3794 communem
1713 3729 1789 3791 hanc
1812 3746 1879 3789 curn
1903 3726 2029 3789 Graecis

332 3825 434 3878 nttbus.
655 3850 725 3894 esse
750 3830 1007 3908 consuetudinem,
1030 3831 1116 3893 testis
1141 3838 1189 3894 eal
1209 3830 1371 3911 Dionysius
1393 3830 1540 3893 Barsalibi
1563 3832 1594 3891 in
1616 3828 1839 3893 Commentario
1863 3826 1901 3889 ad
1921 3825 2029 3888 lacobi

654 3931 830 4014 Liturgiam,
852 3930 929 3992 idem
953 3927 1032 4009 apud
1053 3929 1208 3992 lacobitas
1230 3946 1304 3992 suos
1327 3927 1494 3992 observari.
1523 3929 1647 4010 Defessi
1666 3929 1745 3992 enim
1768 3929 1808 3989 ait
1830 3927 2030 3989 Sacramenta

654 4029 695 4091 ab
718 4031 812 4092 altari
829 4047 929 4111 parvo
950 4030 983 4088 in
1002 4048 1110 4110 pyrum
1132 4030 1220 4090 circa
1241 4028 1340 4089 altare
1361 4032 1470 4107 majus,
1492 4037 1563 4091 anm
1584 4028 1765 4091 oblationem
1786 4026 1942 4104 sacrificii,
1971 4042 2029 4103 quo

653 4131 715 4190 ritu
743 4130 912 4209 sipniicari
939 4126 1011 4189 dicit
1035 4127 1150 4191 Christi
1176 4129 1210 4216 in
1232 4135 1334 4188 terras
1355 4127 1533 4189 descessum
1554 4129 1702 4206 totiusque
1723 4128 1788 4205 e'us
1809 4125 1841 4186 in
1863 4125 1955 4185 terris
1977 4123 2029 4183 di-

653 4229 745 4288 vinae
775 4221 1019 4289 conversationis
1045 4228 1111 4289 sive
1131 4221 1191 4309 τῆς
1212 4210 1369 4310 badonas
1391 4215 1577 4305 οἰκονομίας
1598 4224 1775 4304 periodum:
1802 4224 1968 4285 illationem
1988 4221 2031 4283 ad

655 4327 773 4401 altare,
803 4326 976 4405 mpnifimre
1006 4326 1203 4388 elevationem
1230 4326 1296 4404 dus
1322 4326 1355 4385 in
1383 4342 1513 4388 onmem
1555 4322 1647 4405 Apud
1680 4321 1848 4402 Aethiopes
1877 4319 1968 4401 plane
1998 4326 2031 4381 ut

654 4425 735 4486 inter
758 4422 904 4504 Capillos,
934 4423 1011 4485 idem
1039 4426 1114 4487 ritus
1143 4425 1324 4486 observatos
1346 4422 1452 4500 fuisse,
1481 4422 1571 4486 docet
1593 4423 1660 4504 ejus
1682 4421 1847 4501 descriptio
1870 4418 1907 4481 ab
1931 4418 2041 4504 Arva·

655 4524 753 4601 renio,
775 4523 826 4585 ubi
848 4539 911 4584 non
933 4522 1029 4585 solum
1051 4525 1279 4605 processionem
1303 4523 1369 4585 siva
1387 4523 1702 4606 circumgestationem
1714 4518 1833 4582 oblatae
1856 4525 1950 4595 notat,
1974 4516 2031 4581 sed

657 4621 796 4704 adjungit
817 4620 933 4703 pulsari
957 4622 1159 4703 campanolas,
1183 4631 1214 4685 et
1235 4622 1335 4684 statim
1356 4638 1462 4684 omnes
1484 4621 1515 4683 in
1536 4639 1638 4703 genua
1658 4619 1872 4700 procumbere,
1896 4619 1947 4698 qui
1971 4616 2031 4679 bo-

655 4737 713 4783 nor
735 4721 803 4802 ipse
825 4728 888 4800 est,
920 4738 1010 4800 quem
1037 4720 1145 4784 Graeci
1174 4723 1269 4784 sacris
1291 4720 1466 4783 muneribus
1489 4719 1637 4783 deferunt.
1666 4718 1741 4782 Cum
1762 4735 1838 4779 vero
1860 4714 2030 4795 Aethiopes

657 4821 787 4883 omnium
811 4837 933 4882 suorum
961 4821 1071 4882 rituum
1098 4821 1320 4902 Liturgicorum
1344 4826 1472 4901 ¹autores
1502 4826 1668 4902 agnoscant
1689 4817 1872 4900 Aegyptios,
1896 4814 1969 4895 quin
1991 4811 2029 4876 ab

660 4919 736 5000 ipsis
764 4920 822 4979 iste
852 4918 1005 4981 derivatus
1036 4919 1085 4995 sit,
1108 4936 1169 4981 non
1193 4927 1240 4981 est
1262 4919 1466 4983 dubitandum.
1495 4918 1603 5000 Neque
1624 4916 1705 5000 quod
1728 4917 1759 4978 in
1781 4914 1944 4978 Codicibus
1967 4930 2031 4975 nou

657 5017 869 5081 adscribuntur
890 5018 1053 5081 mmumlim
1084 5019 1183 5082 omnia
1206 5036 1285 5099 quae
1308 5017 1499 5083 observanda
1520 5027 1600 5097 sunt,
1629 5035 1665 5079 ea
1687 5013 1802 5079 idcirco
1824 5012 1959 5097 ignoras·
1981 5016 2030 5073 est
