4525 6034
519 610 666 687 msnn·
681 610 732 687 nr
756 606 940 687 tunsione
966 609 1142 687 nnumin
1167 607 1283 686 msn
1503 607 1621 684 551.
1700 555 1709 570 ’

138 853 141 868 ,
209 822 341 872 manum
367 819 494 892 genus,
520 783 582 894 p¹er
609 815 726 892 parem,
753 804 887 868 etcum
915 819 980 892 quo
1014 796 1072 871 tibi
1108 795 1248 870 debetur
1278 796 1368 885 laus,
1404 794 1513 869 honor
1546 805 1580 868 et

207 926 377 1013 potestas,
405 937 479 986 eum
507 916 718 988 sanctissimo
746 923 803 984 tuo
832 911 975 1010 Spiritu,
999 912 1113 1005 bono,
1139 912 1332 1004 adorando,
1358 921 1422 985 etc.

311 1031 473 1126 Populus.
525 1032 645 1104 Amen.

311 1139 503 1219 Sirenios?¹
539 1147 707 1219 Memento
730 1148 830 1218 etiam
847 1145 990 1216 Domine
1014 1166 1128 1217 eorum
1144 1147 1200 1238 qui
1218 1167 1284 1217 una
1308 1144 1481 1218 nobiscum
1513 1145 1581 1218 ad-

210 1273 336 1338 stantes
364 1273 479 1354 orant,
506 1273 682 1335 eteorum
709 1260 866 1357 quihinc
898 1259 1014 1356 procul
1042 1258 1175 1334 absunt:
1212 1284 1328 1362 eorum
1363 1286 1495 1360 quoque
1527 1266 1583 1359 qui
1697 1263 1701 1270 ’

209 1380 271 1455 bas
289 1379 475 1454 oblationes
492 1379 669 1451 attulemnt
693 1377 762 1450 tibi.
815 1376 899 1448 Turn
916 1378 1014 1448 etiam
1030 1398 1161 1465 eorum,
1186 1400 1325 1472 qaorum
1338 1400 1401 1451 nos
1414 1401 1460 1450 ex
1473 1401 1580 1474 prae-

211 1507 310 1594 cepto
336 1499 527 1572 meminisse
553 1494 724 1568 debemus.
776 1493 917 1589 Insuper
943 1514 1059 1565 eorum
1086 1495 1202 1587 quiin
1228 1491 1391 1568 Ecclesiis
1420 1491 1583 1567 fructuosi

211 1621 299 1704 sunt,
325 1635 505 1709 pauperum
532 1633 599 1684 non
625 1609 736 1682 obliti:
763 1618 797 1682 et
823 1632 936 1683 eorum
965 1611 1020 1705 qui
1046 1609 1272 1707 eleemosynis
1299 1612 1487 1706 vestituque
1508 1609 1582 1683 aliis

99 1736 105 1746 '
211 1724 424 1803 subveniunt
474 1727 599 1798 Horum
626 1729 780 1822 inquam,
806 1736 841 1799 et
866 1724 962 1798 simul
989 1747 1105 1797 eorum
1133 1728 1188 1820 qui
1215 1728 1413 1822 cupiverunt
1438 1727 1583 1823 quidem,

211 1843 273 1916 sed
299 1867 367 1918 non
392 1842 569 1917 valuerunt
600 1841 737 1931 offerre,
769 1851 803 1912 et
835 1845 968 1915 omnino
1001 1844 1261 1937 uniuscujusque
1293 1845 1482 1915 memineris
1517 1866 1580 1940 pro

212 1963 310 2033 animi
336 1964 383 2033 tui
408 1961 600 2055 proposito,
628 1967 803 2030 eteorum
830 1978 914 2053 quos
941 1957 1041 2030 modo
1068 1962 1412 2031 commemoravimus.

313 2076 362 2147 Et
387 2075 444 2146 bio
470 2074 605 2148 extollit
629 2096 747 2145 vocem
772 2097 876 2145 mum.
928 2073 1091 2146 Retribue
1111 2076 1255 2148 Domirre
1270 2073 1334 2148 illis
1350 2096 1488 2170 quorum
1503 2097 1582 2147 me-

210 2196 363 2266 minimus
390 2214 505 2265 coram
530 2200 582 2278 te,
610 2199 644 2262 et
669 2212 808 2285 quorum
835 2211 903 2261 non
929 2191 1156 2279 meminimus,
1188 2211 1250 2287 pro
1285 2191 1427 2262 terrenis
1461 2189 1581 2263 coele-

212 2312 297 2400 stia,
322 2332 384 2405 pro
412 2305 680 2404 corruptibilibus
707 2304 989 2402 incorruptibilia,
1015 2328 1077 2402 pro
1113 2309 1323 2401 temporariis
1357 2316 1513 2396 aeterna,
1548 2317 1584 2378 et

210 2424 314 2497 facito
341 2434 376 2495 ut
403 2423 566 2496 haeredes
594 2425 659 2495 sint
683 2425 774 2495 vitae
801 2431 969 2494 aeternae.
1022 2415 1141 2494 Viduis
1168 2425 1381 2518 patrocinare
1397 2445 1460 2520 per
1481 2443 1583 2495 amo-

210 2562 281 2612 rem
307 2549 397 2611 tuum
425 2562 508 2632 erga
534 2560 641 2631 genus
667 2537 857 2610 humanum:
883 2536 1015 2633 pupillis
1042 2547 1116 2610 osto
1134 2546 1248 2633 pater:
1275 2541 1427 2635 captives
1443 2537 1582 2628 redime,

212 2664 392 2748 aegrotos,
420 2655 573 2752 moleque
598 2652 759 2727 babentes
786 2662 921 2727 sanato:
949 2678 1024 2727 cum
1049 2652 1287 2747 navigantibus
1312 2659 1491 2748 navigato,
1521 2653 1582 2726 la-

212 2770 374 2844 cientibus
400 2776 480 2860 iter,
508 2793 623 2844 comes
650 2781 740 2842 esto:
768 2771 920 2865 Denique
947 2757 1090 2865 eosqui
1117 2772 1151 2842 in
1178 2769 1345 2867 speluncis
1376 2770 1434 2843 vel
1459 2769 1582 2846 fodinis

213 2898 247 2961 et
273 2888 499 2962 subterraneis
524 2888 608 2960 locis
635 2886 773 2976 durant,
799 2896 938 2982 propter
971 2907 1094 2958 nornen
1128 2896 1279 2960 sanctum
1311 2899 1419 2974 tuum,
1453 2887 1590 2988 confir-p

212 3014 302 3077 mato
330 3014 429 3100 atque
456 3004 614 3098 adjurato
643 3001 785 3074 dextera
810 3009 885 3074 tua:
913 3004 1028 3098 quiin
1055 3000 1158 3075 exilio
1186 3013 1243 3076 aut
1269 3025 1408 3076 carcere
1433 3014 1508 3077 sunt
1533 3003 1582 3075 li·

212 3119 352 3211 berato;
379 3130 530 3195 errantes
557 3120 795 3215 dispersosque
817 3117 985 3212 colligit03
1012 3128 1290 3214 congregatoque
1304 3141 1421 3194 omnes
1438 3123 1473 3192 iu
1491 3117 1583 3192 ovile

212 3247 319 3325 tuum,
346 3248 382 3309 ut
408 3240 450 3309 sit
474 3259 573 3309 uuum
600 3235 691 3308 ovile
719 3245 752 3307 et
777 3245 894 3331 pastor
919 3256 1020 3322 unus,
1046 3236 1173 3330 tibique
1199 3233 1331 3307 laudem
1355 3233 1582 3326 attribuamus,

214 3364 248 3425 et
274 3358 400 3446 gratias
428 3374 588 3446 agamus,
616 3375 658 3425 ae
683 3349 779 3426 simul
807 3355 978 3444 unigenito
1005 3350 1091 3423 Filio
1118 3360 1191 3438 tuo,
1225 3359 1260 3423 et
1291 3355 1497 3428 sanctissimo
1525 3362 1581 3425 tuo

214 3471 366 3566 Spiritui,
392 3471 500 3558 bono,
529 3467 720 3559 adorando,
746 3471 848 3541 vitam
873 3467 1047 3561 largienti,
1073 3465 1217 3563 tibique,
1244 3478 1308 3541 eto.

316 3586 478 3680 Populus.
530 3588 649 3659 Arnen.

318 3702 493 3774 Sacerdos
527 3703 720 3773 inclinatur.
772 3701 904 3773 Memor
939 3708 1013 3773 esto
1047 3701 1192 3773 Domine
1224 3697 1356 3792 Regum
1391 3708 1581 3773 nostrorum
1645 3783 1649 3788 ,

214 3818 389 3892 laudabilis
416 3821 617 3906 memoriae,
644 3841 684 3889 ac
712 3826 874 3890 coronato
900 3837 961 3888 eos
989 3839 1050 3913 spe
1075 3816 1186 3889 bonae
1213 3815 1405 3906 voluntatis,
1433 3824 1468 3888 et
1481 3814 1581 3910 galea

215 3936 350 4027 salutis,
377 3946 646 4029 conservatoque
678 3935 772 4030 ipsos
807 3929 843 4005 in
867 3932 932 4004 fide
958 3955 1058 4023 saoa3
1085 3942 1185 4029 atque
1211 3931 1356 4025 subigito
1390 3936 1484 4028 ipsos
1519 3931 1581 4007 sub

211 4054 328 4144 jugum
363 4053 458 4144 regni
493 4054 554 4122 tui:
594 4060 628 4121 et
662 4049 803 4145 populos
838 4047 1020 4139 barbaros,
1047 4046 1339 4145 ¹lleipublieaeque
1374 4048 1582 4124 Christianae

214 4167 402 4241 malevolos
427 4169 508 4264 ipsis
534 4168 733 4261 mancipato.
1656 4149 1662 4166 '

318 4287 366 4358 Et
390 4285 537 4359 oototttt
568 4307 694 4355 coceio.
749 4281 857 4357 Nobis
893 4293 1002 4356 autem
1024 4284 1167 4355 Domine
1194 4280 1369 4355 concedito
1397 4278 1581 4354 habitatio-
1693 4277 1702 4295 '

213 4423 291 4474 nem
318 4401 526 4498 tranquillam
552 4410 586 4472 et
613 4402 774 4495 quietam,
810 4411 909 4495 atque
940 4397 1155 4471 bumilitatem
1189 4399 1388 4495 perfectam:
1423 4409 1460 4469 tu
1493 4398 1581 4470 anim

215 4542 253 4591 es
281 4518 428 4612 adjutor,
461 4525 681 4613 praestasque
714 4519 888 4589 victoriam
921 4515 1072 4590 omnibus
1106 4518 1163 4611 qui
1198 4518 1330 4588 nomine
1364 4521 1422 4585 tuo
1457 4535 1580 4606 magno

214 4634 368 4725 militant,
394 4644 516 4730 tuaque
542 4654 646 4705 eausa
673 4635 810 4729 sumptis
837 4635 937 4704 armis
964 4631 1130 4729 stipendia
1149 4632 1324 4704 merentia
1342 4626 1443 4702 bello.
1496 4628 1580 4704 Esto

214 4752 326 4845 itaque
353 4752 495 4823 Domine
522 4747 648 4822 auxilio
673 4750 714 4821 iis
742 4751 798 4844 qui
823 4770 885 4844 pro
911 4746 1036 4844 populo
1062 4759 1120 4822 tuo
1146 4747 1317 4844 redempto
1344 4742 1430 4818 bella
1450 4758 1581 4839 gerunt,

216 4877 249 4939 et
275 4870 451 4940 victoriam
477 4868 560 4962 ipsis
586 4864 729 4956 largire:
760 4866 827 4937 imo
854 4873 889 4936 tu
924 4866 998 4959 ipso
1024 4863 1187 4937 adversus
1221 4885 1283 4936 eos
1319 4860 1490 4950 dimicate,
1526 4863 1582 4957 qui

215 4981 292 5055 illos
318 4982 397 5055 odio
423 4981 555 5054 babent.
609 4979 681 5053 Nos
709 4992 819 5054 autem
845 4981 989 5054 Domino
1015 4978 1057 5052 ab
1085 4978 1238 5053 omnibus
1264 4978 1439 5075 periculis,
1466 4999 1581 5070 angu-

217 5101 311 5192 stiis,
337 5097 592 5173 necessitatibus
620 5120 753 5173 assere:
781 5100 834 5170 cui
858 5096 991 5171 laudem
1017 5107 1051 5169 et
1080 5098 1261 5192 gratiam
1292 5097 1459 5172 sobonem
1491 5092 1581 5169 olle-
