4525 6034
438 611 480 731 S..
504 608 670 688 chotn
704 606 928 688 Epistol}
959 607 1300 706 totonderint,
1328 629 1380 690 bc.
1529 611 1605 687 359

233 802 391 894 optimum
416 802 526 881 visum
552 807 621 871 est:
648 810 812 894 natusque
839 810 892 871 ast
927 821 973 871 ex
1005 806 1100 870 utero
1137 798 1281 888 cameli,
1317 812 1353 875 ut
1386 808 1607 894 regeneraret

230 936 294 986 nos
322 937 368 986 ex
401 914 561 1011 spirituali
594 924 698 988 utero.
753 915 878 988 Factus
911 923 964 988 est
995 912 1094 989 nobis
1126 913 1248 1005 frater,
1282 928 1318 990 ut
1343 941 1407 993 nos
1432 917 1520 991 tilios
1546 917 1607 991 tibi

231 1031 376 1103 laceret:
403 1031 522 1103 extulit
546 1053 610 1106 nos
638 1054 684 1105 ex
709 1030 821 1103 humili
847 1051 1023 1103 servornm
1049 1030 1253 1121 conditione,
1280 1043 1314 1105 et
1333 1034 1423 1106 dedit
1445 1032 1543 1106 nobis
1569 1042 1606 1105 ut

117 1194 121 1209 ι
152 1143 157 1159 ’
230 1147 273 1220 ad
299 1147 479 1220 haeredum
506 1146 700 1240 dignitatern
726 1151 995 1243 perveniremus:
1030 1144 1165 1218 abstulit
1192 1170 1212 1218 a
1238 1147 1336 1224 nobis
1370 1153 1603 1224 mercenario-

228 1286 302 1336 rum
329 1268 520 1351 servitium,
547 1275 582 1336 et
608 1266 777 1336 constituit
802 1284 865 1335 nos
892 1266 925 1334 iu
951 1261 1060 1355 gradu
1094 1263 1235 1336 liliorum
1271 1264 1474 1339 dilectorum.
1525 1268 1604 1339 De-

228 1380 311 1475 pulit
337 1403 357 1452 a
390 1379 582 1476 pectoribus
614 1383 739 1452 nostris
774 1382 921 1476 spiritum
953 1381 1141 1467 servituris,
1172 1390 1207 1450 ut
1233 1385 1304 1474 jam
1338 1383 1425 1456 absit
1457 1406 1477 1454 a
1504 1382 1603 1455 nobis

227 1499 327 1567 timor
353 1500 580 1594 captivorum,
607 1504 640 1569 et
666 1490 756 1569 dedit
780 1496 878 1568 nobis
914 1498 1061 1591 spiritum
1098 1495 1305 1591 adoptionis,
1340 1521 1406 1595 quo
1438 1511 1474 1573 te
1511 1499 1602 1572 fidu-

228 1611 356 1684 cialiter
382 1635 583 1686 vocaremus
609 1613 744 1685 Patrem
770 1622 929 1684 nostrum.

206 1712 212 1721 ⁸
333 1730 484 1801 Eteonos
509 1752 634 1801 uocem.
674 1727 718 1800 Et
749 1726 763 1765 ²
790 1752 864 1800 cum
890 1737 1028 1824 paratus
1054 1737 1148 1802 esset
1174 1727 1217 1800 ad
1242 1731 1443 1824 patiendum,
1470 1732 1603 1829 reliquit

223 1835 326 1918 'nobis
354 1850 405 1920 sui
431 1848 789 1920 commemorationem.
838 1843 890 1916 Ea
917 1843 1044 1917 scilicet
1069 1865 1216 1942 vespera
1243 1868 1308 1941 qua
1335 1848 1500 1944 completa
1527 1859 1603 1922 sunt

229 1965 341 2035 omnia
367 1965 527 2058 mysteria
554 1966 638 2058 typi,
665 1971 700 2033 et
724 1961 901 2047 miracula,
938 1983 978 2032 ea
1004 1970 1105 2032 nocte
1132 1984 1196 2057 qua
1223 1962 1416 2057 tradebatur
1435 1972 1504 2060 'pro
1531 1966 1601 2038 vita

229 2087 263 2151 et
289 2079 396 2151 salute
422 2078 550 2167 mundi,
585 2081 753 2173 accipiens
780 2100 901 2174 panem
926 2080 960 2148 in
987 2098 1105 2150 manus
1132 2099 1212 2150 suas
1238 2090 1371 2155 sanctas
1399 2083 1532 2176 aspexit
1557 2080 1601 2153 ad

227 2206 262 2267 ta
288 2194 381 2267 Deus
408 2196 521 2283 Pater,
547 2199 674 2287 gratias
701 2198 772 2286 egit
789 2196 825 2282 ,ᾧ
850 2192 1024 2266 benedixit
1048 2195 1077 2281 †
1102 2192 1247 2286 fragili·
1264 2184 1419 2291 deditque
1447 2219 1600 2290 congre·
1642 2230 1648 2253 ι

227 2315 354 2404 gatiani
380 2310 627 2407 Discipulorum
661 2333 814 2400 suorum,
850 2320 883 2381 ct
911 2308 994 2381 dixit
1020 2312 1089 2382 eis:
1119 2310 1290 2407 Accipite,
1326 2312 1523 2386 manducate
1555 2336 1602 2385 ex

227 2450 286 2501 eo:
313 2429 388 2500 lloc
415 2437 468 2499 est
493 2449 616 2522 corpus
642 2449 751 2498 meum
779 2426 869 2529 quod
893 2447 958 2522 pro
985 2424 1085 2499 vobis
1118 2437 1153 2498 et
1184 2449 1246 2524 pro
1280 2428 1388 2503 multis
1423 2429 1597 2522 frangitur,

227 2555 262 2616 et
287 2545 402 2633 datur,
430 2543 472 2615 ad
498 2545 730 2616 remissionem
755 2553 981 2638 peccatorum,
1008 2552 1043 2614 et
1066 2544 1170 2615 vitam
1198 2553 1378 2616 aeternam.
1554 2520 1561 2552 ¹

330 2661 493 2753 Populus.
546 2662 666 2732 Amen.

233 2796 238 2809 ⁴
330 2777 513 2849 Sacerdos.
558 2775 715 2850 Similiter
741 2780 839 2848 etiam
865 2784 1039 2871 postquam
1066 2787 1311 2866 coenaverunt,
1338 2776 1477 2849 calicem
1505 2799 1596 2873 quo-

226 2916 292 2988 que
318 2897 409 2966 vitae
436 2897 567 2966 miscuit
592 2916 638 2965 ex
663 2896 744 2965 vinc
772 2901 806 2964 et
832 2915 936 2987 aqua,
968 2898 990 2974 †
1023 2902 1057 2963 et
1088 2899 1110 2975 †
1143 2892 1364 2967 sanctificavit
1393 2899 1415 2975 †
1441 2892 1597 2989 deditque

226 3013 480 3103 congregationi
506 3010 752 3105 Discipulorum
779 3030 927 3098 suorum,
953 3020 988 3080 et
1014 3007 1098 3080 dixit
1124 3012 1194 3083 eis:
1219 3011 1391 3104 Acciprte‚
1418 3007 1525 3082 bibite
1551 3032 1599 3082 ex

137 3134 140 3143 '
226 3149 269 3199 eo
296 3147 362 3198 vos
389 3148 525 3216 omnes3
551 3125 614 3198 llic
642 3136 694 3199 est
719 3125 811 3198 calix
836 3124 927 3197 Novi
954 3124 1159 3197 Testamenti
1184 3129 1217 3196 in
1244 3146 1320 3198 meo
1341 3129 1514 3218 sanguine,
1542 3129 1599 3220 qui

226 3265 290 3339 pro
316 3242 417 3315 vobis
444 3252 478 3314 et
503 3264 565 3339 pro
592 3242 701 3315 mrdtis
728 3240 914 3331 effunditur,
942 3251 976 3313 et
1002 3239 1156 3313 daturin
1183 3244 1411 3315 remissionem
1430 3253 1597 3338 peccato-

225 3381 310 3448 rum,
337 3370 371 3430 et
396 3363 500 3431 vitam
526 3367 704 3431 aeternam.

331 3472 493 3568 Populus.
544 3476 665 3549 Arnen.

329 3590 513 3663 Sacerdos.
568 3591 849 3685 Quotiescumque
876 3592 964 3661 enim
997 3587 1237 3663 manducabitis
1269 3613 1390 3686 panem
1425 3592 1529 3682 bunc,
1564 3605 1598 3666 et

224 3708 310 3780 bunc
337 3707 475 3779 calicem
502 3706 642 3797 triens,
673 3716 813 3780 mortem
841 3716 875 3778 et
900 3708 1180 3779 resurrectionem
1207 3727 1316 3778 meam
1343 3710 1596 3796 annunciabitis,

225 3823 333 3897 donec
358 3827 502 3896 veniam.

330 3939 492 4034 Populus.
545 3941 664 4013 lllortis
691 3949 768 4011 tuae
793 3938 936 4011 Domine
962 3940 1159 4011 memoriam
1185 3941 1325 4031 agimus.

328 4056 505 4130 &cordos
520 4059 653 4149 junctis
677 4054 840 4128 munibus.
875 4055 957 4141 Quis
984 4056 1127 4127 inveniri
1152 4064 1265 4150 potest
1291 4058 1346 4150 qui
1373 4057 1594 4151 magnificen-

224 4177 304 4247 tiam
330 4184 420 4245 tuam
446 4171 618 4249 sublimem
653 4182 688 4245 et
720 4182 889 4244 aeternam
925 4170 1027 4264 digne
1059 4181 1211 4259 enarret,
1244 4193 1265 4243 o
1301 4171 1450 4245 Verbum
1482 4176 1595 4247 Deus!

226 4299 283 4363 aut
299 4293 372 4385 quis
390 4288 648 4385 comprehendet
663 4291 921 4362 exinanitionem
937 4297 1025 4359 tuam
1042 4285 1284 4377 voluntariam3
1308 4298 1364 4359 aut
1387 4293 1460 4383 quis
1479 4289 1595 4386 expli-

225 4428 304 4478 care
330 4409 453 4501 poterit
478 4409 683 4477 nativitatem
710 4417 798 4478 mam
819 4401 1003 4477 mirabilem
1025 4424 1070 4474 ex
1085 4402 1247 4496 Virgine3
1273 4414 1330 4476 aut
1356 4405 1433 4500 quid
1459 4404 1594 4478 relere-

224 4544 298 4594 mus
324 4544 387 4617 pro
413 4521 624 4617 passionibus
650 4522 860 4611 voluntariis,
887 4531 921 4592 et
946 4522 1130 4611 immeritis,
1157 4542 1240 4615 quas
1259 4524 1365 4594 nostri
1386 4544 1489 4594 causa
1511 4545 1594 4596 sus-

223 4641 366 4727 tinuisti,
399 4647 434 4709 et
465 4638 653 4735 pertulisti?
701 4639 784 4726 Quis
819 4637 956 4711 sufficiat
995 4636 1037 4707 ad
1075 4635 1296 4727 adorandam,
1331 4646 1365 4708 et
1396 4636 1594 4711 laudandam

223 4758 416 4828 universam
450 4754 733 4850 dispensationem
766 4765 855 4827 tuam
889 4753 1066 4826 salutarem
1098 4775 1162 4848 pro
1194 4751 1319 4826 nobis?
1366 4753 1595 4850 Deprecamur

202 4873 325 4963 igitur
350 4872 571 4961 tollamne,
607 4882 643 4944 ut
673 4876 706 4944 in
742 4872 796 4943 die
828 4871 941 4943 ultimo
975 4869 1139 4942 adventus
1166 4873 1229 4959 tui,
1265 4869 1396 4964 quaudo
1432 4884 1593 4948 venturus

223 5008 263 5059 es
285 4984 438 5079 judicare
464 4989 566 5061 vivos
594 4996 814 5077 emortuos,
841 4985 973 5083 quando
1000 4983 1134 5058 sedebis
1161 5007 1263 5081 super
1281 4986 1399 5061 sobam
1421 4990 1592 5063 excelsum

223 5112 258 5175 et
284 5101 462 5192 elevatum,
490 5103 622 5199 pando
648 5103 772 5199 Angeli
799 5113 833 5178 et
858 5101 1065 5195 Archangeli
1091 5106 1276 5177 consistent
1295 5126 1409 5180 coram
1430 5117 1465 5181 te
1480 5106 1593 5200 judice
