4525 6034
631 608 663 685 S.
690 606 960 683 annuntiis
994 606 1183 683 tonant
1534 608 1608 683 195

233 803 353 886 gentes
378 794 413 878 in
439 793 588 866 tenebris
615 795 808 865 constitutas
836 792 1029 868 direxemnt
1056 804 1156 888 atque
1181 790 1449 882 illustraverunt,
1476 792 1608 864 docue-

232 918 374 1002 runtque
400 906 474 979 illas
502 906 591 1002 quod
617 910 649 978 in
676 906 793 980 umbra
820 911 946 980 erroris
974 909 1147 996 sederent,
1180 905 1311 1001 illisque
1347 907 1608 979 demonstrave-

232 1034 308 1096 runt
334 1024 445 1095 lumen
477 1025 638 1095 scientiae
665 1031 751 1093 brae.
805 1022 869 1108 Qui
897 1028 1024 1096 semina
1058 1022 1148 1095 bona
1178 1021 1256 1095 fidei
1291 1026 1542 1094 seminaverunt
1575 1025 1608 1093 in

232 1142 331 1212 terris
358 1143 557 1226 animarum,
585 1147 620 1210 et
644 1148 874 1233 purgaverrmt
900 1160 1003 1230 agros
1030 1140 1131 1234 sylva
1159 1142 1327 1234 spinarum
1355 1147 1389 1209 et
1406 1140 1607 1209 zizaniorum

232 1259 379 1351 peccati:
407 1257 461 1349 qui
488 1255 634 1349 propriis
666 1253 879 1348 passionibus
912 1253 1118 1326 reduxerunt
1154 1257 1382 1349 captivitatem
1417 1252 1532 1349 populi
1564 1257 1610 1324 tui

233 1391 253 1440 a
279 1379 447 1464 potestate
474 1368 547 1440 duri
574 1377 608 1439 et
633 1367 788 1461 maligni,
815 1378 849 1439 et
875 1373 1039 1461 sanguiue
1066 1374 1236 1441 cervicum
1264 1391 1398 1442 suarum
1431 1368 1609 1442 liberave-

232 1494 311 1557 runt
337 1506 413 1557 eam
440 1482 481 1555 ab
510 1486 731 1580 oppressione
757 1481 894 1556 rebellis
920 1484 1021 1558 illius:
1048 1484 1093 1558 Ut
1117 1508 1180 1581 per
1213 1485 1467 1581 deprecationes
1495 1506 1610 1556 eorum

232 1602 500 1697 propitiatorias,
537 1609 572 1670 et
608 1622 670 1695 per
708 1599 961 1674 obsecrationes
1002 1622 1117 1672 eorum
1154 1599 1380 1696 acceptabiles
1414 1622 1528 1672 coram
1565 1610 1633 1696 tc,

233 1714 403 1788 concedas
429 1715 527 1788 nobis
553 1737 666 1787 mores
692 1724 826 1805 castae,
853 1725 888 1787 et
912 1715 1150 1811 inculpabiles,
1165 1716 1274 1789 iidem
1305 1727 1450 1806 rectam,
1483 1726 1517 1787 et
1551 1717 1609 1785 in-

233 1842 444 1926 corruptam,
471 1834 574 1902 vitam
601 1839 741 1920 castam,
766 1852 876 1926 neque
888 1829 1129 1926 perturbationi
1157 1832 1358 1918 obnoxiam,
1386 1830 1473 1902 dona
1498 1829 1609 1903 subli-

232 1949 298 2019 mia
333 1958 368 2019 et
402 1955 536 2035 sancta,
567 1944 798 2018 liberationem
833 1968 853 2016 u
889 1945 1123 2020 tentationibus
1152 1947 1301 2041 asperis?
1331 1952 1443 2018 exitus
1470 1957 1608 2041 paratos

232 2072 268 2134 et
300 2060 560 2157 insuperabiles,
593 2062 691 2134 linem
724 2059 866 2147 bonum,
903 2072 937 2133 et
974 2061 1230 2150 immutabilem,
1266 2062 1357 2135 bona
1393 2060 1609 2156 amplissima,

233 2188 268 2249 et
292 2180 476 2273 promissa,
505 2177 641 2249 delicias
668 2189 924 2272 permanentes,
957 2176 1199 2250 haereditatem
1231 2200 1307 2249 cum
1343 2179 1484 2265 sanctis,
1517 2175 1608 2248 fidu-

233 2296 320 2365 ciam
346 2292 453 2365 standi
479 2314 594 2364 coram
621 2291 706 2364 solio
735 2302 790 2363 tuo
818 2292 973 2382 terribili,
1000 2295 1076 2388 quia
1104 2303 1139 2364 tu
1165 2296 1358 2366 misericors
1386 2314 1440 2379 es,
1474 2301 1508 2363 et
1534 2291 1609 2363 lar-

233 2430 297 2500 gus
324 2412 358 2479 in
384 2407 595 2496 muneribus,
623 2406 748 2501 tibique
774 2406 918 2500 gloriam
946 2417 979 2479 et
1005 2407 1137 2480 laudern
1163 2407 1360 2495 referemus,
1388 2417 1452 2479 etc.

338 2522 500 2615 Populus.
527 2524 648 2594 Arnen.

338 2636 515 2710 Sacerdos
540 2636 733 2709 inclinatur.
774 2635 819 2708 m
850 2636 892 2708 ad
926 2637 1031 2711 altare
1064 2650 1153 2712 tuum
1188 2638 1360 2735 spirituale
1386 2649 1421 2710 et
1446 2646 1609 2727 sancum,

233 2753 394 2842 Domine,
427 2762 563 2849 praesta
599 2755 758 2848 quietem,
792 2757 987 2827 memoriam
1012 2754 1136 2828 bonam
1164 2766 1198 2827 et
1229 2753 1420 2848 iebcitatem
1456 2752 1608 2826 omnibus

233 2868 427 2960 animabus,
455 2867 654 2964 corporibus
681 2876 715 2939 et
741 2867 930 2962 spiritibus,
957 2880 1104 2965 patrum,
1138 2869 1277 2941 fratrum
1304 2877 1338 2940 et
1373 2871 1607 2961 magistromm

232 2993 425 3058 uostromm
454 2986 614 3076 omnium,
648 2983 870 3078 corporalium
907 2994 963 3056 aut
997 2984 1229 3081 spiritualium,
1265 2986 1382 3078 quiin
1413 2980 1608 3075 regionibus

232 3098 510 3197 quibuscumque,
538 3097 745 3189 civitatibus,
772 3109 829 3170 aut
854 3098 1002 3194 partibus
1029 3099 1175 3171 debincti
1201 3109 1288 3188 sunt,
1315 3109 1372 3170 aot
1398 3098 1548 3171 suffocati
1574 3101 1608 3168 in

231 3220 335 3306 mari,
370 3216 427 3291 vel
458 3213 660 3289 fluminibus:
687 3225 744 3286 aut
774 3218 807 3286 in
838 3219 958 3286 itinere
995 3213 1166 3304 obierunt,
1206 3225 1243 3286 et
1276 3236 1414 3309 quorum
1446 3214 1607 3286 memoria

231 3329 320 3403 facta
347 3353 411 3403 non
439 3343 491 3404 est
518 3334 551 3402 iu
576 3329 738 3402 Ecclesiis
765 3352 867 3425 super
894 3340 1016 3402 terram
1030 3334 1225 3405 constitutis.
1267 3329 1320 3401 Tu
1338 3330 1481 3401 Domine
1499 3349 1606 3423 prae-

232 3456 284 3519 sta
311 3444 376 3515 illis
401 3447 597 3517 memoriam
623 3443 767 3533 bonam,
801 3449 856 3540 qui
883 3445 1029 3517 defuncti
1056 3454 1133 3518 suut
1167 3455 1201 3517 et
1228 3444 1270 3517 ad
1298 3455 1331 3517 te
1366 3446 1606 3536 migraverunt,

231 3563 265 3631 in
291 3559 357 3632 lide
384 3560 589 3651 orthodoxa,
616 3561 711 3632 simul
739 3584 812 3632 cum
840 3560 915 3648 illis,
944 3584 1083 3657 morum
1109 3564 1244 3633 nomina
1270 3563 1302 3631 in
1329 3559 1416 3633 libro
1436 3570 1493 3631 tuo
1516 3561 1607 3630 vitae

233 3680 430 3767 consignata
458 3685 543 3746 sunt.

193 3823 217 3858 ι
331 3789 482 3861 Elecooa
514 3813 640 3862 vocene
694 3789 762 3863 Illis
802 3788 954 3862 omnibus
990 3794 1053 3887 qui,
1081 3790 1222 3862 stadium
1257 3793 1349 3861 vitae
1378 3787 1606 3876 decurrentes,

232 3903 373 4001 perfecti
400 3916 433 3976 et
458 3906 622 4001 praeclari
656 3929 771 3978 coram
808 3917 841 3978 te
868 3917 1091 4001 appamerunt
1117 3914 1152 3975 et
1186 3927 1233 3975 ex
1260 3903 1454 3976 delictorum
1480 3904 1605 3998 pelago

231 4019 362 4092 liberati
399 4020 440 4091 ad
477 4032 510 4093 te
545 4030 787 4117 pervenerunt,
827 4020 976 4115 patribus
1012 4029 1045 4092 et
1077 4018 1235 4091 iratribus
1266 4021 1389 4091 nostris
1424 4017 1606 4091 secundum

232 4159 388 4225 carnem,
427 4145 461 4207 et
491 4139 659 4232 spiritum:
693 4135 850 4208 iratribus
882 4139 1015 4230 inquam
1050 4138 1174 4207 nostris
1210 4134 1391 4207 secundum
1418 4154 1541 4227 corpus
1572 4143 1606 4204 et

232 4250 413 4323 secuudum
453 4256 615 4338 animam,
653 4254 796 4347 quietem
832 4261 967 4347 praesta
1000 4251 1143 4322 Domine
1182 4253 1214 4320 in
1247 4253 1320 4323 sinu
1353 4248 1410 4320 illo
1446 4245 1606 4344 spirituali

233 4377 267 4438 et
292 4387 425 4457 magno.
478 4367 531 4438 Du
557 4367 622 4438 illis
649 4370 795 4462 spiritum
823 4366 935 4458 gaudii
970 4368 1003 4436 in
1035 4364 1230 4438 habitaculis
1263 4363 1346 4437 lucis
1378 4374 1412 4435 et
1442 4362 1605 4449 laetitiae,

232 4486 265 4554 in
298 4481 523 4554 tabernaculis
556 4479 694 4554 umbrae
727 4491 761 4552 et
794 4485 933 4577 quietis,
974 4490 1008 4552 et
1049 4478 1212 4552 thesauris
1253 4478 1481 4574 voluptatum,
1516 4477 1605 4549 unde

232 4597 336 4688 longe
369 4594 466 4668 abest
497 4599 604 4668 omnis
647 4600 830 4687 moestitia,
864 4596 920 4669 ubi
950 4600 1080 4692 piorum
1111 4599 1127 4632 ⁴
1158 4599 1287 4667 animae
1319 4595 1480 4689 primitias
1512 4595 1605 4663 vitae

234 4711 363 4808 absque
397 4711 514 4785 labore
548 4722 744 4808 expectant,
785 4721 819 4784 et
845 4714 980 4806 spiritus
1012 4715 1178 4805 justorum
1211 4709 1252 4781 ad
1286 4706 1385 4780 finem
1418 4711 1605 4803 promissae

234 4828 398 4899 mercedis
431 4831 555 4923 pariter
594 4827 778 4900 attendunt:
817 4829 851 4897 in
889 4850 930 4899 ea
967 4829 1109 4918 regione
1140 4825 1196 4898 ubi
1230 4827 1385 4920 operarii
1411 4833 1450 4894 et
1476 4820 1606 4914 fatigati

233 4944 422 5040 paradisum
449 4943 650 5040 adspiciunt,
677 4954 711 5014 et
736 4945 864 5014 invitati
889 4941 930 5013 ad
953 4946 1083 5038 nuptias
1111 4961 1269 5037 sponsum
1296 4936 1479 5009 coelestem
1506 4936 1603 5008 desi-

234 5058 368 5131 derant:
400 5059 457 5132 ubi
482 5061 594 5133 vocati
620 5058 662 5130 ad
689 5060 896 5145 convivium,
932 5068 968 5129 ut
993 5055 1176 5132 ascendant
1210 5053 1474 5151 praestolantur,
1510 5062 1545 5123 et
1569 5062 1613 5124 ut·

258 5197 381 5241 ronna
1349 5171 1401 5244 28
