4525 6034
702 591 775 693 aaa
872 588 873 593 ‘
1180 585 1585 668 conuuuutarus

697 774 855 839 Ecclesiae
878 774 1083 859 opulentiores
1106 780 1184 836 sunt.
1226 771 1270 835 lta
1293 774 1323 836 in
1346 774 1476 837 Historia
1508 775 1700 839 Patriarchali
1729 775 1842 861 legitur
1871 776 1909 840 de
1937 779 2056 860 quotlm

696 873 888 956 Metropolita
911 878 941 938 in
964 874 1156 954 Aethiopiam
1177 874 1286 952 misso,
1314 872 1375 936 tarn
1397 875 1507 957 insigni
1529 894 1640 957 pompa
1662 885 1824 959 exceptum
1851 879 1933 941 illum
1961 878 2055 960 luisse,

697 980 731 1035 ut
754 993 813 1056 qua
836 977 884 1039 die
907 976 1033 1057 primam
1055 974 1220 1055 Litargiam
1248 973 1428 1052 celebravit,
1458 974 1665 1059 agallochum,
1699 977 1780 1059 quod
1810 986 1941 1040 aromata
1968 981 2057 1043 omnia

697 1074 776 1153 apud
799 1074 970 1138 Orientales
992 1074 1092 1156 pretio
1115 1080 1256 1154 superat,
1280 1072 1374 1136 thuris
1401 1075 1470 1136 loco
1500 1082 1707 1157 usurparetur.
1753 1077 1857 1140 Extitit
1887 1087 1981 1141 autem
2009 1080 2054 1149 12.

697 1174 820 1237 saeculo
844 1175 964 1237 Marcus
987 1173 1151 1237 Ethonbari
1172 1172 1250 1234 lilius
1273 1173 1324 1254 qui
1348 1172 1494 1237 adversus
1508 1174 1737 1239 Sacramentalis
1752 1176 1950 1241 confessionis
1968 1181 2055 1241 omis-

698 1274 814 1336 sionem
837 1277 985 1338 acerrime
1007 1273 1187 1354 disputavit,
1215 1279 1246 1335 et
1274 1273 1310 1333 ab
1339 1272 1477 1337 Ecclesia
1499 1273 1664 1337 Jacobitica
1686 1295 1720 1338 se
1743 1277 1892 1339 subtraxit
1914 1297 1949 1341 ea
1971 1297 2056 1341 occa·

412 1382 472 1434 Vae
488 1392 560 1435 naas
576 1373 804 1452 besee-sione,
828 1393 894 1437 curn
918 1392 1027 1456 magno
1050 1371 1265 1453 discipulorum
1287 1390 1410 1435 suorum
1432 1392 1565 1437 nuntero.
1609 1374 1638 1437 ls
1665 1393 1786 1458 quoque
1807 1377 1888 1440 inter
1910 1377 1965 1440 alia
1986 1396 2055 1461 quae

371 1468 687 1541 scamarisque.

371 1574 398 1624 p.
418 1555 460 1609 16,

407 2256 443 2341 Ρ..
455 2261 481 2309 5.
498 2260 515 2312 l.
532 2261 576 2312 23.

407 2463 541 2518 Lectiones
564 2467 681 2536 Scriptu-

371 2565 424 2602 rae.

404 4661 502 4730 Lingua
519 4661 677 4732 Aegyptiace

369 4748 459 4803 tactae

699 1473 937 1551 corrdenmabat,
960 1472 1054 1535 thuris
1077 1473 1203 1555 legitimi
1225 1473 1457 1535 immutationem
1481 1474 1608 1554 Coptitis
1637 1474 1766 1556 objecit,
1797 1478 1883 1559 cujus
1912 1476 1978 1541 loco
2003 1479 2055 1542 alia

697 1580 828 1634 aromata
851 1572 1074 1635 substituerent.
1096 1572 1235 1654 Negabat
1258 1579 1356 1634 autem
1379 1571 1409 1634 id
1432 1572 1543 1652 licere,
1566 1573 1621 1637 sed
1644 1574 1731 1637 thure
1754 1582 1867 1639 tantum
1890 1577 2055 1659 supplican-

695 1669 764 1733 dum
788 1673 959 1750 asserebat,
983 1689 1021 1734 eo
1044 1670 1125 1752 quod
1149 1690 1216 1733 cum
1239 1688 1312 1732 auro
1338 1678 1367 1734 et
1390 1673 1511 1753 myrrha
1534 1672 1655 1737 Christo
1678 1674 1785 1738 luisset
1807 1676 1948 1740 oblatum.
1988 1677 2055 1740 Rern

694 1778 798 1832 narrat
819 1771 990 1851 Abuselah,
1013 1771 1169 1852 refertque
1184 1771 1221 1832 ad
1236 1787 1283 1835 an.
1313 1771 1479 1854 blartyrum
1498 1773 1663 1839 DCCCLX.
1678 1775 1729 1856 qui
1744 1783 1790 1838 est
1807 1775 1835 1840 J.
1857 1776 1890 1840 C.
1905 1775 2054 1843 blCllLlV.

694 1869 825 1933 Honoris
850 1890 970 1953 quoquc
993 1875 1091 1954 gratia
1114 1889 1217 1933 coram
1241 1870 1421 1934 Patriarchis
1445 1879 1474 1934 et
1495 1872 1656 1955 Episcopis
1678 1873 1827 1938 thuribula
1849 1876 1987 1939 fumantia
2003 1877 2054 1939 de-

693 1967 789 2051 lerri,
812 1972 911 2034 multis
934 1971 1081 2053 exemplis
1104 1970 1227 2052 probari
1250 1977 1360 2052 potest.
1655 2046 1669 2077 ⁸

1001 2245 1082 2316 Cam
1107 2245 1199 2316 lecta
1221 2248 1330 2339 faerit
1353 2246 1456 2318 lectio
1482 2245 1588 2317 Pauli
1614 2246 1764 2340 Coptice.

771 2451 837 2529 Jnu
867 2462 904 2525 ad
926 2476 1080 2525 sacrarum
1102 2461 1322 2543 Scriptorarum
1354 2461 1517 2526 lectionem
1546 2464 1756 2544 pervenimus,
1786 2483 1865 2546 quae
1895 2468 1996 2549 incipit
2021 2467 2054 2530 ab

694 2566 793 2648 aliqua
816 2566 952 2629 sectione
974 2562 1163 2624 Paulinarum
1185 2562 1406 2642 Epistolarum‚
1436 2582 1511 2645 quas
1541 2562 1726 2626 Graecorum
1756 2565 1899 2647 exemplo
1930 2565 2053 2644 Coptitae

693 2666 868 2749 simpliciter
889 2670 1000 2726 vocant
1020 2649 1233 2738 Ἀπόστολος,
1257 2680 1336 2744 quae
1358 2682 1422 2727 vox
1445 2664 1671 2727 characteribus
1696 2681 1816 2745 quoque
1839 2665 1976 2729 Arabicis
1999 2683 2054 2728 non

693 2785 764 2830 raro
789 2781 935 2847 expressa
964 2764 1116 2844 reperitur
1143 2762 1221 2843 apud
1250 2770 1373 2826 autores
1401 2782 1504 2826 rerum
1532 2764 1761 2847 Liturgicarum.
1814 2764 1941 2846 Legitur
1966 2775 2054 2828 autem

692 2865 829 2947 Epistola
853 2863 949 2945 primo
972 2862 1114 2943 Coptica,
1137 2870 1170 2924 ut
1192 2862 1222 2923 in
1251 2861 1372 2925 rubrica
1400 2870 1538 2926 notatur:
1569 2871 1675 2945 postea
1704 2863 1856 2945 Arabica,
1885 2865 1963 2948 quod
1991 2883 2053 2928 mox

692 2966 802 3029 lectum
824 2964 895 3042 luit,
927 2963 1104 3045 explicatur.
1156 2962 1203 3024 Dc
1231 2960 1283 3033 illa
1313 2963 1529 3042 scripturarum
1562 2961 1693 3026 lectione
1724 2963 1830 3046 Cyrilli
1859 2965 1911 3028 filii
1939 2963 2051 3027 Lahlali

691 3064 885 3128 Patriarcbae
907 3064 982 3126 haec
1005 3062 1133 3125 habetur
1156 3060 1347 3125 Constitutio.
1391 3060 1517 3141 Oportet
1537 3061 1720 3143 Episcopum
1741 3064 1780 3126 tle
1801 3072 1885 3128 aoht
1908 3064 2053 3127 Sacerdo-

692 3175 754 3229 him
775 3169 807 3227 ia
828 3164 1022 3227 monasteriis
1043 3166 1126 3251 attia
1148 3163 1219 3223 aliis
1241 3163 1316 3223 locis
1338 3164 1502 3242 inquirere,
1524 3182 1621 3243 quoae
1642 3166 1761 3225 ratione
1782 3165 1815 3226 in
1836 3164 2053 3226 semisobetat-

692 3264 742 3329 dis
763 3285 797 3327 se
817 3272 945 3346 perant:
967 3270 1055 3342 utque
1076 3282 1138 3323 non
1160 3263 1298 3323 omittant
1319 3262 1475 3323 lectionem
1497 3262 1643 3324 librorum
1665 3264 1791 3344 quinque
1818 3266 1852 3325 ira
1879 3266 1984 3346 patavis
2002 3262 2053 3325 Li·

692 3368 811 3447 tarpio,
840 3383 945 3443 nempe
966 3361 1073 3438 Pauli,
1104 3360 1274 3439 Catholici,
1308 3359 1454 3440 Actutum,
1483 3360 1673 3423 Psalmorum
1703 3370 1733 3423 et
1756 3362 1932 3444 Evangelii,
1965 3371 1993 3425 et
2017 3362 2054 3423 ad

691 3466 922 3544 aniasmtjasqae
944 3462 1101 3523 lectitmern
1123 3461 1305 3541 adpimpatar
1326 3463 1443 3538 matio,
1465 3480 1560 3540 neque
1581 3481 1621 3523 ea
1642 3461 1703 3522 illis
1724 3465 1887 3544 quidquam
1900 3466 2051 3526 omittatur.

692 3565 754 3641 Oai
773 3583 847 3626 cero
869 3564 901 3624 in
923 3561 1064 3640 Litarpia
1085 3560 1267 3622 celebranda
1289 3562 1405 3641 aliquid
1425 3581 1467 3623 ea
1488 3561 1607 3621 illamam
1629 3560 1775 3624 libratam
1796 3564 1924 3626 lectione
1950 3565 2053 3625 omise-

692 3666 750 3740 rit,
778 3663 965 3724 onatbemati
990 3660 1177 3739 subjiciatur.
1206 3657 1249 3721 lta
1279 3677 1400 3741 quoque
1428 3658 1612 3739 Ebnassalps
1642 3661 1670 3721 in
1696 3660 1854 3723 Canonum
1878 3661 2051 3725 Collectiono

693 3780 760 3842 cap.
792 3761 842 3824 12.
870 3768 972 3839 notat,
1008 3766 1167 3840 postquam
1198 3757 1346 3822 Sacerdos
1385 3766 1432 3822 ter
1465 3777 1532 3821 cum
1562 3759 1711 3822 thuribulo
1742 3754 1837 3823 altare
1866 3759 2050 3824 circumierit:

692 3859 825 3942 illudque
856 3860 943 3922 alteri
973 3858 1129 3921 Sacerdoti
1161 3856 1295 3938 dederit,
1329 3858 1380 3939 qui
1409 3864 1467 3941 per'
1494 3865 1586 3920 totam
1611 3858 1779 3922 Ecclesiam
1809 3861 1892 3923 circa
1921 3858 2050 3942 populun

693 3960 794 4024 adolet
822 3961 962 4033 incensa,
997 3959 1084 4040 sequi
1111 3966 1246 4037 cantum,
1274 3976 1383 4039 nempe
1411 3976 1628 4039 responsorum
1657 3957 1786 4039 aliquot,
1818 3968 1848 4023 et
1879 3960 2050 4042 Hymnoron

690 4060 878 4135 breviorum3
902 4077 961 4141 quo
985 4058 1109 4138 expleto
1132 4059 1228 4138 legent
1248 4057 1383 4120 Diaconi
1402 4060 1550 4120 sectiones
1575 4079 1616 4119 aa
1642 4059 1745 4121 verbis
1772 4058 1975 4139 Apostolieis;
1999 4072 2049 4136 φα)

691 4161 811 4222 nornine
833 4159 1124 4239 comprehenduntur
1145 4157 1238 4220 Pauli
1257 4157 1430 4237 Epistolae,
1453 4157 1644 4233 Catholicae,
1672 4157 1808 4239 Actaque
1828 4157 2048 4238 Apostolorron:

693 4268 754 4321 tam
776 4278 817 4320 ea·
838 4256 971 4319 Psalmis
998 4263 1124 4318 conetur
1147 4258 1262 4337 aliquid
1268 4304 1279 4333 ,
1308 4265 1338 4318 et
1354 4265 1463 4336 postea
1484 4256 1639 4319 Sacerdos
1661 4258 1737 4337 tepet
1757 4264 1895 4320 sanctam
1916 4256 2048 4334 Eamrpe·

690 4358 772 4422 liam.
815 4356 911 4420 Porro
934 4355 1010 4417 haec
1033 4355 1191 4437 disciplina
1213 4374 1281 4418 cum
1305 4356 1384 4438 apud
1406 4356 1559 4437 Ecclesias
1584 4375 1688 4419 omnes
1703 4356 1874 4420 Orientales
1895 4352 2047 4419 communis

690 4458 743 4536 sit,
767 4458 806 4519 de
828 4475 864 4519 ea
886 4454 1040 4539 singulare
1063 4455 1136 4517 nihil
1157 4456 1300 4519 habemus
1328 4457 1506 4535 notandum,
1536 4456 1591 4519 sed
1620 4456 1658 4519 de
1685 4475 1770 4520 more
1797 4464 1910 4519 tantum
1938 4448 2049 4537 legendi

689 4557 855 4638 scripturas
877 4565 1006 4637 utraque
1027 4555 1140 4638 lingua.

778 4656 904 4737 Coptice
927 4655 1044 4738 quidem
1067 4664 1100 4718 ut
1121 4655 1309 4739 legerentur,
1332 4655 1519 4719 consuetudo
1534 4656 1736 4738 antiquissima
1759 4663 1822 4734 est,
1847 4657 1931 4737 qu'us
1947 4657 2048 4715 certam

692 4758 803 4821 seriem
827 4757 1018 4839 agnoscimus
1041 4755 1147 4817 saltem
1170 4774 1187 4816 a
1209 4755 1493 4853 lllubamedanorunt
1515 4755 1622 4834 initiis,
1647 4755 1782 4818 adhaec
1804 4773 1901 4837 usque
1925 4760 2048 4829 tempora

693 4875 843 4938 nunquam
867 4857 1081 4936 interruptam,
1105 4855 1165 4917 hoc
1187 4862 1234 4917 est
1257 4855 1294 4917 ab
1317 4855 1402 4917 annis
1425 4855 1505 4918 mille
1528 4856 1720 4937 etamplius.
1763 4854 1838 4916 Nam
1856 4850 2047 4934 Benjaminom

692 4956 895 5020 Jacobitarunr
916 4954 1174 5034 Alexandrinum,
1199 4974 1266 5018 cum
1287 4974 1343 5036 per
1365 4973 1460 5018 annos
1486 4956 1609 5019 circiter
1631 4955 1787 5018 duodecim
1815 4955 1846 5015 in
1868 4945 2047 5046 hlopasteriis

693 5056 855 5120 Thebaidis
878 5055 1062 5136 delituisset,
1090 5056 1142 5121 ubi
1169 5054 1221 5118 vix
1243 5055 1366 5119 alterius
1388 5055 1510 5140 linguae
1533 5074 1621 5137 quam
1650 5055 1875 5140 Aegyptiacae,
1905 5053 1934 5113 in
1960 5045 2044 5112 sacris
