4525 6034
1052 998 1665 1178 LlTUltGld

914 1311 1806 1434 SANClllGNlllll'.

1074 1582 1226 1652 Primcm
1253 1578 1375 1649 Oratio
1403 1587 1484 1650 autc
1509 1579 1647 1650 Pacem.

749 1781 866 1883 Dans
892 1806 994 1877 Pater
1021 1814 1150 1893 sancte,
1177 1806 1310 1896 genitor
1336 1804 1530 1898 propaginis
1559 1811 1734 1888 aeternae,
1761 1799 1905 1890 largitor
1932 1800 2039 1872 bono-

672 1945 744 1994 rum
772 1932 806 1993 et
832 1920 929 1993 dator
955 1918 1196 2013 tranquillitatis
1232 1928 1266 1989 et
1297 1920 1409 2012 pacis,
1443 1919 1498 2011 qui
1533 1915 1616 1988 ultra
1653 1937 1786 1988 ornnem
1821 1915 2039 2011 comprehen-

673 2041 803 2112 sionem
829 2038 987 2108 mentium
1014 2045 1048 2129 et
1074 2037 1255 2107 animarum
1283 2031 1503 2120 rationalium,
1530 2031 1725 2123 magnificus
1752 2032 1842 2102 asin
1862 2031 2041 2119 donistuis

675 2152 795 2224 divinis
823 2174 910 2246 quae
936 2147 1035 2221 nobis
1061 2148 1294 2244 peccatoribus
1321 2161 1355 2220 et
1381 2147 1473 2219 Filiis
1501 2152 1565 2220 tuis
1592 2149 1807 2232 concessisti,
1841 2171 1918 2219 cum
1943 2170 2042 2244 prae-

677 2271 787 2340 stitisti
820 2267 935 2354 nobis,
968 2273 1005 2337 ut
1037 2287 1078 2336 ea
1113 2265 1389 2361 quemadmodum
1421 2286 1563 2358 aequum
1596 2274 1649 2336 est
1682 2249 1730 2335 et⁸
1745 2265 1870 2353 justum
1905 2262 2043 2334 admini-

678 2394 877 2457 straremus:
903 2391 1039 2477 praesta
1065 2381 1181 2471 nobis,
1215 2393 1251 2454 ut
1277 2390 1368 2453 cunr·
1378 2404 1505 2454 summa
1531 2383 1674 2475 puritate
1700 2391 1734 2451 et
1762 2380 1927 2464 castitate,
1954 2387 2043 2471 atqrm

677 2500 880 2570 immunitate
914 2496 956 2568 ab
993 2500 1082 2567 omni
1116 2496 1214 2583 dolo,
1250 2496 1366 2568 demus
1397 2498 1541 2567 invicem
1567 2518 1701 2591 pacem,
1732 2517 1807 2567 cum
1839 2492 2042 2590 amplexibus
2162 2553 2165 2560 .

596 2625 599 2632 ’
675 2613 819 2709 Spiritus
847 2615 970 2700 sancti,
1003 2622 1038 2683 et
1069 2615 1103 2683 in
1132 2611 1268 2684 vinculo
1303 2634 1411 2684 verae
1444 2614 1610 2701 caritatis,
1643 2622 1679 2683 ut
1708 2615 1742 2683 in
1776 2633 1842 2683 una
1869 2608 2042 2683 concordia

676 2727 836 2826 spirituali
862 2730 1103 2817 consistentes,
1137 2738 1171 2798 et
1196 2731 1442 2800 unanimitatem
1476 2726 1648 2823 pacificam
1682 2726 1929 2816 observantes,
1962 2725 2044 2817 digni

675 2843 855 2916 efficiamur
881 2845 1040 2915 convivio
1068 2842 1169 2915 beato
1197 2854 1230 2914 et
1256 2842 1481 2915 sanctificante
1500 2846 1660 2935 unigeniti
1685 2843 1762 2915 Filii
1787 2845 1852 2915 tui:
1881 2866 1959 2914 cum
1984 2863 2043 2936 quo

675 2968 709 3029 te
736 2959 833 3031 decet
859 2957 981 3047 gloria,
1006 2956 1125 3046 bonor,
1153 2969 1187 3030 et
1212 2969 1376 3054 potestas,
1404 2982 1478 3030 curn
1505 2958 1629 3054 Spiritu
1656 2968 1711 3030 tuo
1739 2961 1962 3032 sanctissimo.

779 3075 940 3167 Populus.
993 3078 1113 3147 Amen.
1559 3081 1562 3084 ’

780 3190 966 3262 Sacerdos.
1019 3191 1103 3262 Pax.

779 3306 941 3399 Populus.
995 3305 1141 3377 Etcum
1168 3307 1283 3399 spiritu
1310 3314 1378 3374 tuo.

779 3421 968 3493 Diaconos.
1021 3422 1088 3493 Det
1113 3421 1347 3515 unusquisque
1364 3441 1492 3514 pacem.

783 3537 942 3629 Populus.
996 3530 1131 3608 Omnes.

780 3651 967 3734 Diaconum
1020 3651 1111 3722 Post.

780 3765 942 3857 Papulas.
995 3766 1117 3839 Coram
1145 3776 1188 3838 ta.
1321 3795 1330 3809 ·

780 3881 965 3953 Sacerdos.
1019 3883 1152 3974 Bonus,
1184 3881 1304 3953 beatus
1331 3891 1365 3952 et
1399 3879 1563 3951 demissor
1597 3878 1862 3953 benedictionum
1896 3903 1935 3953 es
1971 3901 2046 3971 erga

677 4016 737 4067 eos
765 4019 882 4068 omnes
918 4000 973 4092 qui
1000 3997 1138 4068 credunt
1171 3999 1275 4067 inte.
1327 3994 1373 4065 Et
1404 4017 1491 4066 nunc
1526 3994 1669 4068 Domine
1701 4019 1745 4067 ne
1781 3999 1928 4092 aspicias
1964 3994 2045 4091 quod

675 4112 801 4204 indigni
829 4135 952 4201 sumus,
979 4135 1043 4184 nec
1071 4112 1114 4185 ob
1143 4110 1307 4184 delectum
1342 4110 1484 4182 fiduciae
1519 4122 1668 4183 nostrum
1702 4133 1815 4183 coram
1850 4121 1902 4200 te,
1938 4117 2046 4208 prives

676 4228 834 4322 populum
861 4239 950 4299 tuum
976 4228 1106 4301 fidelem
1132 4227 1288 4316 Domine,
1315 4231 1422 4318 gratia
1450 4236 1504 4299 tua
1532 4226 1657 4315 divina,
1684 4226 1745 4299 sed
1771 4226 1903 4322 placide
1931 4237 1965 4299 et
1984 4225 2044 4297 be-

675 4347 790 4435 nigne,
817 4348 908 4415 mitte
934 4342 1184 4416 benedictiones
1212 4355 1285 4416 tuas
1319 4364 1421 4438 super
1447 4347 1746 4435 congregationem
1779 4342 1865 4414 banc
1898 4343 2044 4415 adorau-

676 4461 756 4531 tium
788 4470 838 4530 te:
869 4459 969 4553 imple
1001 4481 1065 4531 nos
1093 4464 1201 4552 gratia
1238 4468 1271 4530 et
1301 4458 1425 4529 lumine
1458 4462 1618 4550 scientiae
1644 4469 1732 4548 tuae,
1760 4470 1795 4530 et
1820 4462 1958 4555 suscipe
1984 4461 2045 4530 de-

677 4578 891 4670 precationes
918 4578 1035 4667 gregis
1063 4579 1119 4663 tui,
1146 4580 1241 4647 utin
1268 4574 1549 4670 contemplatione
1574 4598 1678 4670 pura,
1711 4597 1787 4647 curn
1812 4577 1965 4668 primitiis
1990 4573 2045 4644 le-

611 4732 613 4736 *
676 4692 811 4764 uocibus
838 4691 1170 4786 operum'bonorum,
1195 4690 1318 4763 festum
1346 4713 1483 4783 agamus
1510 4691 1569 4764 tibi
1595 4691 1702 4780 simrd,
1736 4701 1835 4785 teque
1863 4690 2045 4762 exaltemus

678 4815 712 4877 et
736 4810 939 4898 unigenitum
966 4806 1083 4879 Filium
1112 4819 1201 4880 tuum
1229 4818 1262 4879 et
1287 4807 1446 4903 Spiritum
1473 4817 1562 4880 tuum
1589 4817 1748 4890 sanctum.

780 4922 943 5016 Populus.
994 4924 1114 4995 Amen.

781 5037 957 5110 Sacerdos
983 5040 1121 5110 decons
1146 5061 1273 5112 nocem.
1328 5039 1393 5126 Qui
1419 5044 1528 5136 possit
1559 5040 1676 5113 verbis
1709 5038 1883 5136 explicare
1915 5033 2044 5108 benefi-
