4525 6034
486 615 535 691 IN
566 615 824 692 LITURGlAll
855 612 1025 691 tloool
1061 612 1352 692 SERUGENSIS.
1522 615 1597 690 367

230 799 311 882 apud
334 801 428 882 Syros
450 801 491 863 ita
513 798 690 882 appellatur,
713 800 786 863 urhs
810 808 857 863 est
872 799 988 881 Syriae,
1011 799 1170 865 Orroenae
1192 799 1257 862 sive
1279 805 1423 862 tractatus
1437 800 1598 880 Edesseni,

232 919 320 981 quem
349 910 455 967 'nilla
481 907 600 963 vocant.
634 898 816 981 Stephanus
844 888 969 962 Bartae
997 890 1096 973 πόλις
1123 895 1182 984 τῆς
1212 885 1373 984 dolatione,
1398 887 1437 961 cd
1467 889 1598 963 ἐθνικόν

230 1001 397 1081 sanatae..
422 1000 540 1063 Batnae
560 999 635 1061 aras
657 998 847 1061 Macareo.-
870 999 1017 1078 Procopio
1040 985 1150 1083 Bdrmp
1172 999 1318 1081 singulari
1340 1016 1465 1062 numero
1488 1000 1598 1080 appel-

231 1100 319 1165 latur.
363 1101 414 1163 Ait
437 1118 507 1163 esse
529 1084 678 1175 πόλισμα
699 1086 806 1183 Epope)
835 1093 890 1159 aad
912 1086 1010 1180 λόγου
1039 1089 1170 1170 οὗδένος
1197 1086 1289 1175 ἄξιον
1315 1087 1437 1183 ἡμέρας
1466 1092 1503 1161 δὲ
1532 1088 1598 1180 ὁδῷ

231 1192 367 1284 adenona
393 1194 509 1279 διέχον.
562 1198 738 1259 Urhecatam
764 1198 874 1259 ocultius
901 1199 1032 1258 nominis
1058 1198 1148 1259 anias
1177 1198 1241 1259 atet
1271 1199 1378 1259 itincre
1412 1198 1452 1259 ah
1478 1197 1599 1260 Edessa
1644 1199 1673 1252 t.
1692 1201 1718 1251 2.
1735 1199 1765 1250 tc
1783 1197 1919 1254 tett.Perr.

230 1295 401 1365 distantem.
429 1299 560 1362 hlominit
581 1297 717 1360 Julianus
741 1296 813 1376 lmp.
836 1296 890 1376 Ep.
915 1296 966 1358 27.
990 1294 1144 1358 osroenae
1165 1295 1326 1378 legendnm
1349 1306 1450 1361 monet
1472 1296 1634 1361 llolste-t·
1661 1286 1722 1336 119.
1750 1285 1801 1381 ⁰4¹.
1818 1284 1919 1353 nepae.
2038 1330 2040 1337 ι

229 1400 298 1462 nius
321 1399 400 1480 apud
423 1398 616 1479 Stephanum,
639 1414 696 1459 nea
719 1403 850 1475 temere,
880 1412 947 1458 nam
970 1395 1012 1456 ita
1033 1394 1126 1477 vulgo
1149 1394 1225 1458 haec
1247 1396 1335 1475 regio
1365 1416 1382 1459 a
1413 1396 1537 1461 Graecis
1567 1405 1597 1459 et
1609 1372 1643 1423 Β
1651 1372 1705 1505 23¹⁶
1735 1369 1819 1436 ²¹⁶³*
1851 1370 1867 1420 Ι·
1892 1372 1918 1421 ²·

229 1498 343 1562 Latinis
367 1498 520 1561 autoribus
543 1496 725 1578 appellatum
749 1496 820 1558 nihil
843 1502 943 1557 tamen
966 1493 1148 1573 mutandum,
1171 1502 1204 1556 ut
1221 1494 1326 1557 saltem
1339 1514 1416 1576 quae
1439 1498 1519 1579 apud
1542 1472 1633 1562 eosp'
1689 1492 1696 1507 ’

229 1606 386 1660 remanent
408 1600 577 1678 scripturae
600 1595 760 1659 Orientalis
784 1604 814 1657 et
836 1596 986 1676 genuinae
1009 1595 1149 1676 vestigia,
1171 1595 1282 1657 intacta
1304 1606 1474 1660 serventur.
1497 1597 1598 1661 Urhe-
1694 1590 1696 1594 ’

231 1698 327 1761 culam
342 1697 418 1760 hanc
435 1698 613 1778 praesertim
632 1694 832 1757 afflictissimis
847 1693 1082 1757 Christianorum
1093 1694 1195 1773 rebus,
1219 1693 1274 1755 suh
1288 1711 1349 1757 uno
1360 1695 1512 1777 Episcopo
1531 1715 1598 1759 oum

232 1797 349 1876 Seruga
371 1794 465 1858 luisse
487 1796 687 1876 conjunctam,
709 1793 873 1856 verisimile
896 1800 951 1856 est.
1001 1793 1075 1854 Nam
1098 1801 1130 1854 ut
1153 1812 1193 1856 ex
1215 1792 1302 1874 hujus
1324 1793 1479 1878 Liturgiae
1502 1796 1597 1875 titulo,

231 1895 357 1975 aliisque
381 1894 466 1975 Syris
489 1902 520 1958 et
541 1894 680 1957 Arabicis
703 1893 901 1956 monumentis
928 1891 1115 1974 intelligitur,
1137 1893 1258 1973 utrique
1279 1891 1346 1954 arbi
1367 1893 1499 1959 lacobus
1521 1896 1599 1977 Epi-

231 2013 342 2075 scopus
365 1994 568 2074 praesidebat.
613 1994 677 2056 Neo
708 1994 854 2056 immerito
884 2000 1011 2054 vocatur
1030 1991 1177 2074 Spromm
1199 1992 1323 2055 Doctor.
1368 1992 1442 2055 Nam
1472 1996 1498 2056 si
1524 2014 1600 2059 vera

232 2100 279 2155 est
301 2096 433 2157 narratio
456 2095 495 2158 do
517 2095 609 2157 rehns
632 2093 794 2155 Armeniae
816 2109 905 2172 quarn
928 2110 946 2153 e
967 2092 1063 2173 Regio
1087 2091 1199 2154 Codice
1222 2090 1314 2153 edidit
1329 2091 1538 2173 combefisius,
1560 2095 1598 2158 ah

116 2178 119 2181 ’
232 2194 291 2255 isto
312 2194 428 2257 Jacoho
461 2213 571 2258 nomen
599 2192 756 2257 Jaoohitae
785 2191 969 2267 hahuerunt,
1000 2209 1089 2271 quem
1117 2176 1273 2270 Ἰάκωβον
1299 2189 1466 2257 Πιτνανοῧ
1493 2203 1599 2272 vocat,

233 2311 291 2373 qua
317 2294 347 2355 in
377 2312 454 2357 voce
477 2292 707 2357 Roman-laede
742 2300 788 2354 est
818 2308 996 2374 agnoscere.
1048 2290 1233 2370 Quamquam
1260 2292 1451 2356 verisimilior
1479 2294 1599 2358 omnino

233 2394 409 2475 conjectura
432 2393 563 2471 videtur,
586 2411 690 2457 eorum
714 2393 765 2471 qui
786 2388 990 2472 Nicephorum
1019 2398 1051 2452 et
1073 2386 1209 2452 Graecos
1239 2390 1313 2453 alios
1342 2400 1463 2457 autores
1491 2396 1598 2474 secuti,

231 2490 384 2554 Jacohitas
407 2511 468 2556 non
490 2513 507 2557 a
530 2493 713 2557 Botnanensi
735 2489 861 2569 Jacoho,
891 2489 947 2552 sed
969 2507 987 2551 a
1008 2488 1175 2568 Baradaeo,
1198 2489 1264 2552 sive
1287 2490 1434 2556 Baradato
1456 2513 1544 2575 quem
1567 2503 1600 2559 et

231 2577 411 2666 τζάνζαλον
432 2610 488 2672 per
511 2600 713 2673 contemptum
736 2590 899 2672 appellant,
923 2591 963 2651 ita
985 2590 1213 2671 cognominatos
1237 2591 1416 2657 existimant.
1463 2594 1599 2658 'lahelita

232 2689 313 2753 unde
335 2691 432 2755 dictus
456 2693 505 2769 sit,
527 2691 607 2755 hand
630 2691 717 2754 aliter
739 2691 849 2752 scimus
878 2707 966 2769 qnam
996 2707 1036 2750 ex
1059 2687 1132 2752 Cod.
1154 2687 1216 2753 tls.
1239 2689 1448 2771 inscriptione:
1477 2711 1517 2755 err
1539 2711 1599 2775 qua

232 2790 321 2852 etiam
343 2791 507 2871 conjectari
534 2790 606 2855 licet
634 2809 694 2852 non
717 2805 813 2870 pauca
842 2787 1091 2851 constitutionum
1120 2787 1402 2853 Ecclesiastiaarum
1429 2790 1599 2874 fragmenta

232 2908 311 2970 qnae
340 2892 371 2951 in
398 2890 612 2955 Nomocanone
636 2891 781 2972 Syrorum
811 2888 971 2970 leguntur,
1001 2888 1120 2951 nominc
1149 2887 1320 2963 Teretina,
1354 2889 1393 2952 ad
1422 2889 1501 2952 huuc
1528 2908 1599 2953 esse

231 2987 401 3051 reserenda.
453 2989 519 3051 Furit
549 2997 648 3053 autem
677 2990 743 3068 ille,
771 2996 805 3051 ut
834 2987 995 3050 Christiani
1024 2995 1082 3049 tam
1110 2987 1280 3051 Orthodord
1309 3006 1398 3069 qnam
1426 2988 1599 3054 Nestorinni

232 3095 391 3164 testantur,
415 3086 523 3151 Severi
544 3088 725 3152 Antiocheni
747 3086 922 3168 discipulus,
954 3095 985 3149 et
1006 3088 1151 3150 maximus
1173 3087 1357 3151 Jacobiticae
1388 3088 1458 3152 fidei
1480 3108 1600 3172 propu-

231 3196 353 3268 gnator,
376 3206 443 3249 cnm
466 3188 542 3249 alter
564 3190 593 3250 in
617 3189 738 3251 exilium
766 3187 872 3268 pulsus
900 3178 992 3248 iore't:
1022 3204 1293 3268 successoremque
1322 3189 1353 3250 in
1380 3188 1485 3251 eadem
1508 3208 1599 3253 causa

233 3287 408 3349 sustinenda
429 3287 533 3350 hahuit
548 3287 695 3351 Jacohum
718 3286 808 3348 alium
820 3284 1007 3360 Baradntum,
1032 3304 1124 3367 aquo
1138 3285 1291 3350 Jacohitas
1313 3289 1480 3351 nominatos
1504 3289 1598 3353 luisse

232 3386 412 3468 Nicephori,
447 3386 587 3468 Eutychii
617 3386 830 3463 Alexandrini,
866 3394 896 3449 et
926 3385 1052 3449 aliorum
1082 3387 1241 3450 multorum
1277 3389 1379 3468 opinio
1407 3386 1471 3450 fuit.
1525 3390 1598 3452 Cum

233 3494 332 3548 autem
353 3484 486 3549 Jnoohus
509 3486 708 3550 Batnanensis
730 3485 822 3547 multa
843 3486 1011 3566 scripserit,
1033 3502 1094 3548 non
1117 3484 1206 3549 modo
1228 3488 1307 3550 inter
1326 3486 1482 3550 Ecclesiae
1504 3487 1599 3554 Jaco-

233 3585 343 3647 hitiaae
365 3586 515 3650 Doctores
545 3593 718 3649 numeratur
748 3587 779 3647 in
807 3572 995 3668 Ὁμολογίᾳ,
1026 3588 1093 3649 siro
1124 3584 1325 3650 confessione
1353 3586 1423 3650 lidei
1455 3606 1533 3668 quae
1560 3592 1598 3653 ah

233 3684 407 3748 ordinandis
430 3687 572 3769 exigitur,
595 3686 649 3749 sed
670 3685 761 3749 multa
784 3687 850 3768 ojus
873 3686 1042 3749 testimonia
1064 3693 1227 3749 occurrunt
1248 3687 1279 3748 in
1302 3686 1443 3749 tractatu
1472 3688 1510 3752 de
1539 3690 1598 3754 fide

231 3785 362 3848 Petrum.
407 3785 557 3849 Historiae
581 3785 778 3848 Nestorianae
800 3785 965 3864 scriptores
987 3785 1126 3865 uadunt,
1157 3785 1304 3849 Jacohnm
1326 3786 1482 3867 aequalem
1504 3787 1598 3852 fuisse

232 3884 358 3962 Aeacio,
382 3903 471 3965 quem
494 3886 671 3968 vigesimum
704 3884 868 3947 secundum
898 3882 1119 3948 Catholiaorum
1149 3903 1272 3949 suorum
1300 3895 1472 3949 numerant:
1502 3888 1598 3952 literis

234 3985 329 4047 sacris
352 4002 475 4066 operam
498 3985 620 4048 dedisse
647 3987 678 4047 in
701 3983 810 4047 Schola
838 3983 993 4047 Edessena
1022 4002 1099 4065 quae
1129 3984 1342 4049 florentisshna
1370 3994 1440 4049 tuno
1467 3985 1537 4050 luit:
1568 3998 1599 4052 et

233 4083 317 4145 initio
339 4084 585 4148 Nestorianorum
609 4085 742 4166 opinioni
771 4083 956 4148 adhaesisse.
1000 4084 1160 4166 Postquam
1188 4103 1263 4148 vero
1284 4084 1476 4149 Anastasinm
1497 4086 1598 4168 lmpe-

234 4190 366 4245 retorem
389 4184 505 4248 Severo
530 4185 686 4266 plurimum
708 4183 851 4261 tribuere,
874 4190 905 4246 et
934 4185 964 4246 in
987 4184 1053 4265 ejus
1075 4186 1255 4247 sententiam
1286 4187 1480 4250 consensisse
1506 4188 1599 4250 intel-

233 4282 318 4362 lexit,
340 4285 428 4347 unius
451 4292 576 4347 naturae
598 4283 686 4346 iidem
708 4282 879 4365 professum
900 4280 1006 4360 fuisse,
1028 4283 1169 4365 illamque
1192 4285 1302 4347 acriter
1324 4283 1503 4349 defendisse.

321 4381 351 4446 2.
385 4384 418 4445 ln
441 4384 546 4447 codice
570 4382 745 4446 Colhertino
767 4389 886 4445 vetusto
909 4390 939 4445 et
960 4384 1059 4447 honae
1081 4393 1173 4447 notae
1194 4383 1290 4448 forma
1312 4385 1474 4449 verborum
1487 4384 1598 4450 Christi

233 4482 322 4544 aliter
344 4500 378 4545 se
401 4483 505 4559 hahet;
539 4485 696 4564 inagisque
729 4483 955 4564 paraphrastica
977 4492 1041 4558 est;
1071 4483 1126 4546 sed
1156 4484 1226 4564 qnia
1255 4485 1436 4548 luculentam
1466 4490 1599 4551 continet

232 4581 435 4644 Jacohitarum
458 4583 496 4646 de
518 4580 723 4645 Eucharistiae
746 4582 803 4645 lide
826 4580 1059 4662 confessionem,
1082 4602 1148 4646 eam
1168 4584 1348 4648 referemus.
1392 4586 1428 4648 ln
1450 4604 1488 4648 ea
1509 4595 1597 4649 nocte

233 4699 295 4761 pan
317 4680 502 4760 tradebatur,
525 4689 559 4743 at
571 4684 698 4771 'animan
718 4690 842 4744 nostras
862 4683 895 4743 in
909 4685 1084 4761 captivitate
1101 4686 1256 4746 servitutis
1277 4686 1459 4748 amandatas
1479 4685 1597 4748 Edera-

233 4787 289 4858 ret,
313 4789 401 4860 atque
423 4799 444 4841 a
465 4781 674 4843 maledictione
700 4788 731 4843 et
758 4782 903 4843 scandalo
925 4782 1074 4844 Motorum
1095 4791 1243 4846 matonam
1268 4791 1299 4845 et
1323 4791 1509 4847 marmorum
1537 4787 1597 4849 to-

234 4880 331 4939 mines
352 4881 482 4959 eriperet
486 4901 499 4954 ;
522 4888 661 4942 ornatam
683 4881 848 4943 aaaadotii
873 4881 1089 4944 domonstravit
1117 4890 1147 4944 et
1169 4902 1228 4963 pro
1249 4882 1357 4963 Epitod
1379 4890 1468 4964 atpae
1491 4883 1599 4948 Cidarc'

237 4980 408 5041 sacerdotii
428 4980 561 5060 antiqui,
584 4987 762 5059 potestatam
783 4979 849 5042 Deo
878 4981 999 5062 dianam
1028 5000 1133 5043 corant
1154 4981 1307 5062 Αροειοίἱε
1328 4985 1443 5045 sanctt'o
1464 4985 1597 5065 manife-

235 5079 336 5140 stavit.
370 5078 531 5160 decipiens
548 5099 660 5160 panem
680 5082 712 5142 in
732 5098 839 5142 manas
861 5099 934 5143 mas
955 5078 1088 5157 sanctas,
1109 5084 1232 5162 aspecit
1252 5083 1295 5144 ad
1315 5089 1344 5145 te
1357 5082 1453 5145 Deum
1464 5083 1598 5164 Patrem,
