4525 6034
687 587 762 662 taa
1192 583 1550 662 trraaorn
1677 529 1682 544 ⁵

789 774 950 867 Populus.
1003 773 1123 846 Amen.

789 890 965 963 Sacerdos
1002 888 1140 960 elevans
1170 911 1298 960 ccccm,
1350 886 1509 960 Similiter
1549 898 1583 960 et
1618 890 1750 960 mistum
1788 885 1877 981 quod
1916 887 1951 955 in
1988 883 2050 957 hoc

685 1008 792 1081 calice
828 1017 900 1095 est,
948 1005 1066 1076 efficiat
1103 1011 1124 1087 †
1162 1009 1356 1098 sanguinem
1388 1005 1614 1101 purificantem
1647 1013 1682 1076 et
1722 1003 2000 1088 sanctificantem,
2030 1007 2050 1083 τ

685 1127 884 1217 sanguinem
917 1120 1088 1193 vivificum
1134 1131 1167 1193 et
1215 1120 1409 1210 salutarem,
1448 1128 1469 1203 †
1511 1123 1707 1212 sangninem
1749 1118 1933 1193 salvantem
1973 1121 2051 1189 ani-

685 1263 757 1312 mas
789 1250 823 1311 et
857 1259 1002 1334 corpora
1036 1247 1170 1324 nostra,
1207 1242 1402 1330 sangninem
1437 1239 1541 1334 ipsius
1571 1238 1635 1309 Dei
1661 1240 1774 1328 magni
1801 1245 1835 1308 et
1865 1235 2051 1308 Salvatoris

685 1359 792 1429 nostri
818 1356 901 1427 lesu
929 1351 1071 1443 Christi,
1099 1352 1142 1424 ad
1168 1358 1434 1449 propitiationem
1468 1351 1681 1442 delictorum,
1708 1355 1939 1425 remissionem
1966 1375 2052 1449 pec·

686 1485 847 1561 catorum,
875 1481 908 1542 et
935 1473 1040 1541 vitam
1067 1479 1237 1542 aeternam
1263 1469 1352 1542 illum
1379 1471 1636 1565 suscipientium.

790 1588 951 1681 Populus.
1003 1586 1123 1658 Amen.

788 1703 964 1776 Sacerdos
990 1703 1126 1774 elecaas
1151 1726 1277 1775 cacan.
1330 1701 1375 1773 Ut
1400 1725 1463 1797 per
1488 1706 1754 1774 communionem
1779 1701 1896 1776 norum
1924 1702 2053 1774 Sacra-

686 1831 870 1893 mentcrnm
898 1820 1147 1908 vivificantium,
1183 1819 1227 1891 ad
1253 1819 1388 1890 delicias
1415 1822 1506 1891 vitae
1532 1816 1691 1891 coelestis
1718 1816 1840 1890 aditum
1865 1817 2055 1906 habeamus,

687 1959 939 2032 mereamurque
967 1935 1116 2007 evadere
1142 1947 1285 2007 mortem
1311 1933 1506 2008 secumdam:
1532 1956 1642 2029 neque
1669 1945 1823 2029 tanquam
1850 1938 1902 2006 rei
1928 1936 1973 2007 ad
1995 1939 2055 2029 ju-

686 2052 804 2124 dicium
832 2051 1037 2126 subeundum
1064 2073 1304 2147 praeparemur
1329 2073 1444 2122 coram
1471 2048 1589 2122 throno
1616 2051 1745 2143 gloriae
1771 2062 1867 2123 tuae:
1903 2061 1937 2122 et
1965 2050 2054 2123 bea-

685 2168 854 2240 titudinem
882 2168 970 2240 illam
997 2165 1040 2240 ab
1066 2168 1209 2260 Angelis
1228 2170 1456 2238 annunciatum
1470 2167 1672 2263 postumiane,
1699 2168 1903 2262 spiritualem
1917 2170 2055 2252 scilicet,

686 2288 720 2356 in
746 2295 836 2357 terra
863 2285 1002 2357 coelesti
1028 2286 1257 2380 suscipiamus
1284 2306 1326 2356 ea
1353 2287 1386 2354 in
1411 2287 1549 2376 regione
1562 2283 1619 2356 nbi
1644 2281 1857 2356 tabernacula
1883 2284 1971 2356 lucis
1992 2283 2056 2355 lixa

687 2412 779 2474 sunt:
806 2405 840 2473 in
868 2401 967 2474 domo
994 2399 1129 2495 nuptiali
1157 2411 1335 2490 exornata,
1361 2409 1395 2471 et
1421 2403 1455 2470 in
1481 2404 1641 2473 convivio
1656 2404 1748 2472 vitae
1774 2400 1967 2494 spiritualis,
1986 2422 2057 2472 oum

685 2516 750 2589 illis
776 2517 972 2606 victoribus,
999 2518 1054 2610 qui
1079 2515 1201 2588 festum
1227 2516 1294 2588 illic
1320 2526 1501 2612 peragunt,
1533 2515 1674 2588 feliciter
1705 2514 1913 2591 celebremus
1946 2526 1999 2604 te,
2025 2525 2057 2587 et

685 2636 772 2705 inter
798 2637 931 2726 agmina
958 2654 1086 2720 eorum,
1113 2654 1272 2705 canamus
1298 2630 1356 2704 tibi
1382 2632 1524 2724 gloriam
1551 2644 1585 2705 et
1610 2631 1751 2705 laudem.

788 2750 950 2843 Populus.
1007 2748 1128 2820 Amen.

789 2866 965 2937 Sacerdos
990 2865 1182 2936 inclinatus.
1235 2863 1405 2936 Memento
1432 2866 1572 2937 Domine
1598 2864 1774 2937 Ecclesiae
1801 2874 1879 2937 tuae
1907 2876 2055 2956 sanctae,

686 2982 845 3056 confirma
870 2980 1081 3054 fundamenta
1113 2984 1187 3074 ejus
1219 2983 1253 3052 in
1279 2980 1343 3053 lide
1369 2991 1481 3071 recta,
1516 2991 1550 3052 et
1582 3003 1750 3053 conserva
1781 3004 1857 3053 eam
1889 2985 1925 3052 in
1958 2994 2057 3054 tran-

687 3098 845 3194 quillitate
871 3105 1044 3193 perpetua,
1071 3108 1105 3171 et
1130 3100 1164 3168 in
1191 3119 1274 3192 pace
1302 3097 1491 3170 abundanti.
1543 3098 1704 3171 Pastores
1731 3109 1766 3168 et
1790 3099 1961 3170 Doctores
1989 3099 2058 3172 Or-

685 3215 857 3290 thodoxos
884 3218 939 3308 qui
965 3224 1125 3309 praesunt
1150 3217 1185 3284 in
1219 3237 1280 3304 ea,
1314 3216 1508 3286 castimonia
1542 3235 1670 3286 morum
1702 3235 1848 3285 exorna:
1875 3218 2059 3310 praecipue

686 3354 772 3405 vero
799 3331 974 3403 Dominum
1001 3329 1042 3402 N.
1070 3329 1313 3402 Patriarcliam:
1342 3340 1376 3401 et
1400 3328 1577 3401 Dominum
1603 3329 1644 3401 N.
1666 3328 1869 3425 Episcopum
1896 3340 2059 3417 nostrum,

687 3458 722 3520 et
756 3448 799 3519 da
832 3446 895 3518 illis
927 3458 963 3518 ut
997 3469 1070 3519 cum
1106 3445 1231 3520 decore
1263 3456 1403 3542 pascant
1437 3469 1522 3518 eam
1573 3446 1742 3518 Memento
1777 3448 1876 3515 etiam
1903 3445 2058 3534 Domine,

687 3562 908 3637 Sacerdotum
940 3546 1117 3634 Ecclesiae
1151 3572 1247 3653 tuae,
1280 3574 1314 3635 et
1348 3564 1576 3636 Diaconorum
1606 3562 1719 3658 templi
1744 3563 1811 3649 tui,
1844 3570 1880 3632 et
1916 3567 2059 3635 omnium

689 3679 868 3770 Ordinum,
896 3682 950 3774 qui
977 3678 1019 3750 ad
1045 3682 1261 3752 ministerium
1294 3689 1384 3751 tuum
1417 3682 1587 3770 segregati
1620 3688 1704 3751 sumt.
1756 3677 1928 3751 Memento
1964 3684 2059 3752 edam

688 3797 830 3869 Domine
855 3799 921 3866 mei
947 3798 1135 3890 peccatoris
1162 3798 1359 3890 insipientis,
1385 3805 1420 3867 et
1446 3797 1602 3890 pauperis
1629 3797 1721 3866 servi
1748 3798 1805 3891 tui,
1831 3798 1899 3867 mei
1928 3798 2058 3891 inquam

687 3915 876 4010 peccatoris
913 3915 1099 4002 servitui,
1132 3936 1230 4008 quem
1266 3910 1374 3984 nubes
1408 3911 1574 3984 obscurae
1613 3909 1804 3982 delictorum
1845 3912 2057 3984 circumdant.

688 4030 754 4101 Per
781 4031 1009 4126 aspersionem
1042 4026 1184 4125 hyssopi
1210 4031 1256 4100 tui
1288 4027 1408 4099 munda
1435 4050 1507 4117 me,
1541 4037 1574 4097 et
1604 4039 1760 4122 tanquam
1793 4029 1908 4098 nivem
1943 4027 2058 4099 dealba

688 4169 754 4238 me,
780 4156 956 4242 purgatum
983 4167 1003 4215 a
1031 4144 1169 4218 maculis
1196 4154 1231 4216 et
1255 4147 1375 4217 naevis
1401 4147 1541 4241 peccati.
1593 4143 1763 4214 Memento
1790 4146 1890 4214 etiam
1916 4145 2059 4217 Domine

689 4265 833 4335 omnium
860 4261 1002 4333 fidelium
1029 4265 1145 4356 quiin
1172 4260 1281 4335 exiliis
1310 4271 1395 4352 sunt,
1422 4270 1596 4332 eteorum
1624 4264 1680 4355 qui
1706 4282 1768 4355 pro
1786 4258 1852 4331 lide
1869 4259 2058 4332 orthodoxa

690 4402 834 4473 agonem
862 4380 1030 4450 sustinent.

791 4494 966 4565 Sacerdos
993 4494 1132 4566 elevans
1157 4516 1282 4566 uocem.
1334 4493 1378 4565 Et
1411 4492 1600 4566 Ecclesiam
1639 4504 1729 4564 tuam
1763 4491 1932 4580 Domine,
1966 4516 2060 4588 quarn

688 4609 868 4708 possedisti
902 4609 943 4681 ab
975 4612 1085 4700 initio,
1126 4620 1161 4682 et
1194 4610 1363 4683 redemisti
1392 4632 1455 4705 per
1490 4613 1685 4701 sanguinem
1718 4612 1877 4701 unigeniti
1916 4611 1991 4682 Filii
2017 4611 2058 4680 tui

688 4727 848 4815 benedic,
890 4734 923 4797 et
956 4724 1086 4821 depelle
1121 4724 1163 4797 ab
1192 4749 1232 4798 ea
1268 4725 1546 4799 conflictationes.
1563 4727 1751 4798 haereseon
1783 4728 2057 4821 perniciosarum,

690 4867 776 4939 quae
809 4866 830 4914 a
865 4840 1032 4937 spiritibus
1068 4846 1198 4937 peccati
1232 4846 1453 4935 suscitantur,
1484 4854 1518 4914 et
1552 4842 1593 4914 ad
1628 4865 1701 4914 eam
1736 4841 1996 4934 demergendam
2025 4846 2057 4912 in

690 4960 850 5057 abyssum
880 4961 1076 5053 impietatis,
1104 4963 1301 5031 excitantm.
1354 4957 1518 5056 Propulsa
1554 4957 1596 5030 ab
1630 4957 1685 5029 illa
1713 4960 1856 5031 Domine
1890 4958 2056 5047 seandala,

689 5086 723 5147 et
748 5079 853 5165 rixas,
880 5084 914 5146 et
939 5096 1126 5170 praeserva
1154 5099 1228 5149 eam
1255 5098 1275 5147 a
1300 5078 1421 5169 uirgis,
1447 5075 1657 5172 flagellisque
1683 5077 1765 5167 tuis,
1799 5086 1901 5171 atque
1933 5087 2055 5150 aten-
