4525 6034
701 571 779 644 496
1207 570 1570 649 ottuuott

664 757 671 778 ¹
705 767 835 830 amator
860 757 1040 848 bominum,
1066 760 1271 852 insipientias
1298 758 1413 854 populi
1438 760 1493 829 tui
1518 756 1596 830 ¹ide
1622 780 1754 854 qnoque
1780 769 1972 854 peccamen
1991 760 2036 832 la-

702 873 825 946 mulum
852 884 941 945 tuum
969 877 1103 969 suscipe
1130 877 1217 946 inter
1243 872 1481 968 deprecatores
1513 882 1605 961 aros,
1637 895 1748 968 neque
1773 874 1913 969 repelles
1941 879 2038 950 mccl

702 988 907 1062 haereditate
933 999 1002 1075 tua,
1028 998 1167 1085 propter
1194 1010 1298 1084 opera
1323 1011 1400 1061 mea
1427 999 1574 1083 quaele
1599 988 1734 1081 indigna
1760 1002 1847 1062 sunt.

811 1105 989 1176 Sacerdos
1015 1105 1154 1175 elecem
1179 1127 1304 1176 coccus.
1359 1102 1529 1177 Ooobrmu
1554 1116 1588 1176 et
1603 1115 1751 1177 sustenta
1775 1104 1953 1178 Ecclesium
1973 1117 2040 1178 tuan

703 1221 848 1295 Domine
873 1244 934 1316 per
962 1225 1132 1294 orationes
1160 1201 1386 1317 acceptabiles
1404 1228 1438 1291 et
1452 1218 1624 1316 pacificas,
1650 1222 1827 1293 Paetorum
1844 1222 1962 1295 illorum
1977 1245 2041 1317 quos

705 1338 837 1430 elegisti
864 1347 897 1408 et
928 1339 1110 1424 vocavisti,
1145 1339 1381 1431 mysteriisque
1414 1339 1477 1409 uie
1510 1339 1635 1410 mete
1667 1335 1860 1431 perfecisti,
1891 1347 1922 1409 et
1948 1339 2041 1432 quibus

705 1457 936 1527 oeconomiam
964 1453 1081 1525 domus
1109 1461 1198 1540 tuae,
1224 1475 1300 1524 cum
1327 1456 1503 1526 autoritate
1529 1452 1708 1524 credidisti.
1753 1455 1806 1525 Da
1833 1453 1895 1525 illis
1919 1455 2043 1542 Domine,

704 1581 739 1642 ut
766 1595 786 1642 a
813 1569 898 1663 lupis
925 1567 1173 1642 insidiatoribus
1200 1591 1287 1641 oves
1315 1579 1389 1641 tuas
1424 1567 1602 1659 vigilanter
1635 1568 1842 1658 custodiant,
1873 1580 2044 1663 pascentque

704 1708 772 1759 nou
799 1688 1003 1772 oscitanter,
1022 1695 1056 1756 et
1082 1684 1125 1755 ad
1152 1695 1248 1780 prata
1272 1687 1478 1770 securitatis,
1506 1693 1606 1778 atque
1631 1683 1673 1756 ad
1700 1706 1805 1777 aquas
1833 1689 1960 1779 qtden's,
1982 1707 2045 1779 pure

704 1810 738 1872 et
765 1823 838 1871 cum
865 1799 994 1871 honore
1020 1823 1080 1874 eas
1107 1800 1292 1887 deducant,
1325 1798 1515 1894 talentaque
1548 1822 1611 1872 sua
1643 1799 1823 1895 prudenter
1850 1800 2047 1896 multiplicent:

705 1926 864 1989 avertens
884 1919 1012 1987 interea
1036 1941 1056 1988 a
1075 1916 1200 2011 populo
1226 1926 1296 2002 tuo,
1321 1926 1355 1986 et
1380 1914 1585 1988 haereditate
1603 1925 1659 1987 tua
1676 1938 1738 2009 per
1760 1919 1928 1988 orationes
1946 1937 2048 2000 comm

705 2054 838 2104 omnem
853 2035 1078 2126 captivitatem
1092 2034 1332 2127 perniciosam,
1347 2053 1479 2103 omnem
1493 2020 1780 2103 conturbationem
1791 2034 2048 2117 noxiam,omucu

704 2149 899 2220 violentiam
920 2151 1162 2242 ¹cujuscumque
1188 2149 1343 2239 generis,
1379 2167 1509 2219 omnem
1546 2147 1807 2239 alienigenarum
1838 2148 2048 2218 incursionem:

706 2285 839 2335 omnem
866 2267 1122 2358 perversitatem
1151 2275 1185 2336 et
1210 2266 1408 2357 nequitiam,
1434 2284 1567 2334 omnem
1594 2266 1795 2335 inimicitiam
1820 2274 1856 2334 et
1881 2265 1969 2347 irum,
1989 2260 2049 2355 pla-

705 2401 769 2471 gas
797 2401 914 2456 omncs
941 2391 976 2454 et
1001 2378 1231 2452 rebellionem.
1273 2379 1376 2470 Auge
1400 2379 1563 2467 Domine,
1595 2401 1657 2474 per
1689 2378 1949 2452 misericordiam
1972 2387 2051 2464 baon,

706 2506 740 2567 et
762 2518 914 2580 *amorem
942 2518 1026 2587 erga
1051 2495 1203 2568 homiues
1232 2504 1333 2580 mum,
1360 2516 1458 2566 omne
1484 2495 1608 2568 bouum
1634 2495 1836 2590 perlectum,
1865 2515 1959 2567 omne
1981 2514 2051 2584 gm-

706 2610 793 2682 dium
827 2605 1021 2708 pacificum,
1057 2632 1190 2682 omnem
1224 2610 1463 2682 exultationem
1497 2621 1532 2683 et
1567 2613 1729 2705 quietcnm
1764 2615 2052 2684 tmunimitatenct

705 2727 934 2818 concordiam,
960 2748 1090 2799 omnem
1117 2729 1301 2820 castitatem
1328 2734 1363 2796 et
1388 2727 1576 2820 puritatem,
1603 2726 1843 2818 benignitatem
1862 2738 1896 2799 et
1914 2729 2052 2808 unionem

705 2852 742 2913 nt
766 2846 883 2915 unitati
910 2855 987 2916 tuae
1013 2843 1145 2916 sublimi
1172 2864 1255 2937 pree
1281 2840 1451 2929 omuibus,
1484 2841 1662 2916 offeramus
1694 2847 1880 2935 gratiarum
1906 2844 2053 2922 cabonem,

706 2960 813 3053 qualis
839 2959 970 3052 gloriae
997 2972 1073 3032 tuae
1100 2958 1258 3046 debetur;
1285 2957 1596 3054 adorationemque,
1629 2960 1737 3054 qurulis
1771 2958 1872 3033 decet
1904 2960 2054 3031 modun

705 3085 793 3146 tuam
821 3087 855 3147 et
869 3075 955 3148 Filio
982 3085 1039 3148 tuo
1067 3078 1253 3167 unigenito,
1279 3083 1314 3146 et
1326 3072 1463 3169 Spiritui
1490 3083 1546 3147 tuo
1573 3078 1656 3147 vivo
1684 3086 1717 3147 et
1743 3084 1865 3148 sancto
1892 3095 1986 3163 nunc,
2007 3081 2055 3142 etc.

810 3190 971 3284 Populea.
1026 3193 1146 3264 Amen.

809 3307 985 3379 Sacerdos
1017 3307 1210 3379 inclinatus.
1262 3307 1432 3379 Memento
1454 3305 1599 3379 Domine
1624 3308 1739 3403 populi
1764 3310 1813 3378 tui
1839 3307 1899 3400 qui
1923 3315 1984 3375 stat
2004 3324 2057 3374 no-

705 3419 853 3510 biscum,
885 3432 919 3495 et
944 3422 1143 3518 deprecatur
1169 3446 1292 3496 nomeu
1318 3434 1427 3511 tunm,
1458 3444 1542 3517 prae
1575 3423 1727 3496 omuibus
1758 3443 1890 3517 pamm.
1940 3419 2057 3513 Suscipc

705 3535 766 3609 luas
793 3537 998 3625 oblationes,
1026 3560 1109 3632 quas
1137 3537 1326 3612 obtuleruut
1352 3539 1429 3627 tibi,
1456 3536 1680 3627 confidentes,
1707 3539 1796 3633 quod
1823 3561 1888 3634 per
1913 3540 2058 3609 cranone

706 3663 841 3726 nostras
874 3653 1013 3726 humiles
1049 3654 1316 3749 acceptabuntur.
1377 3655 1520 3748 Suscipe
1553 3676 1613 3726 eas
1647 3653 1690 3725 ab
1724 3654 1788 3728 illis
1821 3656 1982 3738 Domine,
2013 3670 2060 3746 per

707 3790 856 3841 amorem
883 3791 967 3862 erga
993 3769 1155 3843 bomincs'
1172 3780 1278 3861 tuum,
1311 3781 1346 3843 ut
1378 3793 1447 3843 uon
1482 3768 1652 3842 auferatur
1685 3792 1765 3865 spes
1797 3770 2000 3842 adorantium
2022 3779 2060 3837 tc:

707 3894 742 3956 et
769 3907 885 3957 eorum
912 3890 1012 3957 etiam
1038 3888 1093 3980 qui
1119 3887 1297 3959 voluerunt
1323 3888 1457 3975 oderre,
1488 3885 1550 3957 sed
1575 3884 1764 3959 facultatem
1791 3909 1862 3958 noo
1891 3885 2061 3959 babuerunt

706 3997 818 4096 Exple
845 3999 1059 4092 indigentiam
1086 4024 1213 4090 eorum,
1240 4026 1302 4097 per
1329 4025 1479 4076 amorem
1505 4012 1594 4074 tuum
1622 4023 1704 4093 erga
1731 4001 1897 4074 homiues.

811 4116 988 4188 Sacerdos
1014 4117 1152 4189 eteeees
1182 4139 1308 4190 ccccm
1352 4118 1396 4190 Et
1422 4127 1459 4188 ut
1484 4117 1641 4190 iratribus
1659 4116 1731 4188 iltis
1757 4121 1888 4190 nostris
1915 4137 2063 4211 praeseu-

706 4231 811 4318 tibus,
843 4241 878 4302 et
903 4229 1077 4304 nobiscum
1105 4233 1288 4322 stantibus,
1314 4235 1589 4328 clementiamque
1618 4243 1706 4305 tuam
1734 4234 1892 4306 omnibus
1918 4253 2064 4328 praesm-

705 4355 773 4418 tcm
801 4344 1068 4442 deprecantibus,
1096 4350 1308 4450 suscipiendo
1335 4361 1427 4439 vota,
1455 4348 1658 4436 oblationes,
1684 4351 1848 4443 primitias
1876 4360 1912 4421 et
1937 4349 2063 4419 deins

598 4547 601 4554 ,
708 4484 844 4548 eorum,
871 4466 1031 4555 ignoscas
1058 4468 1367 4559 praevaricationes
1393 4488 1473 4539 suas
1506 4477 1540 4537 et
1572 4474 1726 4557 noeane,
1758 4463 1978 4559 stabiliusque
2005 4462 2064 4533 illos

706 4575 854 4670 benigue
881 4588 915 4650 et
940 4580 1092 4674 pacifice,
1118 4592 1322 4677 avertasque
1349 4581 1391 4655 ab
1418 4581 1482 4654 illis
1509 4604 1570 4677 per
1597 4581 1871 4676 deprecationem
1891 4603 2003 4654 eorum
2022 4578 2077 4671 qni,

706 4690 831 4764 iaciunt
857 4693 1061 4767 volantatem
1088 4706 1197 4786 mam,
1224 4720 1356 4770 omnem
1383 4700 1485 4784 iram,
1512 4709 1546 4769 et
1571 4695 1800 4784 afflictionem,
1831 4719 1938 4770 omne
1962 4694 2062 4768 bellun

708 4816 743 4877 et
769 4808 952 4900 dissidium,
979 4811 1118 4883 caedem
1145 4822 1179 4885 et
1205 4813 1329 4903 dolum,
1362 4814 1605 4888 dissensionem
1632 4834 1763 4885 omnem
1791 4823 1826 4886 et
1853 4812 2064 4892 rebellionem,

708 4922 972 5020 seditionemque
998 4930 1239 5021 perniciosam,
1273 4950 1404 5002 omnem
1432 4940 1561 5004 reatum
1588 4950 1655 5024 quo
1682 4932 1893 5002 conscientia
1920 4927 2063 5002 turbetur:

707 5052 890 5115 commutes
926 5051 1036 5114 autem
1069 5042 1214 5117 Domine
1246 5067 1309 5141 per
1344 5068 1458 5119 curam
1491 5057 1579 5119 tuam
1615 5047 1899 5141 omnipotentem,
1934 5064 1992 5141 pro
2024 5043 2062 5108 in
