4525 6034
683 534 759 607 452
1073 531 1230 608 RITUS
1264 529 1669 619 ORDINATIONIS

682 736 864 826 seniorque
897 731 1090 823 Episcopus
1124 734 1274 822 imponet
1306 751 1440 800 nannum
1474 729 1654 800 desterno
1688 753 1784 800 mmo
1817 752 1921 823 super
1954 737 2047 824 caput

683 855 774 938 ojus:
799 855 835 918 et
861 845 1023 916 clansobit
1047 846 1328 917 Arcbidiocnnns
1355 845 1481 918 dicens.

735 965 859 1037 Divina
887 967 995 1055 gratia
1024 985 1110 1058 quae
1137 961 1264 1034 infirma
1291 984 1356 1035 sa·
1440 956 1483 1032 ‘H
1507 958 1591 1032 θεία
1609 956 1715 1058 χάρις
1730 958 1753 1056 ἡ
1767 957 1813 1033 τὰ
1829 957 1968 1055 ἀσθενῆ
1986 963 2049 1034 θε-

682 1092 751 1168 nat,
779 1092 812 1152 et
840 1080 1025 1152 delinienda
1048 1078 1168 1173 replet,
1196 1101 1355 1174 semper·
1395 1058 1619 1186 εζαπέύθῢσθξ,
1665 1061 1726 1136 καὶ
1755 1060 1816 1191 κῖᾶ
1855 1064 2049 1194 ξλλθῖπονξοξ

684 1219 749 1291 que
775 1195 1020 1291 providentiam
1050 1198 1139 1286 gerit
1165 1204 1354 1267 sanctarum
1395 1168 1672 1259 αναπληθθυσα)
1703 1193 1764 1239 ²0⁶
1800 1194 1975 1291 719⁰V‘2‘W
2002 1195 2049 1265 “5²

1543 1273 1551 1295 ,
1665 1275 1679 1290 .
1741 1267 1751 1293 ς
1783 1269 1790 1295 ,
1938 1276 1955 1291 ,

683 1311 1354 1406 suarumEcclesiarum,promovetistum
1393 1295 1594 1390 ⁹¹⁰‘0vdf‘Wt
1627 1296 1702 1343 ἴων
1726 1296 1843 1400 pyron
1864 1297 1971 1403 aim,
1993 1272 2048 1396 fx:

682 1452 729 1498 ex
748 1426 1023 1522 presbyterorum
1042 1426 1159 1499 ordine
1172 1428 1205 1497 in
1223 1426 1353 1500 Archi-
1393 1375 1563 1465 κλησιων)
1580 1369 1839 1469 πθθχέιθιζέῖαι
1856 1399 1920 1446 τον
1930 1369 1970 1446 de
1984 1400 2047 1445 nuo

683 1547 876 1638 episcopmn
904 1564 1048 1634 magnae
1073 1542 1166 1614 urbis
1192 1541 1353 1615 Alexan-
1386 1474 2046 1676 ‘Zggfflflfflffndssgafflgfflgfg

683 1659 777 1731 drino
802 1670 836 1730 et
861 1662 1011 1751 regionis
1028 1658 1191 1754 Aegypti,
1218 1657 1353 1730 Nomo-
1392 1677 1452 1752 καὶ
1467 1677 1546 1753 κατ’
1563 1677 1758 1779 Αἰγύπτου
1772 1676 1894 1778 χώρας
1906 1681 1966 1754 καὶ
1980 1687 2046 1755 τῶν

682 1796 822 1869 rumque
849 1778 931 1866 ejus.
959 1774 1101 1846 Oremus
1119 1776 1220 1865 igitur
1235 1796 1352 1847 omnes
1391 1778 1520 1875 νόμων
1563 1780 1680 1880 αὐτῆς.
1751 1781 1944 1878 cotonea
1986 1779 2046 1857 odo

683 2027 757 2077 eum
785 2008 893 2098 gratia
920 2005 1062 2101 Spiritus
1089 2009 1205 2078 sancti.
1393 1991 1436 2062 tn
1471 2014 1585 2114 penos
1609 2018 1760 2087 epponis·
1783 1996 1850 2064 ²⁰²3
1876 1988 2044 2090 παγαῖἶθυ

1392 2117 1602 2186 πνευματος.

787 2201 950 2295 Populus.
977 2200 1082 2297 llyrie
1110 2201 1247 2274 eleison.
1279 2203 1355 2274 Ter.
1396 2208 1485 2278 Tum.
1513 2207 1683 2280 Concede.

735 2317 1022 2388 Arcbidioconns.
1051 2316 1156 2388 Orate
1181 2317 1278 2390 simul
1294 2321 1350 2413 qui
1433 2319 1673 2402 Συνεύξασθε
1705 2321 1878 2422 πάροηες
1903 2323 1936 2395 oi
1961 2320 2043 2396 ὅσιοι

683 2432 808 2505 adestis
836 2437 941 2505 sancti
967 2432 1135 2528 Episcopi.
1389 2438 1584 2512 ἐπίσκοποι.

687 2561 780 2634 Tunc
806 2563 974 2655 Episcopi
999 2583 1113 2632 omnes
1139 2566 1350 2655 conprepoti,
1378 2589 1463 2637 unns
1484 2573 1566 2659 post
1592 2567 1737 2638 oliorum
1760 2573 1870 2659 juncto
1902 2567 2043 2637 ordinem

733 2701 842 2754 suune,
872 2682 1042 2770 imponent
1066 2699 1199 2747 monum
1226 2679 1404 2749 dcntcrom
1430 2704 1525 2751 soom
1550 2704 1653 2775 snper
1686 2690 1790 2776 copul
1815 2683 1930 2754 Elects'
1963 2706 2041 2754 oru-

733 2791 879 2887 bnntqoc
906 2815 1128 2885 supereum,
1156 2796 1192 2862 in
1219 2793 1307 2864 bunc
1331 2795 1478 2883 modom,
1507 2796 1665 2886 dicendo,

784 2939 984 3032 lmponimus
1017 2959 1132 3008 manus
1168 2947 1301 3011 nostras
1337 2960 1439 3034 super
1478 2941 1620 3013 electum
1653 2962 1788 3015 servum
1824 2941 1890 3013 Dei
1923 2941 1963 3014 N.
2011 2942 2042 3014 ln

679 3057 813 3127 nombre
839 3054 964 3141 Patris,
992 3063 1026 3124 et
1051 3052 1145 3142 Filii,
1173 3062 1207 3123 et
1233 3052 1376 3149 Spiritus
1403 3059 1527 3144 sancti,
1555 3055 1597 3128 ad
1630 3056 1887 3142 exaltationem,
1922 3055 2042 3130 stabili·

680 3178 824 3240 mentum
851 3177 885 3239 et
911 3169 1196 3241 confirmationem
1221 3171 1317 3262 piae,
1343 3174 1458 3260 unius,
1485 3169 1760 3266 indivisibilisque
1774 3171 1962 3261 Ecclesiae,
1987 3171 2042 3242 Dei

679 3284 855 3358 invisibilis
883 3296 917 3357 et
942 3286 1107 3372 viventis,
1136 3305 1234 3377 quam
1261 3282 1419 3359 formavit
1443 3308 1506 3380 per
1531 3286 1813 3377 lncmuationem,
1839 3290 2043 3361 universam-

680 3423 745 3496 que
772 3400 1053 3498 dispensationem
1080 3423 1194 3489 suam,
1220 3422 1372 3491 crucem,
1397 3414 1560 3492 mortem,
1586 3412 1621 3475 et
1653 3406 1935 3477 resurrectionem
1959 3423 2041 3476 suam

595 3577 598 3585 .
681 3541 702 3584 a
729 3521 877 3603 mortuis,
906 3517 999 3589 Deus
1026 3538 1072 3586 ex
1098 3514 1186 3601 Deo,
1214 3518 1402 3609 unigenitus
1429 3519 1559 3604 Patris,
1585 3518 1686 3592 lesus
1714 3516 1865 3590 Christus
1893 3519 2042 3589 Dominus

679 3641 814 3703 noster:
843 3631 884 3703 ad
911 3632 1227 3703 demonstrationem
1250 3631 1450 3722 judiciorum
1475 3637 1640 3723 veritatiS,
1667 3642 1921 3727 sanctarumque
1946 3653 2041 3727 prac-

682 3745 878 3833 dictionum,
905 3745 1134 3839 donorumque
1160 3766 1352 3817 sacrorum:
1381 3745 1670 3841 doctrinarumque
1682 3751 1855 3820 veracium
1877 3747 1919 3818 de
1937 3747 2039 3818 Trini-

681 3871 749 3933 tnte
776 3872 911 3950 sancta,
938 3860 1147 3933 immaculata
1175 3870 1208 3931 et
1234 3858 1526 3953 consubstantiali,
1551 3885 1614 3958 per
1640 3885 1775 3935 crucem
1801 3872 1959 3936 sanctem.
1996 3859 2038 3931 lla

681 3975 770 4049 enim
797 3971 853 4048 est
881 3986 1046 4072 armatura
1080 3975 1243 4048 fidelium:
1278 3975 1414 4050 firmitas
1449 3976 1692 4050 Ecclesiarum:
1729 3979 1892 4050 securitas
1923 3977 2038 4048 Sacer-

680 4093 807 4166 dotum:
834 4096 975 4167 victoria
1002 4114 1135 4185 regum:
1162 4090 1378 4186 tranquillitas
1404 4091 1536 4190 populi:
1563 4095 1764 4166 resurrectio
1779 4115 1826 4164 ex
1845 4094 1990 4182 mortuis,
2013 4097 2039 4161 et

677 4215 800 4306 pignus
826 4207 1207 4304 incorruptibilemque
1233 4209 1267 4277 in
1294 4216 1475 4279 aeternum.
1528 4207 1648 4280 Amen.

784 4343 833 4413 Et
859 4366 932 4413 cun
957 4344 1185 4433 unusquisqne
1213 4342 1494 4432 nocentissimi,
1516 4339 1664 4433 populns
1690 4339 1763 4410 alto
1789 4361 1875 4411 noco
1900 4339 1993 4410 dicct.

722 4474 864 4564 Ἄξιος,
897 4472 1018 4562 ἄξιος,
1050 4469 1151 4554 ἄξιος
1167 4468 1274 4566 bilisia
1305 4479 1346 4546 Δ.
1433 4473 1576 4563 Dignus,
1600 4469 1731 4562 dignus,
1750 4470 1870 4564 dignus
1886 4479 1938 4544 est
1951 4466 2036 4543 Abba

680 4589 963 4688 ἀρχιεπίσκοπος.
1379 4584 1421 4658 Ν.
1447 4585 1742 4681 Arcbiepiscopus.
2019 4581 2025 4591 '

786 4740 873 4810 Post
903 4739 991 4809 boec
1021 4739 1135 4807 omnio
1165 4738 1282 4808 senior
1308 4735 1501 4828 Episcopus
1535 4738 1684 4827 imponet
1719 4737 1753 4804 ci
1779 4734 2034 4828 Homopboriun

684 4855 775 4945 qnod
800 4862 851 4925 cst
878 4856 1008 4950 insipne
1035 4853 1227 4944 dipnitotis,
1263 4872 1367 4945 sopor
1394 4855 1498 4943 capnt
1524 4855 1613 4942 ejus,
1648 4847 1916 4946 dependebitqne
1940 4853 1986 4919 ito
2007 4846 2036 4913 ut

685 4968 869 5039 descendet
894 4991 997 5061 snper
1021 4974 1142 5063 pectus
1169 4971 1257 5057 ejus:
1283 4970 1319 5036 et
1344 4966 1439 5037 dicit.
