4525 6034
558 625 760 703 PHILOllllNl
785 622 956 703 EPlSCOPl
981 625 1256 704 BlGltdllllllSlS.
1517 626 1594 704 405

219 817 377 911 quitatem
405 826 440 886 et
464 816 573 910 impiis
601 813 780 888 destinato:
806 813 965 887 transduc
990 814 1067 888 illos
1090 813 1176 887 ultra
1203 816 1360 886 transitus
1386 814 1463 889 illos
1489 819 1594 888 terri-

217 931 305 1005 biles
346 942 380 1003 et
411 934 571 1023 regiones
605 934 725 1003 timore
755 931 886 1026 plenas:
927 933 1021 1027 eripe
1053 930 1129 1004 illos
1168 954 1188 1002 a
1220 941 1386 1027 potestate
1424 935 1596 1027 spirituum

219 1048 381 1120 melomm
409 1059 443 1120 et
468 1049 691 1119 inimicorum:
719 1069 801 1119 erue
826 1047 903 1120 illos
928 1069 991 1143 per
1017 1051 1250 1121 miserationes
1280 1061 1355 1122 tuas
1383 1073 1403 1121 a
1429 1051 1597 1140 voragine

219 1169 336 1238 mortis
362 1164 550 1236 secundae:
576 1161 631 1235 lac
657 1162 731 1236 illos
759 1163 879 1257 dignos
901 1163 1081 1259 splendore
1094 1164 1279 1261 triumphali
1298 1175 1486 1239 sanctorum
1513 1175 1596 1238 tuo-

218 1305 304 1370 rum,
331 1292 365 1353 et
391 1280 517 1352 decore
544 1302 660 1353 eorum
687 1284 743 1376 qui
774 1303 794 1351 a
827 1292 862 1352 te
888 1279 930 1353 ad
957 1285 1087 1377 nuptias
1120 1284 1249 1355 invitati
1282 1293 1366 1356 sunt.
1418 1280 1527 1354 Arnfer
1562 1291 1601 1353 et

221 1398 296 1471 dele
323 1396 474 1469 delectus
501 1417 637 1469 eorum:
663 1419 775 1493 neque
800 1401 904 1471 intres
930 1400 963 1468 in
986 1397 1145 1489 judicimn
1171 1421 1246 1470 cum
1278 1398 1355 1484 ilus,
1388 1402 1464 1495 quia
1494 1420 1595 1471 nemo

222 1526 275 1588 est
300 1514 386 1586 lilrer
412 1512 453 1585 ah
482 1515 695 1586 accusatione
722 1516 864 1609 peccati,
891 1516 955 1586 nisi
973 1516 1161 1606 unigenitus
1177 1515 1280 1587 Filius
1307 1527 1394 1607 tuus⁷
1420 1538 1596 1613 perquem

220 1655 285 1705 nos
312 1652 446 1727 quoque
473 1629 735 1703 misericordiam
761 1634 921 1727 consequi
955 1652 1149 1727 speramus,
1184 1641 1218 1703 et
1249 1635 1479 1706 remissionem
1506 1654 1595 1727 pec-

222 1757 382 1836 catorum,
410 1770 496 1843 quae
523 1757 661 1842 propter
687 1769 762 1819 eum
790 1756 851 1836 est,
878 1756 945 1819 tam
971 1746 1069 1822 nobis
1097 1770 1195 1844 qnam
1221 1748 1295 1823 illis.

325 1864 486 1957 Populus.
542 1863 695 1950 Quietem
720 1873 865 1959 praesta.

326 1980 510 2082 Sacerdos.
565 1981 710 2053 Domine
743 1983 797 2075 qui
832 1979 951 2053 delicta
985 1981 1138 2071 danitas,
1170 1990 1205 2053 et
1237 1982 1401 2075 propitius
1438 2000 1476 2052 es
1510 2003 1597 2076 pec-

220 2102 314 2186 catis,
341 2119 444 2192 parce
470 2096 569 2168 nohis
595 2094 761 2186 omnibns,
795 2120 857 2193 per
890 2100 1171 2191 gratantum,
1206 2096 1331 2169 dimitte
1365 2095 1482 2194 culpas
1516 2120 1597 2170 ser-

220 2237 340 2288 vomm
367 2224 508 2302 morum,
535 2235 644 2308 neque
671 2235 867 2286 accusemur
894 2227 1034 2311 propter
1066 2238 1170 2312 opera
1206 2218 1334 2313 impura
1365 2223 1491 2288 nostra.
1545 2213 1599 2286 Ne

220 2329 351 2403 damma
382 2353 462 2425 pars
495 2339 611 2401 nostra
644 2328 719 2417 liat,
751 2329 796 2403 olr
829 2329 1085 2404 inobedientiam
1118 2343 1269 2405 nostram
1299 2335 1490 2428 praeceptis
1524 2334 1597 2403 tuis.

220 2445 274 2518 Ne
299 2447 559 2519 condemnemur
584 2446 642 2518 illo
670 2446 724 2517 die
751 2469 818 2541 quo
844 2453 1070 2545 unusquisque
1085 2448 1334 2523 retributionem
1363 2451 1516 2544 accipiet,
1534 2471 1599 2520 se·
1737 2478 1741 2486 ·

221 2563 363 2635 cundum
390 2563 424 2634 id
451 2562 539 2658 quod
567 2566 652 2655 ogit:
679 2584 746 2636 non
772 2574 988 2659 torqueamur
1014 2569 1094 2659 igne
1119 2566 1178 2639 illo
1204 2564 1414 2654 vehementi,
1441 2587 1552 2660 neque
1578 2589 1599 2639 a

222 2678 330 2754 saluto
355 2690 412 2752 tua
440 2678 540 2751 alieni
566 2677 703 2751 fiamus:
737 2679 798 2751 sed
827 2681 1004 2777 splendere
1034 2683 1089 2755 loc
1116 2686 1149 2754 in
1181 2681 1280 2756 nohis
1314 2687 1469 2756 virtutem
1498 2691 1599 2770 tuam,

221 2806 258 2869 ut
282 2800 315 2867 in
342 2794 451 2884 nolris,
477 2818 541 2893 pro
568 2795 679 2886 notis,
706 2808 741 2870 et
765 2807 905 2893 propter
929 2821 1005 2888 noe,
1032 2799 1237 2892 glorificetur
1262 2822 1385 2872 nomen
1405 2809 1495 2873 tuum
1514 2798 1598 2891 glo-

220 2917 441 2987 riosissimum
474 2924 508 2985 et
540 2911 767 2987 benedictum:
803 2914 966 3011 simulque
997 2919 1158 3010 unigeniti
1192 2915 1267 2989 Filii
1302 2920 1348 2989 tui
1385 2927 1421 2989 et
1454 2914 1598 3011 Spiritus

222 3033 429 3117 sanctiate.

326 3147 488 3240 Populos.
542 3147 645 3221 Sicut.

326 3263 510 3336 Sacerdos.
564 3266 649 3337 Pax.

328 3380 490 3473 Populus.
543 3378 687 3452 Etcum
715 3383 831 3477 spiritu
857 3390 925 3454 tuo.

327 3495 512 3567 Sacerdos.
565 3496 820 3570 Misericordiae
848 3498 922 3569 Dei.

328 3611 490 3706 Populus.
542 3611 687 3684 Etcum
714 3615 831 3709 spiritu
857 3621 924 3687 tuo.

326 3728 515 3802 Diaconos.
566 3728 688 3801 lterum
716 3720 816 3825 atque
842 3733 970 3803 iterum.

250 4003 426 4075 Sacerdos
449 4009 584 4099 fronpit
610 4013 646 4078 et
669 4010 800 4103 sipont:
826 4012 861 4094 et
887 4008 973 4078 dicit
999 4009 1192 4079 orationem
1217 4011 1300 4078 oola
1325 4006 1426 4078 Pater
1447 4018 1572 4079 nester.

328 4194 549 4269 Venerandus
577 4205 611 4268 et
635 4195 830 4269 benedictus
858 4219 895 4270 es
922 4196 1078 4288 Domine,
1103 4200 1199 4290 cujus
1218 4195 1362 4289 gloriam
1379 4193 1466 4268 coeli
1494 4218 1599 4266 enar·

224 4321 310 4399 rant,
337 4321 371 4383 et
396 4322 580 4407 potestates
607 4315 731 4405 igneae
758 4323 791 4384 te
816 4313 963 4409 hymnis·
976 4312 1165 4387 celebrant:
1202 4316 1257 4409 qui
1290 4326 1428 4410 propter
1459 4312 1599 4385 salutem

223 4438 374 4500 nostram
401 4432 519 4501 misisti
544 4431 750 4521 unigenitum
775 4428 893 4502 Filium
920 4440 1010 4503 tuum
1036 4434 1068 4502 in
1095 4439 1235 4503 terram:
1270 4430 1386 4502 stille
1413 4428 1513 4502 homo
1539 4429 1599 4501 la-

226 4549 298 4618 ctus
324 4567 387 4641 pro
414 4543 533 4634 nobis,
559 4545 716 4619 liberavit
741 4569 805 4621 nos
832 4571 852 4619 a
879 4551 1042 4620 servitute
1068 4551 1217 4643 peccati,
1243 4569 1374 4642 nosque
1399 4550 1433 4618 in
1460 4543 1601 4619 sublime

224 4668 258 4732 et
284 4660 456 4734 advitam
484 4662 651 4755 elevavit,
686 4661 826 4759 perfecit
851 4672 886 4736 et
918 4663 1157 4769 sanctificavit:
1193 4665 1304 4736 docuit
1335 4667 1434 4735 etiam
1467 4684 1530 4734 nos
1565 4672 1601 4734 nt

224 4778 410 4849 orationem
436 4788 471 4850 et
495 4802 633 4875 precem
661 4778 856 4852 offerremus
882 4779 950 4854 tilri.
1004 4782 1057 4854 Tu
1084 4785 1183 4855 etiam
1209 4803 1298 4852 numo
1324 4784 1538 4870 misericors,
1565 4788 1600 4850 et

225 4892 372 4965 clemens
399 4894 554 4984 Domine,
581 4897 674 4992 reple
700 4917 763 4969 nos
790 4896 886 4970 donis
913 4900 1043 4990 gratiae
1068 4907 1158 4986 tuae,
1186 4909 1220 4970 et
1240 4897 1410 4972 sanctifica
1438 4921 1500 4971 ora
1528 4896 1600 4968 lin-

224 5031 378 5106 guasque
399 5020 565 5104 nostras,
597 5022 633 5085 ut
667 5036 751 5111 pure
784 5023 819 5085 et
844 5023 961 5089 sancte
994 5016 1176 5089 clamemus
1212 5014 1255 5087 od
1288 5024 1337 5103 te,
1374 5027 1409 5088 et
1440 5015 1599 5088 dicamus.
1715 5007 1725 5031 '

224 5125 327 5199 Pater
353 5138 469 5202 noster
496 5133 551 5226 qui
579 5153 616 5203 es
644 5132 677 5203 in
705 5129 820 5204 coelis.

285 5259 290 5270 .
1308 5250 1389 5325 54*
