4525 6034
552 596 607 673 IN
643 598 1265 681 tltdtdttsstttllcls.
1548 608 1598 681 67

228 799 294 840 nem
315 799 411 857 mmm,
434 782 672 873 crucifiximus,
694 784 886 863 οοοιῗιίοιιειιι,
909 786 1137 864 morimeam
1166 789 1291 865 moces,
1320 789 1447 871 denam
1474 800 1599 854 mortem

228 896 323 942 ιιιιιιιι.
369 878 508 962 Coptitae
530 881 630 956 etiam,
653 888 686 943 ut
714 900 755 945 ex
781 880 957 957 Abulbircat
980 882 1132 964 discimus,
1155 904 1213 948 nec
1235 904 1297 949 non
1319 887 1385 949 aliis
1408 888 1459 968 qui
1481 888 1520 952 de
1542 909 1599 953 se-

226 984 340 1040 ctarum
363 976 491 1042 diversis
513 980 704 1061 opinionibus
733 988 765 1043 et
792 980 934 1044 institutis
956 983 1155 1064 scripserunt,
1180 993 1323 1048 accusant
1349 986 1514 1067 blelcbitas,
1539 1006 1596 1051 seu

227 1076 362 1141 Graecos
384 1068 587 1153 Ortbcdoxos,
609 1082 690 1160 qaod
710 1080 843 1143 obtutum
869 1082 1023 1144 addam.-
1050 1082 1089 1147 de
1118 1102 1177 1165 qaia
1200 1085 1418 1150 consuetudine
1449 1087 1594 1169 Syrianos

225 1195 287 1241 non
308 1186 462 1259 accusant,
486 1179 541 1242 sed
564 1178 602 1242 de
625 1179 689 1242 sola
715 1178 775 1242 olei
795 1180 826 1242 in
848 1179 963 1244 Oblatis
985 1183 1202 1262 praeparandis
1224 1183 1411 1251 admistione.

613 1442 742 1512 Fundit
767 1445 878 1513 ainwa
903 1446 939 1512 in
965 1442 1119 1535 calicem,
1147 1452 1210 1516 etc.

323 1650 377 1728 Da
398 1660 559 1743 illiaauae
581 1661 662 1724 circa
684 1663 785 1725 vinum
807 1663 893 1726 calici
921 1666 1135 1728 immittendum
1157 1674 1189 1728 et
1212 1670 1434 1733 consecrationi
1456 1671 1594 1734 destina-

224 1773 284 1829 tum
310 1765 467 1828 observari
489 1773 620 1846 oportet,
644 1766 736 1829 molta
758 1766 837 1830 dieta
859 1776 929 1830 sunt
950 1770 981 1831 in
992 1767 1213 1832 Commentario
1235 1770 1273 1833 ad
1294 1771 1396 1836 Basilii
1418 1773 1595 1857 liturgiam,

223 1884 304 1946 quae
326 1883 387 1928 non
411 1867 507 1927 minus
530 1864 568 1927 ad
591 1867 686 1947 Syros
710 1867 858 1948 quemad
882 1867 1017 1949 Coptitas
1039 1871 1201 1950 pertinent.
1225 1870 1385 1953 Singrdare
1408 1873 1492 1953 illud,
1514 1873 1596 1956 quod

224 1973 311 2028 notat
332 1965 488 2043 Barsalibi,
511 1965 611 2027 vinum
634 1968 735 2046 parari
758 1965 871 2030 debere
896 1988 936 2030 ex
957 1969 1025 2030 uvis
1040 1968 1174 2048 selectis,
1199 1988 1276 2049 quae
1299 1989 1398 2051 manu,
1420 1990 1482 2036 non
1505 1975 1595 2056 pedi-

223 2065 280 2128 bus
305 2072 488 2147 premantur.
524 2065 629 2144 Neque
653 2073 752 2128 tamen
774 2066 805 2127 id
827 2067 904 2147 legis
930 2069 987 2130 vim
1010 2067 1122 2131 babere
1145 2068 1330 2132 censendum
1353 2079 1411 2150 est,
1434 2091 1500 2135 cum
1523 2073 1595 2136 nibil

225 2166 324 2227 simile
348 2165 467 2247 legatur
487 2165 517 2226 iu
539 2165 684 2245 Syrorum
706 2164 939 2229 Nomocancne:
966 2175 999 2229 ut
1026 2186 1125 2248 neque
1155 2167 1231 2231 illud
1264 2170 1344 2249 quod
1371 2171 1433 2233 vini
1463 2171 1594 2252 deiectu,

224 2283 303 2328 uvae
328 2265 489 2327 duracinae
512 2263 647 2327 adhiberi
669 2266 797 2345 possint,
821 2266 932 2348 exigua
961 2284 1038 2348 aqua
1065 2276 1253 2347 maceratae,
1282 2276 1315 2330 ut
1345 2270 1470 2333 exiliis
1497 2271 1596 2353 liquor

223 2364 426 2446 exprimatur:
450 2363 531 2444 quod
553 2364 590 2425 ab
613 2363 812 2444 Aethiopibus
836 2363 973 2444 factitari,
997 2373 1026 2428 et
1050 2366 1086 2428 ab
1111 2366 1223 2447 aliquot
1246 2368 1400 2431 canonum
1424 2377 1455 2432 et
1476 2371 1595 2433 Rituum

223 2462 524 2543 interpretibusnon
545 2462 718 2545 improbari,
742 2463 810 2526 loco
834 2466 925 2528 citato
949 2465 1162 2529 Commentarii
1185 2467 1422 2545 observavimus.

312 2562 472 2625 Orationes
495 2581 573 2644 quae
596 2561 644 2624 bic
667 2563 859 2643 assignantur
880 2565 912 2626 in
941 2565 1056 2627 blissali
1080 2565 1261 2648 chaldaico,
1290 2568 1430 2631 diversae
1459 2576 1529 2629 sont
1556 2568 1594 2630 ab

220 2662 279 2726 illis
305 2680 381 2743 qaas
403 2660 513 2723 babent
536 2660 637 2723 Officia
650 2660 794 2724 Codicum
808 2662 1062 2744 Colbertinorum,
1082 2663 1359 2746 Segtderianoram,
1382 2675 1412 2729 et
1423 2666 1594 2745 Bodenam,

221 2763 276 2825 sed
300 2763 340 2825 ad
363 2760 496 2824 eamdem
519 2760 767 2843 significationem
789 2764 944 2843 mysticam
959 2762 1132 2826 reseruntur
1156 2782 1243 2845 quam
1273 2767 1399 2848 exponit
1428 2766 1594 2828 Germanus

221 2861 405 2924 Patriarcba.
425 2850 458 2922 Ὁ
479 2847 570 2923 dd
537 2878 623 2932 οινος
643 2850 824 2943 πέφηνε
786 2879 825 2922 το
847 2850 931 2940 αἷμα
951 2850 990 2924 τὸ
1012 2855 1049 2923 ἐκ
1062 2860 1211 2948 πλευρᾶς
1226 2862 1289 2926 τοῦ
1304 2861 1482 2949 Χριστοῦ
1466 2862 1593 2950 ateium.

225 2950 272 3024 Ti
294 2956 335 3025 dd
357 2949 445 3046 ὕδωρ
466 2948 647 3044 πέφηνε
610 2978 642 3022 τι
670 2955 790 3041 ῥεῦσαι
810 2953 847 3023 ἐκ
860 2980 919 3045 της
930 2958 1073 3046 πλευρας
1095 2949 1281 3026 αὐτοῦτοῦ
1303 2962 1459 3048 Χριστοῦ.
1489 2964 1593 3027 Vinum

221 3063 375 3142 significat
394 3062 570 3141 sospitatem
591 3062 643 3140 pai
661 3058 750 3138 littei!
777 3080 818 3122 cs
840 3059 954 3123 Christi
973 3061 1085 3123 latere.-
1115 3080 1197 3142 apuu
1218 3064 1300 3125 idom
1321 3083 1399 3145 quoe
1428 3084 1469 3124 ec
1496 3065 1594 3144 ipsius

221 3179 338 3241 quoqsre
360 3162 455 3221 latere
473 3158 569 3237 plsami.

308 3259 478 3336 incensum,
501 3260 601 3321 erucis
622 3259 721 3340 signa,
744 3266 774 3321 et
796 3256 930 3339 reliquae
954 3261 1162 3323 caeremoniae
1191 3278 1258 3322 cum
1280 3260 1426 3324 Ecclesiis
1455 3232 1591 3324 omnibus

1645 1451 1674 1503 P.
1692 1454 1718 1505 3.
1736 1455 1753 1506 l.
1771 1455 1816 1508 31.

1645 1679 1703 1734 Vini
1722 1683 1842 1736 conditio.

1657 3279 1805 3347 incensum,
1831 3285 1914 3335 erucis

222 3377 397 3422 commones
419 3359 489 3435 sint,
512 3357 659 3441 singulari
680 3357 762 3420 nulla
784 3357 999 3420 observatione
1020 3357 1167 3440 indigent,
1191 3360 1217 3421 si
1235 3359 1354 3441 quidem
1367 3360 1479 3423 nullum
1493 3379 1590 3441 prope
1604 3367 1713 3435 sgnum,
1725 3377 1773 3421 etc.
1781 3366 1914 3421 abortan-

222 3457 385 3521 discrimen
406 3460 483 3520 est
475 3476 505 3519 m
528 3457 695 3538 disciplina,
718 3459 799 3519 circa
822 3456 872 3519 illa
902 3475 980 3538 quae
1002 3476 1062 3520 non
1086 3466 1144 3521 tam
1167 3459 1204 3521 ad
1228 3460 1407 3539 essentiam,
1436 3468 1469 3522 ut
1497 3460 1590 3543 vulgo
1604 3453 1696 3507 ¹⁸¹⁰)OE
1715 3464 1845 3524 usurpata.

222 3558 342 3632 dicitur,
366 3558 560 3635 Sacramenti,
584 3575 671 3638 quam
695 3556 733 3618 ad
756 3557 898 3619 decorem
922 3557 1027 3620 domus
1049 3557 1122 3636 Dei,
1153 3566 1184 3621 et
1213 3558 1250 3620 ad
1281 3559 1469 3622 excitandam
1492 3560 1590 3639 iidem,
1700 3622 1715 3651 0

222 3660 478 3739 attentionemque
505 3657 638 3719 instituta
664 3664 743 3720 sunt.
799 3655 895 3719 Offert
932 3656 1082 3720 Sacerdos
1115 3675 1224 3737 panem
1253 3666 1283 3721 et
1313 3659 1451 3737 calicem,
1480 3658 1591 3725 leviter

221 3757 371 3821 elevando
403 3760 555 3837 antiquom
585 3759 614 3819 in
640 3758 737 3819 veteri
765 3756 850 3838 Lege
880 3756 1040 3827 oblationis
1070 3757 1148 3820 illius
1178 3777 1292 3821 morem
1322 3759 1470 3839 imitatus,
1502 3779 1590 3841 quem

221 3866 329 3926 ttmttn'
352 3858 510 3933 vocabant,
533 3874 593 3938 quo
616 3863 743 3919 testatur
761 3856 871 3920 abolita
894 3855 988 3920 inisse
1012 3865 1118 3920 vetera
1140 3858 1287 3920 sacrificia
1306 3877 1364 3939 per
1385 3859 1457 3922 illud
1479 3879 1590 3923 novum

220 3979 237 4021 a
260 3959 382 4022 Christo
405 3959 579 4021 institutum.
625 3957 669 4019 lia
696 3958 791 4019 verba
818 3956 954 4037 subjicit,
984 3974 1062 4037 quae
1090 3957 1248 4035 sacrificii,
1282 3975 1342 4039 quo
1372 3976 1406 4019 se
1434 3960 1530 4039 ipsum
1559 3961 1590 4022 in

220 4078 313 4121 cruce
338 4057 473 4119 Cbristus
496 4056 613 4135 obtulit,
636 4058 809 4119 memoriam
831 4065 992 4134 revocent,
1015 4066 1048 4119 ut
1070 4056 1256 4141 intelligatur
1276 4059 1306 4119 in
1329 4057 1463 4141 Liturgia
1486 4079 1589 4122 verum

220 4178 289 4222 esse
314 4175 412 4219 novae
433 4155 511 4239 legis
532 4156 722 4234 sacrificium,
746 4156 827 4238 quod
849 4158 879 4218 in
902 4156 1037 4218 omnibus
1060 4174 1156 4238 prope
1179 4158 1363 4220 orationibus
1387 4159 1561 4220 inculcatur.

309 4256 537 4320 Observandum
566 4274 660 4337 porro
690 4264 737 4318 est
766 4257 796 4318 in
818 4256 965 4319 Ecclesiis
996 4256 1145 4338 Syriacis,
1174 4259 1252 4320 inter
1281 4259 1353 4319 istas
1383 4259 1588 4321 caeremonias

1656 4263 1804 4320 Orationum
1840 4271 1911 4321 varia

220 4360 286 4420 cani
313 4373 331 4417 a
354 4354 518 4419 Sacerdote
541 4355 726 4432 celebrante,
749 4354 798 4417 vel
811 4354 913 4431 Clero,
935 4363 966 4417 et
988 4363 1020 4417 ot
1042 4358 1138 4419 nostri
1161 4364 1282 4420 veteres
1305 4356 1438 4419 Rituales
1460 4358 1708 4439 tequea-ceneta

218 4465 277 4535 tur,
302 4475 319 4519 a
342 4456 454 4517 &bota
476 4454 649 4530 Caeterum,
671 4455 798 4536 hymnos
821 4454 969 4533 diversos,
994 4474 1119 4536 quorum
1142 4459 1261 4519 nomina
1284 4456 1441 4538 explicari,
1464 4456 1529 4518 aliis
1552 4456 1590 4518 ad

219 4575 306 4618 osum
329 4563 465 4619 nosram
487 4554 717 4618 accommodatis
740 4556 793 4616 vix
815 4563 951 4634 possunt.
998 4556 1087 4619 Tales
1110 4564 1180 4619 sunt
1201 4557 1315 4635 Sedro,
1338 4556 1590 4633 Pecbitc,1iclo‚

219 4656 334 4732 meto,
356 4656 513 4731 Kboutmo,
536 4662 659 4736 praeter
680 4673 758 4735 quae
781 4654 838 4717 alia
861 4663 1023 4717 occurrant
1050 4657 1080 4717 in
1102 4656 1351 4720 Nestorianorum
1372 4656 1498 4735 Ritibus,
1521 4656 1589 4718 huie

219 4765 323 4819 sectae
345 4754 517 4839 singularia.
563 4754 608 4816 lta
630 4755 659 4815 in
683 4755 806 4817 Graecis
829 4753 1201 4830 Officbs·Ecelesiasticis,
1234 4756 1299 4837 ejus
1322 4757 1446 4839 generis
1469 4758 1587 4818 nomina

219 4855 310 4918 multa
333 4864 413 4934 sunt,
435 4862 527 4917 notae
549 4854 628 4936 apud
642 4854 710 4917 illos
724 4855 774 4934 qui
785 4854 843 4916 illis
857 4862 979 4918 utuntur
991 4855 1228 4937 significationis,
1253 4872 1331 4937 quae
1354 4855 1384 4916 in
1406 4855 1463 4917 alia
1485 4856 1588 4938 lingua

219 4958 390 5036 exprimere
413 4955 586 5036 perditilcile
609 4962 665 5017 est.
709 4954 783 5015 Nam
806 4956 1035 5037 originationem
1061 4954 1181 5018 illorum
1204 4974 1244 5018 ex
1267 4955 1424 5033 communi,
1448 4974 1534 5037 quam
1557 4957 1588 5018 in

218 5074 360 5119 sermone
383 5056 502 5139 vulgari
524 5054 644 5129 babent,
667 5054 887 5136 significatione
914 5054 1077 5132 deducere,
1100 5054 1211 5118 trustra
1233 5061 1291 5119 est.
1335 5054 1380 5116 lta
1401 5052 1587 5119 Bodetianus

259 5191 382 5233 remma.
1334 5172 1381 5245 12
