<?xml version="1.0" encoding="UTF-8"?>
<!DOCTYPE html PUBLIC "-//W3C//DTD XHTML 1.0 Transitional//EN"
    "http://www.w3.org/TR/xhtml1/DTD/xhtml1-transitional.dtd">
<html xmlns="http://www.w3.org/1999/xhtml" xml:lang="en" lang="en">
 <head>
  <title>
</title>
<meta http-equiv="Content-Type" content="text/html;charset=utf-8" />
  <meta name='ocr-system' content='tesseract 3.04.00' />
  <meta name='ocr-capabilities' content='ocr_page ocr_carea ocr_par ocr_line ocrx_word'/>
</head>
<body>
  <div class='ocr_page' id='page_1' title='image "./liturgiarumorie00unkngoog/liturgiarumorie00unkngoog_0061.png"; bbox 0 0 4525 6034; ppageno 0'>
   <div class='ocr_carea' id='block_1_1' title="bbox 353 518 1595 725">
    <p class='ocr_par' dir='ltr' id='par_1_1' title="bbox 353 518 1595 725">
     <span class='ocr_line' id='line_1_1' title="bbox 353 518 1595 725; baseline -0.001 -49"><span class='ocrx_word' id='word_1_1' title='bbox 353 601 404 676; x_wconf 87' lang='lat' dir='ltr'>DE</span> <span class='ocrx_word' id='word_1_2' title='bbox 421 518 677 725; x_wconf 66' lang='lat' dir='ltr'>ammonendi</span> <span class='ocrx_word' id='word_1_3' title='bbox 692 597 949 675; x_wconf 85' lang='lat' dir='ltr'>ORIENThLlUll</span> <span class='ocrx_word' id='word_1_4' title='bbox 960 597 1111 678; x_wconf 77' lang='lat' dir='ltr'>ortana</span> <span class='ocrx_word' id='word_1_5' title='bbox 1124 602 1173 677; x_wconf 83' lang='grc' dir='ltr'>ΕΤ</span> <span class='ocrx_word' id='word_1_6' title='bbox 1188 601 1436 679; x_wconf 81' lang='lat' dir='ltr'>AUTORlThTE.</span> <span class='ocrx_word' id='word_1_7' title='bbox 1477 599 1595 675; x_wconf 87' lang='lat' dir='ltr'>XXIX</span> 
     </span>
    </p>
   </div>
   <div class='ocr_carea' id='block_1_2' title="bbox 217 785 1684 4558">
    <p class='ocr_par' dir='ltr' id='par_1_2' title="bbox 217 785 1593 3402">
     <span class='ocr_line' id='line_1_2' title="bbox 222 785 1591 879; baseline 0.001 -20"><span class='ocrx_word' id='word_1_8' title='bbox 222 785 461 876; x_wconf 76' lang='lat' dir='ltr'>celebrabatur,</span> <span class='ocrx_word' id='word_1_9' title='bbox 488 796 522 858; x_wconf 91' lang='lat' dir='ltr'>et</span> <span class='ocrx_word' id='word_1_10' title='bbox 548 786 643 876; x_wconf 85' lang='lat' dir='ltr'>cujus</span> <span class='ocrx_word' id='word_1_11' title='bbox 671 786 855 874; x_wconf 89' lang='lat' dir='ltr'>orationes,</span> <span class='ocrx_word' id='word_1_12' title='bbox 881 785 976 874; x_wconf 92' lang='lat' dir='ltr'>ritus,</span> <span class='ocrx_word' id='word_1_13' title='bbox 1002 787 1075 879; x_wconf 89' lang='lat' dir='ltr'>ipsa</span> <span class='ocrx_word' id='word_1_14' title='bbox 1101 786 1210 859; x_wconf 85' lang='lat' dir='ltr'>verba</span> <span class='ocrx_word' id='word_1_15' title='bbox 1237 789 1421 860; x_wconf 84' lang='lat' dir='ltr'>memoriae</span> <span class='ocrx_word' id='word_1_16' title='bbox 1447 786 1591 860; x_wconf 86' lang='lat' dir='ltr'>bdelium</span> 
     </span>
     <span class='ocr_line' id='line_1_3' title="bbox 223 899 1591 998; baseline -0.001 -22"><span class='ocrx_word' id='word_1_17' title='bbox 223 903 377 998; x_wconf 89' lang='lat' dir='ltr'>insculpta</span> <span class='ocrx_word' id='word_1_18' title='bbox 411 912 524 990; x_wconf 89' lang='lat' dir='ltr'>erant,</span> <span class='ocrx_word' id='word_1_19' title='bbox 558 904 731 995; x_wconf 91' lang='lat' dir='ltr'>quisquam</span> <span class='ocrx_word' id='word_1_20' title='bbox 765 921 809 970; x_wconf 91' lang='lat' dir='ltr'>ne</span> <span class='ocrx_word' id='word_1_21' title='bbox 835 899 1052 990; x_wconf 75' lang='lat' dir='ltr'>existimabit,</span> <span class='ocrx_word' id='word_1_22' title='bbox 1078 900 1299 974; x_wconf 73' lang='lat' dir='ltr'>introductam</span> <span class='ocrx_word' id='word_1_23' title='bbox 1327 901 1433 976; x_wconf 79' lang='lat' dir='ltr'>uisse</span> <span class='ocrx_word' id='word_1_24' title='bbox 1458 906 1591 975; x_wconf 90' lang='lat' dir='ltr'>nemine</span> 
     </span>
     <span class='ocr_line' id='line_1_4' title="bbox 223 1014 1590 1112; baseline -0.001 -21"><span class='ocrx_word' id='word_1_25' title='bbox 223 1018 431 1108; x_wconf 81' lang='lat' dir='ltr'>reclamante,</span> <span class='ocrx_word' id='word_1_26' title='bbox 457 1039 582 1089; x_wconf 86' lang='lat' dir='ltr'>novam</span> <span class='ocrx_word' id='word_1_27' title='bbox 608 1026 643 1088; x_wconf 90' lang='lat' dir='ltr'>et</span> <span class='ocrx_word' id='word_1_28' title='bbox 669 1014 840 1087; x_wconf 91' lang='lat' dir='ltr'>erroribus</span> <span class='ocrx_word' id='word_1_29' title='bbox 867 1026 1049 1088; x_wconf 90' lang='lat' dir='ltr'>scatentem</span> <span class='ocrx_word' id='word_1_30' title='bbox 1077 1021 1167 1089; x_wconf 89' lang='lat' dir='ltr'>sacri</span> <span class='ocrx_word' id='word_1_31' title='bbox 1193 1015 1294 1089; x_wconf 84' lang='lat' dir='ltr'>oflicii</span> <span class='ocrx_word' id='word_1_32' title='bbox 1320 1016 1475 1105; x_wconf 88' lang='lat' dir='ltr'>formam,</span> <span class='ocrx_word' id='word_1_33' title='bbox 1503 1040 1590 1112; x_wconf 91' lang='lat' dir='ltr'>quae</span> 
     </span>
     <span class='ocr_line' id='line_1_5' title="bbox 223 1129 1590 1228; baseline -0.001 -22"><span class='ocrx_word' id='word_1_34' title='bbox 223 1138 325 1206; x_wconf 88' lang='lat' dir='ltr'>statim</span> <span class='ocrx_word' id='word_1_35' title='bbox 351 1133 474 1228; x_wconf 89' lang='lat' dir='ltr'>ubique</span> <span class='ocrx_word' id='word_1_36' title='bbox 501 1141 658 1226; x_wconf 89' lang='lat' dir='ltr'>suscepta</span> <span class='ocrx_word' id='word_1_37' title='bbox 685 1129 796 1220; x_wconf 86' lang='lat' dir='ltr'>luerit,</span> <span class='ocrx_word' id='word_1_38' title='bbox 823 1140 857 1202; x_wconf 89' lang='lat' dir='ltr'>et</span> <span class='ocrx_word' id='word_1_39' title='bbox 883 1129 1030 1226; x_wconf 90' lang='lat' dir='ltr'>reliquas</span> <span class='ocrx_word' id='word_1_40' title='bbox 1058 1153 1189 1222; x_wconf 89' lang='lat' dir='ltr'>omnes,</span> <span class='ocrx_word' id='word_1_41' title='bbox 1215 1136 1413 1228; x_wconf 88' lang='lat' dir='ltr'>praesertim</span> <span class='ocrx_word' id='word_1_42' title='bbox 1432 1133 1590 1228; x_wconf 87' lang='lat' dir='ltr'>Aposto-</span> 
     </span>
     <span class='ocr_line' id='line_1_6' title="bbox 221 1246 1590 1343; baseline -0.001 -22"><span class='ocrx_word' id='word_1_43' title='bbox 221 1250 312 1321; x_wconf 89' lang='lat' dir='ltr'>licam</span> <span class='ocrx_word' id='word_1_44' title='bbox 339 1248 442 1337; x_wconf 91' lang='lat' dir='ltr'>illam,</span> <span class='ocrx_word' id='word_1_45' title='bbox 468 1271 568 1343; x_wconf 90' lang='lat' dir='ltr'>qnam</span> <span class='ocrx_word' id='word_1_46' title='bbox 580 1246 810 1319; x_wconf 89' lang='lat' dir='ltr'>Protestantes</span> <span class='ocrx_word' id='word_1_47' title='bbox 827 1250 1004 1336; x_wconf 89' lang='lat' dir='ltr'>somniant,</span> <span class='ocrx_word' id='word_1_48' title='bbox 1032 1246 1252 1320; x_wconf 81' lang='lat' dir='ltr'>aboleverit?</span> <span class='ocrx_word' id='word_1_49' title='bbox 1280 1247 1423 1334; x_wconf 80' lang='lat' dir='ltr'>Quando</span> <span class='ocrx_word' id='word_1_50' title='bbox 1446 1246 1590 1339; x_wconf 75' lang='lat' dir='ltr'>tandem,</span> 
     </span>
     <span class='ocr_line' id='line_1_7' title="bbox 221 1348 1590 1460; baseline 0.001 -24"><span class='ocrx_word' id='word_1_51' title='bbox 221 1388 283 1460; x_wconf 94' lang='lat' dir='ltr'>quo</span> <span class='ocrx_word' id='word_1_52' title='bbox 316 1363 452 1436; x_wconf 91' lang='lat' dir='ltr'>saeculo</span> <span class='ocrx_word' id='word_1_53' title='bbox 487 1374 578 1435; x_wconf 89' lang='lat' dir='ltr'>tanta</span> <span class='ocrx_word' id='word_1_54' title='bbox 614 1365 750 1434; x_wconf 88' lang='lat' dir='ltr'>mutatio</span> <span class='ocrx_word' id='word_1_55' title='bbox 787 1359 876 1433; x_wconf 88' lang='lat' dir='ltr'>iacta</span> <span class='ocrx_word' id='word_1_56' title='bbox 910 1362 986 1434; x_wconf 87' lang='lat' dir='ltr'>est?</span> <span class='ocrx_word' id='word_1_57' title='bbox 1019 1361 1116 1434; x_wconf 87' lang='lat' dir='ltr'>Scire</span> <span class='ocrx_word' id='word_1_58' title='bbox 1153 1367 1239 1435; x_wconf 90' lang='lat' dir='ltr'>enim</span> <span class='ocrx_word' id='word_1_59' title='bbox 1267 1362 1346 1436; x_wconf 92' lang='lat' dir='ltr'>illud</span> <span class='ocrx_word' id='word_1_60' title='bbox 1373 1348 1508 1453; x_wconf 89' lang='lat' dir='ltr'>debent,</span> <span class='ocrx_word' id='word_1_61' title='bbox 1535 1368 1590 1459; x_wconf 91' lang='lat' dir='ltr'>qui</span> 
     </span>
     <span class='ocr_line' id='line_1_8' title="bbox 220 1476 1590 1573; baseline 0 -21"><span class='ocrx_word' id='word_1_62' title='bbox 220 1480 259 1552; x_wconf 91' lang='lat' dir='ltr'>dc</span> <span class='ocrx_word' id='word_1_63' title='bbox 285 1503 325 1552; x_wconf 91' lang='lat' dir='ltr'>ea</span> <span class='ocrx_word' id='word_1_64' title='bbox 353 1491 418 1551; x_wconf 89' lang='lat' dir='ltr'>tam</span> <span class='ocrx_word' id='word_1_65' title='bbox 445 1477 651 1551; x_wconf 85' lang='lat' dir='ltr'>confidenter</span> <span class='ocrx_word' id='word_1_66' title='bbox 677 1481 905 1573; x_wconf 88' lang='lat' dir='ltr'>pronunciant.</span> <span class='ocrx_word' id='word_1_67' title='bbox 938 1478 988 1550; x_wconf 87' lang='lat' dir='ltr'>At</span> <span class='ocrx_word' id='word_1_68' title='bbox 1002 1476 1090 1550; x_wconf 89' lang='lat' dir='ltr'>unde</span> <span class='ocrx_word' id='word_1_69' title='bbox 1116 1477 1151 1550; x_wconf 96' lang='lat' dir='ltr'>id</span> <span class='ocrx_word' id='word_1_70' title='bbox 1176 1477 1355 1568; x_wconf 79' lang='lat' dir='ltr'>habebunt,</span> <span class='ocrx_word' id='word_1_71' title='bbox 1382 1501 1457 1550; x_wconf 93' lang='lat' dir='ltr'>cum</span> <span class='ocrx_word' id='word_1_72' title='bbox 1482 1478 1590 1552; x_wconf 89' lang='lat' dir='ltr'>nullus</span> 
     </span>
     <span class='ocr_line' id='line_1_9' title="bbox 220 1591 1590 1681; baseline -0.004 -12"><span class='ocrx_word' id='word_1_73' title='bbox 220 1607 312 1669; x_wconf 90' lang='lat' dir='ltr'>antor</span> <span class='ocrx_word' id='word_1_74' title='bbox 343 1593 622 1681; x_wconf 86' lang='lat' dir='ltr'>Ecclesiasticus,</span> <span class='ocrx_word' id='word_1_75' title='bbox 661 1592 800 1666; x_wconf 90' lang='lat' dir='ltr'>historia</span> <span class='ocrx_word' id='word_1_76' title='bbox 834 1591 937 1681; x_wconf 88' lang='lat' dir='ltr'>nulla,</span> <span class='ocrx_word' id='word_1_77' title='bbox 972 1597 1021 1665; x_wconf 92' lang='lat' dir='ltr'>rei</span> <span class='ocrx_word' id='word_1_78' title='bbox 1057 1604 1121 1665; x_wconf 90' lang='lat' dir='ltr'>tam</span> <span class='ocrx_word' id='word_1_79' title='bbox 1157 1615 1287 1681; x_wconf 86' lang='lat' dir='ltr'>novae,</span> <span class='ocrx_word' id='word_1_80' title='bbox 1324 1604 1389 1666; x_wconf 90' lang='lat' dir='ltr'>tam</span> <span class='ocrx_word' id='word_1_81' title='bbox 1423 1591 1590 1665; x_wconf 83' lang='lat' dir='ltr'>inauditae</span> 
     </span>
     <span class='ocr_line' id='line_1_10' title="bbox 219 1707 1590 1803; baseline -0.004 -20"><span class='ocrx_word' id='word_1_82' title='bbox 219 1715 413 1784; x_wconf 87' lang='lat' dir='ltr'>mentionem</span> <span class='ocrx_word' id='word_1_83' title='bbox 439 1709 591 1782; x_wconf 83' lang='lat' dir='ltr'>iecerint</span> <span class='ocrx_word' id='word_1_84' title='bbox 620 1708 785 1782; x_wconf 83' lang='lat' dir='ltr'>Credetur</span> <span class='ocrx_word' id='word_1_85' title='bbox 810 1730 855 1780; x_wconf 92' lang='lat' dir='ltr'>ne</span> <span class='ocrx_word' id='word_1_86' title='bbox 880 1708 1005 1782; x_wconf 86' lang='lat' dir='ltr'>Riveto</span> <span class='ocrx_word' id='word_1_87' title='bbox 1023 1713 1056 1781; x_wconf 92' lang='lat' dir='ltr'>in</span> <span class='ocrx_word' id='word_1_88' title='bbox 1073 1709 1175 1782; x_wconf 89' lang='lat' dir='ltr'>rebus</span> <span class='ocrx_word' id='word_1_89' title='bbox 1192 1730 1279 1803; x_wconf 91' lang='lat' dir='ltr'>quae</span> <span class='ocrx_word' id='word_1_90' title='bbox 1294 1707 1590 1782; x_wconf 89' lang='lat' dir='ltr'>eruditissimorum</span> 
     </span>
     <span class='ocr_line' id='line_1_11' title="bbox 219 1820 1590 1919; baseline -0.004 -20"><span class='ocrx_word' id='word_1_91' title='bbox 219 1830 364 1899; x_wconf 84' lang='lat' dir='ltr'>viromm</span> <span class='ocrx_word' id='word_1_92' title='bbox 390 1828 616 1919; x_wconf 87' lang='lat' dir='ltr'>cognitionem</span> <span class='ocrx_word' id='word_1_93' title='bbox 643 1823 817 1918; x_wconf 85' lang='lat' dir='ltr'>ingerunt,</span> <span class='ocrx_word' id='word_1_94' title='bbox 851 1847 927 1896; x_wconf 91' lang='lat' dir='ltr'>cum</span> <span class='ocrx_word' id='word_1_95' title='bbox 953 1826 1026 1919; x_wconf 89' lang='lat' dir='ltr'>ipse</span> <span class='ocrx_word' id='word_1_96' title='bbox 1052 1846 1096 1895; x_wconf 92' lang='lat' dir='ltr'>ne</span> <span class='ocrx_word' id='word_1_97' title='bbox 1122 1823 1231 1897; x_wconf 91' lang='lat' dir='ltr'>editos</span> <span class='ocrx_word' id='word_1_98' title='bbox 1258 1822 1389 1918; x_wconf 89' lang='lat' dir='ltr'>quidem</span> <span class='ocrx_word' id='word_1_99' title='bbox 1416 1824 1520 1897; x_wconf 90' lang='lat' dir='ltr'>libros</span> <span class='ocrx_word' id='word_1_100' title='bbox 1548 1820 1590 1893; x_wconf 93' lang='lat' dir='ltr'>de</span> 
     </span>
     <span class='ocr_line' id='line_1_12' title="bbox 218 1938 1592 2039; baseline -0.004 -25"><span class='ocrx_word' id='word_1_101' title='bbox 218 1944 332 2039; x_wconf 89' lang='lat' dir='ltr'>quibus</span> <span class='ocrx_word' id='word_1_102' title='bbox 358 1953 515 2034; x_wconf 85' lang='lat' dir='ltr'>nugatur,</span> <span class='ocrx_word' id='word_1_103' title='bbox 550 1939 768 2036; x_wconf 82' lang='lat' dir='ltr'>inspexerit?</span> <span class='ocrx_word' id='word_1_104' title='bbox 805 1939 880 2026; x_wconf 80' lang='lat' dir='ltr'>Quo</span> <span class='ocrx_word' id='word_1_105' title='bbox 914 1939 979 2011; x_wconf 91' lang='lat' dir='ltr'>line</span> <span class='ocrx_word' id='word_1_106' title='bbox 1010 1943 1127 2028; x_wconf 89' lang='lat' dir='ltr'>etiam,</span> <span class='ocrx_word' id='word_1_107' title='bbox 1164 1950 1198 2011; x_wconf 91' lang='lat' dir='ltr'>et</span> <span class='ocrx_word' id='word_1_108' title='bbox 1232 1942 1285 2011; x_wconf 88' lang='lat' dir='ltr'>cui</span> <span class='ocrx_word' id='word_1_109' title='bbox 1320 1938 1441 2013; x_wconf 83' lang='lat' dir='ltr'>bono?</span> <span class='ocrx_word' id='word_1_110' title='bbox 1472 1938 1592 2009; x_wconf 87' lang='lat' dir='ltr'>Anat</span> 
     </span>
     <span class='ocr_line' id='line_1_13' title="bbox 218 2054 1590 2152; baseline -0.004 -22"><span class='ocrx_word' id='word_1_111' title='bbox 218 2062 559 2152; x_wconf 87' lang='lat' dir='ltr'>superseminarentur</span> <span class='ocrx_word' id='word_1_112' title='bbox 584 2060 713 2129; x_wconf 86' lang='lat' dir='ltr'>zizania</span> <span class='ocrx_word' id='word_1_113' title='bbox 742 2060 774 2127; x_wconf 91' lang='lat' dir='ltr'>in</span> <span class='ocrx_word' id='word_1_114' title='bbox 802 2055 912 2127; x_wconf 90' lang='lat' dir='ltr'>medio</span> <span class='ocrx_word' id='word_1_115' title='bbox 946 2059 1104 2129; x_wconf 90' lang='lat' dir='ltr'>sementis</span> <span class='ocrx_word' id='word_1_116' title='bbox 1131 2054 1334 2144; x_wconf 89' lang='lat' dir='ltr'>dominicae,</span> <span class='ocrx_word' id='word_1_117' title='bbox 1361 2066 1396 2127; x_wconf 91' lang='lat' dir='ltr'>et</span> <span class='ocrx_word' id='word_1_118' title='bbox 1420 2055 1590 2146; x_wconf 87' lang='lat' dir='ltr'>Evange-</span> 
     </span>
     <span class='ocr_line' id='line_1_14' title="bbox 218 2169 1590 2267; baseline -0.003 -23"><span class='ocrx_word' id='word_1_119' title='bbox 218 2173 279 2245; x_wconf 90' lang='lat' dir='ltr'>lica</span> <span class='ocrx_word' id='word_1_120' title='bbox 306 2172 361 2245; x_wconf 92' lang='lat' dir='ltr'>illa</span> <span class='ocrx_word' id='word_1_121' title='bbox 389 2173 552 2265; x_wconf 87' lang='lat' dir='ltr'>Liturgia,</span> <span class='ocrx_word' id='word_1_122' title='bbox 579 2172 621 2243; x_wconf 91' lang='lat' dir='ltr'>de</span> <span class='ocrx_word' id='word_1_123' title='bbox 657 2195 722 2267; x_wconf 83' lang='lat' dir='ltr'>qua</span> <span class='ocrx_word' id='word_1_124' title='bbox 756 2193 923 2266; x_wconf 88' lang='lat' dir='ltr'>nunquam</span> <span class='ocrx_word' id='word_1_125' title='bbox 949 2169 1216 2243; x_wconf 89' lang='lat' dir='ltr'>Protestantihus</span> <span class='ocrx_word' id='word_1_126' title='bbox 1242 2174 1329 2243; x_wconf 90' lang='lat' dir='ltr'>inter</span> <span class='ocrx_word' id='word_1_127' title='bbox 1355 2194 1394 2244; x_wconf 92' lang='lat' dir='ltr'>se</span> <span class='ocrx_word' id='word_1_128' title='bbox 1420 2173 1590 2263; x_wconf 84' lang='lat' dir='ltr'>convenit,</span> 
     </span>
     <span class='ocr_line' id='line_1_15' title="bbox 218 2274 1590 2382; baseline -0.003 -22"><span class='ocrx_word' id='word_1_129' title='bbox 218 2274 463 2361; x_wconf 76' lang='lat' dir='ltr'>suffocaretur?</span> <span class='ocrx_word' id='word_1_130' title='bbox 489 2288 615 2359; x_wconf 89' lang='lat' dir='ltr'>Verum</span> <span class='ocrx_word' id='word_1_131' title='bbox 641 2310 716 2359; x_wconf 90' lang='lat' dir='ltr'>curn</span> <span class='ocrx_word' id='word_1_132' title='bbox 742 2310 784 2359; x_wconf 89' lang='lat' dir='ltr'>ea</span> <span class='ocrx_word' id='word_1_133' title='bbox 813 2290 886 2382; x_wconf 91' lang='lat' dir='ltr'>ipsa</span> <span class='ocrx_word' id='word_1_134' title='bbox 913 2296 984 2358; x_wconf 91' lang='lat' dir='ltr'>toto</span> <span class='ocrx_word' id='word_1_135' title='bbox 1011 2286 1107 2359; x_wconf 91' lang='lat' dir='ltr'>caelo</span> <span class='ocrx_word' id='word_1_136' title='bbox 1125 2286 1168 2359; x_wconf 90' lang='lat' dir='ltr'>ab</span> <span class='ocrx_word' id='word_1_137' title='bbox 1188 2287 1340 2359; x_wconf 89' lang='lat' dir='ltr'>omnihus</span> <span class='ocrx_word' id='word_1_138' title='bbox 1358 2288 1432 2361; x_wconf 91' lang='lat' dir='ltr'>aliis</span> <span class='ocrx_word' id='word_1_139' title='bbox 1449 2285 1590 2373; x_wconf 80' lang='lat' dir='ltr'>diderat,</span> 
     </span>
     <span class='ocr_line' id='line_1_16' title="bbox 218 2401 1591 2499; baseline -0.001 -24"><span class='ocrx_word' id='word_1_140' title='bbox 218 2403 338 2476; x_wconf 84' lang='lat' dir='ltr'>Gracci</span> <span class='ocrx_word' id='word_1_141' title='bbox 373 2403 505 2499; x_wconf 89' lang='lat' dir='ltr'>quidem</span> <span class='ocrx_word' id='word_1_142' title='bbox 540 2402 630 2475; x_wconf 92' lang='lat' dir='ltr'>nullo</span> <span class='ocrx_word' id='word_1_143' title='bbox 664 2407 802 2495; x_wconf 90' lang='lat' dir='ltr'>negotio</span> <span class='ocrx_word' id='word_1_144' title='bbox 829 2413 944 2498; x_wconf 88' lang='lat' dir='ltr'>partes</span> <span class='ocrx_word' id='word_1_145' title='bbox 971 2401 1145 2494; x_wconf 89' lang='lat' dir='ltr'>Liturgiae</span> <span class='ocrx_word' id='word_1_146' title='bbox 1177 2425 1260 2476; x_wconf 89' lang='lat' dir='ltr'>suae</span> <span class='ocrx_word' id='word_1_147' title='bbox 1287 2425 1417 2493; x_wconf 90' lang='lat' dir='ltr'>omnes,</span> <span class='ocrx_word' id='word_1_148' title='bbox 1442 2402 1591 2491; x_wconf 82' lang='lat' dir='ltr'>Patnrm,</span> 
     </span>
     <span class='ocr_line' id='line_1_17' title="bbox 218 2508 1593 2614; baseline -0.002 -21"><span class='ocrx_word' id='word_1_149' title='bbox 218 2518 452 2605; x_wconf 73' lang='lat' dir='ltr'>Consiliorum,</span> <span class='ocrx_word' id='word_1_150' title='bbox 489 2531 522 2592; x_wconf 90' lang='lat' dir='ltr'>et</span> <span class='ocrx_word' id='word_1_151' title='bbox 561 2523 760 2614; x_wconf 89' lang='lat' dir='ltr'>scriptorum</span> <span class='ocrx_word' id='word_1_152' title='bbox 796 2521 942 2590; x_wconf 89' lang='lat' dir='ltr'>omniurn</span> <span class='ocrx_word' id='word_1_153' title='bbox 973 2520 1171 2591; x_wconf 88' lang='lat' dir='ltr'>testimoniis</span> <span class='ocrx_word' id='word_1_154' title='bbox 1207 2521 1252 2589; x_wconf 91' lang='lat' dir='ltr'>ita</span> <span class='ocrx_word' id='word_1_155' title='bbox 1278 2508 1521 2609; x_wconf 84' lang='lat' dir='ltr'>communiunt,</span> <span class='ocrx_word' id='word_1_156' title='bbox 1555 2529 1593 2590; x_wconf 91' lang='lat' dir='ltr'>ut</span> 
     </span>
     <span class='ocr_line' id='line_1_18' title="bbox 217 2632 1591 2728; baseline -0.001 -22"><span class='ocrx_word' id='word_1_157' title='bbox 217 2634 291 2706; x_wconf 89' lang='lat' dir='ltr'>nibil</span> <span class='ocrx_word' id='word_1_158' title='bbox 324 2639 394 2707; x_wconf 89' lang='lat' dir='ltr'>suis</span> <span class='ocrx_word' id='word_1_159' title='bbox 430 2641 464 2707; x_wconf 92' lang='lat' dir='ltr'>in</span> <span class='ocrx_word' id='word_1_160' title='bbox 496 2634 614 2708; x_wconf 86' lang='lat' dir='ltr'>officiis</span> <span class='ocrx_word' id='word_1_161' title='bbox 645 2632 883 2707; x_wconf 90' lang='lat' dir='ltr'>Eucharisticis</span> <span class='ocrx_word' id='word_1_162' title='bbox 927 2656 1005 2707; x_wconf 88' lang='lat' dir='ltr'>esse</span> <span class='ocrx_word' id='word_1_163' title='bbox 1040 2643 1183 2723; x_wconf 88' lang='lat' dir='ltr'>constet,</span> <span class='ocrx_word' id='word_1_164' title='bbox 1217 2634 1307 2728; x_wconf 91' lang='lat' dir='ltr'>quod</span> <span class='ocrx_word' id='word_1_165' title='bbox 1332 2635 1436 2728; x_wconf 89' lang='lat' dir='ltr'>longo</span> <span class='ocrx_word' id='word_1_166' title='bbox 1462 2633 1591 2706; x_wconf 88' lang='lat' dir='ltr'>Eccle-</span> 
     </span>
     <span class='ocr_line' id='line_1_19' title="bbox 218 2746 1591 2846; baseline -0.002 -23"><span class='ocrx_word' id='word_1_167' title='bbox 218 2754 339 2823; x_wconf 89' lang='lat' dir='ltr'>siarum</span> <span class='ocrx_word' id='word_1_168' title='bbox 366 2774 448 2840; x_wconf 89' lang='lat' dir='ltr'>usu,</span> <span class='ocrx_word' id='word_1_169' title='bbox 482 2755 573 2846; x_wconf 91' lang='lat' dir='ltr'>prius</span> <span class='ocrx_word' id='word_1_170' title='bbox 610 2772 708 2845; x_wconf 92' lang='lat' dir='ltr'>quam</span> <span class='ocrx_word' id='word_1_171' title='bbox 740 2749 796 2821; x_wconf 93' lang='lat' dir='ltr'>illa</span> <span class='ocrx_word' id='word_1_172' title='bbox 833 2749 1077 2839; x_wconf 87' lang='lat' dir='ltr'>scriberentur,</span> <span class='ocrx_word' id='word_1_173' title='bbox 1110 2746 1340 2823; x_wconf 82' lang='lat' dir='ltr'>confirmatum</span> <span class='ocrx_word' id='word_1_174' title='bbox 1373 2773 1441 2824; x_wconf 90' lang='lat' dir='ltr'>non</span> <span class='ocrx_word' id='word_1_175' title='bbox 1471 2749 1591 2837; x_wconf 83' lang='lat' dir='ltr'>luerit3</span> 
     </span>
     <span class='ocr_line' id='line_1_20' title="bbox 218 2863 1589 2962; baseline -0.001 -24"><span class='ocrx_word' id='word_1_176' title='bbox 218 2866 304 2962; x_wconf 92' lang='lat' dir='ltr'>quod</span> <span class='ocrx_word' id='word_1_177' title='bbox 331 2867 374 2938; x_wconf 90' lang='lat' dir='ltr'>de</span> <span class='ocrx_word' id='word_1_178' title='bbox 400 2870 566 2962; x_wconf 89' lang='lat' dir='ltr'>primitiva</span> <span class='ocrx_word' id='word_1_179' title='bbox 593 2890 654 2939; x_wconf 93' lang='lat' dir='ltr'>sua</span> <span class='ocrx_word' id='word_1_180' title='bbox 682 2865 799 2941; x_wconf 85' lang='lat' dir='ltr'>Coena</span> <span class='ocrx_word' id='word_1_181' title='bbox 825 2863 1035 2957; x_wconf 75' lang='lat' dir='ltr'>Euangeliou</span> <span class='ocrx_word' id='word_1_182' title='bbox 1062 2875 1096 2936; x_wconf 93' lang='lat' dir='ltr'>et</span> <span class='ocrx_word' id='word_1_183' title='bbox 1127 2865 1325 2961; x_wconf 88' lang='lat' dir='ltr'>Apostolica</span> <span class='ocrx_word' id='word_1_184' title='bbox 1359 2865 1589 2941; x_wconf 85' lang='lat' dir='ltr'>Protestontes</span> 
     </span>
     <span class='ocr_line' id='line_1_21' title="bbox 217 2978 1589 3078; baseline 0.001 -25"><span class='ocrx_word' id='word_1_185' title='bbox 217 2993 392 3078; x_wconf 88' lang='lat' dir='ltr'>praestare</span> <span class='ocrx_word' id='word_1_186' title='bbox 417 3005 484 3055; x_wconf 91' lang='lat' dir='ltr'>non</span> <span class='ocrx_word' id='word_1_187' title='bbox 510 2992 660 3078; x_wconf 89' lang='lat' dir='ltr'>possunt.</span> <span class='ocrx_word' id='word_1_188' title='bbox 685 2980 852 3053; x_wconf 83' lang='lat' dir='ltr'>Frondem</span> <span class='ocrx_word' id='word_1_189' title='bbox 879 2980 969 3054; x_wconf 92' lang='lat' dir='ltr'>illam</span> <span class='ocrx_word' id='word_1_190' title='bbox 996 2978 1149 3054; x_wconf 86' lang='lat' dir='ltr'>Concilio</span> <span class='ocrx_word' id='word_1_191' title='bbox 1176 2980 1361 3076; x_wconf 88' lang='lat' dir='ltr'>Ephesino,</span> <span class='ocrx_word' id='word_1_192' title='bbox 1388 2994 1422 3055; x_wconf 91' lang='lat' dir='ltr'>et</span> <span class='ocrx_word' id='word_1_193' title='bbox 1439 2982 1589 3057; x_wconf 85' lang='lat' dir='ltr'>Calche-</span> 
     </span>
     <span class='ocr_line' id='line_1_22' title="bbox 217 3095 1589 3192; baseline 0.001 -24"><span class='ocrx_word' id='word_1_194' title='bbox 217 3098 357 3171; x_wconf 87' lang='lat' dir='ltr'>donensi</span> <span class='ocrx_word' id='word_1_195' title='bbox 398 3100 617 3192; x_wconf 80' lang='lat' dir='ltr'>antiquiorem</span> <span class='ocrx_word' id='word_1_196' title='bbox 660 3118 738 3167; x_wconf 91' lang='lat' dir='ltr'>esse</span> <span class='ocrx_word' id='word_1_197' title='bbox 782 3099 943 3191; x_wconf 91' lang='lat' dir='ltr'>oportuit;</span> <span class='ocrx_word' id='word_1_198' title='bbox 989 3119 1064 3169; x_wconf 88' lang='lat' dir='ltr'>cum</span> <span class='ocrx_word' id='word_1_199' title='bbox 1107 3095 1300 3169; x_wconf 89' lang='lat' dir='ltr'>Nestoriani</span> <span class='ocrx_word' id='word_1_200' title='bbox 1343 3108 1377 3169; x_wconf 88' lang='lat' dir='ltr'>et</span> <span class='ocrx_word' id='word_1_201' title='bbox 1411 3098 1589 3172; x_wconf 79' lang='lat' dir='ltr'>Jacobitae</span> 
     </span>
     <span class='ocr_line' id='line_1_23' title="bbox 218 3206 1589 3304; baseline 0.001 -17"><span class='ocrx_word' id='word_1_202' title='bbox 218 3214 259 3287; x_wconf 92' lang='lat' dir='ltr'>ab</span> <span class='ocrx_word' id='word_1_203' title='bbox 285 3213 442 3288; x_wconf 85' lang='lat' dir='ltr'>Ecclesia</span> <span class='ocrx_word' id='word_1_204' title='bbox 470 3212 642 3286; x_wconf 87' lang='lat' dir='ltr'>Catholica</span> <span class='ocrx_word' id='word_1_205' title='bbox 670 3206 881 3302; x_wconf 78' lang='lat' dir='ltr'>secedentes,</span> <span class='ocrx_word' id='word_1_206' title='bbox 914 3212 1068 3285; x_wconf 90' lang='lat' dir='ltr'>eamdem</span> <span class='ocrx_word' id='word_1_207' title='bbox 1093 3212 1266 3304; x_wconf 88' lang='lat' dir='ltr'>Liturgiae</span> <span class='ocrx_word' id='word_1_208' title='bbox 1292 3211 1433 3286; x_wconf 87' lang='lat' dir='ltr'>formam</span> <span class='ocrx_word' id='word_1_209' title='bbox 1461 3238 1589 3288; x_wconf 90' lang='lat' dir='ltr'>serva-</span> 
     </span>
     <span class='ocr_line' id='line_1_24' title="bbox 218 3333 336 3402; baseline 0.017 -2"><span class='ocrx_word' id='word_1_210' title='bbox 218 3333 336 3402; x_wconf 82' lang='lat' dir='ltr'>verint.</span> 
     </span>
    </p>

    <p class='ocr_par' dir='ltr' id='par_1_3' title="bbox 217 3442 1684 4558">
     <span class='ocr_line' id='line_1_25' title="bbox 318 3442 1589 3539; baseline 0.001 -22"><span class='ocrx_word' id='word_1_211' title='bbox 318 3445 431 3539; x_wconf 86' lang='lat' dir='ltr'>Atque</span> <span class='ocrx_word' id='word_1_212' title='bbox 465 3443 550 3517; x_wconf 91' lang='lat' dir='ltr'>haec</span> <span class='ocrx_word' id='word_1_213' title='bbox 585 3454 660 3516; x_wconf 87' lang='lat' dir='ltr'>sunt</span> <span class='ocrx_word' id='word_1_214' title='bbox 695 3453 890 3536; x_wconf 89' lang='lat' dir='ltr'>argumenta</span> <span class='ocrx_word' id='word_1_215' title='bbox 924 3442 1037 3516; x_wconf 86' lang='lat' dir='ltr'>Riveti</span> <span class='ocrx_word' id='word_1_216' title='bbox 1073 3447 1128 3539; x_wconf 93' lang='lat' dir='ltr'>qui</span> <span class='ocrx_word' id='word_1_217' title='bbox 1163 3443 1303 3517; x_wconf 90' lang='lat' dir='ltr'>aliorum</span> <span class='ocrx_word' id='word_1_218' title='bbox 1331 3449 1589 3519; x_wconf 86' lang='lat' dir='ltr'>commentarios</span> 
     </span>
     <span class='ocr_line' id='line_1_26' title="bbox 218 3559 1588 3654; baseline 0.002 -22"><span class='ocrx_word' id='word_1_219' title='bbox 218 3560 430 3649; x_wconf 79' lang='lat' dir='ltr'>exhauserat,</span> <span class='ocrx_word' id='word_1_220' title='bbox 464 3583 551 3654; x_wconf 91' lang='lat' dir='ltr'>quae</span> <span class='ocrx_word' id='word_1_221' title='bbox 579 3559 831 3654; x_wconf 89' lang='lat' dir='ltr'>qualiacumque</span> <span class='ocrx_word' id='word_1_222' title='bbox 858 3562 942 3647; x_wconf 92' lang='lat' dir='ltr'>sint,</span> <span class='ocrx_word' id='word_1_223' title='bbox 976 3559 1019 3632; x_wconf 93' lang='lat' dir='ltr'>ab</span> <span class='ocrx_word' id='word_1_224' title='bbox 1049 3560 1202 3634; x_wconf 89' lang='lat' dir='ltr'>omnibus</span> <span class='ocrx_word' id='word_1_225' title='bbox 1234 3561 1485 3635; x_wconf 84' lang='lat' dir='ltr'>exscribuntur:</span> <span class='ocrx_word' id='word_1_226' title='bbox 1521 3565 1588 3635; x_wconf 90' lang='lat' dir='ltr'>imo</span> 
     </span>
     <span class='ocr_line' id='line_1_27' title="bbox 218 3673 1591 3772; baseline 0.001 -24"><span class='ocrx_word' id='word_1_227' title='bbox 218 3675 302 3771; x_wconf 91' lang='lat' dir='ltr'>quod</span> <span class='ocrx_word' id='word_1_228' title='bbox 335 3679 450 3748; x_wconf 91' lang='lat' dir='ltr'>mirari</span> <span class='ocrx_word' id='word_1_229' title='bbox 484 3680 565 3749; x_wconf 88' lang='lat' dir='ltr'>satis</span> <span class='ocrx_word' id='word_1_230' title='bbox 601 3696 668 3746; x_wconf 93' lang='lat' dir='ltr'>non</span> <span class='ocrx_word' id='word_1_231' title='bbox 695 3696 874 3770; x_wconf 89' lang='lat' dir='ltr'>possumus</span> <span class='ocrx_word' id='word_1_232' title='bbox 910 3699 929 3747; x_wconf 92' lang='lat' dir='ltr'>a</span> <span class='ocrx_word' id='word_1_233' title='bbox 966 3673 1162 3769; x_wconf 89' lang='lat' dir='ltr'>quibusdam</span> <span class='ocrx_word' id='word_1_234' title='bbox 1189 3673 1383 3765; x_wconf 85' lang='lat' dir='ltr'>Catholicis,</span> <span class='ocrx_word' id='word_1_235' title='bbox 1418 3682 1473 3772; x_wconf 90' lang='lat' dir='ltr'>qui</span> <span class='ocrx_word' id='word_1_236' title='bbox 1506 3699 1591 3751; x_wconf 88' lang='lat' dir='ltr'>sane</span> 
     </span>
     <span class='ocr_line' id='line_1_28' title="bbox 218 3784 1684 3888; baseline 0.001 -25"><span class='ocrx_word' id='word_1_237' title='bbox 218 3790 301 3863; x_wconf 88' lang='lat' dir='ltr'>aliud</span> <span class='ocrx_word' id='word_1_238' title='bbox 329 3791 486 3883; x_wconf 84' lang='lat' dir='ltr'>agebant,</span> <span class='ocrx_word' id='word_1_239' title='bbox 513 3790 597 3881; x_wconf 58' lang='lat' dir='ltr'>dum¹</span> <span class='ocrx_word' id='word_1_240' title='bbox 621 3789 753 3863; x_wconf 79' lang='lat' dir='ltr'>frivolis</span> <span class='ocrx_word' id='word_1_241' title='bbox 786 3788 950 3881; x_wconf 88' lang='lat' dir='ltr'>ejusmodi</span> <span class='ocrx_word' id='word_1_242' title='bbox 982 3790 1173 3864; x_wconf 87' lang='lat' dir='ltr'>ratiunculis</span> <span class='ocrx_word' id='word_1_243' title='bbox 1206 3813 1322 3866; x_wconf 89' lang='lat' dir='ltr'>manus</span> <span class='ocrx_word' id='word_1_244' title='bbox 1356 3792 1456 3883; x_wconf 90' lang='lat' dir='ltr'>dare,</span> <span class='ocrx_word' id='word_1_245' title='bbox 1490 3816 1590 3888; x_wconf 91' lang='lat' dir='ltr'>qnam</span> <span class='ocrx_word' id='word_1_246' title='bbox 1679 3784 1684 3793; x_wconf 76' lang='lat'>&#39;</span> 
     </span>
     <span class='ocr_line' id='line_1_29' title="bbox 217 3904 1591 4002; baseline 0.003 -25"><span class='ocrx_word' id='word_1_247' title='bbox 217 3905 384 3999; x_wconf 81' lang='lat' dir='ltr'>liturgias</span> <span class='ocrx_word' id='word_1_248' title='bbox 410 3910 503 4002; x_wconf 91' lang='lat' dir='ltr'>ipsas</span> <span class='ocrx_word' id='word_1_249' title='bbox 530 3916 687 3979; x_wconf 89' lang='lat' dir='ltr'>accurate</span> <span class='ocrx_word' id='word_1_250' title='bbox 713 3904 907 4001; x_wconf 85' lang='lat' dir='ltr'>expendere</span> <span class='ocrx_word' id='word_1_251' title='bbox 934 3907 1128 3979; x_wconf 91' lang='lat' dir='ltr'>maluerunt</span> <span class='ocrx_word' id='word_1_252' title='bbox 1155 3906 1241 3979; x_wconf 91' lang='lat' dir='ltr'>Nam</span> <span class='ocrx_word' id='word_1_253' title='bbox 1259 3920 1386 3981; x_wconf 69' lang='lat' dir='ltr'>cerum</span> <span class='ocrx_word' id='word_1_254' title='bbox 1411 3909 1446 3980; x_wconf 90' lang='lat' dir='ltr'>id</span> <span class='ocrx_word' id='word_1_255' title='bbox 1472 3920 1506 3981; x_wconf 91' lang='lat' dir='ltr'>et</span> <span class='ocrx_word' id='word_1_256' title='bbox 1531 3913 1591 3981; x_wconf 93' lang='lat' dir='ltr'>in-</span> 
     </span>
     <span class='ocr_line' id='line_1_30' title="bbox 218 4020 1590 4119; baseline 0.001 -25"><span class='ocrx_word' id='word_1_257' title='bbox 218 4044 415 4094; x_wconf 85' lang='lat' dir='ltr'>concussum</span> <span class='ocrx_word' id='word_1_258' title='bbox 441 4045 520 4097; x_wconf 89' lang='lat' dir='ltr'>esse</span> <span class='ocrx_word' id='word_1_259' title='bbox 538 4022 650 4111; x_wconf 89' lang='lat' dir='ltr'>debet,</span> <span class='ocrx_word' id='word_1_260' title='bbox 666 4020 817 4095; x_wconf 83' lang='lat' dir='ltr'>Graecas</span> <span class='ocrx_word' id='word_1_261' title='bbox 845 4043 975 4110; x_wconf 88' lang='lat' dir='ltr'>onmes,</span> <span class='ocrx_word' id='word_1_262' title='bbox 1002 4021 1057 4094; x_wconf 93' lang='lat' dir='ltr'>illa</span> <span class='ocrx_word' id='word_1_263' title='bbox 1087 4022 1178 4094; x_wconf 90' lang='lat' dir='ltr'>Petri</span> <span class='ocrx_word' id='word_1_264' title='bbox 1193 4035 1350 4118; x_wconf 86' lang='lat' dir='ltr'>excepta,</span> <span class='ocrx_word' id='word_1_265' title='bbox 1377 4048 1397 4096; x_wconf 93' lang='lat' dir='ltr'>a</span> <span class='ocrx_word' id='word_1_266' title='bbox 1422 4047 1590 4119; x_wconf 90' lang='lat' dir='ltr'>quocum-</span> 
     </span>
     <span class='ocr_line' id='line_1_31' title="bbox 218 4136 1590 4235; baseline 0.001 -26"><span class='ocrx_word' id='word_1_267' title='bbox 218 4161 281 4232; x_wconf 94' lang='lat' dir='ltr'>que</span> <span class='ocrx_word' id='word_1_268' title='bbox 307 4142 453 4234; x_wconf 85' lang='lat' dir='ltr'>scriptae</span> <span class='ocrx_word' id='word_1_269' title='bbox 480 4142 557 4229; x_wconf 88' lang='lat' dir='ltr'>sint,</span> <span class='ocrx_word' id='word_1_270' title='bbox 584 4138 726 4211; x_wconf 82' lang='lat' dir='ltr'>formam</span> <span class='ocrx_word' id='word_1_271' title='bbox 752 4136 976 4212; x_wconf 90' lang='lat' dir='ltr'>celebrandae</span> <span class='ocrx_word' id='word_1_272' title='bbox 994 4136 1225 4211; x_wconf 88' lang='lat' dir='ltr'>Eucharistiae</span> <span class='ocrx_word' id='word_1_273' title='bbox 1251 4160 1385 4235; x_wconf 84' lang='lat' dir='ltr'>semper</span> <span class='ocrx_word' id='word_1_274' title='bbox 1406 4150 1440 4212; x_wconf 91' lang='lat' dir='ltr'>et</span> <span class='ocrx_word' id='word_1_275' title='bbox 1466 4139 1590 4234; x_wconf 90' lang='lat' dir='ltr'>ubique</span> 
     </span>
     <span class='ocr_line' id='line_1_32' title="bbox 219 4251 1591 4349; baseline 0.002 -27"><span class='ocrx_word' id='word_1_276' title='bbox 219 4264 399 4343; x_wconf 83' lang='lat' dir='ltr'>servatam,</span> <span class='ocrx_word' id='word_1_277' title='bbox 426 4252 562 4327; x_wconf 82' lang='lat' dir='ltr'>Petrum</span> <span class='ocrx_word' id='word_1_278' title='bbox 595 4257 792 4326; x_wconf 88' lang='lat' dir='ltr'>testimoniis</span> <span class='ocrx_word' id='word_1_279' title='bbox 824 4251 1070 4343; x_wconf 85' lang='lat' dir='ltr'>confirmatam,</span> <span class='ocrx_word' id='word_1_280' title='bbox 1104 4253 1147 4326; x_wconf 93' lang='lat' dir='ltr'>ab</span> <span class='ocrx_word' id='word_1_281' title='bbox 1175 4255 1316 4349; x_wconf 87' lang='lat' dir='ltr'>antiquis</span> <span class='ocrx_word' id='word_1_282' title='bbox 1342 4253 1518 4327; x_wconf 87' lang='lat' dir='ltr'>haereticis</span> <span class='ocrx_word' id='word_1_283' title='bbox 1546 4253 1591 4325; x_wconf 93' lang='lat' dir='ltr'>ad</span> 
     </span>
     <span class='ocr_line' id='line_1_33' title="bbox 219 4368 1592 4464; baseline 0 -25"><span class='ocrx_word' id='word_1_284' title='bbox 219 4389 297 4441; x_wconf 89' lang='lat' dir='ltr'>suos</span> <span class='ocrx_word' id='word_1_285' title='bbox 323 4380 441 4442; x_wconf 90' lang='lat' dir='ltr'>coetus</span> <span class='ocrx_word' id='word_1_286' title='bbox 462 4369 667 4459; x_wconf 90' lang='lat' dir='ltr'>translatam,</span> <span class='ocrx_word' id='word_1_287' title='bbox 695 4372 840 4442; x_wconf 89' lang='lat' dir='ltr'>omnium</span> <span class='ocrx_word' id='word_1_288' title='bbox 855 4368 998 4464; x_wconf 88' lang='lat' dir='ltr'>denique</span> <span class='ocrx_word' id='word_1_289' title='bbox 1016 4368 1244 4445; x_wconf 89' lang='lat' dir='ltr'>Ecclesiarum</span> <span class='ocrx_word' id='word_1_290' title='bbox 1261 4390 1428 4443; x_wconf 88' lang='lat' dir='ltr'>consensu</span> <span class='ocrx_word' id='word_1_291' title='bbox 1456 4390 1592 4464; x_wconf 91' lang='lat' dir='ltr'>appro-</span> 
     </span>
     <span class='ocr_line' id='line_1_34' title="bbox 218 4480 536 4558; baseline 0.013 -4"><span class='ocrx_word' id='word_1_292' title='bbox 218 4480 325 4558; x_wconf 87' lang='lat' dir='ltr'>batam</span> <span class='ocrx_word' id='word_1_293' title='bbox 352 4490 536 4558; x_wconf 90' lang='lat' dir='ltr'>continere.</span> 
     </span>
    </p>
   </div>
   <div class='ocr_carea' id='block_1_3' title="bbox 0 0 2268 6034">
    <p class='ocr_par' dir='ltr' id='par_1_4' title="bbox 0 0 2268 6034">
     <span class='ocr_line' id='line_1_35' title="bbox 0 0 2268 6034; baseline 0 1"><span class='ocrx_word' id='word_1_294' title='bbox 0 0 2268 6034; x_wconf 95' lang='lat' dir='ltr'> </span> 
     </span>
    </p>
   </div>
  </div>
 </body>
</html>
