4525 6034
693 530 725 605 ll
1184 532 1571 611 DISSERTATIO

692 721 792 794 multa
819 724 853 793 in
879 744 952 793 eam
978 742 1049 792 rem
1076 743 1096 791 a
1121 722 1205 836 qiris
1230 719 1429 794 doctissimis
1450 722 1574 817 scripta
1595 723 1675 794 sint:
1702 721 1763 795 sed
1784 725 1962 819 praecipua
1983 732 2064 795 tan-

692 848 817 937 tumet
840 839 1032 911 necessaria
1057 835 1280 911 uacmbimus.

391 960 680 1017 cenomannicorum
794 956 848 1028 Ao
875 956 981 1049 primo
1008 952 1140 1048 quidem
1166 952 1411 1025 observandum
1431 963 1498 1042 est,
1525 957 1634 1026 omnia
1657 976 1762 1050 prope
1779 954 1976 1029 criticorum
1997 967 2064 1030 tam

372 1052 578 1119 mmm
591 1064 679 1116 parum
692 1075 795 1160 intra,
833 1091 928 1165 mam
956 1078 1053 1141 extra
1077 1067 1264 1142 Ecclesiam
1286 1069 1425 1161 judicia,
1458 1069 1492 1141 id
1516 1069 1641 1143 habere
1667 1074 1753 1161 vitii,
1781 1072 1870 1167 quod
1895 1073 2064 1166 Litnrgias

373 1151 466 1205 aequa.
693 1196 830 1259 veteres
857 1184 1020 1276 Graecas,
1047 1186 1243 1259 Sanctorum
1270 1184 1456 1259 nominibus
1483 1185 1686 1280 designatas,
1713 1210 1780 1260 non
1806 1170 1902 1260 aliter
1928 1194 2063 1262 exami-

695 1302 822 1375 nandas
850 1301 995 1374 arbitrati
1022 1302 1113 1391 dunt,
1141 1324 1238 1398 quam
1254 1301 1381 1396 reliqua
1399 1304 1521 1398 scripta
1547 1313 1714 1395 veterum,
1736 1307 1770 1377 in
1791 1303 1908 1400 quibus
1928 1328 2064 1401 expeu-

699 1419 815 1527 dendis
840 1421 958 1514 regula
985 1431 1076 1493 certa
1102 1429 1172 1509 est,
1204 1438 1272 1489 riou
1298 1439 1401 1512 posse
1426 1418 1481 1491 illa
1507 1421 1547 1492 iis
1579 1419 1748 1492 autoribus
1780 1419 1895 1512 tribui,
1926 1444 2064 1516 quorum

699 1541 831 1609 neruum
857 1559 939 1635 prae
965 1561 1006 1611 se
1025 1536 1153 1625 ierunt,
1180 1537 1209 1607 si
1236 1534 1312 1628 qnid
1338 1544 1508 1626 occurrat,
1542 1538 1642 1607 aetati
1674 1534 1804 1607 illouun
1835 1558 1903 1608 non
1929 1558 2065 1609 conve-

697 1654 808 1723 niens:
836 1676 920 1748 quae
941 1653 1058 1746 regula
1074 1656 1102 1726 si
1120 1674 1203 1745 erga
1222 1650 1390 1743 Liturgias
1410 1661 1545 1724 veteres
1567 1650 1770 1741 adhiheatur,
1796 1650 1974 1725 falsissima
1995 1664 2065 1725 est:

695 1791 769 1839 cum
801 1769 833 1840 id
869 1771 1075 1844 solummodo
1110 1768 1247 1857 efficiat,
1281 1789 1383 1861 opus,
1419 1767 1507 1862 quod
1539 1770 1593 1839 nui
1618 1790 1794 1864 perperam
1821 1767 1986 1859 tribuitur,
2022 1769 2066 1841 ad

692 1883 788 1955 alium
817 1894 966 1958 autorem
991 1886 1112 1959 referri
1139 1892 1306 1980 oportere.
1351 1882 1523 1976 Liturgiae
1548 1906 1644 1974 vero,
1672 1906 1909 1981 quemcunque
1939 1884 2067 1957 titulum

691 1999 895 2096 praeierant,
921 2025 989 2074 non
1016 2024 1100 2098 opus
1127 2000 1265 2091 ahcujus
1288 2001 1416 2094 ‚autoris
1444 2022 1522 2071 esse
1539 1999 1726 2072 censendae
1752 2011 1839 2091 sunt,
1865 2000 1926 2074 sed
1946 2024 2067 2074 sacrae

690 2137 832 2211 preces,
870 2121 1106 2214 conceptisque
1132 2115 1247 2189 verbis
1275 2118 1450 2210 expositae
1477 2116 1683 2188 Sacramenti
1709 2115 1897 2189 celebrandi
1923 2115 2065 2208 formae,

692 2235 727 2303 iu
754 2231 870 2327 quibus
897 2255 964 2306 non
991 2236 1103 2330 quaeri
1130 2241 1264 2328 oportet
1289 2252 1410 2302 nomen
1436 2234 1561 2303 autoris
1588 2240 1644 2302 aut
1676 2231 1884 2325 dignitatem,
1917 2251 2066 2328 quanta-

693 2369 833 2441 cumque
860 2350 914 2438 sit,
941 2348 1001 2420 sed
1028 2371 1113 2443 quae
1139 2370 1186 2419 ex
1207 2369 1269 2418 usu
1289 2345 1517 2419 Ecclesiamm
1536 2356 1569 2419 et
1586 2370 1753 2422 consensu
1776 2371 1850 2420 cum
1873 2349 1944 2421 aliis
1968 2352 2068 2441 ejus-

692 2462 782 2534 modi
807 2462 957 2537 lormulis
985 2474 1213 2561 comparatur,
1249 2465 1466 2535 autoritatem.
1493 2462 1608 2559 ltaque
1635 2488 1708 2537 eam
1734 2465 1935 2559 Liturgiam,
1968 2487 2067 2560 qaam

694 2583 793 2651 totius
827 2565 1003 2651 Ecclesiae
1037 2581 1189 2653 Graecae
1225 2577 1441 2651 Orthodoxae
1475 2584 1639 2652 communi
1671 2580 1840 2677 disciplina
1875 2590 2069 2677 usurpatam

694 2716 772 2767 esse
794 2693 969 2791 constabit,
997 2695 1099 2768 veluti
1121 2717 1292 2770 sacrorum
1315 2694 1437 2787 legem,
1468 2693 1620 2790 publicae
1651 2699 1836 2769 autoritatis
1866 2719 2068 2769 monumen-

693 2821 778 2902 tum,
809 2834 930 2884 vocem
964 2812 1105 2911 denique
1138 2823 1173 2885 et
1201 2813 1422 2883 testimonium
1454 2810 1540 2884 illius
1572 2810 1748 2885 Ecclesiae
1780 2811 1895 2927 haberi
1924 2821 2068 2910 oportet,

693 2930 767 3001 sive
794 2931 836 3001 sit
861 2929 988 3020 Basilii,
1015 2933 1089 3003 sive
1117 2928 1362 3026 chrysostomi,
1390 2950 1450 3001 seu
1477 2931 1712 3024 cujuscumque
1739 2930 1893 3001 alterius:
1922 2952 1986 3024 qua
2002 2952 2069 3000 ra-

692 3046 782 3116 tione
814 3068 880 3117 nou
912 3069 986 3117 eam
1013 3045 1125 3136 modo,
1154 3069 1249 3142 quam
1278 3067 1325 3117 en
1350 3048 1455 3116 sancti
1475 3045 1633 3118 Doctoris
1659 3048 1790 3130 nomine
1816 3044 1965 3136 haberet,
1992 3047 2069 3141 pri-

692 3171 804 3233 vatam
833 3163 960 3235 scilicet
987 3166 1213 3250 autoritatem,
1250 3161 1309 3234 sed
1335 3159 1501 3258 pabheam
1526 3160 1703 3235 Ecclesiae
1729 3163 1763 3232 in
1790 3184 1852 3257 qua
1881 3172 2069 3258 usurpatur,

693 3276 801 3351 habet
828 3279 865 3351 ld
891 3302 978 3378 vero
1006 3277 1153 3371 Criticis,
1179 3281 1376 3374 praesertim
1401 3277 1682 3367 Protestantibus,
1716 3300 1881 3373 nunquam
1907 3281 1942 3348 iu
1967 3300 2069 3348 men-

608 3490 611 3497 ,
694 3404 760 3466 tem
778 3400 883 3487 veuit,
910 3418 984 3468 cum
1006 3406 1116 3468 tamen
1141 3416 1184 3467 eo
1211 3397 1245 3466 in
1263 3393 1398 3466 articulo
1425 3397 1523 3467 totius
1548 3396 1750 3488 quaestionis
1779 3402 1882 3466 status
1901 3403 2069 3481 versetur,

694 3509 821 3606 reliqua
854 3514 915 3583 vix
950 3511 992 3583 ad
1025 3534 1097 3585 rem
1130 3513 1333 3608 pertineant,
1365 3521 1400 3581 ut
1432 3509 1580 3582 breviter
1607 3509 1835 3584 demonstrare
1866 3508 2070 3599 conabimur,

696 3630 850 3724 exposita
874 3627 1097 3720 Liturglarum
1122 3629 1267 3700 omnium
1293 3629 1434 3718 origine.
1463 3698 1467 3709 ,

397 3753 490 3803 norma
507 3751 685 3805 Eucharistiae
799 3743 980 3816 Institutum
1020 3766 1099 3817 esse
1133 3742 1362 3814 Eucharistiae
1401 3743 1651 3815 Sacramentum
1687 3745 1720 3813 iu
1754 3743 1866 3814 ultima
1906 3765 2012 3814 coena
2048 3766 2069 3814 a

375 3837 545 3977 {⁸¹⁰¹'Jfluda‘f
562 3839 683 3977 ffiin‘m'
697 3858 830 3934 Christo
855 3862 1017 3949 Domino,
1057 3882 1130 3930 cum
1162 3856 1402 3951 Evangelistae
1433 3869 1502 3931 tres
1537 3858 1723 3954 Paulusque
1759 3868 1936 3951 testentur,
1969 3881 2069 3931 nemo

375 3941 479 4065 „⁰1³2”
493 3942 561 3993 ΜΨ
637 3942 763 4051 118ἰιοιι
791 3980 952 4070 agnoscit.
972 3974 1086 4049 Verba
1114 3975 1198 4046 illius
1226 3974 1267 4046 ad
1283 3976 1484 4071 Apostolos,
1511 3975 1577 4045 hoe
1599 3979 1708 4068 focile
1734 3978 1770 4044 ic
1791 3997 1898 4046 meum
1920 3998 2070 4047 comme-

571 4114 577 4121 ·
695 4100 933 4183 coerctionem,
960 4100 1173 4189 praeceptum
1204 4089 1424 4163 celebrandae
1455 4114 1501 4164 ex
1526 4094 1672 4163 instituto
1697 4088 1820 4164 Christi
1841 4090 2070 4165 Eucharistiae

695 4213 878 4283 continent:
904 4209 1046 4305 formam
1068 4229 1131 4303 qua
1154 4205 1318 4279 celebrari
1342 4206 1492 4299 deberet,
1519 4229 1586 4278 non
1608 4210 1805 4303 exprimunt
1829 4206 1937 4279 Nemo
1960 4217 2071 4279 umen

697 4325 902 4399 Christianus
931 4323 1102 4413 dubitavit,
1130 4326 1208 4418 quin
1234 4323 1383 4395 eamdem
1411 4325 1520 4396 edocti
1545 4322 1668 4395 luerint
1693 4344 1713 4393 a
1736 4322 1880 4393 Domino
1904 4323 2071 4418 Apostoli,

694 4454 731 4515 ut
756 4443 821 4515 alia
849 4443 958 4514 omnia
986 4463 1072 4537 quae
1100 4439 1142 4510 ad
1157 4437 1367 4530 Religionem
1389 4438 1607 4513 Christianam
1633 4439 1894 4511 constituendam
1917 4440 2071 4534 pertiue-

564 4571 566 4577 '
695 4557 784 4632 bant.
810 4558 866 4631 Ab
888 4554 1062 4653 Apostolis
1090 4562 1291 4651 acceperunt
1315 4555 1403 4626 ibam
1426 4578 1542 4628 eorum
1564 4554 1725 4649 discipuli,
1753 4556 1838 4625 inter
1858 4576 1942 4649 quos
1961 4563 2072 4624 umen

697 4674 803 4745 nullus
827 4697 902 4746 eam
923 4677 1048 4769 scripto
1069 4671 1210 4744 tradidit.
1237 4671 1275 4742 ld
1299 4671 1428 4745 scilicet
1448 4670 1592 4743 latentur
1616 4670 1701 4742 ultro
1723 4670 1966 4760 Protestantes,
1992 4669 2070 4740 lor-

698 4812 787 4861 mam
812 4789 1053 4884 Evangelicam
1081 4798 1115 4860 et
1140 4789 1371 4884 Apostolicam
1396 4786 1623 4860 Eucharistiae
1656 4785 1878 4859 celebrandae
1911 4791 1944 4859 in
1978 4788 2071 4860 scri-

699 4914 795 5002 ptura
821 4914 889 4977 noir
921 4906 1102 5003 explicari,
1136 4905 1197 4979 sed
1223 4903 1338 4977 haberi
1372 4904 1451 4975 illud
1483 4912 1624 4994 unum,
1652 4903 1740 4999 quod
1770 4903 1884 4977 fideles
1911 4907 1945 4975 in
1970 4924 2071 4974 unum

699 5024 928 5114 convenirent,
958 5022 1196 5118 allerreturqne
1216 5023 1311 5118 panis
1334 5029 1367 5093 et
1387 5023 1513 5113 vinnm
1540 5041 1640 5115 saper
1666 5041 1751 5115 quae
1772 5022 1901 5113 gratiae
1918 5041 2071 5111 ageren-
