4525 6034
601 612 654 685 Ab
673 611 882 686 LlTllllGlAbl
898 608 1092 687 corllcnn
1105 611 1137 687 S.
1152 611 1297 688 BASlLll.
1320 707 1326 716 ι
1564 616 1641 689 263

258 797 361 858 ctione
384 802 545 875 receptum
567 800 630 871 est,
654 802 687 856 ut
710 794 876 857 secundum
898 795 1000 857 vados
1023 794 1091 858 illos
1114 796 1192 858 ritus
1215 798 1383 859 communio
1398 796 1640 877 distribueretur,

257 895 377 957 idcirco
400 912 501 974 aeque
524 893 577 955 ubi
599 893 679 955 calix
701 893 856 974 praebitus
881 900 946 970 est,
970 900 1021 955 ant
1043 892 1093 954 ubi
1119 892 1218 957 solum
1246 895 1405 972 cochlear,
1435 904 1486 959 aut
1513 898 1564 960 ubi
1591 897 1641 959 ia·

187 1073 194 1082 .
259 994 373 1055 tiamne
395 990 582 1073 particulae,
604 991 702 1074 magis
726 999 777 1053 aut
800 993 898 1053 minus
921 989 1083 1072 quidquam
1105 994 1263 1073 accepisse
1287 996 1541 1058 communicantes
1571 998 1642 1059 exi-

258 1094 471 1154 elimaverunt.

350 1190 384 1252 ln
416 1188 562 1271 Syrorum
592 1187 796 1251 incubituram
824 1188 1041 1251 Nomocanone
1077 1196 1206 1268 utraque
1244 1188 1401 1271 disciplina
1438 1191 1643 1256 indifferenter
1689 1194 1812 1261 Syrorum
1831 1194 1967 1263 disciplina

257 1289 491 1372 praescribitur.
516 1288 561 1349 De
582 1285 806 1349 Ecclesiasticis
829 1286 968 1368 quidem,
990 1289 1170 1368 praesertim
1194 1287 1232 1348 ad
1255 1286 1350 1350 altare
1371 1290 1401 1350 in
1424 1291 1490 1370 ipsa
1507 1281 1724 1375 irruguerat
1738 1281 1948 1334 connumerem.

257 1387 507 1453 ministrantibus.
531 1386 580 1462 lli,
603 1387 699 1467 inquit
722 1384 922 1463 Constitutio,
946 1386 1073 1448 calicem
1095 1386 1210 1460 bibent
1234 1386 1350 1466 abique
1378 1390 1508 1451 inuicem
1535 1390 1644 1452 meen-

258 1486 559 1568 dmn-praebebmrt,
579 1494 690 1565 postea
711 1485 930 1547 madoribus.
954 1484 1118 1546 Sacerdoti
1138 1491 1239 1546 autem
1260 1503 1321 1546 non
1350 1486 1420 1548 beet
1445 1487 1559 1568 absque
1585 1508 1645 1550 ca-

260 1590 325 1650 tice
346 1603 459 1665 corpus
479 1592 617 1645 sanctum
642 1582 795 1656 tribuere;
818 1583 874 1645 sed
895 1585 924 1644 si
942 1584 1014 1661 fieri
1030 1589 1132 1662 potest
1154 1584 1219 1661 ipse
1236 1582 1323 1644 dabit
1336 1601 1465 1663 corpus:
1487 1586 1645 1651 Diaconus

258 1707 340 1749 cero
368 1685 493 1746 calicem
519 1682 679 1744 bibendam
704 1681 880 1761 praebebit,
907 1681 989 1761 quod
1017 1681 1148 1760 lepitime
1176 1687 1207 1742 et
1231 1682 1395 1744 mnndum
1424 1703 1557 1747 ramnes
1582 1688 1645 1766 piet,

259 1802 333 1846 cnm
352 1784 543 1862 praeceperit
563 1780 712 1842 Dominus
733 1780 865 1841 in'brmc
887 1780 1016 1841 modum.
1040 1778 1128 1841 Edite
1152 1798 1192 1842 ex
1215 1797 1346 1859 corpore
1375 1799 1461 1859 meo,
1493 1791 1523 1845 et
1550 1784 1643 1847 bibite

257 1901 305 1945 ex
326 1882 474 1964 sanguine
497 1895 576 1942 meo.
599 1877 689 1953 Quod
709 1879 739 1939 si
759 1878 792 1938 id
811 1879 882 1956 fieri
901 1896 962 1939 non
980 1883 1096 1956 potest,
1132 1894 1243 1957 corpus
1272 1879 1402 1957 intinput
1428 1879 1582 1945 Sacerdos
1610 1886 1643 1946 in

259 1981 377 2055 calice,
400 1998 486 2059 quem
507 1977 665 2038 Diaconus
686 1976 800 2037 derna
822 1982 916 2050 tenet,
947 1976 1239 2056 communionemque
1265 1978 1333 2051 det,
1360 1983 1393 2038 ut
1421 1979 1452 2038 in
1482 1977 1645 2042 Occidente

256 2078 368 2157 facere
389 2079 492 2140 solent.
517 2076 606 2151 Quod
627 2076 656 2136 si
676 2094 733 2137 nec
755 2075 829 2136 iliud
848 2075 961 2153 poterit
982 2075 1142 2153 irtinpere,
1171 2073 1210 2134 ob
1236 2075 1361 2135 nimiam
1382 2076 1489 2155 popuii
1509 2078 1644 2140 mattiar-

259 2178 374 2251 dinem,
397 2185 557 2256 anteprmn
578 2182 716 2253 separet,
739 2174 940 2252 marparitam
970 2174 1099 2251 marmot
1125 2174 1159 2232 in
1188 2172 1284 2233 calice
1312 2179 1445 2251 ternpore
1470 2173 1643 2256 fractionis,

260 2284 296 2338 et
321 2278 366 2337 ita
393 2277 445 2338 det
473 2275 724 2348 commansionem,
752 2273 833 2333 sicud
860 2273 892 2332 in
921 2269 1044 2331 oriens
1074 2269 1204 2330 solemus
1228 2268 1345 2348 [acme.
1400 2270 1514 2343 Quibus
1541 2273 1644 2336 verbis

260 2377 429 2457 perspicue
452 2371 657 2456 significatur,
680 2369 794 2432 nullum
816 2372 898 2432 circa
922 2368 1138 2430 communionis
1168 2368 1371 2448 iutegritatem
1401 2370 1562 2433 discrimen
1589 2390 1645 2434 re·
1721 2449 1726 2458 .

260 2476 380 2554 putari,
413 2475 479 2536 sive
517 2472 597 2534 calix
626 2469 774 2533 bibendus
803 2467 1003 2549 praebeatur,
1031 2467 1096 2528 sive
1126 2467 1251 2547 sanguis
1280 2466 1390 2531 Christi
1425 2489 1464 2532 ex
1493 2470 1645 2534 cochleari

261 2580 419 2650 sumatur,
443 2573 508 2633 sive
532 2569 701 2632 communio
725 2568 847 2630 intincta
870 2567 968 2629 detur.
991 2564 1067 2626 Nam
1089 2565 1171 2644 quod
1193 2565 1223 2625 in
1254 2564 1309 2626 hac
1340 2565 1457 2648 Syriaci
1490 2567 1644 2634 Nomoca-

261 2671 355 2732 nonis
385 2670 601 2733 constitutione
630 2674 815 2730 memoratur
844 2663 1082 2726 occidentalium
1112 2663 1319 2742 consuetudo,
1347 2666 1405 2729 etsi
1448 2666 1485 2729 ad
1519 2669 1645 2751 proprie

261 2770 362 2832 dictos
385 2769 559 2831 Occidentis
582 2766 728 2848 populos,
757 2765 815 2827 hoc
845 2772 892 2826 est
922 2763 1064 2841 Latinos,
1096 2762 1207 2825 referri
1237 2773 1328 2843 queat
1356 2771 1449 2841 (nam
1479 2768 1559 2849 apud
1589 2784 1644 2830 eos

263 2867 429 2948 aliquando
452 2867 669 2929 conmunionis
691 2865 834 2927 intinctae
858 2880 933 2940 usus
954 2861 1025 2939 luit,
1057 2861 1115 2923 etsi
1139 2878 1198 2924 non
1221 2861 1333 2944 ubique
1355 2871 1517 2946 receptus)
1544 2876 1644 2930 tamen

265 2967 306 3029 ad
329 2965 405 3028 alios
427 2965 538 3028 reterri
560 2963 751 3027 verisimilius
774 2970 836 3040 est,
867 2961 1002 3024 Graecos
1032 2960 1149 3023 scilicet
1179 2969 1269 3042 atque
1292 2962 1471 3045 Aegyptios.
1525 2965 1645 3047 Quippe

265 3086 308 3129 ex
332 3066 481 3128 communi
503 3083 587 3127 more
611 3062 772 3145 loquendi,
795 3060 967 3125 Orientales
997 3062 1123 3142 proprie
1153 3059 1348 3140 dicebantur,
1379 3065 1429 3143 qui
1457 3066 1489 3126 in
1511 3066 1645 3128 Orientis

264 3162 475 3228 Patriarcbatu
497 3171 583 3225 erant
607 3163 788 3239 Christiani,
811 3178 920 3240 nempe
943 3159 999 3222 sub
1022 3159 1213 3221 Patriarchae
1229 3158 1410 3224 Antioclroni
1424 3163 1646 3243 jurisdictione,

267 3265 320 3345 qui
343 3263 455 3325 idcireo
478 3262 593 3325 titulum
615 3262 721 3342 Papae
742 3261 885 3335 Orientis,
908 3258 1086 3340 praesertim
1110 3258 1189 3339 apud
1211 3258 1382 3338 barabbas,
1416 3261 1526 3325 habuit.
1571 3263 1647 3326 lllo-

265 3382 334 3425 rum
358 3364 449 3445 igitur
471 3362 715 3443 comparatione,
738 3360 789 3440 qni
812 3366 900 3421 entra
923 3357 1135 3439 amplissimam
1159 3355 1314 3420 dioecesin
1337 3358 1417 3421 illam
1447 3369 1549 3436 erant,
1582 3360 1647 3424 Oc-

267 3461 437 3524 cidentsles
459 3459 661 3538 vocabantur,
686 3466 776 3539 atque
798 3458 839 3520 ita
863 3457 971 3519 Graeci
995 3464 1027 3519 ct
1049 3456 1212 3538 Aegyptii,
1242 3456 1318 3521 tales
1348 3466 1443 3522 erant.
1510 3459 1549 3521 Et
1572 3477 1646 3522 sane

267 3561 348 3642 apud
378 3578 432 3622 eos
460 3560 557 3641 viguit
585 3559 751 3639 praecipue
782 3558 925 3619 intinctae
954 3558 1173 3620 communionis
1203 3574 1293 3635 usus,
1322 3555 1399 3620 adeo
1428 3564 1461 3619 ut
1490 3575 1548 3620 non
1577 3558 1647 3638 alia,

266 3660 450 3741 praesertim
472 3677 547 3740 erga
570 3658 696 3730 Laicos‚
720 3655 905 3718 adhibeatur.
952 3654 985 3716 ln
1012 3675 1047 3717 en
1071 3659 1159 3720 etiam
1182 3654 1356 3737 praehenda
1379 3655 1593 3721 Sacerdotibus
1616 3662 1649 3718 et

267 3760 335 3822 aliis
358 3757 565 3820 Ecclesiastici
587 3755 726 3831 Ordinis,
750 3754 858 3835 quibus
881 3754 975 3835 vulgo
997 3755 1075 3817 calix
1098 3756 1201 3818 offerri
1224 3757 1425 3837 praecipitur,
1454 3764 1566 3819 matum
1590 3754 1648 3816 ab·

267 3857 323 3920 l'uit
352 3865 385 3919 ut
412 3857 514 3920 caliois
545 3873 618 3918 usus
648 3854 685 3916 ad
709 3854 870 3916 essentiam
900 3853 1084 3917 Sacramenti
1113 3858 1268 3937 pertinere
1295 3854 1448 3935 judicatus
1478 3853 1584 3931 tuerit,
1614 3861 1647 3915 ut

267 3955 518 4038 quemadmodum
540 3960 624 4035 patet
650 3971 690 4014 ex
718 3951 826 4014 eodem
855 3951 1085 4030 Nomocanone,
1115 3954 1267 4016 cochleari
1296 3971 1389 4033 posse
1417 3953 1476 4033 ipsi
1505 3953 1647 4036 praeberi

267 4057 448 4136 sanguinem
471 4052 598 4127 Christi,
622 4051 1025 4132 perscriptumrreperiatur.
1069 4053 1253 4114 Sacerdotes
1274 4058 1304 4113 et
1315 4051 1473 4114 Diaconos
1494 4053 1649 4116 cochleari

268 4152 502 4216 commrmicabit
523 4152 694 4224 Sacerdos,
717 4150 766 4210 aei
785 4149 962 4229 Episcopus.

356 4253 442 4325 Quae
466 4257 635 4330 sequuntur
657 4255 754 4309 sumta
776 4267 816 4309 cx
847 4248 983 4328 ejusdem
1013 4247 1163 4311 Gabrielis
1192 4248 1315 4326 Ritueli,
1347 4247 1462 4328 reliqua
1493 4247 1529 4309 ud
1557 4249 1646 4310 ritum
1712 4258 1837 4327 Reliquae
1856 4272 1974 4310 eommu-

268 4350 487 4413 communionis
509 4347 676 4428 spectantia
699 4345 868 4411 absolvunt.
892 4347 929 4408 Si
948 4346 1104 4409 Sacerdos
1124 4348 1217 4409 alium
1239 4348 1429 4408 assistentem
1451 4346 1511 4407 sibi
1529 4346 1646 4408 Sacer-
1660 4345 1744 4397 niente
1763 4345 1950 4396 casamentis.

267 4451 369 4510 wtem
390 4448 547 4523 habuerit,
570 4447 807 4509 communionem
829 4445 916 4507 dabit
936 4448 966 4507 ei
987 4445 1163 4522 celebrans,
1188 4453 1350 4525 postauam
1376 4446 1441 4523 ipse
1463 4463 1530 4505 eam
1553 4463 1647 4507 acce-

263 4549 357 4626 perit.
380 4546 504 4608 Scilicet
524 4546 682 4608 celebrans
700 4552 794 4624 ponet
814 4546 1035 4623 marparitum,
1065 4564 1119 4606 seu
1144 4544 1331 4623 particulam
1361 4550 1585 4619 corrsecratom,
1616 4545 1649 4606 in

268 4663 363 4706 manu
385 4646 512 4707 uberim
533 4644 726 4718 Sacerdotis,
749 4651 805 4704 aut
825 4645 856 4704 in
879 4643 1052 4705 cnobheri:
1076 4651 1106 4704 ct
1126 4646 1274 4705 assistens
1295 4643 1378 4703 iliam
1400 4641 1440 4703 ab
1463 4660 1499 4703 eo
1521 4644 1566 4703 ita
1589 4660 1648 4703 ac·

269 4745 370 4821 cipiet.
392 4744 476 4806 Idem
497 4745 645 4806 assistens
667 4744 799 4821 accipiet
818 4742 990 4821 mappulam
1011 4743 1142 4820 desuper
1162 4741 1274 4815 calice,
1297 4746 1447 4820 ponetque
1469 4759 1536 4801 eam
1558 4759 1650 4820 anper

270 4860 392 4903 maram
422 4841 618 4916 celebrantis,
648 4848 678 4902 et
703 4840 865 4919 praebebit
892 4842 922 4901 ei
950 4841 1090 4914 calicem,
1121 4859 1162 4901 ea
1190 4857 1249 4918 prta
1279 4858 1346 4900 cum
1375 4841 1649 4913 communicaverit,

271 4940 429 5001 assistenti
455 4940 619 5002 Sacerdoti
641 4938 801 5019 mordebit
825 4939 924 5016 ilisa,
957 4946 988 4999 et
1018 4957 1086 5000 man
1115 4957 1153 4999 eo
1180 4937 1300 5017 reliqua
1325 4938 1478 5016 perficiet,
1514 4935 1573 4998 hoc
1602 4944 1650 4999 est

273 5037 473 5101 Sacerdotem
495 5037 759 5118 reliquorumque,
796 5037 847 5117 qui
875 5036 957 5098 circa
986 5037 1081 5098 altare
1110 5043 1179 5099 sunt
1201 5034 1485 5098 Ecclesiasticorum
1512 5052 1651 5097 eommu-
