4525 6034
704 581 779 655 322
1270 585 1500 665 NOTAE

703 766 862 848 quidquam
885 767 1023 852 legimus.
1066 768 1172 833 Fuisse
1196 769 1274 851 apud
1297 788 1351 835 eos
1373 772 1702 839 Praesanotificatorum
1713 777 1834 840 Missam
1856 778 1980 843 dubitari
1999 800 2053 847 non

702 875 814 948 potest,
837 886 903 931 cum
925 868 1062 932 Ecclesia
1085 867 1202 932 Graeca
1224 870 1301 933 ultra
1329 890 1446 935 omnem
1468 876 1640 938 memoriam
1662 876 1742 939 illam
1765 882 1963 961 usurpaverit,
1984 901 2052 963 quae

702 967 858 1049 disciplina
881 966 978 1029 adhuc
1000 970 1100 1050 viget:
1123 987 1224 1050 neque
1247 970 1342 1034 minus
1371 980 1496 1053 certum,
1528 975 1669 1056 scriptam
1703 975 1815 1053 faisse,
1846 980 1977 1057 quamvis
2002 981 2053 1044 hue

701 1068 851 1147 usquein
875 1063 1036 1131 Codieibus
1058 1067 1272 1132 Alexandrinis
1294 1088 1355 1133 non
1383 1075 1565 1154 reperiatur,
1588 1093 1688 1156 neque
1712 1074 1845 1157 Graece,
1876 1095 1972 1159 neque
1998 1081 2053 1143 Co-

700 1167 790 1247 ptiee.
814 1164 890 1228 Cum
911 1186 986 1230 vero
1010 1186 1056 1248 ea,
1080 1186 1168 1249 quam
1190 1169 1407 1253 Eucbologium
1430 1171 1563 1253 exhibet,
1585 1174 1913 1239 Praesanetilicatorum
1932 1175 2053 1263 liturgia

700 1266 810 1328 nullius
834 1268 948 1330 autoris
970 1285 1079 1330 nomen
1101 1267 1190 1347 ierat,
1220 1268 1349 1333 sonasse
1377 1271 1522 1353 Aegyptii
1550 1275 1600 1355 qui
1629 1273 1706 1337 hanc
1736 1274 1914 1341 Basilianam
1948 1278 2054 1341 descri-

700 1374 837 1446 pserunt,
860 1366 940 1429 illam
962 1377 1013 1430 aut
1035 1367 1160 1430 similem
1183 1369 1322 1450 aliquam,
1344 1369 1379 1431 D.
1401 1370 1496 1435 Marci
1518 1372 1762 1454 appellaverunt,
1790 1373 1872 1456 quod
1893 1394 1964 1439 osus
1984 1376 2053 1440 illius

699 1464 903 1529 Alexandriae
927 1467 1061 1550 vulgaris
1083 1473 1175 1530 essct.
1220 1468 1342 1544 Verum,
1366 1476 1398 1531 ut
1426 1489 1467 1532 ex
1493 1471 1592 1535 multis
1614 1472 1690 1534 locis
1713 1472 1869 1536 observari
1897 1477 1998 1557 potuit,
2018 1478 2054 1538 ti-

700 1563 839 1643 tulorum,
861 1573 893 1627 ut
915 1567 1058 1646 varietas,
1081 1567 1121 1629 ita
1144 1567 1324 1630 incertitudo
1353 1569 1480 1632 maxima
1502 1578 1565 1633 est:
1596 1589 1674 1650 qnae
1696 1572 1775 1634 euim
1796 1571 1845 1635 hic
1868 1572 1973 1637 dicitnr
1992 1593 2053 1639 esse

700 1665 797 1728 oratio
820 1685 861 1728 ex
882 1666 974 1729 llissa
995 1665 1378 1730 l'raesanctibcatorumD.
1402 1668 1496 1731 Marci
1530 1688 1576 1749 ea,
1599 1678 1651 1733 aut
1673 1671 1778 1734 saltem
1801 1673 1904 1736 similis
1933 1677 2053 1738 occurrit

699 1763 730 1826 in
759 1765 893 1847 liturgia
924 1765 1040 1828 Graeca
1070 1765 1181 1829 Basilii
1225 1753 1384 1830 ’Ἠνοσται
1417 1764 1473 1830 καὶ
1501 1758 1752 1847 τετέλεσται,.“
1732 1788 1807 1833 ooov
1836 1763 1929 1846 εἰς
1911 1769 2053 1859 quatem

699 1849 834 1940 δύναμιν
855 1854 1022 1977 Χριστὲό
1047 1853 1171 1938 Θεὸς
1150 1864 1250 1950 ημῶν,
1271 1853 1310 1928 τὰ
1330 1863 1389 1951 τῆς
1417 1862 1478 1951 σῆς
1498 1860 1681 1979 οἰκονομίας
1687 1859 1912 1981 μαοτήριον.
1931 1860 2054 1951 ’Ἑχομετ

697 1952 760 2051 γὰρ
781 1984 841 2028 του
827 1952 1006 2029 θανάτου
1019 1981 1081 2030 σου
1102 1953 1160 2050 τὴν
1181 1955 1321 2050 μνήμην
1344 1954 1531 2045 c’s'dopssu
1490 1989 1549 2052 της
1571 1955 1778 2045 οἷνασταοεοίς
1800 1985 1863 2032 σου
1875 1957 1930 2034 τὸν
1949 1957 2052 2035 abror

698 2052 1006 2183 ἐνεπλὴοθοῑμεν
965 2084 1023 2148 της
1046 2051 1263 2148 ἀτελευτήτου
1284 2080 1345 2127 σου
1366 2061 1464 2151 ζωῆς·
1488 2054 1782 2150 ἀπολαύσομεν
1741 2089 1800 2155 της
1822 2057 1981 2134 οἷκενώτοο
2002 2087 2053 2135 σου

696 2161 832 2249 τρυφῆς,
852 2150 893 2250 ἧς
910 2160 966 2228 καὶ
980 2157 1016 2225 a'v
1036 2185 1082 2245 τῳ
1068 2156 1308 2244 η’μέλλοντι
1272 2161 1365 2228 oraim
1387 2155 1514 2240 πάντας
1526 2157 1612 2250 ἡμᾶς
1624 2164 1870 2254 καταξιωθηναι
1885 2155 2053 2252 εὐδόκησα.

697 2265 868 2345 Perfectum
896 2273 944 2327 ast
964 2273 994 2326 et
1014 2272 1266 2341 consummatum,
1295 2272 1438 2346 mantum
1465 2268 1498 2328 io
1524 2274 1673 2345 potestate
1699 2277 1807 2331 nostra
1835 2276 1919 2344 erat,
1948 2267 2053 2329 Cluuste

696 2365 781 2428 Deris
800 2373 912 2440 noster,
936 2372 1006 2426 tusae
1027 2364 1264 2444 dispumatiomis
1284 2367 1466 2447 mysterimn.
1510 2363 1662 2428 Habemus
1683 2369 1761 2429 enim
1782 2370 1889 2430 mortus
1910 2375 1977 2430 tuae
1995 2385 2053 2427 me-

696 2467 835 2527 moriam.
885 2463 1018 2525 Vidimus
1039 2464 1274 2526 rasum-sationis
1295 2472 1366 2526 mae
1394 2471 1502 2547 typum
1546 2464 1664 2545 ltepteti
1684 2485 1787 2529 sumas
1814 2469 1882 2529 vita
1904 2475 1964 2542 mo,
1985 2483 2053 2546 quaa

694 2566 785 2642 ῥαοτο
805 2582 866 2625 oon
887 2562 985 2625 babet.
1012 2562 1111 2625 Fmsiti
1132 2582 1236 2625 sumus
1257 2564 1376 2626 deliciis
1398 2565 1467 2644 tuis,
1490 2583 1569 2645 quoe
1590 2567 1736 2628 evacuari
1755 2585 1817 2628 ooo
1833 2573 1971 2646 possamt,
1991 2564 2053 2643 qui-

697 2662 754 2723 bus
776 2669 806 2724 et
825 2665 857 2725 iu
877 2662 980 2743 fmuro
1002 2663 1124 2725 saecuto
1147 2683 1250 2726 manes
1270 2683 1329 2727 sos
1350 2665 1458 2744 diorsos
1480 2662 1561 2745 effici
1582 2663 1707 2744 bosiqrse
1728 2667 1870 2730 comede.
1902 2664 2051 2743 Utramque

699 2761 867 2824 orationem
890 2781 931 2824 ex
953 2760 1060 2825 eadem
1082 2763 1202 2845 origine
1224 2762 1417 2844 profluxisse,
1440 2763 1514 2825 satis
1537 2771 1674 2844 apparet,
1699 2766 1835 2845 quamvis
1857 2763 2051 2829 Alexandrina

695 2859 831 2941 pluribus
853 2862 956 2924 verbis
979 2879 1125 2943 expressa
1156 2862 1203 2927 sit.
1255 2861 1328 2925 lnde
1358 2862 1425 2944 ejus
1455 2863 1613 2944 antiquitas
1645 2861 1888 2941 demonstratur3
1917 2862 2052 2943 simulque

695 2960 882 3045 designatur,
912 2979 1097 3023 communem
1133 2961 1191 3026 illis
1220 2962 1361 3044 precibus
1396 2961 1512 3024 titulum
1546 2964 1706 3043 antiquitus
1732 2962 1844 3041 luisse,
1874 2982 1940 3027 eum
1967 2960 2051 3024 llarei

694 3059 848 3143 Liturgiae
872 3060 1020 3123 tribuatur
1040 3061 1098 3124 ista
1120 3063 1227 3142 oratio,
1249 3068 1283 3125 ut
1305 3061 1381 3125 aliae
1401 3061 1563 3125 nonnullae
1587 3080 1664 3142 quac
1687 3061 1830 3145 leguntur
1852 3064 1884 3126 in
1905 3062 2048 3126 Basiliam.

867 3326 1030 3397 Δέσποτα
1055 3320 1156 3422 κύριε
1182 3321 1203 3396 ὁ
1229 3318 1323 3406 θεός.
1379 3323 1586 3395 Domiaator
1611 3324 1759 3395 Domine
1784 3323 1891 3395 Deus.

788 3533 881 3612 Hoc
903 3546 999 3609 oratio
1022 3545 1138 3608 titulum
1159 3545 1190 3606 in
1213 3543 1332 3607 Graeco
1360 3544 1466 3607 codice
1487 3546 1601 3608 nullum
1622 3545 1723 3624 habet,
1746 3553 1775 3607 at
1797 3547 1828 3608 in
1850 3543 1984 3626 Copticis
2005 3543 2049 3624 qui

694 3647 774 3710 illam
808 3656 1054 3731 repraesentant,
1089 3655 1233 3727 vocatur,
1262 3646 1370 3711 Oratio
1397 3648 1596 3712 absolutionis
1624 3650 1667 3710 ad
1691 3649 1832 3711 Patras:
1862 3648 1895 3711 id
1925 3649 2049 3712 enimet

695 3746 820 3829 Coptica
848 3756 880 3811 et
907 3747 1040 3812 Arabica
1068 3748 1163 3812 verba
1199 3747 1383 3831 significant,
1417 3765 1479 3811 non
1508 3750 1724 3811 omsmuuionis
1751 3749 1816 3810 sive
1853 3747 2049 3810 consomma-

637 3867 642 3873 ·
693 3851 758 3925 ais,
786 3855 819 3911 ut
852 3849 1034 3913 ernstimavit
1054 3850 1103 3912 vir
1132 3848 1322 3912 Clarissimus
1350 3855 1381 3910 et
1409 3847 1599 3911 doctissimus
1627 3846 1801 3910 Guillelmus
1829 3846 1964 3929 BonJour
1989 3846 2048 3908 nu-

692 3948 898 4031 gustioianus,
928 3950 979 4031 qui
1006 3950 1086 4013 illam
1115 3949 1282 4012 orationem
1308 3947 1422 4012 Romae
1445 3964 1512 4010 cum
1535 3947 1647 4027 aliquot
1669 3946 1735 4009 aliis
1758 3945 1929 4010 Basilianae
1955 3945 2048 4007 Litor-

693 4050 762 4130 giae
786 4048 879 4111 edidit
901 4065 979 4111 anno
1004 4049 1099 4114 1699.
1142 4047 1198 4111 Est
1220 4054 1318 4110 autern
1339 4046 1416 4111 haee
1442 4048 1557 4126 oratio,
1586 4045 1783 4110 absolutionis
1814 4046 1968 4127 cujusdam
1994 4060 2048 4127 go-

692 4147 804 4211 neralis
826 4147 963 4229 formula,
986 4167 1065 4231 quae
1091 4147 1286 4231 pronunciari
1316 4144 1395 4210 solet
1421 4146 1512 4229 paulo
1540 4154 1610 4209 ante
1639 4147 1893 4223 communionem,
1926 4145 2046 4208 illinon

693 4247 844 4328 absimilis,
868 4266 945 4329 quae
966 4250 1050 4312 initio
1071 4249 1226 4333 Liturgiae
1248 4248 1367 4327 dicitur,
1390 4246 1480 4310 etde
1502 4264 1562 4328 qua
1584 4247 1723 4328 superius
1746 4246 1855 4309 dictum
1879 4252 1936 4325 ast,
1958 4259 2046 4325 quan·

693 4355 754 4411 tum
777 4365 852 4430 opus
876 4355 950 4411 erat.

1095 4610 1271 4683 Sacerdos
1296 4610 1407 4683 etevat
1432 4602 1656 4683 Σποαὸικόν.

782 4804 839 4886 Ex
861 4816 917 4879 bae
938 4815 1058 4879 rubrica
1081 4832 1170 4896 quam
1192 4810 1297 4878 Codex
1319 4812 1432 4897 Regius
1462 4819 1591 4894 utraque
1612 4811 1715 4896 lingua
1737 4815 1957 4893 repraesentat,
1978 4822 2043 4868 eer-

691 4931 752 4984 tam
774 4920 916 4985 babemus
939 4918 1115 5002 disciplinae
1140 4916 1413 4983 Alexandrinorum
1442 4917 1651 4998 probationem
1679 4916 1759 4979 eirca
1789 4915 1993 4990 elevationem,
2014 4914 2042 4971 et

692 5022 895 5086 adorationem
927 5020 1153 5098 Eucharistiae,
1179 5017 1218 5101 de
1245 5034 1303 5100 qua
1331 5019 1421 5100 pauci
1450 5015 1622 5097 admodum,
1651 5017 1740 5080 ctiam
1773 5015 1852 5078 inter
1879 5009 2040 5078 Cadaoliaas
