4525 6034
361 1788 453 1859 hlagua
465 1807 497 1843 eo
513 1791 573 1843 loeo
583 1789 670 1843 hilur-

361 1878 460 1943 giarum
475 1878 594 1929 varietas.

688 545 747 619 011
1182 550 1563 630 olssusunrlo

687 759 785 830 quarn
818 735 1029 809 determinari
1064 742 1127 812 vix
1160 749 1271 835 potest
1315 742 1405 812 circa
1436 739 1608 832 Liturgiae
1641 742 1746 837 ipsius
1781 724 1939 816 aetatem:
1978 766 2053 817 nam

687 855 748 922 etsi
782 853 965 947 βασιλέων
1003 860 1191 928 meminerit
1225 864 1258 927 et
1294 854 1429 945 Puero,
1468 854 1552 928 haec
1591 856 1632 928 ad
1668 858 1803 931 Arabes
1836 871 1913 932 tuum
1942 882 2052 934 rerum

686 966 838 1043 dominos
864 993 931 1042 non
958 975 1065 1043 minus
1092 971 1228 1061 sesami,
1257 995 1355 1067 pram
1375 972 1417 1044 ad
1439 969 1645 1046 Christianos
1663 976 1886 1070 Imperatores
1902 990 2050 1072 possunt.

684 1083 804 1179 Neque
838 1089 884 1176 si,
915 1097 952 1158 ut
982 1089 1014 1156 in
1049 1085 1259 1178 Gregoriana
1292 1096 1358 1160 mm
1394 1087 1543 1179 Graeca,
1578 1113 1677 1184 pam
1712 1089 1859 1186 Coptica'
1890 1096 2051 1186 reperitur

686 1206 793 1272 oratio
818 1224 887 1295 pro
914 1203 1066 1296 Regibus
1093 1204 1260 1275 Christum
1286 1206 1493 1293 mnata,
1530 1217 1585 1276 aut
1615 1217 1650 1276 ut
1683 1209 1716 1276 in
1743 1207 1884 1282 Graecis
1910 1210 2051 1281 rubricis

683 1315 773 1416 ὑπὲρ
806 1318 1048 1416 φιλοχρίστου
1084 1318 1188 1415 ἡμῶν
1220 1320 1416 1416 βασιλέως,
1455 1321 1532 1392 inde
1568 1321 1743 1417 quidquam
1780 1323 1868 1395 aliud
1901 1324 2052 1398 concludi

684 1444 815 1530 potest,
842 1437 906 1507 nisi
933 1447 1151 1508 conservatas
1180 1458 1257 1510 esse
1283 1441 1435 1533 antiquas
1461 1434 1641 1528 formulas,
1669 1442 1767 1509 etiam
1787 1439 1848 1513 sub
1864 1441 2051 1514 lnfidehbus
2147 1472 2152 1485 ‘

686 1551 843 1639 dominiis,
869 1573 931 1646 pro
959 1551 1077 1647 quibus
1105 1553 1266 1625 orandum
1292 1574 1387 1644 esse,
1414 1562 1550 1626 veteres
1578 1553 1756 1627 Christiani
1782 1578 1849 1627 uno
1885 1579 2051 1630 consensu

685 1666 876 1738 docuerunt.

785 1783 890 1855 XLV.
916 1782 979 1855 Est
1004 1806 1124 1876 magna
1151 1782 1215 1855 hoc
1237 1788 1270 1856 in
1292 1809 1420 1879 genere
1435 1787 1658 1879 Liturgiarum
1679 1791 1844 1861 varietas:
1872 1800 1947 1861 sunt
1964 1794 2052 1863 enim

683 1899 783 1970 multo
810 1899 944 1994 plures,
973 1923 1058 1995 quae
1084 1904 1269 1973 orationem
1296 1926 1359 1999 pro
1385 1902 1522 1995 regibus
1545 1912 1579 1975 et
1591 1904 1792 1999 principibus
1808 1902 2050 1999 praescribunt,

683 2014 772 2086 nulla
805 2019 937 2109 pietatis
972 2025 1027 2088 aut
1061 2016 1138 2088 fidei
1178 2016 1267 2089 facta
1307 2021 1494 2109 mentione.
1535 2042 1580 2090 ne
1621 2019 1748 2093 scilicet
1786 2030 1917 2114 pateret
1955 2023 2053 2094 calu-

682 2132 825 2202 mniandi
840 2132 944 2206 locus.
972 2132 1158 2204 Occurrunt
1174 2144 1285 2205 tamen
1298 2136 1383 2207 aliae
1411 2158 1497 2230 quae
1524 2139 1658 2231 antiquo
1684 2158 1779 2208 more
1807 2146 1942 2209 servato
1966 2161 2051 2210 ora-

682 2252 790 2321 tiones
815 2236 959 2339 habent‚
988 2270 1054 2341 pro
1090 2250 1227 2344 regibus
1250 2252 1422 2343 fidelibus,
1450 2255 1536 2322 inter
1563 2274 1645 2345 quas
1672 2274 1739 2323 non
1765 2263 1936 2347 postremo
1972 2253 2050 2326 loco

682 2364 851 2437 censenda
879 2374 931 2437 est
956 2364 1179 2455 Nestorisue,
1214 2389 1300 2462 quae
1330 2371 1392 2439 vix
1417 2391 1561 2463 unquam
1593 2378 1751 2464 usurpata
1783 2366 1888 2442 luisse
1920 2369 2052 2443 videtur

540 2551 545 2559 .
681 2483 746 2557 illis
772 2488 805 2557 in
832 2483 1046 2576 regionibus‚
1083 2508 1166 2581 qrras
1200 2486 1378 2560 Christiani
1409 2506 1484 2556 cum
1520 2487 1659 2579 imperio
1692 2485 1888 2557 obtinerent.
1941 2485 2051 2580 Ejecti

352 4704 479 4761 Diversae
494 4708 623 4761 orationes
635 4710 662 4761 iu

354 4794 442 4846 eadem
459 4794 580 4863 Litargia.

681 2605 769 2674 enim
796 2623 842 2672 ex
867 2601 1027 2674 Romanis
1053 2605 1253 2697 provinciis,
1281 2626 1302 2676 c
1327 2600 1571 2696 Mesopotamia
1599 2624 1697 2701 pann
1720 2610 1822 2672 totam
1840 2623 1949 2697 prope
1964 2626 2049 2676 eor-

680 2727 855 2813 ruperaot‚
883 2721 1082 2789 transierunt
1108 2718 1151 2789 ad
1177 2717 1357 2791 Persarum
1382 2740 1540 2810 regnum,
1569 2720 1623 2810 qui
1641 2725 1718 2787 tuno
1733 2721 1860 2812 patriae
1874 2717 2049 2811 religionis

679 2837 898 2922 tenacissimi,
927 2831 1131 2906 Christianos
1154 2856 1257 2930 saepe
1276 2836 1483 2927 gravissimis
1499 2832 1784 2928 persecutionibus
1799 2835 2049 2928 oppugnabant,

681 2973 817 3044 quarum
845 2948 905 3022 sub
934 2950 1066 3045 Sapore
1084 2955 1299 3046 praesertim,
1326 2946 1763 3039 socrates‚.sczomenus‚
1791 2958 1824 3019 et
1843 2949 1898 3021 alii
1912 2963 2048 3026 autores

679 3067 848 3138 Historiae
873 3064 1135 3139 Ecclesiasticus
1161 3070 1397 3154 meminerunt,
1431 3073 1465 3137 et
1490 3064 1532 3136 de
1569 3062 1686 3160 quibus
1722 3064 1914 3137 Nestoriani
1947 3067 2048 3140 multa

678 3186 815 3255 invitis
843 3181 1099 3256 catholicorum.
1154 3182 1397 3257 Successerunt
1428 3182 1548 3254 ultimis
1581 3181 1759 3252 Persarum
1787 3179 1938 3273 Regibus
1964 3183 2048 3255 hlu-

677 3296 872 3389 hamedani,
899 3298 960 3372 sub
988 3298 1105 3395 quibus
1130 3321 1200 3371 non
1225 3298 1327 3370 multo
1353 3298 1471 3371 mehor
1496 3298 1641 3371 conditio
1668 3298 1943 3383 Nestorianorum
1975 3300 2047 3391 luit,

677 3419 742 3485 nisi
768 3414 857 3509 quod
882 3415 981 3487 tidem
1008 3416 1180 3508 abnegare
1206 3437 1276 3487 non
1303 3413 1594 3511 compellebantur.
1647 3412 1841 3486 Habuenmt
1855 3425 1934 3510 post
1947 3440 2047 3490 unum

678 3539 735 3601 aut
760 3529 898 3602 alterum
924 3531 1093 3605 saeculum
1125 3530 1298 3604 Ecclesias
1330 3536 1365 3603 in
1398 3530 1511 3622 India,
1551 3530 1640 3626 apud
1674 3531 1857 3619 Tamaros,
1893 3540 1928 3602 et
1959 3534 2048 3628 apud

678 3645 796 3734 Sinas,
824 3647 912 3742 quod
939 3671 985 3720 ex
1011 3652 1114 3720 variis
1142 3647 1311 3721 autoribus
1337 3647 1417 3720 fuse
1444 3657 1631 3744 exponetur
1665 3651 1700 3719 in
1725 3646 1969 3721 Dissertatiouc
2003 3649 2048 3720 de

678 3760 828 3851 ejusdem
862 3773 975 3835 sectae
1010 3767 1263 3860 propagatione.
1328 3765 1395 3837 Illis
1434 3768 1469 3836 in
1501 3762 1694 3856 regionibus
1735 3766 1908 3858 imperium
1939 3784 2047 3859 penes

678 3876 896 3968 idololatras,
924 3889 1072 3951 autnon
1097 3880 1255 3953 meliores
1281 3877 1446 3953 barbaros
1474 3889 1564 3970 erat,
1591 3878 1707 3975 quales
1725 3878 1875 3969 Turcae‚
1902 3878 2046 3971 hegeh,

678 4002 713 4065 et
738 3993 824 4065 aliae
849 4004 968 4087 gentes
994 3999 1204 4087 muneras,
1232 4019 1317 4092 quae
1344 4000 1508 4069 communi
1522 3996 1738 4069 Tartarorum
1759 3993 1981 4090 appellatione
2000 3992 2045 4065 ab

678 4110 848 4183 autoribus
875 4110 1031 4203 Graecis,
1057 4112 1202 4205 Lathris‚
1237 4112 1406 4186 Arabibus
1434 4124 1467 4185 et
1492 4113 1606 4187 Persis
1638 4112 1860 4203 designantur.
1913 4109 2046 4204 Ubique

676 4234 785 4298 tamen
808 4231 842 4298 in
861 4228 1018 4321 Liturgiis
1038 4233 1125 4320 suis,
1153 4252 1234 4325 quas
1258 4229 1332 4303 sola
1347 4231 1488 4326 Syriaca
1514 4230 1627 4322 lingua
1646 4226 1832 4318 celebrant,
1859 4238 2047 4299 nouerant

675 4346 738 4413 nisi
761 4364 827 4437 pro
854 4345 991 4439 regibus
1014 4346 1190 4439 fidelibus,
1216 4342 1284 4419 hoc
1310 4356 1362 4419 est
1389 4345 1594 4419 Christianis.
1638 4345 1750 4440 Atque
1776 4342 1861 4414 haec
1886 4341 2044 4435 exempla

676 4463 887 4551 conjecturas
919 4485 1005 4556 quae
1039 4485 1085 4533 ex
1119 4462 1183 4536 illis
1216 4462 1455 4559 Diptychorum
1496 4461 1647 4535 formulis
1688 4461 1864 4547 ducuntur,
1902 4480 2045 4555 prorsus

676 4586 839 4648 evertunt.

778 4692 896 4765 XLVI.
912 4693 950 4765 ln
966 4692 1100 4788 reliquis
1125 4695 1277 4767 omnibus
1295 4694 1441 4786 ejusdem
1459 4694 1563 4769 Officii
1584 4694 1733 4790 partibus
1758 4702 1889 4765 constat
1907 4694 2043 4763 omnino

676 4805 739 4880 sibi
772 4808 1007 4906 Aegyptiacae
1041 4809 1218 4883 Ecclesiae
1252 4811 1435 4908 disciplina,
1480 4822 1516 4884 ut
1548 4814 1582 4882 in
1616 4810 1862 4884 Commentario
1896 4810 2042 4880 seorsim

675 4923 874 5020 exphcatum
907 4937 966 4999 est.
1020 4926 1105 4999 Sunt
1138 4938 1247 5000 autem
1279 4928 1321 5000 ad
1354 4928 1503 5001 osculum
1536 4931 1631 5024 pacis
1664 4929 1833 4999 orationes
1867 4924 2042 4997 diversae:

674 5063 739 5111 una
758 5046 819 5137 τῆς
842 5043 943 5127 θείας
963 5046 1183 5145 λειτουργίας
1210 5049 1276 5119 τοῦ
1294 5041 1497 5121 ἀποστόλου
1518 5043 1578 5119 καὶ
1606 5040 1835 5143 ἆὸελφοθεόυ
1859 5035 2042 5138 Ἰακώβου,
