4525 6034
445 564 559 641 ΒΕΑΤΙ
582 562 719 641 tanoni
745 564 986 641 lNTllllPllllllS
1011 563 1182 647 nasoon
1206 565 1396 644 toussani.
1528 568 1600 641 371
1694 658 1703 675 ,

229 748 398 839 omnibns,
431 759 466 822 ut
500 773 584 845 pure
616 762 651 823 et
676 750 907 846 spiritualiter,
941 750 1069 846 absque
1100 751 1166 824 ulla
1207 753 1307 824 animi
1341 751 1602 846 perturbatione,

230 864 469 960 amplectamur
496 877 530 938 et
556 867 746 939 osculemur
775 869 922 939 invicem
956 871 990 937 in
1017 868 1158 939 caritate
1189 888 1283 953 vera,
1319 864 1470 962 perlecta
1504 881 1604 963 atque

229 1003 338 1052 vacua
367 983 456 1052 omni
483 981 577 1054 dolo:
603 1003 666 1076 per
692 1004 769 1054 eum
787 985 893 1077 ipsum
910 980 1105 1073 largitorem
1121 980 1375 1077 tranquillitatis,
1402 986 1605 1075 unigenitum

228 1095 348 1167 Filium
375 1105 477 1183 tuum,
504 1119 578 1169 cum
606 1118 672 1191 quo
700 1107 733 1168 te
760 1097 859 1169 decet
883 1097 1004 1189 gloria,
1030 1096 1139 1170 bonor
1164 1108 1199 1169 et
1224 1100 1396 1192 imperinm
1424 1120 1499 1171 cnm
1517 1099 1604 1195 Spi-

227 1214 292 1282 ritu
319 1220 375 1282 tuo
405 1214 614 1285 sanctissimo
641 1223 676 1284 et
701 1210 803 1284 bono.

333 1325 518 1399 Sacerdos.
571 1329 656 1400 Pan

331 1442 493 1535 Populos.
545 1442 692 1515 Etcum
718 1446 832 1539 spiritu
860 1453 926 1516 tuo.

331 1556 520 1629 Diaconos.
573 1557 642 1630 Det
666 1560 894 1653 unusquisque
921 1580 1047 1653 paoem.
1101 1558 1150 1629 Et
1174 1560 1270 1651 Post,
1297 1571 1360 1633 eto.

332 1671 516 1744 Socerdm
570 1674 712 1760 Quando
738 1676 838 1765 igitur
864 1676 1033 1766 conjuncti
1060 1684 1094 1745 et
1120 1676 1200 1745 uniti
1235 1695 1347 1747 sumus
1379 1671 1464 1746 alter
1495 1674 1603 1765 alteri,

227 1810 289 1883 per
316 1791 488 1860 caritatem
514 1810 632 1861 veram
665 1798 698 1860 et
724 1792 873 1882 spiritum
905 1789 1184 1879 mausuetudinis,
1211 1790 1497 1887 'deposuimusque
1532 1816 1603 1865 ve-

228 1912 301 1974 tera
327 1907 525 1976 vestimenta
551 1903 692 1977 bominis
719 1906 858 1993 veteris,
886 1915 919 1976 et
945 1904 1032 1977 colla
1058 1912 1175 1977 nostra
1201 1926 1314 1976 coram
1341 1904 1517 1978 clementia
1545 1917 1600 1979 tua

226 2017 471 2109 inclinavimus,
496 2041 657 2112 rogamus
684 2019 867 2092 bonitatem
898 2030 988 2092 tuam
1013 2020 1214 2107 naturalem,
1249 2028 1284 2089 ut
1318 2017 1466 2092 effundas
1502 2041 1604 2116 super

226 2156 302 2221 uos,
331 2143 365 2205 et
391 2157 492 2229 super
519 2158 651 2208 omnem
677 2134 836 2230 populum
862 2145 897 2206 et
922 2134 1161 2207 haereditatem
1189 2146 1296 2225 tuam,
1324 2157 1412 2228 quae
1438 2138 1603 2226 sanguine

228 2249 366 2323 salutari
394 2246 517 2322 Christi
543 2250 717 2346 redempta
742 2259 811 2337 est,
844 2273 961 2323 omnes
996 2249 1248 2338 benedictiones
1277 2262 1352 2323 tuas
1385 2248 1603 2338 abundantes,

228 2375 262 2436 et
289 2386 406 2437 omues
433 2370 560 2457 gratias
588 2374 661 2437 tuas
693 2363 881 2460 perlectas,
916 2374 951 2435 nt
979 2359 994 2398 ²
1026 2365 1149 2457 linguis
1185 2388 1272 2461 quae
1305 2367 1469 2461 accipiunt
1503 2386 1603 2437 unum

227 2501 352 2576 corpus
379 2490 529 2553 sanctum
554 2484 713 2573 unigeniti
738 2481 815 2553 Filii
842 2483 899 2571 tui,
926 2491 960 2552 et
985 2502 1047 2575 per
1074 2503 1150 2552 enm
1177 2492 1211 2553 et
1246 2506 1321 2555 cnm
1354 2486 1429 2578 ipso
1462 2480 1602 2569 refera-

227 2616 302 2669 mus
330 2595 388 2668 tibi
414 2595 556 2687 gloriam
583 2607 618 2669 et
643 2596 774 2669 laudem
802 2606 836 2667 et
860 2599 1032 2689 unigenito
1045 2595 1132 2668 Filio
1160 2607 1216 2669 tuo
1244 2608 1278 2670 et
1291 2597 1428 2691 Spiritui
1454 2607 1524 2687 tuo,
1539 2606 1602 2699 etc,

331 2710 493 2804 Populea.
544 2714 666 2788 Amen.

331 2826 517 2900 Sacerdos.
570 2828 622 2899 Tu
648 2849 711 2924 per
735 2825 918 2900 bonitatem
943 2825 1076 2899 beatam
1097 2836 1186 2898 tuam
1213 2826 1410 2919 naturalem,
1437 2838 1471 2898 et
1492 2830 1602 2901 mise-

226 2944 401 3031 ricordias,
428 2953 462 3015 et
478 2946 732 3034 miserationes,
760 2964 846 3038 quae
871 2940 1132 3016 substantialiter
1158 2939 1218 3013 tibi
1244 2964 1422 3015 connexae
1449 2953 1536 3033 suut,
1555 2965 1602 3015 ex

225 3058 326 3131 nibilo
354 3058 396 3131 ab
423 3061 516 3130 initio
543 3064 667 3132 creasti
692 3082 756 3131 nos
785 3058 827 3129 ad
853 3059 1032 3150 imaginem
1058 3057 1268 3154 praeclaram
1293 3059 1477 3148 majestatis
1504 3067 1602 3131 tuae:

225 3197 367 3270 cumque
394 3178 541 3270 corrupti
567 3174 757 3265 fuissemus,
784 3183 819 3245 et
833 3176 1039 3267 oonuptioni
1062 3172 1170 3245 relicti
1185 3172 1335 3260 obnoxii,
1362 3195 1423 3267 per
1450 3175 1602 3247 camdem

225 3295 369 3383 gratiam
395 3300 495 3376 tuam
528 3301 563 3363 et
588 3313 657 3363 non
684 3313 746 3387 per
772 3291 932 3381 justitiam
964 3298 1134 3376 nostram,
1160 3287 1311 3361 Verbum
1335 3288 1446 3360 Deum
1479 3286 1602 3359 Filium

225 3413 315 3475 tuum
342 3408 462 3479 misisti
488 3407 531 3478 ad
558 3407 698 3479 salutem
724 3415 883 3479 nostram.
936 3403 988 3474 'lu
1015 3425 1099 3496 ergo
1127 3407 1333 3475 etiamnunc
1359 3405 1513 3490 Domine,
1541 3424 1603 3496 per

226 3519 377 3591 eamdem
403 3519 585 3594 bonitatem
612 3521 672 3594 tibi
697 3519 891 3606 naturalem,
917 3542 979 3615 per
1006 3541 1105 3614 mam
1132 3522 1256 3592 creasti
1283 3541 1346 3593 nos
1379 3541 1399 3589 a
1426 3520 1602 3614 principio,

225 3643 259 3705 et
284 3657 347 3729 per
372 3637 635 3709 misericordiam
661 3637 751 3709 illam
777 3639 877 3707 etiam
902 3634 962 3708 tibi
988 3633 1172 3706 naturalem
1199 3657 1263 3728 qua
1295 3638 1330 3705 iu
1364 3633 1431 3705 line
1462 3628 1603 3706 salvasti

224 3771 304 3821 nos:
332 3773 394 3846 per
420 3751 508 3823 illam
534 3755 634 3845 igitur
660 3774 727 3845 age
753 3750 928 3823 nobiscnm
954 3750 1101 3842 benigne
1132 3753 1167 3821 in
1199 3748 1263 3822 bac
1288 3747 1390 3835 bora,
1422 3760 1458 3820 ut
1493 3770 1602 3827 acce-2

226 3864 343 3938 denas
370 3866 413 3937 ad
440 3872 601 3963 mysteria
627 3867 713 3940 baec
739 3876 876 3955 sancta,
908 3886 975 3936 non
1009 3865 1189 3937 afficiamur
1222 3865 1352 3961 pudore
1386 3869 1603 3961 peccatorum

223 3990 434 4073 nostrorum,
469 3983 529 4056 sed
562 4005 625 4079 per
657 3983 776 4055 eadem
810 3982 972 4077 mysteria
1004 3989 1079 4069 tua,
1110 4002 1293 4075 purgemur
1328 4003 1348 4052 a
1384 3976 1540 4049 sordibus
1568 3985 1602 4046 et

224 4100 393 4190 spurcitiis
420 4101 566 4193 peccati,
594 4109 627 4170 et
652 4097 839 4171 referamus
865 4092 925 4165 tibi
950 4093 1094 4187 gloriam
1121 4105 1156 4166 et
1180 4094 1331 4185 landem,
1363 4095 1602 4187 unigenitoque

223 4208 310 4284 Filio
337 4222 407 4302 tuo,
434 4225 468 4286 et
493 4213 631 4309 Spiritui
660 4223 725 4286 tuo.

328 4327 517 4401 Diaconos.
570 4330 718 4419 Samus,
744 4340 808 4401 etc.

327 4442 512 4517 Sacerdos.
567 4444 697 4518 Caritas
723 4446 800 4534 Dei,
827 4454 890 4515 etc.

328 4557 490 4651 Populos.
542 4559 587 4631 Et
612 4582 688 4631 cnm
713 4558 839 4654 Spiritu
864 4569 933 4630 tuo.
1042 4558 1045 4567 “

326 4672 511 4747 Sacerdos.
564 4675 703 4748 Sursum
730 4673 844 4747 corda.

326 4788 488 4882 Populea.
541 4789 711 4863 Habemus
738 4789 780 4862 ad
806 4792 993 4863 Dominum.

325 4905 511 4977 Sacerdos
565 4906 700 4980 Gratias
727 4926 865 4998 agamus
891 4908 978 4978 Deo.

327 5018 488 5113 Populea.
541 5022 686 5113 Dignum
714 5029 749 5092 et
770 5023 895 5112 justum
922 5030 983 5095 est

274 5156 361 5199 Tollius
377 5157 401 5199 ll·
