4525 6034
673 997 1111 1250 otoo

207 1436 821 1622 corrosis
907 1430 1574 1614 moeroris
1659 1490 1730 1535 .

683 1786 932 1867 SECUNDUM
962 1785 1102 1862 RITUM

371 2044 375 2051 ’
523 2017 787 2137 sistito
854 2015 887 2133 J
889 2011 1263 2132 restitisti.

749 2309 1034 2346 ,ιφ-

316 2613 496 2715 PRIMO
527 2637 702 2709 Sacerdos
734 2635 935 2730 quotidiana
964 2639 1059 2705 cesto
1093 2633 1266 2726 deposita,
1296 2635 1475 2726 postquam
1508 2627 1577 2699 ob-

207 2758 316 2828 iverit
340 2778 473 2842 mones,
500 2755 604 2825 dicit:

316 2869 470 2943 Ausere
496 2893 551 2942 me
576 2871 719 2943 Domino
744 2869 943 2943 vestimento
970 2864 1103 2939 sordida
1131 2864 1249 2961 quibus
1275 2863 1378 2937 induit
1402 2885 1457 2935 me
1483 2872 1579 2936 sete-

207 3009 292 3078 nss,
320 2998 353 3060 et
378 2987 478 3060 indue
504 3010 558 3059 me
583 2985 734 3059 vestibus
762 2985 897 3073 electis,
924 2983 1031 3075 dignis
1057 2986 1240 3055 ministerio
1268 2992 1344 3070 tuo,
1376 2979 1485 3072 gloria
1511 2988 1578 3066 tuo,

209 3102 400 3176 ethonore
427 3114 483 3176 tuo
511 3102 705 3199 praeclaro:
732 3103 849 3191 Peter,
875 3098 938 3171 Fili
965 3109 999 3171 et
1009 3099 1151 3195 Spiritus
1173 3109 1306 3187 saneto,
1332 3116 1420 3168 nunc
1435 3105 1469 3168 et
1483 3118 1579 3169 scm-

207 3230 273 3304 per
300 3218 333 3279 ct
358 3211 392 3278 in
418 3208 553 3279 saecuta
580 3206 811 3294 soeculorum,
841 3206 959 3279 Amen.

317 3325 365 3395 Et
394 3330 575 3418 postquem
608 3322 815 3417 otiqooosds‘u
845 3323 1016 3408 oraverit,
1051 3319 1220 3391 inclinans
1250 3340 1288 3389 oc
1323 3339 1441 3389 coram
1472 3317 1579 3388 altori

210 3440 318 3510 dicit:
430 3482 433 3487 ·

316 3554 457 3627 Praesto
483 3554 625 3627 Domine
651 3555 763 3641 Deus,
790 3562 825 3625 ut
852 3556 999 3649 aspersis
1025 3551 1181 3625 cordibus
1208 3554 1330 3625 nostris
1358 3559 1392 3622 et
1416 3550 1579 3622 mundetis

210 3669 255 3741 ab
283 3674 374 3742 omni
399 3673 600 3744 conscientia
627 3668 734 3759 male,
761 3672 962 3763 impurisque
988 3667 1267 3761 cogitationibus,
1302 3689 1490 3739 mereamur
1522 3670 1580 3738 in-

209 3787 310 3880 gredi
350 3789 384 3858 in
427 3797 575 3860 sanetum
603 3796 791 3860 sanctorum
824 3794 912 3856 trum
947 3785 1120 3859 excelsum
1155 3795 1189 3857 et
1219 3783 1375 3858 sublime:
1407 3784 1580 3879 praeclare

209 3913 248 3976 et
272 3925 357 4000 pure
390 3913 514 3975 stemus
547 3925 661 3976 coram
695 3901 791 3974 chori
825 3909 881 3972 tuo
913 3910 1050 3990 sancto,
1086 3910 1120 3973 et
1153 3902 1331 3974 offeremus
1365 3900 1424 3973 titi
1459 3922 1580 3974 sacer-

210 4021 306 4093 dotio
331 4018 531 4112 fungentes,
559 4016 721 4093 sacrificia
746 4038 830 4114 puro
856 4026 890 4089 et
916 4016 1132 4090 excellentie:
1158 4020 1193 4089 in
1226 4040 1312 4090 vere
1346 4017 1426 4107 fide,
1459 4020 1579 4104 Pater,

211 4138 295 4226 Fili,
322 4148 385 4208 etc.

319 4254 366 4324 Et
392 4253 485 4323 otest.
529 4252 621 4327 Deus
650 4253 792 4326 obsecro
818 4260 852 4323 te
878 4260 913 4323 ut
939 4252 1074 4346 dignum
1100 4274 1154 4324 me
1181 4252 1304 4325 efficies
1332 4251 1512 4324 accedendi
1539 4251 1582 4323 od

213 4370 321 4441 altare
347 4378 436 4441 tuum
463 4380 612 4442 sanctum
638 4368 764 4464 absque
789 4371 889 4458 vitio,
917 4378 951 4440 et
977 4368 1103 4463 absque
1129 4367 1267 4442 macule.
1301 4367 1377 4461 Ego
1404 4370 1492 4440 enirn
1509 4390 1581 4440 sum
1715 4364 1719 4389 '

213 4506 336 4560 servus
362 4496 522 4582 peccator
549 4488 604 4581 qui
630 4487 770 4582 peccavi
797 4494 831 4557 ct
857 4487 1007 4557 commisi
1032 4493 1171 4580 peccate
1196 4493 1231 4558 et
1256 4488 1393 4558 crimino
1407 4507 1521 4558 coram
1536 4493 1580 4571 te,

211 4626 324 4697 neque
350 4596 469 4694 dignus
495 4624 568 4675 sum
595 4601 773 4675 accedendi
799 4602 842 4675 ed
869 4601 973 4674 altore
999 4611 1087 4673 tuum
1114 4623 1249 4697 pmom,
1276 4612 1332 4674 sut
1357 4601 1400 4674 ed
1421 4604 1581 4698 mysterio

212 4730 272 4791 tos
305 4728 430 4792 sancte
483 4719 608 4792 Verum
640 4742 726 4813 rogo
763 4730 796 4793 te
831 4728 865 4792 ct
899 4717 1062 4815 deprecor
1092 4716 1274 4791 bonietem
1307 4727 1342 4790 et
1373 4717 1581 4791 clementiam

204 4844 323 4923 tuam,
344 4839 543 4929 miserator,
569 4839 785 4927 misericors,
812 4847 846 4908 ct
871 4834 1035 4908 hominum
1062 4844 1209 4907 amator:
1242 4838 1358 4932 aspice
1383 4857 1442 4907 mc
1475 4833 1580 4908 oculis

213 4950 464 5025 misericordiae
490 4963 526 5026 et
548 4951 778 5046 benigritotis,
805 4951 964 5048 efficeque
989 4961 1025 5024 ut
1051 4960 1209 5048 acceptus
1236 4973 1351 5025 eorem
1376 4960 1435 5044 te,
1460 4955 1580 5025 eonsi-

213 5074 302 5143 Μ
327 5065 391 5141 hec
416 5067 516 5159 horo,
544 5079 578 5142 ct
603 5073 693 5144 omni
718 5079 877 5166 tempere.
916 5067 1037 5143 Emitte
1063 5090 1165 5166 super
1189 5090 1244 5141 me
1270 5071 1412 5163 gratiam
1438 5069 1580 5168 Spiritus
