4525 6034
1403 548 1560 624 228
2422 550 3143 629 LITURGIA

1402 737 1817 811 Testamenti
1866 736 2075 828 Novi,
2129 737 2241 830 qui
2293 757 2418 832 pro
2447 735 2673 828 vohis,
2730 747 2797 810 et
2848 761 2973 835 pro
3027 738 3248 811 multis
3294 738 3510 829 datur,
3565 742 3649 813 ad
3702 743 4099 837 expiationem

1403 853 1819 945 delictorum,
1874 865 1941 929 et
1992 856 2457 931 remissionem
2509 866 2942 951 peccatorum
2993 866 3063 928 et
3111 858 3318 928 vitam
3371 865 3735 928 aeternam.

1607 972 1930 1065 Populus.
1983 973 2225 1046 Amen.

1609 1087 1978 1160 Sacerdos.
2106 1087 2670 1183 Quotiescumque
2770 1090 2943 1159 enim
3020 1088 3413 1181 mysterium
3501 1085 3631 1159 hoc
3699 1084 4103 1177 celebrabitiS‚

1400 1206 2098 1276 commemorationem
2164 1205 2398 1276 mortis
2470 1213 2537 1274 et
2605 1204 3115 1276 resurrectionis
3185 1224 3380 1274 meae
3461 1202 3855 1296 perficietis,
3927 1200 4104 1273 donec

1400 1320 1690 1389 veniam.

1609 1433 1933 1526 Populus.
2038 1432 2275 1505 Mortis
2330 1442 2504 1504 tuae.

1609 1549 1979 1622 Sacerdos.
2085 1548 2479 1620 Memoriam
2572 1550 2772 1639 igitur
2853 1549 3112 1639 agimus
3181 1550 3397 1620 omnis
3463 1547 3723 1642 periodi
3790 1548 4103 1644 dispensa-

1401 1668 1599 1739 tionis
1662 1675 1815 1736 tuae
1869 1664 2204 1753 salutaris,
2259 1686 2454 1759 quam
2509 1686 2634 1759 pro
2688 1662 2884 1735 nohis
2919 1660 3260 1757 perfecisti
3312 1672 3381 1734 et
3432 1662 3851 1759 complevisti
3888 1664 4108 1739 Christe

1400 1782 1591 1854 Deus
1656 1790 1906 1852 noster.
2017 1779 2314 1851 Gloriam
2387 1789 2457 1850 et
2526 1778 3082 1871 magnificentiam
3148 1776 3485 1849 offerimus
3549 1776 3933 1871 benignitati
3985 1790 4110 1850 tuae

1403 1919 1569 1988 erga
1623 1917 1775 1984 nOS,
1830 1894 2274 1991 deprecantes
2329 1904 2434 1983 te,
2498 1903 2571 1965 ut
2638 1917 2787 1965 cum
2841 1903 3121 1967 exortus
3191 1892 3402 1965 fueris
3455 1897 3522 1965 in
3575 1894 3685 1966 die
3741 1895 3852 1968 illo
3901 1897 4108 1967 novis·

1403 2015 1616 2100 simo,
1670 2009 2044 2082 redditurus
2098 2012 2453 2103 unicuique
2508 2009 2872 2081 secundum
2944 2031 3153 2105 opera
3207 2031 3371 2095 sua.
3443 2030 3577 2081 non
3629 2013 3697 2081 in
3753 2031 4021 2081 examen
4056 2020 4112 2080 et

1400 2129 2103 2198 commemorationem
2158 2124 2451 2198 adducas
2504 2135 2787 2219 peccata
2838 2135 3108 2214 nostra,
3169 2124 3494 2214 Domine,
3562 2127 3713 2219 quia
3782 2124 3982 2198 nullus
4027 2132 4111 2195 est

1398 2240 1700 2336 perfecte
1752 2244 2059 2314 immunis
2113 2264 2153 2313 a
2209 2239 2522 2313 sordibus
2574 2244 2871 2336 peccati:
2940 2240 3061 2313 sed
3112 2248 3383 2335 praesta
3436 2261 3564 2312 nos
3618 2240 3863 2332 dignos
3923 2242 4109 2334 quiete

1399 2355 1513 2426 illa
1568 2357 1925 2453 spirituali,
1992 2378 2188 2451 quam
2242 2356 2572 2451 pollicitus
2644 2379 2721 2429 es
2790 2357 3022 2429 electis
3078 2355 3205 2427 illis
3259 2358 3410 2443 tuis,
3465 2358 3575 2448 qui
3641 2352 3932 2426 confessi
3990 2363 4112 2426 sunt

1404 2476 1797 2563 sanguinem
1862 2484 2039 2545 tuum
2095 2475 2494 2568 pretiosum3
2564 2482 2632 2544 et
2703 2495 2899 2567 quam
2950 2474 3314 2568 promisisti
3366 2469 3723 2543 Ecclesiae
3775 2481 3926 2542 tuae
3972 2491 4111 2541 san-

1403 2596 1583 2679 ctae,
1638 2611 1811 2683 quae
1865 2597 2261 2684 propterea,
2318 2598 2385 2659 et
2442 2591 2638 2680 juxta
2701 2587 2908 2676 haec,
2973 2609 3154 2659 voce
3221 2588 3394 2659 elata
3467 2586 3867 2681 deprecatur
3914 2597 4004 2675 te,
4061 2594 4113 2656 et

1400 2726 1528 2800 per
1582 2715 1647 2776 te
1703 2714 1772 2775 et
1822 2713 2042 2776 tecum
2094 2705 2362 2775 Patrem
2416 2715 2593 2776 tuum
2648 2704 2898 2776 dicens

1608 2820 1931 2913 Populus.
2035 2820 2384 2892 Miserere.

1608 2934 1977 3010 Sacerdos.
2082 2934 2228 3009 Nos
2286 2959 2569 3031 quoque.

1608 3051 1930 3144 Populus.
2036 3051 2139 3123 Te
2192 3050 2561 3143 laudamus,
2616 3060 2743 3123 etc.

1606 3167 1987 3239 Diaconus.
2094 3167 2310 3252 Quam
2367 3168 2657 3240 timenda
2711 3177 2815 3240 est
2865 3167 3033 3239 haec
3086 3166 3275 3257 hora,
3329 3176 3455 3238 etc.

1607 3282 1958 3353 Sacerdos
2010 3282 2378 3352 inclinatus
2431 3283 2600 3354 dicit
2650 3282 3161 3354 Invocat-ionem
3216 3283 3519 3376 Spiritus
3568 3288 3817 3355 sancti.

1608 3396 1938 3469 Miserere
1992 3400 2122 3467 mei
2173 3398 2481 3486 Domine,
2536 3401 2858 3471 miserere
2888 3402 3051 3472 mei:
3106 3408 3172 3470 et
3194 3402 3376 3471 mitte
3430 3420 3634 3492 super
3662 3420 3775 3468 me
3831 3407 3896 3468 et
3942 3414 4112 3489 super

1399 3513 1521 3587 has
1578 3511 1953 3586 oblationes
2009 3517 2423 3609 propositaS‚
2477 3513 2791 3609 Spiritum
2846 3524 3026 3586 tuum
3081 3525 3411 3598 sanctum.
3465 3514 3827 3586 Dominum
3897 3522 3962 3583 et
4014 3513 4112 3580 vi-

1398 3628 1817 3716 vificantem,
1875 3627 1991 3700 tibi
2061 3629 2696 3703 consubstantialem
2764 3639 2833 3701 et
2885 3640 3345 3716 coaeternum,
3399 3630 3634 3718 Pater,
3688 3637 3759 3700 et
3811 3628 4111 3717 unigenito
4414 3580 4417 3683 l

1400 3742 1571 3815 Filio
1627 3753 1738 3815 tuo
1792 3744 2079 3815 Domino
2135 3753 2369 3818 nostro
2422 3745 2587 3819 Jesu
2643 3742 2944 3819 Christo:
3000 3755 3070 3816 et
3117 3744 3367 3816 habitet
3419 3746 3486 3814 in
3512 3742 3707 3816 nobis
3767 3755 3837 3814 et
3888 3742 4111 3814 sancti·
4415 3706 4417 3845 4

1396 3859 1554 3931 ficet
1606 3858 1812 3931 corda
1864 3868 2114 3947 nostra,
4416 3848 4417 3867 ¹

1606 3974 1909 4045 Elevans
1959 3997 2212 4046 vocem.
2319 3975 2586 4047 Exaudi
2639 3998 2766 4047 me.
4073 4006 4081 4015 ·
4414 3979 4417 4042 1

1585 4089 1929 4182 „Popula-s.
2035 4090 2247 4184 Kyrie
2303 4091 2585 4179 eleison,
2636 4090 2848 4186 Kyrie
2902 4090 3180 4178 eleison,
3234 4090 3446 4186 Kyrie
3498 4090 3774 4163 eleison.

1606 4204 1976 4277 Sacerdos.
2083 4205 2171 4278 Ut
2224 4206 2591 4279 adveniens
2644 4205 2917 4296 efficiat,
2983 4229 3225 4301 panem
3280 4206 3540 4300 quidem
3604 4208 3835 4293 istum,
3902 4221 4114 4298 corpoe

1400 4316 1645 4391 Christi
1699 4320 1828 4391 Dei
1882 4323 2112 4398 nostri.

1609 4434 1932 4529 Populus.
1984 4435 2224 4508 Amen.

1607 4549 1975 4620 Sacerdos.
2080 4548 2170 4621 Et
2219 4553 2482 4623 mistum
2535 4549 2712 4645 quod
2766 4559 2873 4621 est
2923 4551 2990 4621 in
3043 4548 3172 4622 hoc
3237 4549 3448 4622 calice
3519 4549 3759 4623 efficiat
3821 4549 4117 4639 sanguine

1398 4662 1646 4738 Christi
1698 4665 1826 4736 Dei
1876 4668 2110 4739 nostri.
2490 4664 2816 4758 Populus.
2918 4667 3158 4738 Amen.

1607 4779 1977 4851 Sacerdos.
2083 4779 2174 4852 Ut
2223 4784 2437 4877 prosit
2487 4779 2616 4855 illis
2672 4779 2977 4853 omnibus
3030 4785 3143 4876 qui
3195 4804 3288 4853 ex
3341 4803 3427 4854 eo
3473 4783 3805 4878 accipiunt
3857 4789 3924 4852 et
3945 4800 4116 4851 com-

1394 4894 1823 4968 municabunt
1876 4895 1959 4969 ad
2018 4900 2471 4991 expiationem
2525 4879 2954 4985 delictorum,
3019 4900 3483 4972 remissionem
3550 4907 4011 4992 peccatorum,
4064 4899 4120 4962 et

1398 5015 1967 5084 resurrectionem
2020 5011 2447 5084 benedictam
2500 5036 2541 5083 a
2592 5016 2891 5101 mortuiS,
2945 5022 3012 5084 et
3062 5016 3266 5085 vitam
3322 5022 3683 5085 aeternam.
