4525 6034
713 596 789 671 258
1007 591 1800 672 LITURGIAS.JOANNIS.

816 785 978 878 Populus.
1030 782 1075 855 Et
1101 805 1175 854 cum
1203 784 1318 878 spiritu
1344 793 1412 854 tuo.

816 901 999 972 Sacerdos.
1052 898 1288 971 Miseratioues
1314 898 1379 969 Dei
1405 899 1480 989 sint,
1507 906 1570 968 etc.

817 1019 1004 1089 Diaconos.
1058 1018 1180 1088 lterum
1207 1026 1303 1110 atque
1325 1017 1454 1085 iterum.

952 1308 1128 1381 Sacerdos
1155 1308 1240 1379 dicit
1268 1307 1464 1378 Orationem
1489 1312 1570 1375 ante
1595 1304 1697 1376 Pater
1722 1312 1849 1375 noster.

762 1523 768 1536 ’
817 1497 910 1570 Deus
946 1509 1064 1595 potens
1098 1508 1132 1569 et
1166 1519 1304 1589 magne,
1346 1500 1400 1592 qni
1441 1519 1502 1592 per
1537 1516 1684 1567 amorem
1724 1504 1813 1565 tuum
1847 1514 1930 1586 erga
1962 1493 2058 1568 homi·

713 1637 791 1704 nes,
825 1616 976 1703 vocasti,
1012 1624 1045 1686 et
1079 1614 1244 1686 adduxisti
1279 1635 1343 1687 nos
1376 1613 1417 1685 ad
1451 1612 1571 1686 donum
1598 1609 1663 1684 hoc
1689 1609 1851 1697 divinum,
1885 1633 1945 1705 per
1977 1614 2060 1709 quod,

713 1732 825 1819 Pater,
853 1730 1077 1823 glorificamus
1105 1742 1151 1818 te,
1179 1741 1212 1801 et
1238 1730 1395 1826 Spiritum
1421 1740 1570 1802 sanctum
1598 1727 1795 1817 adoramus,
1830 1737 1864 1799 et
1896 1733 2060 1802 orationem

713 1846 931 1936 dominicam,
959 1870 1056 1942 quam
1090 1847 1202 1920 docuit
1235 1869 1299 1921 nos
1325 1845 1429 1919 Filius
1466 1856 1539 1918 tuus
1565 1847 1753 1936 unigenitus
1789 1846 1955 1933 canimus3
1985 1849 2061 1941 puis

712 1962 895 2052 mentibus,
929 1961 1041 2055 lingua
1078 1963 1250 2053 abstersa,
1286 1987 1359 2036 cum
1387 1967 1529 2060 puritate
1555 1964 1726 2056 corporis,
1753 1972 1787 2032 et
1813 1965 1961 2050 animae,
1991 1983 2062 2055 quae

712 2078 831 2151 fiducia
857 2082 1018 2151 instrrmm
1046 2083 1106 2166 sit,
1144 2079 1336 2151 audebimus
1363 2082 1523 2151 invocare
1558 2088 1590 2149 te
1622 2076 1730 2148 Deum
1763 2076 1964 2162 coelestem,
1992 2098 2062 2147 ora-

712 2194 832 2282 bimus,
860 2204 893 2266 et
919 2196 1076 2267 dicemus,
1129 2197 1230 2268 Pater
1256 2206 1371 2269 noster
1397 2199 1452 2291 qui
1479 2218 1517 2269 es
1543 2196 1577 2264 in
1603 2191 1717 2264 coetis.

815 2311 976 2404 Populos.
1030 2312 1273 2398 Sanctificetur.
1300 2322 1362 2384 etc.

814 2426 1000 2502 Sacerdos.
1053 2428 1154 2499 Pater
1180 2428 1269 2500 bone
1298 2438 1331 2499 et
1357 2432 1568 2515 misericors,
1604 2431 1658 2522 qui
1693 2430 1889 2523 praestitisti
1925 2426 2015 2499 nobis
2038 2437 2065 2498 ut

711 2543 767 2616 filii
796 2547 840 2615 tui
872 2566 1090 2616 vocaremur:
1124 2547 1217 2639 eripe
1242 2566 1306 2617 nos
1334 2568 1354 2616 a
1385 2542 1618 2617 tentationibus
1651 2546 1883 2636 gravissimu,
1911 2554 1945 2617 et
1974 2543 2065 2616 libera

711 2682 774 2732 nos
802 2681 821 2730 a
848 2659 1013 2753 maligno,
1040 2663 1195 2754 omnique
1221 2670 1387 2756 potestate
1414 2665 1504 2754 ejus,
1543 2670 1576 2731 et
1602 2684 1622 2733 a
1649 2660 1945 2734 machinationibus
1970 2662 2085 2735 homi·-

559 2786 563 2794 '
684 2795 788 2846 =nnm
820 2774 1045 2871 improborum
1078 2785 1113 2846 et
1138 2777 1323 2849 referemus
1349 2775 1407 2849 tibi
1434 2776 1586 2869 gloriam,
1614 2785 1677 2848 etc.

817 2890 978 2985 Populos.
1031 2893 1151 2966 Amen.

816 3006 1000 3079 Sacerdos.
1053 3008 1137 3080 Pax.

707 3175 710 3180 «
816 3123 978 3216 Popntns.
1030 3123 1175 3197 Etcum
1203 3130 1317 3223 spiritu
1345 3139 1410 3199 tuo.

817 3240 1004 3312 Diaconus.
1057 3240 1217 3313 Inclinate
1244 3247 1352 3340 capita
1378 3253 1502 3342 vestra.

815 3355 998 3429 Sacerdos.
1050 3356 1129 3429 Rex
1156 3381 1277 3452 magne
1296 3371 1330 3431 et
1356 3364 1565 3457 omnipotens
1593 3358 1654 3431 sub
1681 3362 1776 3452 cujus
1790 3364 1925 3456 imperii
1951 3370 2066 3457 scopu-o

713 3494 829 3546 omnes
857 3483 1032 3544 creaturae
1059 3474 1275 3566 inclinantur,
1308 3479 1398 3548 mitte
1431 3476 1680 3549 benedictiones
1714 3487 1788 3549 tuas
1823 3501 1931 3575 super
1956 3476 2066 3549 Eccle-

712 3593 795 3662 siam
829 3599 917 3660 tuam
953 3599 1120 3679 sanctam,
1155 3614 1241 3685 quae
1273 3615 1359 3664 nunc
1389 3591 1563 3664 inclinatur
1597 3615 1711 3665 coram
1744 3602 1794 3683 te,
1827 3605 1862 3665 et
1897 3593 2065 3666 referemus

711 3702 783 3794 tibi,
810 3716 873 3776 etc.
1276 3717 1281 3734 “

814 3819 975 3913 Populus.
1028 3823 1147 3893 Amen.

814 3934 998 4009 Sacerdos.
1051 3938 1135 4009 Pax.

816 4051 978 4144 Ponatur.
1029 4052 1173 4128 Etcum
1201 4058 1316 4152 spiritu
1343 4066 1408 4128 tuo.

814 4166 998 4241 Sacerdos.
1052 4170 1103 4241 Sit
1127 4175 1245 4262 gratia
1285 4251 1290 4260 ¹

819 4284 1005 4357 Diaconos.
1059 4284 1143 4358 Cum
1170 4291 1297 4359 timore.
1414 4299 1420 4308 ‘

817 4401 978 4494 Populus.
1031 4401 1124 4476 Unus
1151 4403 1252 4477 Pater
1278 4415 1422 4478 sanctus.

933 4693 1108 4766 Sacerdos
1135 4698 1220 4768 dicit
1247 4698 1443 4770 Orationem
1470 4700 1667 4772 Gratiarum
1693 4705 1849 4792 acdona.

817 4881 951 4956 Gratias
978 4887 1107 4977 agimus
1136 4887 1193 4960 tihi
1219 4888 1312 4962 Deus
1345 4900 1380 4961 et
1412 4888 1605 4963 confitemur
1630 4895 1752 4964 nomini
1778 4902 1853 4981 tuo,
1894 4894 1983 4989 qnod
2012 4911 2065 4963 nos

711 4993 790 5067 licet
813 4997 980 5092 indignos,
1006 5000 1115 5074 iecisti
1142 5003 1261 5097 dignos
1287 5003 1352 5077 hoc
1384 5004 1472 5079 dono
1508 5006 1620 5080 divino
1656 5014 1807 5105 corporis
1835 5021 1871 5084 et
1906 5010 2064 5104 sanguiris

715 5115 876 5205 unigeniti
900 5115 975 5188 Filii
1002 5121 1060 5211 tui,
1087 5130 1121 5191 et
1146 5118 1341 5211 referemus,
1368 5131 1431 5195 etc.
