4525 6034
729 573 807 647 600
1305 573 1535 653 NOTAE

728 759 789 821 bita
811 775 871 819 non
894 765 951 836 ost,
976 775 1042 819 cum
1072 766 1105 820 ut
1135 757 1241 841 aliquis
1271 758 1310 822 de
1338 759 1398 823 boc
1420 768 1598 842 argumento
1627 760 1770 824 articulus
1801 760 1930 843 synodali
1951 762 2046 825 hocreh

727 859 924 936 insereretur,
949 858 1086 921 obtinere
1109 876 1169 921 non
1191 860 1332 941 potuerit.
1361 859 1402 921 ht
1425 875 1492 922 cum
1514 879 1576 924 uon
1599 861 1686 923 aliter
1708 879 1742 922 se
1764 859 1891 923 babeant
1910 859 2049 924 Codicesia

727 957 943 1038 Mesopotamia
965 959 1081 1039 scripti,
1103 957 1203 1021 nullus
1231 958 1301 1022 huic
1329 959 1522 1040 conjecturae
1550 960 1637 1023 locus
1666 967 1723 1023 est.
1773 959 1984 1041 Nequetamen
2006 961 2049 1023 nlla

726 1055 797 1118 inde
819 1057 953 1138 suspicio
976 1059 1060 1120 nasci
1082 1065 1194 1139 potest,
1219 1058 1366 1121 adversus
1395 1058 1470 1124 duas
1493 1058 1603 1121 alteras
1625 1058 1795 1140 Litargias,
1826 1078 1900 1140 quae
1927 1078 1981 1121 cnm
2003 1061 2051 1123 abis

728 1155 865 1218 omnibus
902 1158 1102 1221 consentiunt.
1155 1157 1262 1239 Neque
1298 1159 1469 1221 omisissent
1509 1157 1662 1222 Censores
1693 1158 1844 1237 Lusitani,
1876 1158 2051 1221 lnaomtionen

729 1254 865 1318 Graecae
888 1256 1025 1334 similem,
1050 1257 1205 1319 teterrima
1228 1257 1327 1338 aliqua
1350 1264 1420 1320 nota
1443 1256 1614 1340 configere,
1643 1258 1724 1338 quod
1747 1265 1846 1321 umen
1867 1276 1923 1320 non
1942 1258 2050 1320 lemmnt

729 1351 814 1416 Unde
838 1362 923 1418 certo
947 1355 1049 1437 colligi
1073 1373 1164 1437 posse
1187 1354 1325 1432 videtur,
1357 1356 1517 1420 lectionem
1541 1357 1684 1419 librorum
1711 1356 1869 1420 Ecclesiae
1895 1357 2052 1419 lldahsricu

729 1452 864 1515 eamdem
887 1452 981 1516 luisse
997 1472 1082 1535 quac
1105 1456 1136 1516 in
1158 1455 1270 1518 nostris
1293 1454 1485 1534 observatur,
1507 1456 1639 1537 nihilque
1662 1456 1779 1519 deesse.
1824 1457 1906 1519 Patet
1924 1458 1997 1519 etiarn
2013 1457 2054 1518 ln-

729 1554 916 1615 vocationem
940 1553 1067 1634 Spiritus
1090 1554 1188 1616 sancti
1217 1555 1346 1635 quaein
1376 1554 1502 1635 reliquis
1533 1557 1669 1618 omnibus
1695 1555 1840 1638 Liturgiis
1867 1556 1983 1618 occurrit
2005 1559 2054 1634 post

729 1653 920 1733 pronuntiata
944 1651 1055 1716 Christi
1077 1653 1184 1730 verba,
1207 1672 1265 1717 non
1289 1656 1329 1717 ita
1358 1656 1560 1718 necessariam
1583 1657 1678 1718 ubam
1700 1656 1794 1718 luisse
1824 1655 1861 1717 ad
1888 1654 2055 1715 consecratio·

728 1768 797 1814 nem
820 1750 1043 1832 perliciendam,
1065 1762 1098 1814 ut
1120 1753 1236 1834 absque
1258 1753 1309 1816 illa
1331 1757 1523 1817 consecratio
1543 1755 1625 1818 nulla
1647 1762 1740 1832 esset,
1763 1762 1815 1817 aut
1837 1756 1868 1816 in
1888 1773 1922 1816 ea
1940 1754 2057 1815 consiste·

728 1857 787 1928 ret,
811 1850 892 1931 quod
915 1852 1050 1914 nonnulli
1072 1852 1271 1933 scripserunt.
1315 1853 1391 1915 Nam
1421 1855 1496 1916 ritus
1520 1854 1570 1917 ille
1585 1847 1659 1916 'cum
1684 1855 1903 1935 antiquissimus
1924 1854 1967 1928 sit,
1985 1868 2056 1912 neca

727 1948 915 2013 Nestorianis
937 1951 1125 2030 adinventus,
1148 1949 1204 2013 sod
1227 1953 1264 2014 ab
1288 1953 1417 2034 antiquis
1440 1951 1586 2015 Ecclesiis
1613 1954 1745 2036 Syriacis
1769 1960 1921 2032 acceptus,
1941 1969 1993 2013 non
2010 1968 2058 2024 ne-

730 2047 865 2112 diocrem
887 2049 979 2114 babet
1002 2053 1207 2113 autoritatem:
1231 2058 1261 2113 et
1283 2051 1334 2114 illa
1356 2060 1456 2114 tamen
1479 2052 1616 2115 oratione
1640 2060 1733 2117 caret.

1145 2345 1206 2417 15.
1240 2346 1388 2440 imponit
1413 2350 1594 2436 iucensam,
1622 2354 1684 2419 etc.

844 2534 880 2614 lu
903 2544 969 2608 aliis
992 2545 1147 2631 Liturgiis,
1176 2551 1311 2631 quamvis
1341 2570 1463 2633 semper
1491 2557 1555 2614 toto
1585 2551 1679 2614 Officii
1709 2552 1842 2615 decursu
1869 2551 2006 2613 Diaconos
2027 2549 2063 2609 in-

728 2669 851 2713 censum
882 2648 1016 2728 adoleat,
1047 2661 1145 2714 tamen
1175 2654 1324 2718 Sacerdos
1354 2662 1423 2737 post
1449 2653 1667 2719 Praelationem
1694 2674 1765 2719 raro
1796 2656 1827 2719 id
1856 2656 1940 2730 lacit,
1965 2661 1991 2715 et
2013 2651 2062 2712 lere

726 2765 889 2830 nunquam.
934 2748 1038 2831 ltaque
1062 2753 1191 2815 ethaeo
1213 2772 1334 2835 quoque
1363 2753 1526 2839 singularis
1549 2763 1597 2837 est
1618 2755 1815 2818 Nestorianae
1839 2755 1988 2817 Ecclesiae
2005 2769 2063 2813 eon-

727 2848 869 2926 suetudo,
892 2856 925 2910 ut
947 2858 1018 2931 post
1041 2849 1179 2933 Sanctus,
1203 2853 1271 2917 tbus
1295 2853 1485 2917 adhibeatur:
1509 2855 1562 2917 sed
1590 2854 1650 2916 boc
1671 2855 1749 2917 inter
1771 2840 1938 2938 ἀδιάφορα
1962 2864 2064 2911 censen

726 2946 796 3009 dum
819 2956 874 3009 est.

815 3181 867 3249 16.
905 3171 991 3250 Posr
1014 3185 1181 3247 orationem
1203 3177 1281 3267 quae
1303 3186 1416 3268 incipit,
1438 3186 1525 3250 Laus
1545 3189 1659 3250 sacmiui
1678 3196 1729 3250 taso
1750 3196 1860 3251 sonmo
1881 3187 2006 3261 boam,
2023 3181 2065 3243 St·

730 3287 840 3350 cerdos
874 3306 941 3350 eam
969 3295 1085 3369 partem
1114 3288 1209 3351 Officii
1237 3290 1340 3372 incipit
1368 3308 1457 3371 mam
1489 3299 1612 3355 veteres
1639 3290 1736 3353 Latini
1762 3291 1873 3354 Pridie
1899 3287 2066 3372 appellabant,

728 3387 808 3468 quod
830 3387 946 3449 initium
968 3386 1046 3449 illius
1070 3395 1164 3464 esset,
1187 3387 1248 3464 Oui
1272 3390 1374 3469 psidie
1394 3407 1484 3470 mum
1503 3399 1668 3471 peterem.
1712 3391 1809 3453 Prima
1840 3390 1972 3473 Liturgia
1993 3385 2065 3466 magi

727 3505 817 3567 quam
840 3486 955 3550 alterae
976 3485 1067 3565 duae,
1089 3486 1207 3550 recedit
1228 3486 1266 3549 ab
1290 3488 1355 3551 aliis
1366 3488 1579 3569 Orientalibus,
1602 3491 1633 3552 in
1656 3489 1764 3570 quibus
1786 3490 1930 3552 memoria
1950 3486 1979 3549 bt
1997 3485 2065 3547 totins

727 3585 958 3667 dispensationis
979 3586 1053 3648 lesu
1077 3585 1186 3649 Christi
1215 3586 1335 3651 Domini
1363 3590 1458 3652 nostri
1486 3591 1517 3652 in
1546 3608 1656 3666 carne,
1687 3607 1782 3670 usque
1814 3588 1854 3650 ad
1882 3585 2064 3650 institutionem
2103 3613 2106 3620 -

727 3683 945 3748 Eucharistiae.
975 3686 1049 3747 Nam
1072 3685 1175 3748 brevis
1198 3687 1295 3750 oratio
1317 3706 1395 3769 qaae
1418 3706 1506 3751 sacra
1528 3688 1607 3751 libus
1630 3689 1724 3751 verba
1746 3687 1915 3769 praecedit,
1935 3704 1990 3747 non
2009 3698 2066 3743 con·

727 3784 802 3845 tinet
825 3786 1080 3847 enumerationem
1102 3785 1314 3866 mysteriorum
1341 3784 1401 3871 τῆς
1427 3777 1584 3873 ἐνσάρκου
1614 3779 1815 3865 οἰκονομίας,
1847 3806 1934 3868 quam
1960 3783 2065 3861 relique

727 3881 827 3945 multis
850 3883 952 3947 verbis
975 3886 1157 3965 exprimunt,
1181 3902 1281 3966 neque
1302 3894 1336 3948 ut
1357 3889 1387 3949 in
1410 3887 1469 3949 illis
1485 3887 1675 3966 observatur,
1697 3887 1844 3950 cohaeret
1857 3889 1930 3949 satis
1944 3884 2065 3947 institutae

727 3981 934 4046 Eucharistiae
963 3985 1096 4047 narratio
1131 4002 1199 4047 cum
1237 3986 1500 4066 praecedentibus.
1557 3987 1675 4051 Deesse
1709 3987 1822 4068 aliquid
1856 3984 1996 4067 suspicari
2017 3978 2065 4060 quis

730 4090 846 4163 posset,
869 4101 935 4145 cum
959 4081 1111 4146 Theodori
1134 4091 1165 4146 et
1186 4082 1318 4148 Nestorii
1343 4085 1500 4170 liturgiae
1531 4087 1567 4150 ad
1594 4087 1719 4150 aliarum
1741 4084 1855 4148 diversi
1877 4088 1950 4148 ritus
1969 4082 2065 4145 samm

729 4196 897 4260 expressae
920 4182 989 4260 sint,
1011 4182 1066 4245 sed
1090 4201 1156 4247 cum
1178 4183 1272 4247 blissa
1289 4185 1471 4249 hlalabarica
1493 4188 1604 4250 nostris
1626 4187 1759 4268 Syriacis
1781 4185 1936 4249 codicibus
1956 4183 2065 4246 secante

728 4279 924 4360 respondeat,
947 4280 1060 4343 nullum
1081 4281 1306 4346 fundamentum
1328 4283 1419 4347 babet
1440 4285 1516 4348 baec
1537 4286 1680 4366 suspicio.
1724 4285 1837 4348 Verum
1868 4289 1900 4347 in
1927 4283 2001 4347 Eliae
2020 4276 2066 4340 Co-

728 4377 796 4439 dice
817 4377 923 4441 lacuna
944 4381 1032 4443 unius
1055 4390 1107 4443 aut
1128 4380 1256 4445 duorum
1276 4382 1416 4447 loliorum
1437 4383 1492 4448 luit
1515 4404 1602 4466 mam
1624 4386 1778 4448 asteriscis
1802 4385 1984 4458 notavimus3
2001 4378 2065 4440 desti

729 4478 811 4541 enim
833 4496 940 4542 sacrae
962 4479 1099 4543 Actionis
1128 4500 1200 4563 pars
1230 4485 1405 4564 praecipua,
1427 4485 1629 4566 pronuntiatio
1651 4484 1767 4548 scilicet
1788 4485 1952 4548 verborum
1973 4476 2066 4550 Christi

728 4577 794 4639 sine
817 4576 924 4658 quibus
947 4596 1098 4660 nunquam
1122 4583 1314 4646 consecratio
1336 4582 1416 4647 lacta
1430 4584 1525 4648 fuisse
1544 4584 1685 4664 creditur,
1707 4601 1769 4647 non
1790 4587 1890 4649 minus
1911 4586 1942 4647 iu
1961 4581 2065 4648 onum

729 4693 819 4757 quam
848 4678 878 4738 in
909 4678 1084 4746 Occidente.
1136 4680 1245 4762 Neque
1275 4691 1321 4745 est
1350 4685 1429 4765 quod
1453 4687 1590 4766 cuiquam
1621 4685 1653 4747 in
1679 4693 1809 4748 mentem
1838 4684 1957 4761 venmt,
1983 4679 2065 4741 cuba

729 4793 801 4838 esse
824 4777 919 4839 verba
942 4778 992 4840 illa
1015 4787 1101 4842 certo
1124 4781 1270 4862 consilio,
1302 4784 1390 4864 quia,
1413 4793 1445 4847 ut
1468 4785 1597 4848 Criticus
1619 4793 1742 4849 nostrae
1766 4786 1876 4848 aetatis
1896 4782 2014 4847 famosus
2030 4782 2066 4835 lt·

729 4893 814 4937 mere
844 4877 965 4940 nimium
994 4879 1159 4961 affirmavit,
1189 4879 1359 4946 Orientales
1387 4883 1489 4948 verbis
1520 4883 1631 4948 Christi
1656 4883 1920 4948 consecrationem
1946 4881 2003 4944 lieri
2022 4888 2066 4936 att

729 4973 867 5054 credunt,
890 4977 946 5040 sed
968 4976 1163 5044 luvocatione
1186 4980 1315 5063 Spiritus
1335 4984 1444 5048 sancti.
1478 4984 1555 5047 Nam
1575 4984 1602 5048 si
1623 4985 1665 5046 ita
1686 4992 1780 5064 esset,
1803 4984 1890 5065 quod
1909 4981 2065 5048 falsissiuttm

728 5091 802 5136 esse
824 5074 894 5138 alibi
917 5078 1008 5140 certis
1031 5080 1217 5163 argumentis
1239 5081 1449 5164 probavimus,
1478 5084 1559 5147 nulla
1587 5083 1751 5148 secundum
1779 5086 1908 5166 primam
1934 5075 2064 5159 Litargitll
