4525 6034
718 604 753 677 X
1144 605 1648 684 ntsstnttrto

414 806 452 863 aa
468 809 638 880 liturgiarum
654 811 705 878 sy·
823 794 897 868 XV.
949 795 1115 892 Exposita
1141 794 1271 867 illarum
1294 792 1513 891 Syriacamm
1537 794 1762 888 Litargiarum
1787 817 1942 883 nmuero,
1967 801 2062 871 statim

393 900 521 949 'imm‘
538 914 631 968 ΜΕΝ
654 915 893 1010 '¹¹¹'unicuique
927 916 961 984 in
986 923 1129 985 mentem
1163 914 1293 999 veniet,
1329 933 1396 1005 qua
1425 915 1556 984 ratione
1586 910 1711 984 factum
1745 914 1805 1000 sit,
1836 921 1874 983 ut
1907 920 1954 983 tot
1989 914 2062 1007 apud

396 1000 475 1036 mm
717 1033 826 1128 Syros
852 1030 1024 1103 Jacobitas
1042 1038 1174 1119 extent,
1199 1051 1276 1100 cum
1290 1028 1482 1100 Nestoriani
1496 1037 1565 1100 bes
1582 1027 1760 1100 admodum
1773 1026 1932 1099 habeant:
1957 1026 2062 1123 Gopti-

716 1160 770 1221 tae
798 1151 852 1243 qai
878 1151 978 1218 etiam
1003 1144 1180 1218 Jacobitae
1207 1153 1298 1234 sunt,
1324 1143 1547 1240 conplures:
1573 1147 1638 1216 etsi
1656 1142 1880 1239 Aethiopicae
1905 1143 2063 1217 duodecim

714 1274 936 1336 numerentur.
988 1261 1094 1353 Hujus
1120 1260 1344 1353 Liturgiarum
1368 1264 1451 1332 tanti
1476 1263 1604 1332 numeri
1628 1263 1715 1331 ratio
1741 1259 1836 1332 reddi
1854 1259 1942 1332 nulla
1956 1271 2065 1356 potest,

712 1386 779 1453 nisi
805 1405 851 1453 ex
877 1382 1086 1471 conjecturis.
1139 1377 1216 1449 Non
1242 1379 1327 1448 enim
1355 1400 1401 1449 ex
1427 1377 1684 1469 gentis‘genio,
1710 1375 1943 1471 scribendique
1973 1381 2066 1472 patn'a

714 1498 827 1590 lingua
852 1496 1030 1585 facilitate,
1057 1505 1154 1566 name
1181 1504 1257 1565 sunt
1288 1503 1338 1566 tot
1370 1493 1527 1566 diversae
1560 1491 1751 1585 Liturgiae,
1782 1515 1858 1564 cum
1890 1492 2066 1565 Nestoriani

714 1615 794 1711 Syn·
818 1623 951 1701 essent,
983 1622 1018 1683 et
1042 1610 1179 1702 lingulae
1211 1632 1295 1683 suae
1328 1608 1576 1683 studiosissimi:
1619 1630 1729 1704 neque
1765 1607 1952 1681 Orthodoni
1981 1608 2066 1681 alian

716 1754 814 1826 quam
838 1727 957 1802 iacobi
983 1727 1167 1819 Litnrgiarn
1190 1725 1368 1798 videantur
1393 1729 1584 1819 agnovisse.
1637 1724 1727 1799 Solis
1753 1724 1787 1796 id
1803 1724 1964 1797 Jacobitis
1988 1748 2066 1798 con-

715 1848 807 1938 tigit,
845 1856 882 1919 ut
914 1855 963 1918 tot
997 1844 1151 1916 diversas
1190 1841 1359 1914 haberent
1418 1842 1552 1914 Illarum
1584 1864 1687 1937 porro
1723 1844 1947 1935 antiquitatem
1979 1845 2066 1914 certis

715 1964 918 2054 argumentis
944 1961 1178 2033 demonstrare
1203 1956 1303 2031 facile
1327 1980 1397 2031 non
1424 1969 1495 2047 est,
1522 1981 1597 2029 eum
1624 1957 1748 2030 Critica
1780 1961 1879 2029 etiam
1910 1960 1946 2028 in
1978 1957 2066 2030 rebus

713 2077 961 2151 Ecclesiasticis
988 2076 1076 2172 apud
1101 2074 1290 2149 Orientales
1316 2076 1431 2167 ignota
1458 2077 1509 2147 sit.
1563 2073 1650 2162 Quid
1677 2073 1720 2145 de
1744 2073 1884 2165 siugulis
1915 2072 2066 2170 probabi-

713 2192 789 2266 liter
812 2193 1025 2286 judicandum
1049 2192 1222 2281 rideatur,
1248 2194 1363 2287 paucis
1388 2189 1639 2287 explicabimus.

413 2316 502 2369 ³⁸⁰⁰}st
515 2318 630 2387 storga
647 2318 703 2386 ντί·
818 2311 909 2383 XVI.
964 2307 1084 2382 Jacobi
1110 2307 1241 2404 quidem
1267 2306 1450 2400 Liturgiam
1475 2328 1594 2380 omnes
1620 2317 1656 2377 ut
1680 2310 1940 2379 vetetissimam
1966 2327 2067 2398 Qenn-

395 2420 436 2456 ¹¹¹⁰
453 2408 684 2473 ⁶‘¹'¹⁸⁶⁰³¹'¹¹³”‘·
715 2438 825 2515 scunt,
853 2439 887 2499 et
912 2450 986 2499 eam
1012 2430 1046 2497 in
1071 2422 1255 2498 coenaculo
1280 2424 1364 2496 Sion
1400 2423 1442 2497 ab
1478 2421 1646 2520 Apostolo
1681 2427 1756 2518 ipso
1789 2426 1946 2516 scriptam
1977 2421 2068 2495 fuisse

715 2546 899 2616 communis
925 2543 1057 2614 traditio
1085 2550 1150 2629 ost,
1179 2562 1277 2635 quarn
1303 2538 1423 2627 refert,
1450 2551 1486 2613 ut
1510 2540 1600 2636 apud
1627 2560 1707 2612 suos
1733 2548 1915 2634 receptam,
1941 2541 2068 2634 Diony·

716 2665 784 2733 sius
810 2658 982 2732 Barsalibi.
1034 2658 1086 2731 Ea
1112 2657 1240 2730 scilicet
1264 2657 1426 2728 ollerendi
1452 2657 1607 2731 sacrificii
1632 2654 1849 2728 Eucharistici
1875 2655 1985 2728 forma
2008 2655 2068 2739 lirit,

716 2801 815 2872 quam
853 2775 1007 2848 Ecclesia
1049 2772 1355 2870 Hierosolqmitana
1390 2776 1567 2868 antiquitus
1606 2776 1724 2844 tenuit:
1758 2772 1873 2844 similis
1911 2774 1945 2842 in
1975 2771 2069 2842 multis

716 2894 885 2982 Graecae,
912 2915 999 2988 quae
1026 2902 1118 2964 extat
1144 2889 1206 2964 sub
1234 2889 1353 2962 eodem
1380 2890 1490 2979 titulo,
1516 2899 1552 2960 ut
1576 2887 1635 2960 vel
1659 2887 1715 2958 ille
1736 2886 1828 2961 solus
1842 2886 2070 2983 Diptqchornm

715 3010 810 3082 locus
838 3009 1011 3101 significat,
1037 3007 1096 3080 ubi
1121 3016 1236 3078 oratur
1262 3027 1323 3099 pro
1341 3005 1551 3077 sanctaSion
1570 3002 1797 3076 Ecclesiamm
1811 3006 1958 3075 omnium
1970 3011 2070 3073 matre.

820 3125 925 3198 XVll.
977 3123 1076 3196 Aliae
1102 3125 1189 3194 inter
1219 3121 1293 3194 illas
1320 3144 1403 3217 quas
1436 3124 1722 3210 enumeravimus,
1756 3121 1908 3211 augrmtis
1934 3127 2070 3190 veterum

717 3254 906 3315 sanctorum
932 3239 1119 3313 nominibus
1145 3242 1340 3330 insignitae,
1367 3235 1530 3309 Melebitis
1557 3246 1711 3332 quantum
1748 3234 1886 3331 adipisci
1922 3238 2070 3329 potuimps

716 3364 853 3451 ignotae
880 3369 976 3447 sunt,
1011 3366 1045 3428 et
1070 3356 1230 3428 Jacobitis
1266 3358 1431 3449 propriae.
1490 3353 1729 3448 Apostolorum
1763 3350 1958 3441 duodecim,
1983 3350 2069 3437 Petri,

717 3475 839 3565 Marci,
865 3473 998 3562 Lucae,
1024 3472 1163 3545 Joanuis
1189 3469 1445 3563 Evangelistae,
1474 3468 1677 3563 aliorumque
1694 3467 1967 3562 Apostolicorum
1984 3470 2070 3538 viro-

716 3613 809 3682 rum,
836 3594 899 3662 atsi
925 3588 966 3660 ab
992 3588 1057 3660 illis
1084 3593 1229 3683 scriptae
1255 3586 1320 3657 dici
1350 3607 1419 3657 non
1452 3588 1597 3681 possint,
1624 3595 1735 3656 tamen
1760 3586 1989 3679 supposititiae
2013 3604 2070 3653 non

717 3719 810 3798 sunt,
842 3730 917 3778 cum
949 3709 982 3777 in
1018 3708 1158 3800 antiquis
1190 3701 1439 3800 exemplaribus
1477 3702 1584 3773 maritis
1620 3703 1836 3795 reperiantur.
1891 3699 1961 3772 Sed
1998 3719 2069 3794 quos

598 3892 600 3896 ,
716 3824 794 3896 illae
820 3834 955 3895 autores
981 3820 1171 3907 habuerint,
1201 3831 1256 3891 aut
1281 3819 1412 3915 quando
1440 3821 1584 3913 scriptae
1609 3817 1747 3905 fuerint,
1779 3815 1905 3888 frustra
1937 3834 2069 3910 quaere·

716 3953 825 4031 retur,
852 3963 927 4011 cum
952 3961 1015 4009 nec
1042 3961 1089 4009 ex
1115 3937 1189 4009 aliis
1216 3935 1354 4008 Graecis
1381 3955 1567 4029 expressae
1593 3937 1676 4026 sint,
1708 3956 1771 4004 nec
1797 3944 2022 4025 agnoscantur
2041 3932 2070 4000 in

718 4059 789 4131 aliis
815 4057 1008 4128 Jacobitieis
1035 4053 1215 4142 Ecclesiis3
1248 4063 1304 4123 aut
1335 4056 1365 4125 si
1397 4049 1576 4123 nomadas
1616 4050 1733 4122 iisdem
1766 4048 1957 4122 nominibus
1987 4043 2069 4116 desi-

717 4184 878 4266 gnantur,
916 4182 952 4243 ut
990 4170 1078 4266 apud
1118 4168 1319 4263 Aethiopes,
1364 4167 1504 4240 Joannis
1548 4163 1797 4264 chrysostomi,
1837 4166 2007 4249 Dioscuri,
2041 4167 2070 4228 et

717 4289 878 4384 quaedam
907 4286 1009 4375 aliae,
1043 4286 1117 4357 illas
1143 4289 1225 4357 ritus
1253 4307 1329 4358 esse
1362 4283 1506 4375 diversi,
1539 4283 1758 4357 Alexandrini
1794 4282 1943 4371 scilicet,
1976 4280 2070 4351 statim

718 4409 919 4498 agnoscitur.
1296 4488 1299 4493 .

425 4540 493 4592 nea
511 4541 544 4595 as
562 4543 619 4595 uia
633 4541 704 4610 jum-
821 4521 941 4594 XVlIl.
994 4518 1184 4611 Sequuntur
1217 4517 1302 4590 aliae
1342 4521 1472 4611 magnis
1507 4539 1639 4612 quoque
1676 4516 1776 4591 titulis
1819 4515 2071 4611 inscriptorum

396 4627 511 4681 aarum.
720 4638 900 4713 Clementis
926 4636 1087 4722 Romani,
1113 4635 1231 4731 Xysti,
1258 4632 1350 4722 Julii,
1381 4635 1501 4726 Ignatii
1533 4631 1750 4722 Antiocheni,
1782 4634 1941 4730 Dionysii
1971 4625 2069 4702 Athe-

718 4760 859 4843 niensis,
888 4752 1064 4847 dequibus
1090 4750 1177 4823 idem
1201 4751 1343 4843 judicari
1370 4749 1484 4823 debet:
1511 4772 1579 4823 non
1605 4772 1683 4824 esse
1709 4748 1782 4822 illas
1810 4747 1938 4823 scilicet
1955 4746 1994 4818 ab
2012 4763 2069 4814 eo-

719 4896 810 4963 rum,
846 4893 985 4967 quorum
1025 4867 1212 4940 nominibus
1250 4865 1475 4964 appellantur,
1507 4888 1622 4938 manu:
1659 4887 1739 4937 esse
1772 4876 1883 4937 tamen
1921 4864 2069 4954 antiquas,

718 4993 764 5061 ita
791 4998 826 5060 ut
853 5011 966 5059 earum
994 4989 1092 5078 origo
1125 4986 1210 5055 inter
1241 4983 1412 5055 Jacohitas
1446 4983 1637 5079 quaerenda
1673 4985 1734 5073 sit,
1766 5005 1840 5054 cum
1872 4979 2011 5053 Graecis
2042 4981 2071 5045 ot

722 5105 794 5179 aliis
821 5103 984 5180 Ecclesiis
1010 5106 1148 5196 ignotae
1174 5102 1254 5176 sint:
1280 5122 1390 5198 neque
1416 5122 1494 5175 esse
1521 5101 1765 5197 supposititias,
1798 5101 1873 5196 quia
1907 5093 2071 5169 extantia
