4525 6034
532 632 574 707 ΙΝ
598 630 807 707 LITURGIAM
831 629 1020 708 THEODORI
1045 631 1297 709 uumerus.
1526 632 1603 706 617

226 825 349 879 nostro:
378 825 479 880 monet
510 815 660 879 Sacerdos
692 816 874 879 oblationem
896 835 952 879 seu
974 814 1152 879 sacrificium
1174 817 1240 878 Deo
1264 815 1385 880 offerri:
1415 816 1496 898 quod
1526 816 1604 880 aliae

225 916 381 1000 Liturgiae
403 917 586 979 sufficienter
608 918 779 995 exprimunt
801 934 858 996 per
881 916 1080 978 allocutiones
1103 916 1322 995 Diaconorum,
1346 919 1396 999 qui
1418 915 1510 998 paulo
1533 922 1603 978 ante

226 1023 277 1078 aut
299 1024 408 1097 postea
431 1016 544 1095 dicunt,
566 1015 765 1078 Attendamus
786 1016 852 1078 Deo
875 1036 942 1078 cum
964 1019 1083 1095 timore,
1107 1023 1138 1077 et
1161 1016 1219 1079 alia
1242 1017 1358 1081 similia.

311 1115 344 1178 ln
373 1135 409 1179 ea
439 1124 538 1179 tamen
568 1123 693 1197 praeter
720 1118 810 1178 ritum
838 1115 1025 1199 singularem
1046 1114 1119 1177 nihil
1144 1116 1202 1178 nisi
1223 1118 1314 1196 pium.
1359 1115 1481 1178 Oblatio
1503 1122 1603 1178 autem

224 1222 257 1276 ιιι
279 1215 338 1277 hoc
362 1216 431 1278 loco
454 1217 597 1277 vertimus
620 1217 694 1277 satis
718 1215 756 1276 ad
777 1215 923 1293 litteram,
949 1234 988 1278 ne
1010 1214 1085 1276 duas
1107 1233 1201 1278 voces
1225 1216 1366 1297 Syriacas
1389 1215 1476 1276 unica
1498 1213 1604 1277 Latina

224 1313 435 1395 exprimendo,
459 1333 547 1378 error
569 1314 676 1395 aliquis
691 1314 806 1377 oboriri
819 1323 935 1396 posset,
958 1314 1125 1396 respondet
1138 1315 1208 1377 voci
1231 1327 1349 1411 slahip
1373 1333 1451 1396 quae
1467 1314 1604 1394 pluribus

224 1431 331 1476 sacrae
361 1416 531 1496 scripturae
561 1414 637 1477 locis
667 1414 858 1493 Sacrificium
887 1413 1036 1497 significat
1063 1407 1191 1476 θιισίιιι
1212 1414 1328 1477 scilieet
1352 1423 1382 1478 et
1403 1401 1603 1527 mpocpopair,

224 1514 333 1594 quibus
355 1515 482 1576 vocibus
506 1532 581 1596 quas
605 1532 621 1575 a
646 1513 769 1576 Graecis
794 1512 933 1594 Coptilae
956 1522 1159 1600 aeceperunt,
1189 1514 1218 1574 in
1250 1512 1360 1575 Ciliciis
1390 1515 1453 1576 suis
1481 1514 1604 1577 indilie-

223 1621 330 1676 renter
352 1622 484 1678 utuntur.
530 1613 651 1676 Obliuio
673 1616 746 1676 aioa
768 1621 798 1675 et
817 1614 1010 1676 rationabilis
1030 1614 1235 1691 primitiaram
1256 1619 1440 1675 nostrarum.
1486 1613 1603 1676 Graece

223 1713 264 1773 ita
293 1712 472 1777 redderetur
501 1702 684 1798 Προςφορᾶ
714 1708 807 1788 ζῶσα
834 1708 892 1775 καὶ
918 1698 1033 1796 heyam}
1061 1709 1208 1792 Corporis
1239 1709 1350 1775 Christi
1380 1712 1495 1776 scilicet
1524 1715 1602 1791 vivi;

222 1813 410 1876 rationabilis
433 1821 480 1876 est
502 1799 631 1896 λιγική,
661 1830 699 1874 ιο
726 1831 819 1876 sensu
847 1830 907 1894 quo
935 1798 1048 1895 λιγιιιῆ
1077 1805 1213 1896 λατρεία
1243 1812 1274 1873 in
1304 1810 1427 1893 vulgata
1459 1815 1602 1876 versione

222 1910 369 1988 redditur,
391 1913 572 1976 rationabile
595 1912 778 1992 obsequium,
801 1899 928 1996 λογικὸν
948 1899 1052 1994 ytta:
1073 1912 1258 1973 rationabile
1279 1912 1338 1986 lac,
1360 1897 1515 1991 spirituale
1538 1914 1603 1975 sci-

222 2010 311 2074 licet:
342 2031 431 2092 quam
461 2031 567 2074 vocem
589 2019 621 2072 ut
644 2012 751 2073 multas
774 2011 847 2074 alias
872 2011 941 2092 Syri
964 2018 1201 2092 expresserunt,
1229 2029 1291 2073 non
1320 2011 1441 2072 omnino
1464 2011 1601 2074 feliciter.

228 2111 357 2173 Victima
377 2132 439 2174 aaa
460 2112 625 2187 immolata,
649 2111 798 2192 significat
820 2112 970 2173 victimam
992 2109 1189 2192 spiritualiter
1211 2110 1401 2190 immolatam,
1424 2112 1465 2172 ita
1487 2120 1519 2173 ut
1542 2112 1602 2173 im-

223 2210 387 2274 molatione
416 2229 477 2272 non
507 2220 716 2274 consumatur:
747 2209 826 2273 idern
856 2212 973 2274 scilicet
1003 2209 1084 2291 quod
1113 2209 1216 2272 dicunt
1245 2212 1277 2273 in
1300 2211 1438 2273 oratione
1459 2212 1600 2291 superius

223 2309 365 2391 allegata,
387 2308 505 2388 Aenum
515 2309 575 2371 Dei
587 2312 639 2390 qui
659 2311 792 2391 quotidie
814 2312 1009 2390 sacrificatur
1030 2310 1303 2385 sacramentaliter,
1326 2316 1357 2371 ct
1377 2310 1486 2371 uicit
1473 2329 1506 2370 m
1528 2329 1603 2372 sac-

223 2411 314 2483 cula;
336 2408 537 2486 distribuitur,
562 2416 593 2470 ct
612 2430 673 2471 noa
695 2410 795 2489 deficit
816 2418 870 2471 aut
891 2411 1084 2472 imminuitur.
1115 2408 1189 2470 lta'
1180 2428 1210 2519 ιιι
1234 2406 1443 2489 chrysostomi
1465 2407 1602 2491 Liturgia

222 2503 420 2586 Malliacum,
444 2503 498 2569 καὶ
521 2498 791 2595 διαμιρίζιιαι
774 2529 792 2571 o
820 2496 923 2586 ἆμιος
949 2507 1012 2571 τοῦ
1043 2496 1195 2587 Θεοῦ,
1175 2529 1193 2570 o
1222 2494 1294 2580 vtis
1321 2504 1383 2570 τοῦ
1411 2499 1554 2595 πατρός,
1584 2499 1603 2572 ὃ

222 2595 438 2688 μελιζόμενος
472 2603 527 2670 καὶ
564 2596 612 2692 μή
647 2596 884 2694 διαιρούμενος
919 2598 938 2670 ὁ
966 2595 1106 2670 admota
1144 2594 1357 2690 ἐσθιόμιιος,
1401 2602 1458 2669 καὶ
1497 2603 1602 2693 urde'-

222 2726 305 2769 ποτε
339 2693 476 2770 damarto'
476 2727 580 2785 (micros
640 2709 796 2770 Diuiditur
830 2710 863 2769 iu
889 2715 996 2788 parles
1034 2726 1131 2788 apnus
1162 2707 1235 2782 Dei,
1270 2706 1358 2786 silius
1396 2706 1516 2785 Patris,
1550 2712 1604 2791 pai

222 2812 256 2872 iu
274 2815 382 2888 partes
409 2815 547 2883 secatur,
581 2816 611 2870 et
637 2828 698 2869 aaa
727 2809 875 2870 diuidimr
902 2807 1011 2887 tibique
1032 2805 1222 2885 comeditur,
1253 2814 1283 2867 ct
1315 2826 1376 2868 non
1400 2811 1595 2872 consumitur.

221 2906 327 2988 ltaque
351 2908 487 2987 quamvis
511 2923 571 2968 non
593 2908 783 2983 necessario,
806 2924 906 2987 neque
930 2925 972 2968 ex
995 2906 1179 2987 reliquarum
1201 2905 1406 2968 Ecclesiamrm
1429 2905 1598 2989 disciplina,

221 3008 273 3087 pie
303 3015 403 3067 tamen
425 3012 456 3067 ct
478 3004 670 3069 laudabiliter
697 3006 856 3068 inchoatur
884 3005 964 3086 apud
986 3005 1186 3068 Nestorianos
1206 3022 1295 3072 sacra
1327 3007 1406 3068 actio
1436 3025 1492 3088 per
1521 3027 1599 3070 con-

222 3106 387 3168 fessionem
410 3105 551 3167 sacrificii
572 3105 782 3168 Eucharistiei.
828 3104 1001 3167 illiuseuim
1013 3107 1125 3167 mentio
1149 3112 1196 3167 est
1219 3114 1359 3186 tanquam
1382 3123 1463 3168 novo
1482 3106 1600 3170 foederi

221 3204 351 3287 proprii,
375 3203 404 3264 in
420 3204 711 3287 omnihusLiturgiis
735 3205 951 3291 cujuscumque
974 3207 1049 3268 ritus
1072 3214 1123 3268 aut
1146 3206 1287 3289 linguae,
1321 3206 1483 3287 inquibus
1507 3216 1539 3269 ut
1569 3209 1600 3269 in

221 3305 290 3382 ista,
318 3312 445 3365 vocatur
467 3303 647 3367 sacrificium
670 3304 828 3385 spirituale
850 3314 882 3368 et
911 3307 1107 3368 incruentum.
1157 3304 1242 3367 Hanc
1269 3305 1437 3369 orationem
1470 3306 1599 3369 illustrat

221 3404 253 3466 id
275 3402 355 3484 quod
378 3403 492 3486 legitur
512 3405 543 3466 in
562 3404 676 3466 Missali
694 3403 829 3470 Gothico.
874 3405 932 3467 Hic
954 3407 1032 3467 cuim
1054 3413 1101 3467 est
1120 3425 1218 3485 aquas
1235 3405 1303 3481 Dei,
1325 3407 1496 3486 uuipmitus
1514 3403 1601 3482 filius
1664 3413 1742 3468 Musa
1764 3416 1858 3472 Ριιιι.
1886 3422 1924 3478 5¹.

222 3511 291 3564 tuus
312 3504 365 3582 qui
386 3504 461 3565 tollit
479 3511 639 3583 peccatum
660 3505 783 3566 muudi:
806 3507 859 3586 qui
879 3523 979 3585 scpro
999 3504 1088 3567 uobis
1110 3503 1265 3585 afferendo
1287 3525 1348 3566 nou
1370 3507 1499 3580 desiuit;
1521 3525 1599 3568 uos·
1624 3519 1652 3570 ι’·
1670 3501 1732 3555 3¹¹3·

222 3620 279 3682 quc
306 3603 390 3680 apud
417 3610 445 3664 te
468 3610 618 3683 perpetua
645 3605 848 3666 advocatione
870 3604 1011 3684 defendit.
1055 3603 1136 3680 Ouia
1157 3623 1308 3685 uunquam
1336 3609 1466 3668 moritur
1487 3607 1599 3667 immo-

221 3702 311 3776 latus,
335 3702 391 3762 sed
411 3721 530 3782 semper
551 3704 627 3766 oiait
646 3705 778 3766 occisa.

612 3965 647 4037 3.
689 3965 838 4057 Dipaum
864 3970 916 4035 cst
942 3966 1104 4058 quotidie,
1147 3972 1211 4037 etc.

318 4157 413 4235 Haec
435 4169 532 4233 oratio
555 4176 588 4231 ut
610 4187 715 4233 omnes
738 4168 826 4249 hujus
849 4168 908 4231 loci
930 4177 961 4231 et
982 4171 1107 4252 generis
1130 4170 1208 4233 aliae
1230 4189 1308 4252 quae
1330 4171 1510 4235 Praetutiani
1532 4173 1596 4235 La-

221 4274 353 4335 tinorum
374 4273 578 4354 respondent,
608 4273 742 4336 eamdem
765 4273 876 4336 hahent
898 4274 1091 4347 sententiam3
1121 4275 1286 4356 gratiarum
1308 4275 1424 4338 scilicet
1446 4279 1595 4340 actionem

223 4371 261 4436 ad
283 4373 394 4451 Deum,
423 4391 480 4454 pro
510 4372 664 4435 beneficiis
693 4372 730 4434 ab
761 4390 799 4436 eo
828 4372 858 4434 in
888 4371 1046 4435 humanum
1074 4390 1174 4454 genus
1197 4372 1314 4437 collatis
1337 4393 1354 4436 a
1376 4376 1472 4456 primu
1493 4395 1595 4440 rerum

223 4474 395 4552 creatione,
433 4472 471 4534 ad
507 4472 746 4535 incarnationem
776 4479 807 4535 et
840 4471 1094 4552 dispensationem
1130 4473 1196 4535 sive
1229 4464 1384 4558 ἐίσιρκοι
1416 4467 1596 4555 οἰκονομίαι

222 4571 297 4634 Jesu
319 4570 429 4636 Christi
451 4572 569 4635 Domini
590 4574 697 4651 nostri,
720 4591 808 4653 quam
830 4573 967 4654 sequitur
990 4574 1233 4656 commemoratio
1255 4574 1449 4638 institutionis
1471 4575 1595 4639 Eucha-

222 4672 337 4736 ristiao.

564 4848 600 4918 li.
645 4846 845 4941 Uaipeaitus
869 4847 967 4919 Dcur
998 4845 1159 4936 Verbum,
1186 4852 1250 4918 etc.

314 5041 404 5134 Quis
425 5051 473 5113 hic
496 5051 640 5133 leguntur
663 5049 701 5113 de
724 5049 939 5113 lucarnationis
962 5051 1118 5132 mysterio,
1142 5068 1210 5113 cum
1232 5071 1272 5114 ex
1293 5069 1400 5116 sacrae
1423 5055 1593 5138 scripturae

221 5156 324 5220 verbis
347 5161 489 5220 contexta
517 5157 593 5235 sint,
621 5173 662 5218 ne
692 5155 791 5219 lovem
822 5154 940 5236 quidem
968 5162 1202 5237 repraesentant
1236 5157 1370 5220 umbram
1395 5156 1595 5226 Nestorianae
