4525 6034
520 575 575 650 ot
608 572 1001 653 utstottltotuh
1033 575 1276 653 LITURGIIS.
1512 577 1584 650 571

218 760 393 853 adjiciatur
418 768 647 834 trcoaraotcos
680 786 726 836 eo
751 761 887 856 Spiritu
919 766 1039 835 sancto
1073 769 1150 833 tuo:
1185 785 1271 858 quae
1305 784 1373 841 non
1409 774 1525 836 extant
1555 768 1590 837 in

220 874 346 949 duabus
373 879 466 952 aliis:
498 902 608 975 neque
633 883 667 950 in
693 879 863 975 plerisque
890 878 1060 976 Syriacis,
1092 887 1160 980 aut·
1174 878 1322 974 Copticis
1349 877 1589 966 Jacobitarum,

219 1001 276 1064 aut
299 993 550 1084 Melcbitarum;
582 1018 692 1090 neque
717 999 750 1066 in
778 995 939 1081 Graecis,
975 1005 1210 1090 praeterquam
1236 998 1270 1067 in
1295 994 1449 1086 Liturgia
1470 993 1589 1091 Chry-

219 1113 367 1183 sostomi.
419 1111 514 1185 Haec
541 1116 639 1183 etiam
665 1122 745 1184 nota
771 1134 840 1184 non
867 1110 964 1183 dubia
992 1115 1193 1206 antiquitatis
1220 1121 1286 1183 est:
1312 1133 1389 1183 nam
1410 1107 1589 1182 Nestorius

218 1224 334 1299 sedem
367 1224 767 1324 Constantinopolitanam
811 1231 926 1316 tenuit,
963 1226 1019 1299 ubi
1051 1227 1136 1299 baec
1170 1226 1322 1320 Liturgia
1356 1225 1588 1322 usurpabatur.

218 1340 274 1414 Ex
299 1342 356 1416 illa
382 1347 483 1437 igitur
508 1344 690 1417 verisimile
717 1355 779 1434 est,
807 1345 966 1417 translata
992 1343 1096 1418 luisse
1122 1343 1178 1415 illa
1204 1344 1324 1432 verba,
1352 1365 1438 1438 quae
1461 1346 1493 1414 in
1516 1341 1590 1415 aliis

218 1481 285 1531 non
312 1459 485 1552 legentum
511 1461 611 1557 idque
636 1460 762 1534 lactum
788 1464 896 1533 statim
923 1485 942 1533 a
969 1465 1084 1556 primis
1110 1459 1261 1533 Nestorii
1294 1456 1482 1554 discipulis,
1514 1479 1589 1528 cum

218 1578 314 1648 ritum
348 1600 446 1671 quem
480 1577 767 1673 Constantinopoli
800 1577 1001 1667 didicerant,
1037 1579 1308 1649 conservassent
1366 1577 1478 1670 Atque
1512 1574 1590 1646 inde

218 1690 373 1767 fortassis
399 1692 558 1767 Nestorio
587 1692 742 1766 attributa
770 1703 822 1766 est
839 1693 955 1766 eadem
973 1692 1136 1785 Liturgia,
1165 1693 1253 1788 quod
1280 1692 1321 1765 ab
1350 1713 1392 1763 eo
1420 1700 1477 1763 aut
1501 1711 1590 1785 pro-

217 1812 318 1883 ximis
345 1813 418 1904 ojus
446 1808 613 1906 discipulis
641 1810 758 1882 tradita
784 1808 910 1882 luisset.
960 1807 1056 1880 Sane
1081 1808 1166 1880 baec
1191 1819 1290 1898 nota,
1325 1830 1469 1899 magnae
1498 1809 1590 1877 anti-

218 1929 368 2020 quitatis,
404 1939 439 2000 ct
470 1930 610 2019 originis
646 1926 687 1998 ab
720 1926 876 1999 Ecclesia
908 1924 1273 2021 Constantinopolitano
1309 1922 1486 2010 deductae,
1523 1942 1590 1992 non

217 2043 493 2115 contemnendam
520 2045 727 2116 autoritatem
763 2042 879 2115 habet:
916 2044 1015 2113 etiam
1051 2044 1079 2113 si
1114 2040 1273 2114 Nestorio
1307 2038 1391 2111 baec
1426 2041 1533 2110 oratio
1569 2061 1590 2109 a

216 2160 287 2231 suis
315 2160 536 2232 sectatoribus
564 2159 743 2232 tribuatur:
771 2183 845 2231 cum
872 2162 905 2229 in
931 2158 987 2230 illa
1013 2180 1122 2252 neque
1143 2157 1304 2246 Nestorii,
1329 2178 1440 2251 neque
1457 2154 1590 2227 Nesto·

214 2276 384 2346 rianorum
410 2275 535 2362 verba,
570 2276 631 2349 sed
658 2275 909 2372 Chrysostomi,
937 2286 971 2347 et
995 2273 1173 2346 Ecclesiae
1200 2270 1589 2369 Constantinopolitanae
1622 2291 1626 2298 ·

215 2401 450 2485 agnoscantur.
505 2393 655 2464 Tandem
689 2396 839 2487 mauvis
872 2394 1058 2464 novitatem
1092 2391 1236 2485 aliquam
1269 2412 1351 2487 prae
1386 2410 1424 2460 se
1450 2386 1589 2478 ferrent,

215 2517 250 2579 et
276 2507 317 2581 ab
345 2509 408 2580 illis
435 2507 613 2581 haereticis
639 2509 826 2581 introducta
851 2507 907 2580 illa
934 2508 1075 2580 luissent
1106 2505 1184 2580 nihil
1217 2507 1294 2578 inde
1330 2507 1493 2600 sequitur,
1525 2504 1588 2574 nisi

215 2623 305 2719 quod
331 2635 380 2722 tot
406 2624 478 2698 aliis
507 2629 710 2718 argumentis
736 2625 900 2697 adversus
926 2624 1155 2714 Protestantes
1182 2622 1371 2710 coniicitur,
1404 2619 1588 2692 doctrinam

214 2740 258 2813 de
283 2762 367 2814 vera
395 2753 429 2814 et
454 2741 660 2815 substantiali
687 2741 926 2813 elementorum
951 2743 985 2811 in
1012 2761 1135 2835 corpus
1172 2751 1205 2812 et
1239 2739 1436 2829 sanguinem
1464 2734 1588 2808 Christi

215 2861 507 2946 transmutatione,
535 2880 603 2929 non
630 2857 718 2952 apud
742 2878 806 2930 nos
833 2867 943 2928 natam
975 2854 1098 2943 luisse,
1135 2863 1169 2927 et
1202 2862 1424 2952 propagatam
1457 2853 1585 2925 decimo

214 2974 346 3047 demum
373 2973 527 3060 saeculo,
555 2973 616 3047 sed
643 2976 830 3068 quingentis
857 2976 989 3045 circiter
1016 2975 1110 3044 annis
1137 2974 1254 3069 prius,
1279 2992 1347 3043 non
1373 2969 1473 3042 modo
1501 2974 1588 3042 inter

214 3089 452 3179 orthodoxos,
480 3089 540 3163 sed
566 3091 665 3161 etiam
692 3092 778 3160 inter
803 3088 990 3162 haereticos
1016 3092 1063 3159 ita
1088 3090 1258 3181 viguisse,
1290 3095 1326 3158 ut
1351 3108 1426 3157 cum
1451 3088 1485 3155 in
1513 3084 1586 3159 aliis

212 3206 291 3279 fidei
317 3206 481 3302 capitibus
508 3216 668 3294 errarent,
696 3205 783 3276 istud
810 3208 1076 3280 constantissime
1102 3215 1199 3276 extra
1217 3203 1405 3276 Ecclesiam
1431 3205 1586 3273 retinue-

212 3325 297 3411 rint,
332 3321 421 3416 quod
445 3327 480 3393 in
506 3344 547 3394 ea
575 3322 766 3394 didicerant.
819 3321 857 3394 ld
884 3325 982 3394 etiam
1008 3323 1146 3414 majoris
1173 3322 1330 3392 momenti
1361 3329 1413 3391 est
1444 3323 1478 3391 in
1509 3318 1588 3392 Ne·

214 3440 393 3530 storianis,
420 3442 497 3533 quia
522 3448 674 3511 veterum
700 3437 864 3526 nonnulli,
892 3438 981 3532 quod
1003 3437 1045 3509 dc
1066 3435 1274 3509 Eucharistia
1298 3441 1405 3511 minus
1425 3437 1587 3530 religioso

213 3558 375 3628 sentirent
395 3580 457 3630 eos
478 3566 732 3647 accusaverunt,
760 3557 854 3646 cujus
877 3564 987 3626 tamen
1008 3553 1094 3627 labis
1113 3556 1293 3646 vestigium
1314 3577 1358 3626 ne
1379 3553 1584 3627 levissimum

211 3671 346 3766 'quidem
373 3682 531 3769 apparet:
566 3675 633 3743 imo
668 3694 735 3743 uon
770 3671 868 3743 modo
897 3675 1109 3743 mutationem
1137 3670 1374 3744 elementomm
1401 3674 1435 3742 in
1462 3693 1586 3767 corpus

213 3796 249 3859 et
275 3792 471 3880 sanguinem
495 3788 616 3863 Christi
642 3790 823 3883 perspicue,
837 3787 936 3860 docet
952 3787 1045 3860 Elias
1069 3783 1273 3877 Catholicus,
1301 3785 1469 3859 ordinatus
1497 3809 1584 3858 anuo

211 3902 243 3974 J.
272 3902 311 3977 C.
336 3904 548 3978 MCLXXV:
576 3904 636 3977 sed
663 3926 738 3976 eam
766 3926 843 3977 esse
869 3904 1080 3975 substantioe
1107 3907 1144 3974 ia
1169 3901 1403 3994 substantiam,
1434 3915 1469 3975 ut
1494 3915 1586 3999 patet

212 4022 360 4111 exejus
387 4024 593 4111 testimonio,
620 4021 709 4116 quod
736 4019 814 4092 alibi
840 4020 980 4094 relatum
1007 4031 1068 4093 est.

316 4137 407 4209 XIX.
434 4140 470 4211 ln
498 4137 615 4211 codice
642 4137 737 4210 Elias
764 4137 958 4211 Sacerdotis
982 4138 1157 4229 Liturgiae
1183 4136 1330 4209 Nestorii
1370 4136 1583 4229 subjungun-
1655 4153 1850 4207 senectutem
1880 4157 1907 4207 ru

210 4263 266 4324 tur
293 4252 450 4327 diversae
476 4253 554 4326 illae
580 4254 849 4345 benedictiones,
882 4254 999 4350 quibos
1033 4253 1175 4350 populus
1201 4264 1280 4350 post
1305 4253 1474 4325 celebrata
1501 4239 1648 4350 mystne
1666 4239 1804 4309 ttrurgue.

210 4372 315 4443 steria
342 4368 427 4443 solet
454 4370 588 4464 dimitti;
621 4382 654 4444 et
685 4371 814 4444 illarum
840 4375 1038 4468 praecipuas
1071 4380 1304 4466 repraesentat
1338 4370 1442 4442 Missa
1468 4369 1583 4443 hiala-

210 4484 336 4573 barica,
365 4510 464 4581 quae,
490 4498 526 4560 ut
551 4488 706 4577 diximus,
733 4490 847 4560 versio
875 4500 928 4561 est
953 4491 1080 4583 primae
1107 4510 1207 4582 quam
1229 4499 1352 4560 vocant
1377 4486 1584 4559 Sanctorum
1678 4497 1680 4502 ’

209 4603 464 4696 Apostolorum.
515 4604 566 4676 lta
591 4607 625 4676 in
652 4604 837 4700 exemplari
864 4603 952 4698 quod
972 4603 1025 4674 bic
1042 4603 1196 4676 Lutetiae
1222 4627 1282 4678 sua
1303 4626 1401 4676 manu
1428 4608 1582 4699 scripse-

208 4730 266 4791 rat
297 4719 467 4793 Sacerdos
504 4719 691 4820 Cbaldaeus
723 4718 938 4808 Abdelabad,
979 4724 1053 4792 sive
1090 4720 1304 4810 Dominicus,
1352 4742 1467 4794 omnes
1508 4721 1581 4793 ibas

209 4833 462 4910 benedictiones
489 4837 660 4931 adjecerat
684 4841 812 4932 primae
837 4836 884 4908 illi
908 4837 1092 4929 Liturgiae.
1145 4839 1183 4911 ln
1210 4837 1326 4912 codice
1345 4837 1482 4934 losephi
1508 4840 1581 4911 Pa-

209 4950 377 5024 triarcbae
403 4953 552 5026 similiter
579 4958 785 5026 omittuntur:
820 4963 921 5050 atque
951 4953 1029 5026 inde
1055 4953 1128 5027 illas
1155 4954 1198 5026 ad
1222 4953 1406 5046 Liturgiom
1432 4952 1580 5027 Nestorii

208 5087 281 5140 non
306 5071 476 5163 pertinere
502 5069 710 5144 manifestum
737 5080 798 5143 est

264 5205 350 5249 tomus
363 5206 387 5248 n
1070 5275 1077 5290 ι
1323 5187 1371 5270 75
