4525 6034
720 591 1260 671 laciniosius.
1589 592 1664 666 coa
1793 537 1798 543 ⁴

290 781 488 855 Alexandri
500 781 734 852 Putriurcbue
749 780 999 865 Alexandrini,
1018 782 1077 873 qui
1087 782 1155 872 suit
1170 800 1362 850 woarnero
1377 777 1435 848 illo
1451 775 1664 851 cccxvflt.

291 900 326 972 le
353 905 464 969 aulem
489 902 597 969 vetuit
622 920 666 969 oe
692 898 854 989 deinceps
879 896 1124 966 Patricrcbum
1150 894 1354 987 Presbyteri
1385 901 1555 965 crearent.
1608 892 1665 965 Ex

288 1018 467 1086 autoritate
493 1023 560 1086 mm
586 1012 685 1100 futili,
712 1013 861 1086 loannes
888 1010 1053 1083 Seldenus
1083 1008 1275 1109 παράδοξα
1308 1011 1373 1083 duo
1410 1013 1491 1083 satis
1527 1009 1664 1106 probari

288 1132 515 1202 existimavit:
545 1129 578 1201 1.
606 1128 694 1223 quod
711 1127 960 1200 Alexandrinus
987 1126 1181 1200 Patriarcba
1207 1127 1455 1223 aPresbpteris
1482 1127 1664 1220 eligeretur

290 1256 325 1318 et
351 1256 624 1319 consecraretur:
653 1247 687 1316 2.
714 1243 802 1340 quod
828 1242 913 1316 baec
940 1243 1102 1315 ordinatio
1127 1243 1207 1315 nibil
1233 1243 1319 1315 aliud
1347 1255 1438 1316 esset
1465 1266 1563 1339 quam
1590 1246 1663 1339 ipsa

291 1360 424 1435 electio.

395 1476 484 1550 XXl.
540 1477 637 1563 Quae
663 1475 739 1547 inde
772 1487 888 1548 contra
922 1476 1104 1568 legitimam
1140 1487 1174 1548 et
1204 1458 1462 1549 vetustissimum
1490 1499 1551 1572 per
1576 1474 1663 1572 Epi·
1724 1500 1827 1554 Semoni
1846 1502 1879 1556 us
1896 1520 1927 1557 aa
1942 1505 1989 1571 ju-

290 1617 471 1690 sccporum
512 1616 629 1665 manus
667 1593 908 1665 ordinationem
949 1595 981 1663 in
1020 1592 1134 1663 libello
1175 1592 1218 1663 de
1259 1591 1450 1684 Originibus
1488 1592 1666 1666 Ecclesiae
1679 1587 1773 1639 uictum
1792 1589 1924 1643 ‘0¹0¹15‘0f·

292 1708 545 1781 Alexandrinae
572 1708 661 1780 edito
687 1708 830 1781 Londini
859 1707 970 1783 1642.
997 1709 1237 1804 prolixissime,
1263 1730 1358 1780 more
1384 1730 1446 1781 suo
1475 1707 1665 1805 disputavit,

288 1827 360 1916 jam
388 1848 407 1895 a
434 1823 543 1895 multis
569 1823 712 1895 refutata
740 1835 831 1912 sunt,
858 1835 893 1895 et
924 1822 988 1896 boc
1015 1846 1081 1896 uno
1117 1833 1313 1916 argumento
1347 1828 1429 1897 satis
1460 1823 1667 1918 refelluntur,

291 1939 383 2035 quod
420 1963 439 2010 a
474 1942 604 2010 nemine
642 1939 749 2012 simile
791 1938 967 2036 quidquam
1005 1942 1108 2012 literis
1148 1939 1311 2036 proditum
1353 1950 1414 2011 est
1473 1937 1665 2012 Absurdum

291 2068 403 2129 autem
429 2076 569 2151 prorsus
602 2055 735 2127 videtur
761 2059 953 2128 existimare
979 2056 1145 2129 bominem
1172 2060 1205 2127 iu
1239 2058 1402 2153 Aegypto
1435 2066 1547 2128 natum
1581 2077 1666 2127 sae-

290 2172 369 2245 culo
397 2172 538 2258 decimo,
566 2181 599 2243 et
625 2175 658 2242 iu
684 2170 781 2244 iaece
809 2172 974 2244 Graeciae
1001 2172 1183 2265 barbarae,
1211 2196 1252 2244 ea
1279 2172 1322 2244 de
1344 2173 1485 2265 antiquis
1506 2169 1666 2243 Alexan-

291 2288 463 2360 drinomm
490 2289 641 2358 institutis
668 2290 828 2373 scivisse,
856 2310 995 2383 quorum
1022 2311 1065 2360 ne
1091 2290 1271 2380 vestigium
1291 2289 1420 2382 quidem
1437 2290 1471 2358 iu
1487 2295 1536 2358 tot
1551 2285 1666 2357 Atha-

289 2407 380 2476 nasii
406 2425 541 2474 causam
568 2405 792 2497 spectantibus
821 2409 904 2477 actis
931 2414 965 2476 et
991 2405 1160 2500 epistole,
1187 2415 1301 2499 totque
1328 2404 1401 2476 aliis
1419 2400 1666 2473 Ecclesiasticis

291 2522 513 2594 monumentis
546 2531 714 2615 appareat
768 2522 839 2594 lmo
871 2544 981 2617 neque
1014 2526 1087 2617 ipse
1117 2530 1274 2594 constare
1306 2518 1438 2591 videtur
1471 2515 1557 2607 sibi,
1592 2539 1667 2589 cum

293 2634 509 2731 disciplinae,
537 2658 634 2730 quam
661 2636 783 2726 refert,
810 2660 853 2709 ne
880 2660 979 2709 unum
1007 2638 1139 2732 quidem
1167 2635 1355 2732 exemplum
1370 2642 1545 2731 proponat.
1586 2634 1666 2705 Au-

290 2759 402 2821 lorem
426 2773 531 2845 opere
555 2753 716 2845 singulari
738 2752 860 2825 refellit
879 2752 1090 2826 Abrubumus
1105 2752 1312 2826 Echellensis
1332 2751 1510 2838 Maronita,
1539 2753 1592 2821 cui
1619 2752 1667 2821 ti-

290 2865 394 2936 tulum
422 2865 528 2958 dedit,
553 2868 715 2961 Entgcbii
740 2871 907 2941 vindicati
914 2922 924 2959 ,
965 2881 998 2941 et
1032 2873 1065 2940 in
1092 2889 1159 2964 quo
1186 2867 1321 2941 Saldeui
1349 2869 1569 2960 ignorantiam
1600 2878 1667 2938 tam

289 2980 402 3054 solide
429 2982 648 3076 demonstrat,
674 2995 709 3057 ut
736 2988 846 3058 mirari
872 2987 973 3058 liceat
1000 3008 1059 3057 cur
1085 2986 1337 3074 Protestantes,
1373 2984 1476 3076 Angli
1503 3003 1667 3079 praeser-

290 3100 370 3185 tim,
405 3101 465 3170 aix
496 3098 582 3173 illius
608 3104 824 3174 meminerint.
884 3102 980 3188 Quae
1013 3101 1055 3173 ad
1087 3100 1210 3193 dogma
1242 3099 1484 3193 Theologicum
1518 3097 1667 3171 Ordina-

289 3214 394 3286 tiouis
420 3237 486 3287 nou
515 3215 611 3288 aliter
636 3216 827 3290 celebratae
860 3241 957 3312 quam
984 3240 1045 3313 per
1071 3219 1316 3312 impositionem
1343 3237 1496 3288 manuum
1515 3212 1668 3310 Episco-

289 3350 431 3425 porum,
459 3343 492 3403 et
517 3332 695 3406 falsitatem
723 3337 905 3431 opinionis,
932 3357 1030 3429 quam
1057 3336 1090 3405 in
1117 3334 1223 3405 Aerio
1251 3342 1285 3404 et
1310 3334 1426 3428 paucis
1462 3329 1534 3403 aliis
1561 3328 1669 3400 sancti

290 3446 414 3518 Patres
440 3447 624 3523 haereseos
649 3449 901 3540 damnaverunt,
927 3461 1067 3545 possent
1092 3452 1279 3546 pertinere,
1315 3470 1374 3537 aa,
1407 3469 1483 3520 cum
1509 3444 1551 3517 ad
1583 3443 1668 3515 haue

290 3562 573 3636 Dissertationem
599 3588 667 3638 nou
693 3576 864 3661 spectent,
897 3565 1082 3639 referemus
1110 3564 1243 3652 inille,
1280 3587 1345 3659 qua
1373 3584 1489 3635 sacras
1517 3559 1666 3633 Ordina-

289 3681 406 3749 tiones
432 3680 605 3775 explicare
631 3680 834 3754 conabimur.
888 3682 985 3766 Quae
1011 3681 1183 3754 historiam
1209 3679 1402 3775 disciplinae
1432 3677 1475 3751 ad
1493 3675 1668 3769 eligendos

291 3804 331 3864 et
358 3796 605 3869 consecrandos
631 3796 842 3870 Patriarcbas
869 3807 1038 3893 spectant,
1064 3802 1181 3892 paucis
1209 3817 1427 3891 exponemus.

399 3910 505 3982 XXII.
557 3911 709 3984 Electum
736 3912 960 3985 Patriarcbam
988 3936 1033 3985 ex
1064 3913 1343 4007 Presbyterorum
1377 3911 1521 4004 collegio
1557 3906 1665 3979 tradi-
1713 3928 1989 3986 elnonensium·-

290 4024 342 4096 dit
368 4024 611 4122 Hieronymus,
638 4030 731 4119 cujus
759 4031 918 4101 autoritas
945 4031 1051 4121 major
1078 4039 1130 4101 est
1157 4050 1254 4123 quam
1281 4025 1454 4122 Eutycbii,
1489 4035 1588 4121 atque
1621 4026 1665 4096 ita
1680 4035 1742 4071 “¹¹¹¹-

286 4140 418 4213 lactum
444 4141 621 4236 aliquando
647 4144 739 4215 credi
765 4154 894 4239 potest,
922 4148 988 4217 imo
1015 4144 1195 4217 secundum
1221 4164 1429 4216 communem
1461 4139 1667 4236 disciplinam

285 4257 377 4348 fuit,
401 4269 438 4330 ut
462 4257 622 4355 Episcopi
650 4282 695 4332 ex
722 4265 826 4356 ipsius
852 4260 1043 4347 Ecclesiae,
1070 4263 1104 4330 in
1130 4282 1196 4355 qua
1222 4282 1284 4355 per
1310 4258 1551 4331 ordinationem
1587 4256 1667 4328 alli-

286 4379 365 4467 gati
391 4384 504 4466 erant,
531 4380 661 4467 gremio
689 4375 960 4465 adsumerentur,
989 4374 1076 4469 quod
1101 4372 1224 4447 iactum
1252 4384 1304 4447 est
1329 4376 1362 4444 iu
1389 4371 1539 4445 omnibus
1561 4372 1668 4444 ierme

284 4489 476 4579 Ecclesiis,
504 4496 602 4563 eiam
630 4514 676 4563 ex
703 4516 768 4587 quo
795 4513 951 4584 magnum
977 4489 1216 4563 Ecclesiastica
1244 4488 1417 4586 disciplina
1439 4487 1669 4559 detrimentum

287 4610 442 4703 accepit,
469 4629 576 4702 eaque
603 4607 708 4680 adbuc
734 4608 852 4700 regula
880 4607 1081 4679 observatur
1106 4609 1141 4677 in
1154 4605 1362 4679 Germanicis
1379 4600 1554 4699 Capitulis,
1582 4626 1688 4699 quae-

281 4726 347 4815 jus
374 4722 603 4814 eligendomm
628 4723 874 4819 Episcopomm
900 4732 1118 4811 conservant,
1145 4731 1182 4792 ut
1206 4721 1408 4818 Episcopus,
1435 4729 1670 4815 praeterquam

287 4860 342 4909 ex
367 4837 543 4910 Ecclesiae
569 4843 719 4931 gremio,
747 4838 825 4930 eligi
851 4859 950 4909 nemo
977 4842 1094 4932 possit.
1148 4838 1275 4910 Verum
1306 4858 1417 4931 neque
1448 4836 1669 4931 Hieronymo,

282 4975 407 5048 neque
432 4955 497 5027 illis
524 4954 695 5027 autoribus
722 4953 844 5026 dictura
870 4962 938 5042 est,
966 4963 1023 5025 aut
1055 4955 1149 5025 venit
1180 4957 1214 5024 in
1249 4959 1410 5039 mentem,
1444 4950 1670 5047 Presbyteros

287 5069 472 5145 ordinasse
497 5070 711 5168 Episcopum.
766 5066 850 5142 cum
877 5069 965 5139 enim
992 5091 1034 5141 eo
1061 5073 1138 5165 ipso
1164 5069 1242 5141 loco
1270 5089 1368 5164 quem
1401 5078 1523 5161 urgent
1553 5077 1670 5139 tanto-

1379 5184 1463 5261 61*
