4525 6034
709 565 786 640 464
991 597 997 608 ·
1213 566 1572 700 illittitlt

708 755 874 848 impietate
901 755 1094 848 permistas,
1124 763 1159 826 et
1184 754 1333 850 pericula
1359 758 1584 828 sustinuerunt
1609 763 1746 852 propter
1772 759 1940 828 veritatem
1964 766 2042 829 tuarn

707 867 842 940 Illorum
868 880 1047 958 memento,
1073 869 1229 958 Domine,
1256 881 1291 942 et
1316 872 1409 944 effice
1436 882 1473 945 ut
1496 873 1579 967 ipsis
1605 870 1729 944 similes
1756 871 1942 960 evadamus,
1969 880 2045 945 utin

711 1007 826 1058 mensa
854 1009 951 1082 ιιιιιιι
977 986 1075 1059 nobis
1100 997 1322 1081 paraverumt,
1357 986 1439 1061 hora
1473 1009 1679 1083 quacumque
1712 988 1896 1083 epulemur,
1929 999 2046 1060 etcum

709 1100 773 1173 illis
799 1113 879 1197 potu
905 1106 997 1175 vitae
1024 1125 1122 1197 quem
1150 1114 1436 1202 praeparaverunt
1468 1102 1583 1191 nobis,
1615 1106 1788 1192 satiemur,
1821 1114 1855 1175 ut
1889 1104 2047 1196 agminibus

710 1239 825 1289 eorum
853 1221 989 1306 sociati,
1025 1229 1058 1290 et
1083 1221 1170 1290 inter
1196 1229 1312 1292 coetus
1340 1242 1456 1293 eorum
1481 1219 1676 1307 floreamus,
1713 1220 1918 1316 hymnosque
1942 1220 2048 1313 gloriae

708 1356 867 1408 canamus
894 1335 964 1422 tibi,
990 1334 1145 1420 Domine,
1173 1346 1206 1407 et
1230 1334 1328 1426 Filio,
1355 1348 1389 1409 et
1415 1336 1552 1433 Spiritui
1578 1347 1705 1410 sancto.

811 1452 973 1544 Populus.
1024 1452 1146 1524 Amen.

811 1567 988 1641 Sacerdos
1012 1569 1203 1648 inclinatos.
1240 1570 1306 1641 Per
1332 1569 1533 1643 oblationem
1559 1568 1645 1642 hanc
1670 1569 1801 1666 planam
1830 1571 1929 1657 vitae,
1953 1581 1984 1641 et
2003 1592 2052 1665 per

708 1683 906 1758 sacrificium
932 1682 995 1756 hoc
1022 1696 1188 1772 sanctum,
1222 1697 1356 1781 praesta
1382 1687 1527 1760 Domine
1557 1689 1748 1758 memoriam
1775 1686 1899 1759 bonam
1924 1686 2051 1758 omuibus

709 1799 873 1872 delnuctis
899 1798 1060 1888 fidelihus,
1087 1800 1162 1873 liliis
1187 1801 1364 1875 Ecclesiae
1390 1813 1526 1875 sanctae
1545 1801 1772 1890 Orthodoxae,
1799 1801 1843 1873 ad
1867 1802 1967 1873 altare
1981 1814 2052 1873 ιιιιιι

708 1916 897 2013 spirituale,
933 1929 966 1990 et
993 1918 1098 1991 coelis
1125 1919 1312 2008 excelsius,
1339 1919 1529 1991 concedens
1557 1918 1620 1990 illis
1648 1921 1780 1990 veniam
1817 1917 2001 1990 delictorum
2027 1927 2053 1989 et
2096 1965 2105 1980 ·

707 2037 939 2106 remissionem
965 2045 1197 2129 peccatorum3
1224 2038 1404 2131 praecipue
1430 2057 1515 2107 vero
1542 2036 1586 2105 N.
1613 2036 1658 2106 N.
1685 2035 1730 2106 N.

811 2148 987 2221 Sacerdos
1011 2149 1151 2222 'eleooae
1175 2173 1300 2222 cocere
1358 2152 1444 2237 Quia
1471 2161 1504 2223 ιιι
1531 2162 1759 2223 remunerator
1785 2172 1914 2246 aequus
1940 2171 1985 2242 ee,
2005 2153 2055 2221 ui-

708 2288 827 2337 vorum
855 2276 888 2337 et
914 2276 1130 2355 mortuorum,
1158 2277 1257 2362 atqua
1283 2269 1316 2338 in
1343 2266 1494 2340 manibus
1517 2270 1580 2339 tuis
1600 2271 1699 2363 positi
1721 2277 1797 2340 sunt
1817 2270 1952 2363 spiritus
1968 2270 2054 2338 omnis

709 2385 829 2456 caruis.
890 2382 941 2453 'le
972 2405 1129 2476 rogamus
1162 2385 1305 2457 Domine
1336 2407 1398 2481 pro
1432 2384 1603 2473 omnibus,
1638 2386 1691 2479 qui
1720 2388 1817 2477 jussu
1854 2394 1911 2454 tuo
1937 2406 1979 2455 ex
2001 2388 2055 2453 vita

708 2496 772 2571 hac
799 2498 972 2594 temporali
998 2498 1095 2571 soluti
1122 2510 1209 2590 sunt,
1236 2504 1291 2597 qui
1317 2503 1349 2571 iu
1376 2500 1441 2573 lide
1467 2499 1656 2573 orthodoxa
1679 2504 1921 2592 migraverunt,
1945 2509 1978 2570 ut
1993 2521 2055 2570 me-

708 2617 843 2687 mineris
877 2638 993 2689 eorum
1028 2638 1090 2712 per
1123 2616 1387 2690 misericordiam
1418 2628 1524 2703 tuam,
1560 2627 1595 2688 et
1629 2616 1789 2689 exaudias
1824 2619 1927 2688 etiam
1956 2637 2055 2712 preces

708 2741 842 2803 nostras
862 2754 925 2826 pro
947 2732 1022 2820 illis,
1048 2755 1159 2828 neque
1176 2732 1330 2826 neghgas
1353 2732 1621 2829 deprecationem
1646 2742 1794 2806 nostram
1812 2731 1947 2805 illorum
1961 2754 2055 2818 causa,

709 2851 785 2942 quia
812 2848 855 2919 ad
881 2852 1058 2942 imaginem
1084 2852 1214 2941 regiam
1240 2861 1328 2922 tuam
1356 2853 1461 2922 creati
1486 2861 1573 2939 sunt,
1600 2849 1661 2922 sed
1687 2872 1789 2944 parce
1816 2849 1885 2922 illis
1911 2871 1971 2947 per
1986 2871 2055 2941 gra-

707 2968 785 3036 tiam
813 2974 916 3053 mem,
951 2968 1091 3059 ignosce
1118 2965 1182 3038 illis
1209 2966 1389 3039 secundnm
1422 2963 1629 3037 clementia‘m
1663 2974 1766 3037 mam:
1802 2965 1905 3037 indue
1937 2966 2005 3038 illos
2030 2967 2056 3033 in

685 3080 956 3154 ‘tabernaculum
982 3091 1084 3173 tuum,
1111 3082 1218 3175 dirige
1233 3104 1306 3176 'eos
1334 3081 1376 3154 ad
1403 3093 1447 3173 te,
1474 3083 1619 3175 adjunge
1646 3081 1720 3155 illos
1749 3081 1923 3155 ordinibus
1944 3080 2057 3154 militiae

708 3197 877 3288 coelestis,
904 3198 959 3271 uhi
985 3198 1116 3294 hymnis
1144 3199 1342 3287 celebratur,
1369 3208 1403 3271 et
1428 3198 1633 3292 glorificatur
1654 3202 1845 3291 unigenitus
1862 3195 1965 3270 Filius
1987 3209 2056 3280 tuus,

708 3323 743 3386 et
768 3313 891 3410 hymno
927 3318 960 3386 in
993 3316 1152 3387 circulum
1183 3315 1343 3389 redeunte
1376 3314 1556 3388 honoratur
1588 3324 1621 3385 et
1653 3314 1832 3387 extollitur.
1888 3314 2057 3387 Βοιιιιιιιι

709 3434 951 3526 promissiones
977 3434 1053 3524 ejus
1078 3432 1119 3505 ad
1146 3453 1210 3505 nos
1243 3431 1368 3524 lactas,
1403 3453 1575 3529 speramus
1608 3433 1873 3505 misericordiam
1906 3430 2057 3523 consequi,

708 3557 743 3618 et
767 3549 996 3620 remissionem
1022 3557 1248 3643 peccatorum,
1281 3558 1345 3620 tam
1372 3549 1469 3622 nohis
1496 3571 1592 3644 quam
1619 3551 1711 3643 ipsis.

810 3662 973 3757 Populus.
1026 3664 1179 3751 Quietem
1204 3674 1350 3760 praesta.
1419 3719 1421 3724 .

813 3780 996 3851 Sacerdos.
1046 3780 1097 3852 'l'u
1125 3784 1180 3876 qui
1206 3780 1401 3854 abscondita
1429 3784 1622 3872 cognoscis,
1649 3791 1683 3853 et
1707 3781 1843 3853 latentia
1872 3783 2057 3870 iuvesb'gas:

709 3898 765 3990 qui
790 3895 923 3968 dimittis
950 3918 991 3966 ea
1018 3918 1104 3990 quae
1130 3900 1323 3993 insipienter
1349 3901 1525 3970 commisse
1552 3891 1637 3985 sunt,
1665 3908 1699 3970 et
1723 3896 1899 3974 condonas
1925 3918 2058 3993 praeua-

708 4014 901 4084 ricationes:
936 4012 1079 4084 Domine
1111 4035 1174 4108 per
1201 4012 1408 4085 clementiam
1435 4025 1469 4085 et
1494 4014 1752 4086 misericordiam
1780 4023 1895 4102 tuam,
1928 4010 2015 4085 aufer
2042 4030 2058 4078 a

708 4127 807 4204 nohis
829 4133 947 4222 jugum
972 4125 1186 4223 peccatorum
1212 4138 1413 4218 nostrornm,
1440 4140 1474 4200 et
1496 4152 1619 4202 amove
1636 4151 1697 4225 per
1719 4132 1863 4222 gratiam
1886 4140 1973 4199 tuam
1991 4147 2057 4196 sar-

708 4248 801 4317 cinas
828 4256 861 4317 et
887 4267 991 4318 onera
1017 4248 1275 4342 insipientiorem
1303 4259 1508 4335 nostrarum,
1543 4245 1802 4317 voluntariarum
1831 4254 1890 4317 aut
1915 4241 2058 4316 inuoluu-

708 4365 884 4452 tariarum,
911 4373 1062 4435 notarum
1090 4372 1123 4434 et
1149 4366 1354 4454 ignotarum,
1381 4362 1627 4434 manifestarum
1655 4372 1688 4432 et
1713 4372 1942 4446 secretarum,
1968 4379 2057 4455 prae·

707 4481 812 4553 sentis
840 4490 873 4551 et
900 4481 1022 4574 antiqui
1048 4480 1225 4574 temporis,
1261 4489 1294 4550 et
1328 4499 1494 4550 conserva
1529 4500 1592 4551 nos
1626 4502 1645 4549 a
1676 4482 1825 4576 peccatis
1861 4480 1896 4548 iu
1922 4476 2057 4554 nurum

709 4591 828 4686 dignos
861 4595 1005 4670 efficiens
1038 4617 1100 4668 nos
1126 4594 1269 4666 Domine
1302 4595 1368 4666 line
1400 4592 1597 4685 christiano,
1633 4606 1666 4667 ct
1698 4596 1739 4669 ab
1780 4598 1872 4667 omni
1906 4594 2058 4664 criminum

707 4720 801 4782 reatu
826 4708 951 4801 lihero;
978 4720 1076 4807 atque
1101 4714 1136 4782 in
1162 4709 1354 4783 habitaculis
1381 4714 1525 4783 aeternis
1551 4712 1634 4784 lucis
1661 4734 1837 4807 supremae
1864 4733 1930 4784 nos
1961 4704 2057 4778 collo·

709 4847 810 4918 cans,
836 4838 870 4899 et
896 4850 970 4899 cum
997 4829 1093 4920 agnis
1120 4825 1163 4898 ad
1189 4826 1360 4899 dexteram
1388 4837 1474 4899 tuam
1502 4826 1681 4901 statuendis
1706 4850 1769 4900 nos
1796 4827 1968 4914 ordinans,
1997 4842 2056 4893 cun

709 4941 878 5016 ordinibus
905 4944 1103 5016 Sanctorum
1129 4955 1259 5016 tuorum
1284 4965 1348 5016 nos
1375 4944 1575 5037 adJungens,
1603 4955 1637 5016 et
1660 4948 1694 5016 in
1719 4942 1919 5016 habitaculis
1944 4944 2056 5036 piorum

708 5067 850 5153 tuorum,
880 5060 939 5134 uhi
965 5070 1000 5133 et
1025 5059 1157 5158 quando
1185 5058 1242 5132 tibi
1267 5058 1413 5157 placebit
1437 5082 1500 5134 nos
1527 5064 1744 5135 constituens:
1774 5071 1810 5133 ut
1834 5062 1870 5132 in
1898 5058 1962 5131 hoc
1985 5058 2055 5127 sicut
