4525 6034
700 579 774 655 342
891 550 897 570 ’
955 580 1083 663 norm
1107 586 1150 663 m
1175 583 1382 662 humanm
1407 585 1589 665 camum
1615 587 1646 666 s.
1672 589 1800 669 mnu.

698 768 793 850 accipi
816 774 927 849 potest.
968 770 1077 849 Primo,
1100 778 1133 833 ut
1155 787 1250 834 voces
1273 769 1343 832 illae
1364 771 1477 833 initium
1500 773 1644 837 orationis
1666 775 1764 839 solum
1786 776 1954 861 designent,
1975 782 2051 862 cujus

697 867 815 950 reliqua
838 886 909 949 pars
932 887 972 931 ex
994 870 1051 933 alia
1072 870 1209 954 Liturgia
1237 872 1300 953 peti
1330 871 1451 937 debeat.
1496 871 1649 954 Secundo,
1679 883 1712 937 ut
1739 878 1931 959 paucioribus
1960 881 2050 945 verbis

698 967 858 1032 Confessio
881 970 1043 1050 antiquitus
1066 970 1144 1032 facta
1167 969 1273 1049 fuerit,
1303 990 1363 1053 quo
1393 973 1489 1054 magis
1512 972 1550 1035 ad
1572 974 1804 1039 vetustissimam
1833 977 1913 1040 illam
1939 977 2051 1043 forman

696 1067 869 1146 accederet,
892 1086 970 1148 quae
991 1071 1193 1151 usurpabatur
1216 1071 1244 1133 in
1269 1071 1416 1153 primitiva
1439 1071 1594 1152 Ecclesia,
1622 1076 1652 1136 in
1675 1092 1734 1156 qua
1756 1074 1911 1139 dicebatur
1931 1072 2050 1141 tantun-

695 1167 799 1247 modo,
824 1166 942 1248 Corpus
964 1166 1087 1245 Christi,
1109 1169 1214 1234 Amen.
1243 1178 1275 1233 ct
1294 1171 1427 1251 Saeptis
1449 1171 1571 1253 Christi,
1601 1172 1705 1237 Anien.
1751 1174 1946 1257 Quocumque
1971 1177 2050 1240 modo

695 1268 771 1330 haec
794 1266 922 1329 formula
945 1268 1141 1350 intelligatur,
1163 1270 1312 1334 sententia
1336 1279 1383 1333 est
1405 1288 1533 1353 prorsus
1556 1270 1671 1335 eadem.
1698 1272 1774 1336 Nam
1795 1284 1917 1339 veteres
1940 1275 2051 1339 intelle-

696 1369 782 1430 xisse
802 1366 833 1428 id
856 1367 936 1448 quod
961 1368 1246 1432 communicantibus
1260 1370 1458 1452 praebebant,
1481 1389 1552 1433 esse
1566 1389 1678 1453 corpus
1701 1380 1732 1435 et
1752 1375 1928 1456 sauguinem
1941 1374 2050 1454 Christi,

610 1516 614 1522 .
695 1477 726 1530 et
747 1455 786 1530 τό
799 1466 904 1543 Amen,
927 1466 1015 1529 tidem
1031 1469 1256 1549 suscipientium
1274 1477 1415 1551 quantum
1431 1487 1509 1552 opus
1524 1478 1590 1534 crat
1606 1474 1810 1554 expressisse,
1835 1474 1956 1536 certiori
1977 1474 2050 1535 nullo

695 1573 872 1651 argumento
894 1567 1018 1648 probari
1041 1576 1152 1650 potest,
1176 1586 1263 1649 quam
1286 1569 1482 1632 enucleatiori
1512 1569 1562 1631 illa
1591 1570 1784 1634 confessione
1806 1591 1883 1653 quae
1906 1574 2051 1655 sequenti-

693 1666 751 1730 bus
780 1667 909 1730 saeculis
939 1666 1019 1747 apud
1048 1667 1220 1751 Aegyptios
1254 1668 1386 1731 instituta
1416 1676 1474 1748 est,
1498 1677 1584 1732 aucta
1607 1670 1715 1733 deinde
1738 1672 1885 1755 singulari
1914 1673 1997 1735 unius
2023 1674 2050 1735 in

696 1766 815 1830 Christo
837 1775 963 1829 naturae
986 1765 1191 1846 confessione,
1222 1785 1299 1848 quae
1329 1768 1367 1832 ab
1393 1767 1462 1830 aliis
1485 1786 1573 1849 quam
1601 1787 1618 1831 a
1647 1770 1793 1834 iacebitis
1820 1770 1972 1852 proficisci
1997 1790 2050 1835 non

693 1868 802 1946 potuit,
825 1866 880 1929 sed
903 1874 951 1929 est
973 1874 1071 1930 umen
1094 1868 1225 1948 antiqua,
1248 1886 1317 1930 cum
1340 1867 1459 1951 legatur
1481 1867 1598 1932 Graece
1620 1870 1652 1930 in
1673 1869 1788 1933 duabus
1810 1871 1914 1934 Basilii
1936 1880 1965 1933 et
1979 1872 2050 1936 Gre-

691 1968 771 2047 gorii
792 1965 937 2051 Liturgiis
970 1985 1031 2030 non
1060 1968 1159 2029 minus
1190 1986 1276 2048 quam
1300 1968 1329 2030 in
1353 1966 1495 2050 Copticis.
1540 1968 1589 2031 An
1618 1968 1683 2032 istis
1713 1970 1769 2032 hac
1793 1971 1823 2032 in
1852 1978 1956 2051 parte,
1982 1970 2051 2033 hacc

692 2067 781 2128 tertia
803 2066 908 2128 similis
932 2066 1032 2145 luerit,
1055 2067 1126 2129 sciri
1148 2084 1209 2131 non
1231 2074 1342 2149 potest.
1697 2123 1705 2139 ,
2059 2082 2063 2091 ·

780 2164 854 2229 Cum
877 2184 951 2228 vcro
974 2166 1063 2248 hujus
1086 2165 1241 2250 liturgiae
1264 2167 1423 2247 antiquitas
1446 2164 1609 2237 bidubitala
1639 2168 1693 2246 sit,
1722 2167 1894 2248 frustraque
1923 2175 2051 2231 vexatam

691 2266 772 2329 illam
795 2284 812 2328 a
835 2266 956 2329 Criticis
978 2268 1158 2348 praesertim
1178 2267 1415 2330 Protestantibus
1438 2265 1533 2330 fuisse
1556 2267 1660 2346 certis,
1682 2267 1740 2328 nisi
1761 2267 1958 2331 vehementer
1979 2267 2051 2330 lalli-

691 2384 768 2444 mur,
792 2366 977 2449 argumentis
1001 2365 1242 2442 demonstretur;
1266 2384 1330 2430 eam
1354 2384 1474 2447 quoque
1490 2367 1526 2429 ad
1540 2365 1774 2429 Alexandrinam
1796 2366 1964 2430 Ecclesiam
1985 2385 2051 2447 per-

692 2464 819 2528 tinuisse
842 2482 940 2545 aeque
963 2471 1077 2527 certum
1099 2467 1148 2544 sit,
1170 2468 1281 2529 rituum
1303 2466 1380 2529 ratio
1404 2484 1445 2528 ex
1473 2464 1608 2548 ejusdem
1635 2465 1793 2529 Ecclesiae
1816 2465 1974 2547 disciplina
1994 2468 2050 2549 peti

693 2563 794 2626 debet.
817 2562 911 2643 lllam,
934 2572 1075 2645 quantum
1098 2573 1241 2628 accurate
1263 2568 1424 2646 potuimus,
1447 2567 1477 2627 in
1501 2562 1721 2628 Commentario
1735 2565 1832 2647 primo
1853 2566 2050 2645 exposuimus,

693 2661 744 2742 qui
766 2662 804 2724 ad
826 2683 863 2726 ea
886 2664 1073 2742 elucidenda‚
1102 2683 1179 2745 quae
1210 2664 1322 2746 aliquid
1352 2665 1543 2727 obscuritatis
1571 2663 1684 2728 habere
1712 2664 1900 2743 viderentur,
1928 2665 2050 2728 sufficiet

689 2760 784 2825 Notas
806 2765 1001 2845 paucissimas
1024 2764 1133 2846 adjecit
1154 2764 1287 2828 loannes
1310 2782 1328 2827 a
1349 2766 1379 2830 S.
1402 2763 1736 2846 Andrea,‚plcrumque
1759 2780 1865 2845 parurn
1888 2772 2051 2840 accuratas3

689 2861 787 2924 nullas
809 2862 999 2945 hlargarinus
1022 2865 1166 2948 bigncus‚
1190 2866 1241 2946 qui
1262 2865 1341 2926 illam
1363 2864 1529 2947 liturgiam
1551 2863 1757 2928 Bibliothecae
1780 2863 1903 2926 latrum
1925 2863 2049 2936 inseruit,
2158 2854 2162 2869 '

689 2961 770 3043 quod
792 2961 958 3043 prudenter
979 2963 1016 3026 ab
1040 2981 1078 3026 eo
1099 2962 1211 3026 factum
1235 2970 1296 3027 est:
1327 2963 1487 3027 camillae
1516 2981 1591 3046 quas
1620 2963 1733 3046 aliquot
1761 2963 1827 3026 aliis
1849 2960 1992 3047 liturgiis
2016 2963 2050 3028 ad

689 3063 855 3146 marginem
886 3063 1042 3144 apposuit,
1071 3081 1214 3125 summam
1248 3072 1376 3147 arguant
1415 3081 1517 3126 rerum
1551 3063 1832 3127 Ecclesiasticarum
1872 3064 2049 3146 imperitiam.

690 3161 893 3244 Conjecturae
916 3169 1015 3225 autem
1038 3176 1121 3243 quas·
1137 3164 1228 3226 variis
1251 3164 1281 3226 in
1310 3164 1386 3226 locis
1410 3163 1552 3243 adhibuit,
1578 3170 1610 3226 ut
1638 3163 1744 3227 iacobi
1770 3162 1938 3247 Liturgiam
1960 3163 2050 3227 Grae-

690 3281 755 3324 cam
777 3271 808 3326 et
830 3262 904 3326 alias
926 3263 1122 3343 interpolatas
1146 3280 1216 3325 esse
1245 3262 1405 3345 probaret,
1434 3265 1613 3344 pracsertim
1642 3264 1674 3325 in
1702 3263 1901 3326 Invocatione
1930 3262 2049 3344 Spiritus

689 3363 795 3443 sancti,
820 3363 902 3426 etin
925 3361 1020 3425 forma
1043 3361 1155 3426 Christi
1177 3362 1348 3442 verborum,
1372 3382 1411 3427 ex
1433 3365 1495 3427 ista*
1516 3363 1618 3426 ultima
1640 3364 1759 3444 penitus
1780 3361 1962 3428 refutantur.
1983 3363 2049 3426 Nam

690 3462 814 3526 Grae'cis
836 3462 994 3527 Ecclesiae
1018 3462 1368 3545 Constantinopolitanae
1389 3471 1419 3525 et
1442 3463 1507 3527 aliis
1529 3462 1626 3526 eidem
1639 3462 1782 3545 subjectis
1805 3463 1911 3545 ignota
1932 3478 2048 3543 prorsus

689 3569 755 3624 erat
782 3562 877 3625 Marci
907 3563 1052 3647 liturgia,
1076 3564 1136 3626 imo
1164 3571 1195 3626 et
1217 3562 1447 3640 Alexandrinis,
1478 3560 1598 3644 quaudo
1627 3563 1747 3625 blancus
1776 3564 1842 3643 ipse
1874 3561 2048 3639 Patriarcba,

687 3661 895 3725 Balsamcnem
918 3663 956 3726 de
978 3682 1015 3726 ea
1038 3662 1253 3726 consulendum
1276 3664 1403 3742 censuit,
1426 3680 1444 3725 a
1466 3680 1526 3744 quo
1548 3665 1662 3746 rejecta
1685 3670 1743 3728 est.
1787 3660 1939 3724 Convenit
1960 3668 2048 3722 umen

686 3763 718 3823 in
739 3761 903 3825 verborum
930 3761 1056 3841 Christi,
1088 3771 1118 3826 et
1139 3748 1342 3827 invocationis
1373 3762 1468 3826 forma
1495 3760 1710 3825 cumGraecis
1742 3761 1806 3824 aliis
1834 3760 1996 3845 Liturgiis,
2021 3767 2047 3821 ct

687 3861 840 3941 plerisque
864 3860 1075 3926 Orientalibus.
1120 3862 1216 3947 lgitur
1239 3861 1308 3926 dolo
1338 3864 1427 3940 malo,
1450 3862 1624 3945 corruptela
1646 3861 1722 3924 haec
1744 3879 1832 3942 quarn
1855 3862 2046 3942 suspicantur,

687 3980 704 4022 a
728 3961 852 4025 Graecis
875 3963 1096 4025 recentioribus
1118 3964 1237 4026 invecta
1260 3982 1330 4026 esse
1353 3980 1413 4025 non
1436 3965 1543 4044 potuit,
1565 3981 1632 4025 cum
1656 3961 1774 4025 illorum
1796 3959 1928 4023 Codices
1951 3959 2047 4022 eodem

687 4060 776 4125 modo
799 4080 834 4124 se
856 4061 996 4141 habeant,
1021 4080 1081 4144 quo
1109 4062 1308 4126 Alexandrini
1336 4062 1549 4143 incubituram,
1573 4064 1603 4125 in
1627 4081 1703 4144 quos
1734 4056 2046 4142 constantinopolitani

681 4161 732 4243 jus
755 4161 869 4224 nullum
892 4162 1052 4241 habebant,
1076 4172 1106 4225 et
1135 4163 1271 4245 ipsorum
1294 4163 1538 4227 orthodoxorum
1568 4164 1618 4244 qui
1641 4161 1699 4225 illis
1722 4161 1867 4245 Liturgiis
1896 4178 1957 4223 non
1984 4166 2046 4221 utc-

685 4260 805 4341 bantur,
829 4269 861 4324 et
882 4263 934 4323 vix
956 4261 1022 4325 illas
1045 4270 1203 4326 noverant.
1248 4261 1307 4326 Sed
1338 4265 1424 4326 istam
1446 4263 1540 4325 llarci
1563 4263 1682 4326 nomine
1704 4260 1885 4343 appellatam
1908 4278 1948 4323 ex
1969 4274 2046 4322 com-

685 4360 843 4441 paratione
866 4379 934 4423 cum
956 4361 1080 4442 reliquis
1102 4361 1335 4442 Alexandrinis,
1370 4362 1584 4425 cumGraecis
1613 4361 1830 4443 antiquioribus
1858 4367 1891 4421 et
1919 4356 2044 4422 omnibus

685 4460 903 4540 Orientalibus,
926 4464 999 4524 satis
1023 4462 1150 4543 quisque
1173 4462 1332 4546 intelliget,
1354 4481 1414 4525 non
1437 4461 1525 4526 modo
1540 4481 1556 4524 a
1571 4469 1732 4538 vetustate,
1755 4459 1811 4523 sed
1832 4459 1870 4521 ab
1893 4476 1951 4522 usu
1964 4454 2045 4519 Clui-

684 4561 852 4625 stianorum
876 4560 1109 4645 Aegyptiorum,
1132 4569 1163 4624 et
1186 4561 1396 4626 coufcrmitatc
1411 4565 1580 4626 orationum
1597 4569 1629 4625 et
1649 4563 1758 4624 rituum
1780 4578 1847 4623 curn
1870 4559 1948 4639 aliis,
1968 4573 2044 4618 sum-

685 4679 761 4723 mam
783 4660 896 4725 habere
924 4662 1115 4744 dignitatem,
1147 4679 1279 4744 esseque
1307 4663 1425 4746 insigne
1454 4662 1688 4727 Ecclesiasticae
1723 4661 1907 4741 antiquitatis
1944 4673 2044 4721 monn·

683 4768 822 4824 mentum.

1099 4970 1628 5014 ,ψη
