4525 6034
624 547 699 619 192
1100 546 1534 624 COMMENTARIUS

621 729 845 806 Alexandrina,
874 733 958 792 utin
984 732 1111 812 publicis
1142 732 1425 814 supplicationibus,
1456 750 1522 793 cum
1553 732 1708 810 crucibus,
1741 729 1935 813 imaginibus,
1966 737 1999 793 et

621 828 794 907 thuribulis,
818 829 1011 892 deferrentur
1033 830 1099 892 libri
1121 831 1373 913 Evangeliorum,
1409 838 1441 892 ut
1463 840 1546 911 patet
1569 851 1610 895 cx
1632 831 1731 893 multis
1759 829 1907 893 Historiae
1936 829 1997 891 Pa-

539 913 545 927 ’
623 925 795 990 triarchalis
819 929 904 991 iocis.

952 1134 1120 1205 Memmio
1147 1134 1295 1204 Domine
1321 1158 1487 1228 aquarum
1510 1140 1662 1229 fluminis.

707 1305 745 1382 ln
769 1320 826 1382 illis
851 1318 1045 1382 Orationibus
1069 1338 1144 1401 quas
1168 1319 1285 1384 Graeca
1308 1321 1402 1383 blarci
1416 1320 1550 1402 biturgia
1575 1321 1709 1383 continet
1732 1321 1812 1381 circa
1834 1319 1995 1381 lectionem

619 1419 794 1503 Evangelii,
817 1437 925 1501 magna
949 1438 1015 1481 cum
1039 1418 1175 1501 Copticis
1198 1419 1359 1483 similitudo
1382 1423 1481 1483 statim
1504 1423 1696 1502 agnoscitur,
1719 1419 1897 1501 praesertim
1919 1437 1993 1482 vero

619 1519 694 1579 ritus
716 1507 859 1597 εἰςόδου,
882 1537 937 1581 seu
961 1518 1119 1581 delationis
1143 1519 1310 1602 Evangelii.
1356 1519 1441 1593 Quae
1463 1539 1538 1582 vero
1560 1527 1727 1601 sequuntur
1758 1520 1912 1582 orationes
1934 1538 1991 1600 pro

620 1616 759 1697 diversis,
783 1618 908 1681 eaedem
931 1637 1052 1700 quoque
1069 1626 1140 1681 sunt
1162 1621 1192 1680 ia
1215 1637 1251 1681 ea
1275 1622 1341 1700 ipsa
1356 1620 1502 1702 Liturgia‚
1525 1628 1556 1681 ut
1569 1622 1599 1681 in
1614 1617 1729 1681 Graeca
1741 1619 1842 1680 Basilii
1856 1618 1995 1680 Alexan-

619 1715 722 1793 drina;
753 1717 830 1783 adeo
853 1726 886 1780 ut
908 1719 981 1780 satis
1004 1726 1164 1800 appareat,
1195 1736 1257 1780 non
1286 1720 1376 1783 modo
1402 1718 1574 1798 Jacobitas,
1597 1719 1651 1782 sed
1675 1718 1869 1782 Orthodoxos
1893 1720 1991 1797 etiam,

619 1835 746 1897 quorum
769 1819 854 1898 prior
877 1817 948 1897 fuit,
973 1818 1159 1900 singularem
1181 1827 1305 1898 practer
1327 1818 1566 1882 aliasEcclesias
1582 1818 1829 1881 consuetudinem
1844 1816 1992 1897 habuisse,

617 1925 650 1978 ut
673 1925 742 1979 aute
765 1925 852 1998 tynam
876 1916 995 1980 Oblatio
1018 1917 1200 1994 inferretur,
1225 1927 1255 1981 et
1278 1918 1384 1981 Canon
1406 1920 1532 2000 proprie
1556 1917 1653 1980 dietus
1672 1919 1830 1999 inciperet,
1853 1919 1992 1987 diuersae

618 2019 770 2079 orationes
793 2016 912 2081 fierent
956 2018 1052 2080 Porro
1074 2036 1131 2098 pro
1155 2019 1240 2097 aquis
1262 2017 1339 2093 Nili,
1363 2020 1530 2091 certissima
1552 2025 1623 2080 nota
1640 2026 1698 2096 est,
1722 2036 1789 2079 earn
1811 2019 1992 2098 pertinuisse

617 2116 655 2178 ad
677 2118 813 2225 Aegypti
835 2117 1002 2179 Ecclesias
1049 2107 1101 2179 Tel
1121 2136 1222 2195 morou
1223 2137 1271 2178 αα
1294 2104 1444 2180 ὕδατα
1423 2136 1563 2200 αναγαγε
1588 2111 1646 2179 ἐπὶ
1672 2106 1712 2179 ro
1737 2111 1857 2201 μέτρον
1887 2104 1993 2178 αὐτῶν

616 2236 700 2277 κατα
722 2203 779 2298 τὴν
800 2205 862 2299 orla
882 2206 987 2303 χάριν
1031 2217 1183 2278 Fluoiulea
1204 2235 1302 2297 apuu-s
1323 2217 1366 2278 ad
1380 2236 1486 2278 eurum
1506 2235 1694 2293 menmram,
1725 2224 1778 2278 tua
1797 2218 1902 2296 gratia
1922 2236 1994 2278 aun-

618 2333 684 2397 sum
707 2316 816 2378 elicito.
863 2316 906 2378 lta
929 2317 1072 2396 legitur
1064 2335 1093 2378 m
1108 2316 1226 2378 Graeca
1240 2315 1391 2397 Lilurgia:
1415 2333 1511 2396 aquae
1529 2334 1605 2378 vero
1633 2315 1770 2379 fluviales
1792 2314 1893 2378 nullae
1916 2317 1993 2378 aliae

617 2424 687 2478 sunt
708 2423 833 2498 practer
854 2417 1002 2495 Niliacas,
1026 2435 1101 2498 quas
1123 2416 1161 2478 ad
1183 2415 1332 2496 publicam
1355 2415 1511 2478 utilitatem
1534 2434 1719 2479 excrescere
1743 2415 1848 2478 abeo
1871 2416 1991 2496 petitur.

618 2516 748 2579 Brevem
778 2518 871 2600 igitur
900 2516 980 2578 illam
1007 2518 1174 2578 orationem
1204 2523 1352 2578 auxerunt
1383 2516 1538 2597 Coptitae,
1562 2523 1592 2578 et
1620 2516 1757 2579 diversas
1788 2517 1854 2598 ejus
1882 2515 1991 2580 formas

617 2615 806 2681 addiderunt.
858 2615 932 2679 Cum
962 2619 1039 2679 enim
1068 2616 1106 2678 ab
1134 2615 1336 2678 exundatione
1370 2615 1446 2694 Nili,
1477 2618 1529 2697 qui
1556 2618 1685 2678 uiridem
1712 2615 1876 2698 Aegyptum
1903 2619 1993 2698 migra

614 2715 781 2794 foecundat
817 2735 929 2792 arcura,
966 2714 1120 2794 fertilitas,
1158 2724 1209 2778 aut
1242 2714 1384 2777 sterilitas
1420 2715 1569 2797 pendeat,
1601 2734 1722 2796 semper
1759 2723 1877 2778 oratum
1914 2716 1994 2796 apud

617 2814 806 2879 Christianos
845 2815 980 2897 Coptitas
1010 2834 1067 2898 pro
1104 2815 1190 2897 aquis
1219 2815 1295 2894 Nili,
1329 2822 1422 2896 utque
1452 2815 1521 2877 olim
1553 2815 1762 2878 sacerdotibus
1791 2814 1992 2897 Aegyptiacis
2046 2870 2050 2881 .

616 2912 751 2976 Nilotica
772 2917 956 2977 incremento
977 2933 1065 2977 sacra
1088 2914 1286 2992 habebantur,
1309 2916 1349 2977 ita
1372 2915 1533 2978 Christiani
1554 2922 1664 2977 vocant
1677 2914 1777 2977 Nilum
1795 2914 1989 2981 bendictum.

616 3011 846 3076 Accuratissimi
869 3032 990 3095 semper
1011 3013 1134 3077 luerunt
1156 3014 1302 3095 Aegyptii
1324 3016 1354 3077 in
1377 3013 1568 3077 observanda
1596 3015 1770 3077 accretione
1800 3014 1874 3093 Nili,
1906 3017 1991 3098 cujus

617 3130 757 3176 mensura
781 3112 894 3176 famosa
918 3121 1001 3176 extat
1030 3132 1128 3195 prope
1160 3113 1330 3195 Memphin,
1359 3134 1447 3196 quam
1478 3116 1504 3177 si
1530 3115 1649 3177 Arabes
1679 3115 1847 3195 sequimur,
1877 3118 1991 3195 primus

617 3215 805 3293 excogitavit
828 3224 859 3276 et
881 3213 1105 3294 crexitiosepb
1120 3212 1304 3292 Patriarcba,
1324 3234 1393 3277 cum
1416 3215 1590 3295 Aegyptum
1614 3212 1850 3276 administraret:
1874 3234 1911 3277 ea
1933 3234 1992 3278 au-

617 3319 677 3374 tem
700 3331 760 3375 non
783 3315 877 3376 semel
899 3314 1032 3392 refecta,
1055 3321 1178 3394 puteum
1202 3313 1359 3395 quemdam
1382 3313 1473 3375 habet
1496 3314 1527 3375 in
1550 3332 1639 3394 quem
1661 3313 1719 3375 Nili
1750 3330 1828 3395 aqua
1856 3332 1914 3395 per
1936 3333 1992 3378 ca-

616 3413 716 3474 nalem
738 3414 901 3475 derivatur.
947 3413 980 3475 ln
1003 3413 1101 3475 medio
1125 3412 1263 3475 columna
1286 3420 1349 3492 est,
1373 3432 1430 3495 per
1457 3413 1574 3476 cubitos
1605 3421 1636 3475 et
1664 3413 1776 3493 digitos
1807 3412 1920 3493 divisa,
1952 3416 1992 3477 ad

617 3530 704 3593 quam
735 3513 901 3575 aestimatio
929 3514 979 3592 fit,
1008 3521 1150 3595 quantum
1181 3513 1314 3574 creverit
1342 3513 1444 3591 Nilus,
1476 3514 1526 3574 aut
1555 3513 1736 3575 decreverit.
1783 3512 1859 3575 Olim
1890 3512 1990 3575 dictus

617 3610 671 3672 fuit
697 3619 805 3691 puteus
837 3612 888 3674 ille
918 3605 1167 3697 Nertope'rprov:
1196 3620 1306 3674 vocant
1333 3612 1453 3676 Arabes
1477 3595 1627 3702 bhtpbbtt
1652 3619 1707 3680 uu
1730 3612 1789 3674 Dir
1811 3614 1840 3675 ef
1859 3613 1991 3690 mettium

616 3729 777 3772 mensurae
800 3711 908 3773 locum.
952 3713 1125 3793 Descriptio
1148 3711 1244 3788 illius,
1268 3720 1328 3774 turn
1351 3715 1480 3774 omnium
1504 3729 1581 3793 quae
1610 3711 1646 3774 ad
1678 3712 1883 3774 caeremonias
1912 3730 1991 3792 ape-

615 3810 713 3872 riendi
736 3811 848 3873 canalis
872 3831 959 3893 quem
982 3813 1089 3893 Holipe
1112 3821 1237 3890 vocant,
1261 3812 1430 3891 etreliqua
1453 3811 1511 3872 alia
1533 3810 1631 3872 Nilum
1659 3811 1845 3891 spectantia,
1879 3813 1992 3892 optima

615 3912 768 3989 reperitur
789 3913 820 3972 in
841 3911 999 3974 itinerario
1014 3913 1110 3993 primo
1126 3912 1293 3975 'lhevenoti
1304 3913 1450 3994 Junioris3
1474 3919 1504 3973 et
1518 3913 1631 3993 passim
1645 3910 1724 3975 alibi.
1770 3910 1860 3992 Apud
1873 3910 1991 3973 Arabes

615 4008 789 4092 Aegyptum
812 4012 980 4074 incolentes
1009 4022 1132 4093 praeter
1160 4012 1270 4075 multos
1301 4020 1331 4074 ct
1359 4013 1461 4074 varios
1489 4010 1527 4073 de
1558 4010 1626 4072 Nilo
1655 4010 1767 4089 libros,
1798 4021 1889 4072 unum
1916 4028 1992 4091 prae

617 4110 746 4172 caeteris
770 4110 996 4187 commendant,
1020 4114 1070 4194 qui
1093 4112 1202 4174 dicitur
1226 4112 1335 4174 Turtcb
1358 4113 1386 4173 ei
1406 4111 1474 4186 Nil,
1496 4129 1552 4173 seu
1574 4110 1704 4173 Historia
1726 4109 1800 4185 Nili3
1831 4110 1861 4171 in
1889 4128 1949 4189 quo
1972 4128 1991 4172 a

616 4209 719 4289 primis
744 4229 848 4272 eorum
871 4209 991 4293 imperii
1014 4214 1099 4274 annis
1121 4220 1312 4289 recensetur,
1336 4218 1479 4291 quantum
1492 4227 1613 4291 quoque
1627 4227 1705 4271 anno
1725 4210 1867 4285 creverit,
1890 4228 1991 4290 quoue

617 4308 681 4387 die,
705 4316 736 4371 et
759 4310 796 4371 ad
819 4319 960 4390 quantam
983 4330 1177 4393 mensuram,
1197 4329 1337 4393 quaeque
1360 4309 1469 4372 deinde
1492 4309 1649 4387 fertilitas,
1672 4316 1722 4371 aut
1744 4308 1887 4371 sterilitas
1911 4326 1990 4371 con-

617 4416 722 4471 secuta
744 4408 843 4472 fuerit.
888 4410 921 4472 ln
945 4411 1083 4474 Historiis
1106 4411 1319 4495 generalibus,
1349 4409 1453 4490 quales
1477 4417 1546 4471 sunt
1574 4408 1685 4471 multae
1712 4427 1815 4471 rerum
1844 4409 1991 4492 Aegypti,

616 4517 649 4569 ut
671 4515 741 4570 sunt
762 4527 820 4589 per
843 4527 938 4572 annos
969 4509 1123 4594 digestae,
1160 4511 1196 4573 ad
1225 4512 1315 4573 frncm
1338 4508 1525 4591 singulorum
1558 4510 1735 4571 incrementi
1761 4507 1882 4571 Nilotici
1912 4507 1990 4569 ratio

506 4620 515 4633 ‘
615 4607 761 4670 redditur.

326 4703 450 4759 Solennes
468 4709 602 4777 supplica·
704 4706 827 4769 Certum
850 4726 962 4789 porro,
997 4726 1058 4770 non
1079 4708 1200 4770 modo
1192 4727 1222 4770 rn
1250 4707 1379 4789 publicis
1406 4708 1592 4789 privatisque
1621 4708 1763 4787 precibus
1792 4709 1855 4770 suis
1883 4725 1992 4770 orasse

289 4791 373 4843 ‘¹⁰¹¹‘ss
389 4808 437 4860 pro
449 4811 505 4859 ⁰1⁰⁸
518 4813 602 4848 ⁰¹¹¹¹¹
616 4805 803 4869 Christianos
825 4826 882 4887 pro
906 4807 1108 4871 exundatione
1130 4808 1207 4887 Nili,
1232 4809 1464 4887 verumetiam,
1495 4809 1521 4869 si
1550 4809 1670 4888 quando
1698 4805 1812 4870 tardior
1842 4806 1991 4882 accuret,

290 4874 402 4934 datione

616 4905 806 4988 cogebantur
835 4909 1052 4987 processiones
1083 4906 1186 4970 facere
1221 4926 1277 4970 suo
1308 4925 1410 4986 more,
1445 4909 1623 4988 praesertim
1650 4924 1719 4969 cum
1753 4904 1989 4969 Muhamedanos

616 5022 688 5066 suas
711 5006 947 5087 supplicationes
978 5007 1060 5070 nullo
1090 5026 1237 5070 successu
1264 5005 1368 5070 facere
1397 5007 1585 5090 contigisset.
1636 5007 1723 5082 §lunc
1753 5007 1832 5068 enim
1861 5007 1990 5067 maxime
