4525 6034
716 589 794 665 soa
962 529 1181 667 urruadn
1207 589 1238 666 s.
1264 589 1482 668 nroscoar
1507 587 1730 683 urracam,
1756 603 1807 665 u.

715 780 750 849 in
785 776 889 850 coelis
922 777 1114 868 elevantes,
1148 777 1345 850 sacrificium
1379 777 1576 867 indivisum,
1612 801 1658 850 ex
1692 780 1776 868 tuis,
1815 778 1869 852 tibi
1900 779 2036 852 offerimus.

718 891 929 966 Convertere
960 894 1106 967 Domine
1138 893 1181 966 ad
1214 893 1394 966 clamorem
1421 894 1627 967 adorantium
1661 903 1694 966 te
1727 904 1760 967 et
1791 894 1919 967 benedic
1945 897 2037 992 popdo

717 1021 774 1082 tuo
802 1013 857 1104 qui
884 1032 999 1082 coram
1026 1020 1059 1082 te
1090 1009 1264 1082 inclinatus
1291 1021 1361 1098 est,
1395 1020 1429 1081 et
1462 1009 1673 1103 benignitatis
1707 1019 1784 1082 tuae
1816 1015 1963 1109 particeps
1989 1011 2040 1085 luit

717 1124 822 1198 Simul
849 1129 948 1199 etiam
974 1126 1067 1199 Deus
1094 1137 1211 1201 noster
1237 1126 1416 1212 adorande,
1443 1130 1587 1222 petimus
1614 1136 1741 1198 utnon
1768 1138 1937 1199 convertas
1961 1125 2041 1198 festos

717 1251 853 1315 nostros
880 1241 952 1315 dies
979 1246 1011 1313 in
1038 1241 1179 1330 luctum,
1204 1264 1314 1338 neque
1346 1264 1488 1339 pompas
1524 1242 1693 1318 solemnes
1725 1254 1856 1316 nostras
1888 1248 1917 1314 in
1945 1247 2042 1314 cantica

719 1358 870 1450 ejulatus.
924 1358 1097 1433 Constitue
1123 1359 1268 1432 Domine
1291 1358 1418 1456 absque
1444 1358 1522 1432 labe
1549 1383 1662 1434 coram
1679 1370 1725 1450 te,
1751 1360 1905 1433 Pastores
1928 1363 1973 1456 qui
1992 1382 2042 1430 no·

717 1473 771 1546 bis
797 1486 975 1570 praesunt,
1001 1498 1146 1548 veraces
1180 1486 1214 1548 et
1248 1486 1359 1548 rectos
1392 1479 1425 1548 in
1463 1477 1542 1569 lege
1575 1482 1666 1549 vitae
1698 1486 1769 1548 tua:
1804 1476 1998 1564 Sacerdotes,
2020 1485 2045 1546 et

719 1594 775 1686 qui
801 1594 984 1663 ministerio
1013 1592 1215 1664 sacerdotali
1241 1590 1423 1684 iunguntur
1448 1614 1562 1664 coram
1589 1603 1623 1664 te
1649 1602 1772 1680 rectos,
1801 1614 1881 1664 oma
1904 1595 1980 1662 omui
1998 1613 2045 1662 re·

718 1706 842 1798 ligioso
868 1710 997 1797 timore,
1024 1708 1066 1780 ad
1094 1708 1315 1781 sacerdotium
1343 1709 1569 1782 exercendum
1592 1732 1707 1783 coram
1735 1719 1767 1779 te
1793 1711 1958 1803 requisito:
1979 1706 2045 1777 Dia-

718 1845 823 1896 conos
849 1825 986 1919 purifica
1013 1836 1048 1897 et
1073 1824 1255 1914 sanctifica,
1281 1835 1316 1896 ut
1343 1835 1437 1897 caste
1462 1828 1496 1896 in
1523 1828 1616 1898 atriis
1644 1830 1705 1897 tuis
1736 1828 1922 1897 ministrent
1967 1823 2046 1895 Senes

718 1951 911 2014 mansuetos
937 1941 1055 2032 redde,
1083 1951 1116 2013 et
1141 1941 1288 2034 benigne
1314 1944 1499 2038 aspiciens,
1532 1941 1627 2014 effice
1656 1952 1693 2014 ut
1724 1943 1942 2035 uuusquisque
1963 1959 2047 2010 mores

719 2078 836 2129 eorum
862 2056 1047 2153 inculpatos
1075 2061 1228 2132 imitetur.
1280 2056 1561 2131 Adulescentibus
1587 2069 1744 2153 tanquam
1758 2059 1967 2156 paedagogus
1988 2064 2047 2141 estc,

719 2183 754 2244 et
778 2195 840 2269 per
866 2177 1099 2246 continentiam
1127 2175 1235 2248 adduc
1261 2197 1322 2248 eos
1348 2172 1392 2246 ad
1423 2184 1477 2265 te,
1510 2197 1572 2270 per
1597 2177 1769 2248 scientiam
1798 2175 1927 2268 diguam
1948 2176 2049 2245 nomba

718 2300 792 2378 m03
819 2311 946 2384 eosque
972 2314 992 2361 a
1019 2290 1186 2363 scandalis
1212 2291 1328 2364 libera.
1356 2290 1513 2383 Virgines
1541 2292 1672 2364 custodi
1698 2303 1731 2364 et
1749 2314 1915 2366 conserva
1940 2314 1958 2361 a
1979 2287 2050 2376 dolis,

720 2415 754 2476 et
780 2405 963 2478 scandalis:
997 2407 1161 2503 parvrdos
1194 2429 1350 2480 creseere
1379 2404 1479 2500 jube:
1514 2406 1694 2481 infantibus
1725 2407 1886 2491 benedic,
1911 2427 2051 2500 eosquos

718 2520 866 2615 maligno
892 2521 1072 2618 invidoque
1108 2523 1304 2596 adversario
1333 2524 1450 2597 libera.
1502 2523 1698 2597 Mulieribus
1730 2525 1940 2613 modestiam,
1961 2520 2051 2594 vitm

719 2637 873 2712 alimenta
902 2637 1022 2728 tribue,
1047 2642 1284 2712 necessitatem
1309 2639 1470 2713 babentes
1485 2651 1644 2728 sustenta,
1670 2665 1839 2738 pauperes
1858 2652 1891 2714 et
1910 2637 2050 2712 famebcos

719 2758 814 2829 satia.
868 2754 1011 2828 Ordines
1038 2755 1290 2829 Nazaracorum
1317 2756 1602 2831 etblouaeborum
1620 2762 1675 2854 qui
1701 2780 1739 2830 se
1765 2759 1965 2832 voluntariae
1985 2777 2053 2850 par·

718 2875 840 2968 perteti
865 2870 1062 2943 addixerunt
1087 2881 1226 2968 propter
1252 2894 1391 2965 regnum
1418 2882 1520 2963 mum,
1547 2878 1721 2969 quiescere
1734 2876 1819 2969 J'ube
1845 2879 1984 2965 inreguo
2005 2879 2053 2940 bo.

668 3039 676 3052 ,
718 2987 886 3061 Divitibus
913 2991 968 3083 qui
1002 3000 1161 3084 separant
1195 3000 1309 3085 partes
1344 3011 1444 3086 opum
1471 3012 1623 3081 suarum,
1650 2991 1819 3083 decimas,
1846 2990 2011 3064 oblationes
2030 2993 2054 3053 et

719 3106 881 3200 primitias
908 3126 954 3176 ex
980 3104 1132 3178 domibus
1159 3108 1240 3195 suis,
1267 3105 1309 3176 ad
1330 3127 1514 3202 pauperum
1534 3115 1568 3178 et
1593 3128 1778 3199 egenorum
1806 3110 2054 3188 sustentationem,

715 3226 850 3314 ianuam
876 3223 974 3313 regni
1007 3225 1052 3293 tui
1084 3226 1197 3318 aperi,
1230 3232 1263 3294 et
1296 3245 1316 3294 a
1349 3221 1472 3296 divitiis
1506 3226 1721 3314 transitoriis,
1756 3225 1799 3297 ad
1826 3249 1886 3300 eas
1911 3245 1987 3319 quae
2007 3239 2055 3290 nor

720 3336 895 3424 deficiunt,
931 3336 1084 3409 transiet.
1136 3338 1302 3412 Lectores
1338 3346 1372 3410 et
1413 3338 1545 3412 Psaltas
1576 3339 1753 3413 Ecclesiae
1791 3351 1870 3413 tuac
1908 3339 2056 3411 llosamve

722 3431 937 3525 indeficientis
969 3453 1185 3526 concentibus
1218 3453 1381 3547 adjunge,
1415 3465 1449 3527 et
1482 3479 1502 3528 a
1536 3454 1645 3548 gloria
1680 3457 1723 3530 ad
1756 3457 1900 3550 gloriam
1934 3450 2056 3527 umsler.

722 3566 864 3641 Vinctos
890 3573 994 3667 eripe,
1021 3573 1175 3678 captivos
1201 3569 1319 3663 libera,
1345 3555 1492 3644 infirmos
1518 3575 1628 3661 visita,
1657 3585 1818 3666 aegrotos
1840 3597 1931 3663 sena,
1954 3567 2056 3641 invida

604 3743 606 3750 .
723 3708 921 3781 compesce:
955 3709 1015 3760 eos
1047 3690 1102 3784 qui
1135 3685 1294 3759 invidiam
1329 3692 1491 3761 sustinent
1522 3699 1659 3786 propter
1684 3713 1806 3763 nomen
1835 3703 1941 3777 tuum,
1964 3706 2057 3760 serva:

720 3799 929 3897 poenitentes
956 3806 1108 3900 suscipe:
1136 3804 1259 3877 exaudi
1286 3802 1362 3877 illos
1388 3807 1443 3900 qui
1465 3807 1625 3878 invocant
1649 3816 1703 3896 te;
1729 3811 1907 3902 unicuique
1932 3801 2058 3877 auxilium

720 3924 948 3994 necessarium
980 3921 1163 3994 secundum
1196 3942 1325 4008 mores,
1358 3932 1393 3993 et
1428 3923 1518 3994 vitae
1553 3923 1776 3996 conditionem
1810 3922 1932 3995 tribue:
1969 3910 2057 3989 utcb

719 4058 781 4109 ore
808 4040 950 4109 omnium
976 4048 1127 4112 nostrum
1153 4040 1207 4133 qui
1234 4037 1437 4113 custodimus
1462 4042 1641 4112 veritatem
1661 4051 1760 4128 tuam,
1787 4043 1976 4134 gradusque
1998 4033 2058 4123 agi·

719 4176 792 4226 mus
818 4152 956 4227 bonimti
986 4166 1087 4260 tuae,
1113 4154 1285 4251 hymnum,
1313 4155 1395 4246 soli,
1429 4154 1536 4228 solum
1569 4159 1683 4228 unitati
1714 4165 1792 4228 tuae
1827 4152 2059 4236 adsumme

718 4293 781 4366 per
808 4281 841 4343 te
866 4271 942 4344 Deo
968 4273 1060 4344 Patri
1085 4282 1143 4346 tuo
1170 4275 1297 4364 gratias
1314 4293 1464 4364 mamm,
1490 4283 1526 4345 et
1551 4273 1709 4371 Spiritum
1735 4285 1888 4347 sanctum
1915 4270 2059 4345 adoremus

718 4409 816 4477 nunc,
844 4397 908 4459 eto.

824 4502 985 4598 Populus
1038 4504 1159 4577 Amen.
1275 4585 1278 4592 ,

822 4621 1011 4694 Diacoaaa.
1062 4620 1211 4693 Benedic
1236 4620 1388 4691 Domine.

824 4736 999 4811 &cardos
1024 4737 1207 4828 bmcdicit,
1233 4743 1298 4809 etc.

717 4881 726 4924 Ι
1481 4935 1484 4938 .

1141 4976 1628 5020 ψ
1654 4999 1667 5005 -
