4525 6034
774 610 1095 687 Pnnarnnlo.

243 802 327 880 dum
368 825 458 906 quas
495 798 624 879 Officia
660 798 936 907 Sacramentalia
971 803 1100 903 omnia,
1141 826 1234 905 quae
1272 801 1472 880 Orientales
1513 797 1623 880 Chri-

243 939 343 1016 stiani
368 962 389 1013 a
414 934 609 1038 majoribus
633 933 757 1013 tradita
785 932 1058 1036 conservabant,
1085 934 1247 1014 damnata
1277 936 1475 1037 impietatis⁷
1501 935 1623 1015 reior-

242 1081 357 1171 matm
401 1079 461 1146 aut
494 1068 622 1147 motu
661 1079 761 1146 mint:
808 1093 901 1172 quae
933 1092 1086 1147 censura
1139 1092 1212 1149 non
1259 1069 1458 1148 Orientdes
1506 1069 1622 1149 solnm

241 1202 428 1284 Ecclesias
469 1227 562 1306 qnae
605 1213 821 1304 supersunt,
869 1202 935 1281 sed
980 1205 1141 1307 antiquas
1184 1206 1383 1282 coimmunis
1426 1202 1624 1281 traditionis

243 1348 375 1437 testes,
406 1336 509 1414 simul
538 1336 696 1414 involvit

364 1468 527 1553 Difficilis
561 1492 649 1547 same
683 1480 759 1547 crat
793 1480 957 1548 accurata
988 1492 1108 1548 rerum
1148 1468 1409 1574 Liturgicarum
1452 1473 1623 1571 tractatio,
1654 1482 1946 1540 Difficiliscinvidiosa

192 1650 202 1672 ·
243 1628 325 1681 orm
354 1628 376 1680 a
413 1606 582 1681 restitutis
614 1607 650 1681 in
681 1602 830 1705 Europa
859 1603 1125 1682 humanioribus
1157 1604 1279 1707 literis,
1311 1602 1404 1682 hand
1439 1603 1622 1685 mediocre
1636 1571 1946 1712 {ffissfflpffm‘fflm'

242 1748 386 1839 tcmpus
413 1736 602 1838 cilluxerit,
632 1749 821 1841 antequam
856 1738 1000 1842 linguae
1029 1737 1189 1815 Graecae
1218 1740 1389 1842 cognitio,
1423 1739 1623 1843 etreliqua

244 1894 290 1948 cx
320 1873 473 1949 vaunis
507 1874 746 1949 monumentis
780 1868 1044 1951 Ecclesiasticis
1085 1870 1263 1974 subsidia,
1301 1870 1345 1949 ad
1382 1870 1622 1951 illustrandam

244 2002 481 2107 'lheologiam
525 2003 788 2082 adhiberentur.
852 2003 1008 2085 Graecas
1052 2016 1088 2084 et
1134 2003 1330 2083 Hebraicas
1365 2000 1484 2083 literas
1523 2007 1622 2084 multi

243 2137 530 2239 contemnebant,
565 2149 602 2215 ct
631 2142 661 2215 si
693 2138 753 2241 qni
781 2162 844 2217 eas
872 2142 1068 2243 impensius
1100 2137 1274 2241 colerent,
1304 2162 1325 2216 a
1353 2141 1518 2217 novitatis
1553 2164 1622 2217 su-

242 2275 404 2374 spicione
434 2295 506 2348 non
537 2282 637 2349 erant
667 2274 864 2351 immunes:
893 2272 991 2351 unde
1019 2272 1240 2352 Reuchlipns
1266 2282 1302 2351 et
1332 2271 1506 2352 Erasmus
1533 2296 1622 2375 per-

242 2419 349 2510 petua
388 2405 483 2508 apud
517 2405 694 2510 ejusmodi
727 2405 891 2487 homines
929 2404 1059 2485 invidia
1091 2405 1347 2511 flagraverunt
1386 2430 1506 2510 neque
1539 2404 1623 2484 Ro-

242 2565 429 2619 manorom
464 2544 624 2644 ipsorum
654 2540 868 2620 Pontificum
904 2542 1117 2644 amplissima
1145 2544 1367 2644 testimonia,
1411 2542 1621 2643 praesertim

243 2698 331 2778 erga
353 2673 545 2754 Erasmum
567 2676 641 2778 jam
668 2699 793 2753 senem
822 2686 858 2753 et
879 2674 1154 2754 Protestantinm
1179 2678 1349 2755 conviciis
1377 2675 1583 2774 laceratum,
1603 2698 1624 2752 a

243 2809 417 2886 calumnia
441 2833 525 2887 eum
545 2807 727 2886 vindicare
749 2818 952 2911 potuerunt
994 2808 1030 2888 ls
1060 2833 1169 2912 porro
1193 2834 1275 2887 cnm
1294 2806 1540 2910 chrysostomi
1558 2805 1624 2884 Li-

221 2945 409 3046 .turgiam,
440 2943 554 3046 qualis
587 2941 727 3020 extabat
755 2945 790 3018 in
823 2940 960 3022 Codice
989 2946 1050 3046 qui
1084 2943 1131 3020 illi
1163 2942 1208 3021 ad
1236 2966 1362 3020 manus
1393 2941 1469 3042 init,
1498 2938 1622 3017 Latine

245 3087 341 3153 esset
383 3079 658 3178 interpretatum
694 3078 827 3179 optimc
866 3074 914 3153 de
948 3072 1146 3154 Christiana
1186 3074 1383 3178 Republica
1430 3084 1622 3173 memerat,

245 3234 324 3286 cnm
357 3209 434 3287 sola
463 3219 548 3286 tnnc
575 3220 711 3288 extaret
739 3208 922 3288 Ambrosii
947 3207 1092 3312 Pelargi
1123 3213 1259 3310 versio,
1284 3211 1496 3286 inconcinna
1514 3231 1624 3311 pror-

245 3368 306 3422 sus
329 3354 366 3420 et
394 3342 554 3421 barbara.
619 3341 730 3421 Tanta
759 3354 835 3420 erat
863 3341 1090 3421 nihilominus
1114 3366 1157 3420 ea
1186 3351 1301 3420 aetate
1335 3366 1455 3419 rernm
1484 3340 1624 3420 Eccle-

244 3479 476 3577 siasticarum,
509 3480 662 3555 maxime
696 3476 958 3580 liturgicarum
991 3476 1203 3579 obscuratas,
1236 3487 1276 3554 ut
1304 3476 1507 3578 paucissimi
1539 3473 1624 3552 inde

243 3610 471 3712 profecerint
553 3609 630 3688 lmo
667 3636 749 3689 cum
793 3636 839 3688 ex
885 3608 1018 3714 aliquot
1057 3610 1354 3714 disputationibus
1391 3631 1484 3713 qnae
1530 3606 1623 3687 Flo-

244 3748 378 3823 rentiae
414 3769 496 3823 cnm
527 3741 673 3822 Graecis
707 3744 845 3823 habitae
870 3744 1020 3846 inerant,
1054 3756 1091 3823 et
1117 3768 1165 3822 ex
1188 3744 1412 3823 bessarionis
1434 3741 1623 3846 opusculo,
1683 3796 1689 3805 -

244 3902 315 3957 non
352 3877 461 3956 modo
508 3877 569 3956 lux
608 3878 702 3956 nulla
746 3874 892 3958 Graecis
930 3876 1070 3957 Ritibus
1109 3876 1323 3980 affulsisset,
1355 3876 1422 3955 sed
1455 3874 1622 3954 inductae

245 4014 398 4116 majores
443 4012 635 4090 tenebrae:
680 4011 778 4116 quod
825 4012 869 4090 ad
909 4011 1140 4092 Orthodoxae
1183 4011 1265 4090 lidei
1309 4010 1356 4088 de
1400 4008 1624 4091 Eucharistia

246 4130 550 4225 continuationem
593 4157 669 4224 erat
711 4149 1074 4250 opportunissimum,
1117 4170 1190 4226 non
1237 4146 1359 4224 inutile
1401 4143 1524 4245 modo,
1557 4140 1623 4222 scd

249 4284 489 4383 perniciosum
525 4280 722 4386 judicatum
762 4293 827 4360 est
910 4280 1019 4361 Solus
1061 4291 1231 4385 qnantum
1271 4279 1418 4382 adipisci
1463 4274 1623 4380 legendo

249 4418 441 4517 potuimus,
474 4416 554 4519 plus
582 4414 670 4493 vidit
702 4415 848 4519 reliquis
881 4414 1061 4519 Georgius
1094 4410 1309 4515 Cassander,
1349 4415 1409 4516 qui
1442 4415 1477 4488 in
1509 4409 1625 4509 brevi,

251 4550 314 4629 sed
344 4549 483 4628 erudito
506 4553 652 4652 scripto7
679 4549 778 4653 quod
797 4549 977 4653 liturgica
996 4549 1197 4652 appellavit,
1218 4573 1261 4626 ea
1282 4544 1461 4627 solidioris
1484 4542 1624 4621 doctri-

251 4709 316 4761 nae
352 4686 488 4763 semina
516 4686 706 4787 inspersit,
743 4708 790 4761 ex
829 4684 958 4787 quibus
1001 4684 1137 4762 fructus
1181 4682 1292 4785 longe
1327 4681 1468 4758 maximi
1505 4678 1626 4781 colligi

252 4822 460 4920 potuissent,
494 4820 524 4895 si
559 4820 751 4895 imitatores
783 4817 975 4896 habuisset.

370 4950 465 5030 Nihil
491 4963 577 5030 tunc
607 4950 705 5055 qnod
738 4950 783 5028 ad
815 4976 875 5032 res
895 4951 1095 5055 Litnrgicas
1126 4956 1304 5053 spectaret
1334 4946 1468 5025 editum
1496 4944 1623 5045 inerat,
1670 4967 1821 5066 liturgiae
1845 4965 1949 5034 quanm

251 5089 315 5166 nisi
337 5084 557 5165 Graecorum
585 5084 828 5166 Ecclesiastici
859 5086 937 5166 libri
960 5074 1177 5187 complures,
1206 5082 1367 5162 Venetiis
1398 5083 1624 5184 plerumque,
1636 5068 1746 5123 ¹³¹¹¹¹¹¹¹¹⁰
1757 5051 1848 5106 ‘dm'

1370 5212 1417 5284 a*
1765 5210 1771 5215 ’
