4525 6034
556 552 804 632 nissntrnno
823 553 874 630 DE
897 551 1041 629 indul
1060 550 1234 630 cottion
1510 548 1591 625 CIX

216 766 301 817 anno
327 738 567 816 nincxxxlt
593 738 726 812 Romae
739 737 874 828 editum,
900 741 935 810 in
961 759 1029 833 quo
1044 739 1223 833 magnifice
1248 737 1352 830 illam,
1378 748 1414 811 ut
1439 749 1592 812 veterem

214 870 248 932 et
271 858 514 931 Pharaonicam
541 854 799 928 commendavit
837 853 991 926 Alterum
1018 876 1104 951 opus
1130 854 1233 927 edidit
1266 878 1354 927 anno
1385 853 1590 928 MDCXLIL

212 975 305 1047 titulo
331 974 489 1069 mamae
524 973 764 1066 Aeppptiacae
789 972 988 1056 restitutae,
1024 992 1090 1063 quo
1118 967 1373 1042 continebantur
1409 968 1593 1042 Gramma-

212 1095 301 1163 ticae
337 1088 465 1184 aliquot
496 1084 809 1182 imperfectissimae
841 1082 992 1158 Arabica
1025 1086 1184 1180 scriptae,
1218 1108 1293 1157 cum
1319 1088 1594 1181 interpretatione

211 1205 344 1293 Ludna,
380 1224 478 1298 quam
510 1198 698 1292 intelligere
732 1221 833 1270 nemo
866 1201 973 1295 potuit
1004 1220 1170 1294 unquam3
1207 1222 1250 1272 eo
1285 1203 1392 1273 minus
1427 1201 1516 1296 quod
1543 1209 1593 1273 tot

210 1318 341 1392 mendis
376 1325 526 1391 scateret
560 1324 673 1387 textus
707 1313 877 1390 Arabicus
911 1323 946 1385 et
982 1311 1168 1410 Copticus,
1198 1326 1235 1387 ut
1268 1338 1316 1387 ex
1350 1336 1393 1388 eo
1428 1319 1593 1389 sententia

211 1435 296 1507 effici
321 1431 412 1505 nulla
439 1440 566 1527 posset
619 1428 659 1501 ln
684 1428 862 1503 Glossario
895 1450 957 1501 seu
983 1428 1101 1517 Scala,
1136 1438 1173 1501 ut
1197 1439 1337 1520 vocant,
1366 1428 1464 1526 plura
1489 1430 1593 1523 longe

210 1556 443 1644 peccavemnt
480 1542 703 1642 'l'ypographi
736 1552 771 1616 et
809 1541 1031 1639 Interpretes,
1070 1543 1156 1616 adeo
1199 1554 1236 1617 ut
1273 1543 1397 1618 nullum
1439 1545 1517 1617 inde
1549 1545 1594 1617 ad

212 1661 430 1736 Orientalium
465 1661 655 1753 inguarum
680 1657 852 1733 studiosos
877 1656 1019 1730 firrcmm
1052 1661 1140 1732 intra
1172 1669 1222 1732 tot
1247 1681 1353 1733 annos
1379 1663 1593 1756 pervenisse,

210 1781 326 1849 mirari
359 1798 460 1849 nemo
497 1773 628 1847 debeat
672 1774 711 1846 ln
744 1781 888 1868 utroque
928 1772 971 1844 da
1003 1771 1117 1866 lingua
1146 1774 1288 1870 Coptica
1310 1774 1470 1867 iudicium
1497 1784 1594 1846 autor

210 1894 422 1988 interposuit,
449 1889 511 1963 sed
537 1893 669 1962 varium
696 1899 730 1960 et
755 1886 945 1983 multiplex:
971 1909 1049 1960 uam
1074 1891 1108 1960 in
1135 1887 1333 1982 Prodromo,
1359 1888 1494 1981 linguae
1514 1885 1592 1960 Co-

210 2010 324 2104 pticae
350 2005 467 2079 landes
493 2004 600 2079 fusius
627 2011 839 2102 persecutus,
867 2024 943 2075 eam
965 2006 1227 2077 vetustissimam
1238 2005 1488 2101 Aegyptiacam
1514 2024 1593 2077 esse

211 2120 396 2210 contendit,
430 2130 465 2192 et
498 2119 654 2192 Graecae
685 2121 851 2211 originem
883 2114 926 2188 ab
963 2122 1100 2214 capeti
1128 2119 1234 2211 jubet.
1287 2119 1326 2191 ln
1352 2119 1458 2191 altero
1486 2141 1593 2214 opere

212 2239 415 2311 sententiam
447 2233 538 2310 illam
577 2256 672 2308 suam
703 2237 749 2305 ita
791 2233 1003 2323 moderatur,
1040 2242 1077 2305 nt
1109 2233 1188 2329 quid
1220 2236 1253 2305 in
1290 2237 1401 2306 animo
1440 2231 1594 2305 habuerit

209 2374 277 2423 non
303 2349 407 2423 facile
432 2351 579 2445 perspici
606 2358 725 2443 queat:
753 2345 839 2420 haec
866 2357 978 2420 autem
1003 2357 1079 2421 sunt
1104 2348 1192 2423 illius
1218 2347 1336 2422 verba.
1378 2349 1496 2421 Utrum
1521 2370 1593 2418 an-

210 2472 274 2537 tem
301 2465 422 2560 linaria
448 2464 588 2536 Graeca
614 2484 748 2558 qnoque
782 2461 826 2533 ad
853 2464 1072 2558 Aeqpptiaca
1096 2468 1319 2557 procerrerit,
1346 2467 1467 2535 merito
1494 2466 1592 2558 qair-

205 2585 302 2675 pian
317 2580 478 2651 debitore
488 2585 618 2672 parret.
646 2580 908 2672 Asfimnatioarn,
935 2577 1180 2649 inPrcdromo
1208 2602 1284 2672 cap.
1301 2582 1337 2650 d.
1358 2600 1591 2663 artemam,-

209 2719 327 2767 aernm
362 2694 565 2789 quotidiana
595 2696 814 2787 experientia
839 2695 1049 2780 instructior,
1086 2694 1222 2764 tandem
1254 2697 1416 2788 comperi,
1445 2693 1594 2788 linquam

211 2814 464 2906 Aeqyptiacam
490 2832 537 2879 ea
562 2808 727 2880 matribus
752 2831 853 2879 namn
870 2802 1058 2905 αὐτογενῆ,
1082 2830 1157 2878 crrrn
1181 2808 1276 2879 nella
1293 2808 1593 2903 aliaafflnitatam,

211 2932 372 3021 quamn
407 2925 541 3018 praem
567 2945 614 2994 ee
639 2922 823 3010 raronmo,
852 2904 1103 3017 colmanum,
1131 2923 1410 2994 easaetenatone
1426 2927 1595 2994 amram

212 3041 378 3135 colliqere
391 3038 497 3124 licuit,
513 3037 652 3108 nabere.
665 3038 786 3129 Neque
798 3056 935 3106 monere
948 3058 1012 3109 nor
1027 3036 1152 3108 debent
1166 3037 1336 3109 wcadala
1352 3033 1595 3132 Ἕλληνισμόν

210 3155 414 3239 redolentia,
441 3173 610 3246 cocmqne
626 3152 866 3223 Graecanicae
888 3154 1017 3242 passim
1042 3154 1080 3221 in
1100 3151 1235 3222 Leaico
1250 3159 1479 3223 oecumenico.
1512 3152 1594 3223 Non

211 3274 330 3364 itaque
367 3267 476 3338 cerda
514 3288 591 3337 mea
623 3268 660 3335 in
693 3265 888 3336 Prcdromo
923 3265 1032 3358 Copto
1066 3264 1133 3336 doc
1166 3288 1267 3338 renen
1301 3267 1446 3362 intelliqi
1483 3266 1594 3357 celim,

214 3387 313 3478 quari
348 3402 540 3453 mreoerem
569 3380 719 3475 linquam
746 3380 917 3451 Graecam
944 3381 992 3451 ad
1016 3381 1221 3475 Aeppptiam
1236 3404 1280 3453 ea
1306 3404 1343 3454 se
1368 3386 1507 3453 ratione
1523 3381 1594 3452 ta-

213 3498 306 3585 dere,
334 3503 373 3567 nt
397 3495 575 3567 Chaldaea
600 3519 630 3566 o.
657 3523 689 3590 p.
716 3494 834 3589 linprra
859 3495 907 3565 ad
931 3495 1137 3583 Hebracarn,
1170 3503 1231 3567 ant
1261 3497 1389 3568 italica
1415 3498 1463 3568 ad
1487 3497 1595 3568 Lati-

213 3637 303 3700 nnrn,
339 3614 441 3682 menti
475 3611 611 3704 qnidam
643 3613 778 3703 opinati
808 3616 894 3681 rant.
948 3610 1030 3681 Non
1071 3615 1159 3681 enim
1195 3615 1306 3683 centio
1343 3613 1515 3683 Graecam
1550 3612 1593 3683 ad

214 3729 390 3821 Aeqpptia
416 3728 582 3820 oriqinem
607 3748 702 3797 anani
733 3724 924 3795 immediate
957 3728 1117 3814 naxiae,
1144 3726 1248 3796 multo
1281 3729 1389 3799 minas
1424 3728 1595 3798 Graecam

214 3840 363 3935 linquam
388 3841 593 3934 Aeqyptiam
620 3846 816 3932 corruptam
842 3839 1021 3910 dicendam
1048 3839 1213 3913 arbitror.
1264 3839 1347 3913 Illud
1383 3850 1491 3914 tamen
1527 3849 1595 3912 tam

214 3959 394 4051 perspicue
429 3954 700 4046 significaverat,
740 3962 776 4025 ut
818 3952 914 4026 aliter
950 3950 1057 4026 verba
1092 3957 1167 4045 eJns
1202 3958 1308 4050 accipi
1341 3978 1409 4027 non
1438 3964 1595 4052 possent:

215 4075 309 4142 etin
337 4069 467 4165 Oedipo
494 4073 546 4141 sui
572 4091 691 4165 parum
716 4090 856 4156 memor,
883 4068 971 4140 idem
998 4090 1103 4165 saepe
1128 4074 1288 4165 reposuit,
1315 4071 1372 4144 uhi
1399 4069 1527 4144 scilicet
1553 4069 1597 4142 ad

216 4182 440 4274 Theologiam
466 4182 556 4255 illam
587 4184 835 4279 Aegyptiacam
872 4183 1118 4279 exponendam,
1153 4182 1354 4258 occurrebat
1380 4186 1498 4280 aliquis
1524 4207 1595 4257 ve-

215 4306 322 4368 terem
338 4296 486 4390 linguam
501 4296 668 4389 allegandi
693 4297 797 4370 locus.
823 4296 951 4369 Verum
978 4321 1054 4371 cum
1081 4299 1233 4393 tota'illa
1253 4304 1405 4395 quaestio
1432 4302 1595 4392 majorem

217 4412 479 4507 disquisitionem
506 4412 687 4502 desideret,
713 4434 856 4507 eamque
882 4414 1041 4506 singulari
1056 4415 1301 4488 Dissertatione
1327 4418 1596 4510 exposuerimus,

216 4548 291 4599 non·
311 4528 423 4599 omnia
450 4549 536 4620 quae
565 4550 585 4597 a
611 4526 775 4599 Kirchero
811 4527 896 4598 dicta
923 4539 1018 4620 sunt,
1050 4531 1111 4603 sed
1139 4552 1225 4625 quae
1251 4530 1294 4602 ad
1319 4532 1498 4604 institutum
1526 4552 1595 4601 no-

217 4649 320 4712 strum
346 4644 514 4737 pertinent
539 4642 630 4738 sola,
656 4640 805 4716 breviter
831 4641 1083 4739 explicabimus.
1135 4644 1219 4717 Illud
1244 4666 1331 4717 vero
1358 4645 1401 4716 ad
1427 4644 1597 4738 Liturgias

218 4777 304 4847 quae
330 4778 377 4828 ex
401 4757 618 4853 Aegyptiace
644 4758 758 4851 lingua
784 4759 964 4832 translatae
990 4769 1067 4834 sunt
1092 4759 1200 4833 solum
1226 4769 1368 4855 spectat,
1395 4764 1484 4834 scire
1510 4783 1597 4857 quae

217 4869 272 4940 illa
297 4869 415 4945 inerit:
442 4895 519 4943 nam
546 4876 575 4945 si
602 4858 715 4975 fictitia
740 4872 894 4946 habenda
920 4884 991 4965 est,
1023 4877 1089 4947 ruit
1115 4896 1290 4947 sacrorum
1316 4873 1446 4946 illorum
1471 4898 1597 4948 monu-

220 4995 404 5058 mentorum
431 4992 608 5063 autoritas:
636 4992 665 5060 si
692 4991 823 5084 antiqua
850 4999 885 5061 et
903 4988 1112 5062 Pharaonica
1139 4999 1204 5081 est,
1231 4988 1465 5064 cumGraecis
1491 4992 1597 5063 voci-
