4525 6034
1405 610 1722 691 DIVI
1824 610 2290 692 MARGI.

468 799 597 874 σου
661 801 851 874 vimi·
945 792 1300 897 Ἐκφῶνως.
1377 796 1477 873 δι’
1536 793 1626 874 οὗ
1686 795 1810 874 καὶ

462 902 628 998 μεθ’
662 899 777 993 οὗ,
802 900 922 978 σοὶ
954 902 1001 999 ἢ
1039 901 1089 976 δ
1089 900 1222 982 οξα
1256 903 1378 977 καὶ
1404 902 1489 977 το“
1511 900 1808 1002 κράτος,

462 1004 597 1081 σύν
634 1014 742 1103 τῷ
771 1007 1169 1134 παναγίῳ,
1175 1005 1297 1082 καὶ
1346 1006 1638 1108 ἀγαθῷ,
1685 1005 1809 1082 καὶ

462 1108 794 1208 ζωοποιῷ
827 1135 966 1186 σου
994 1108 1369 1207 πνεύματι.
1420 1154 1424 1162 ·

547 1219 618 1292 ‘O
662 1216 997 1302 Διᾶκονος.
1039 1214 1317 1314 ’Ἀρξαα

554 1326 698 1392 Καὶ
746 1321 1012 1413 λέγουσι
1052 1319 1167 1392 τᾶν
1193 1324 1427 1409 στίχον.
1475 1321 1514 1394 6
1544 1319 1812 1394 Διᾶκο-

455 1449 560 1505 νος
605 1425 801 1515 λέγει.
899 1424 970 1492 Τ
957 1415 1039 1502 ἃς
1074 1429 1274 1517 τρεῖς.

825 1565 892 1620 ‘O
917 1565 1081 1639 Ἶερευ
1087 1590 1109 1627 ς
1143 1569 1438 1638 ἐπεύχεται.

556 1695 888 1767 Δέσποτα
936 1687 1164 1791 κύριε,
1214 1691 1255 1766 6
1303 1690 1575 1783 θεός,“
1531 1724 1573 1769 ο
1615 1724 1812 1771 παν-

393 1857 398 1860 .
455 1792 835 1925 τοκροὶτωρ
853 1853 878 1885 ,
949 1794 991 1868 ὁ
1055 1794 1292 1892 πατὴρ
1355 1804 1490 1872 τοῦ
1548 1801 1808 1899 κυρίου

453 1899 664 1997 ἡμῶν
698 1897 919 1995 Ἰησοῦ
934 1906 1293 1996 Χριστοῦ,
1329 1899 1651 1994 δεόμεθα
1685 1901 1808 1977 καὶ

453 2007 1018 2102 παρακαλοῦμέν
1050 2024 1157 2077 σε·
1208 2002 1344 2100 τήν
1379 2007 1456 2086 ἐξ
1489 2004 1809 2135 ούρανοῦ

454 2105 749 2206 εἰρήνην
793 2104 1221 2208 βράβευσον
1264 2120 1417 2194 ταῖς
1460 2109 1805 2186 απάντων

455 2210 668 2307 ἡμῶν
700 2202 1062 2310 καρδίαις·
1112 2209 1294 2288 ἀλλὰ
1327 2211 1448 2287 καὶ
1474 2222 1608 2288 τοῦ
1634 2215 1812 2310 βίου

454 2312 726 2389 τούτου
766 2313 900 2411 τὴν
948 2311 1234 2413 εἰρήνην
1265 2315 1440 2413 ἡμῖν
1466 2315 1574 2391 δ
1515 2342 1812 2415 ωρησαι

465 2417 615 2494 Τὸν
660 2416 1072 2547 ἁγιώτατον
1109 2417 1229 2493 καὶ
1260 2421 1817 2520 μακαριώτατον

457 2520 668 2617 ἡμῶν
687 2520 960 2598 Πάπαν
981 2519 1113 2598 τὸν
1142 2521 1258 2613 Δ’,
1288 2523 1409 2598 καὶ
1433 2524 1565 2600 τὸν
1588 2525 1815 2602 ὁσιω-

390 2665 401 2677 -
456 2653 679 2701 τατον
753 2626 961 2722 ἡμῶν
1046 2627 1433 2703 ἐπίσκοπον
1495 2627 1628 2704 τὸν
1697 2629 1790 2706 Δ’
1794 2687 1812 2704 .

456 2737 843 2861 ovasmqga‘iv
859 2788 884 2820 ‚
928 2728 1385 2827 ovvviewov
1427 2732 1611 2828 ἡμῖν
1673 2763 1815 2867 αρτ

456 2833 627 2917 τούς
682 2836 862 2907 ἔτεσι
912 2840 1233 2926 πολλοῖς,
1285 2838 1648 2970 εἰρηνικῶς
1690 2841 1815 2911 ε’κ-

454 2943 837 3021 τελοῦντας
862 2936 998 3032 τὴν
1024 2935 1165 3013 ύπό
1185 2965 1325 3013 σου
1345 2944 1813 3034 ἐμπεπιστευ-

454 3047 687 3137 με’νην
738 3041 959 3141 αγίαν
1009 3040 1569 3142 αρχιερωσύνην,
1628 3072 1811 3119 κατα

454 3144 541 3219 τὸ
565 3145 783 3244 ἅγιον
813 3144 933 3220 καὶ
957 3143 1324 3243 μακάριόν
1339 3172 1477 3223 σου
1498 3151 1810 3274 uffe'iqm,

456 3247 1062 3346 ὀρθοτομοῦντας
1086 3248 1218 3325 τὸν
1239 3248 1464 3352 λόγον
1484 3260 1606 3348 τῆς
1628 3251 1812 3350 ἅλη-

456 3353 689 3442 θείας,
723 3377 866 3429 συν
915 3360 1139 3429 πᾶσιν
1171 3352 1608 3452 ὀρθοδόξοις
1651 3360 1812 3431 §m-

461 3454 793 3545 σκόποις,
839 3459 1372 3557 πρεσβυτέροις,
1423 3457 1810 3551 διακόνοις,

458 3558 996 3649 ὑποδιακόνοις,
1049 3588 1568 3662 αναγνωσταις,
1609 3563 1814 3660 ψάλ-

458 3692 617 3748 ταις
633 3723 658 3753 ,
719 3661 859 3738 σύν
920 3663 1138 3739 παντὶ
1211 3672 1316 3761 τῷ
1384 3665 1811 3767 πληρώματι

458 3774 584 3862 τῆς
618 3767 850 3866 αγίας,
900 3770 1295 3864 καθολικῆς
1337 3770 1458 3843 και
1492 3769 1816 3845 ἀποστο-

456 3876 661 3966 λικῆς
692 3872 1074 3968 ἐκκλησίας.
1174 3871 1313 3956 Τας
1334 3878 1815 3999 ἐπισυναγω-

455 4002 593 4074 γας
662 3973 873 4069 ἡμῶν
931 3973 1132 4073 κύριε
1190 3973 1610 4077 εύλόγησον·
1686 3977 1774 4053 δ
1736 4009 1814 4064 ος

458 4076 683 4162 αὐτας
717 4075 1099 4163 ἀκωλύτως
1124 4079 1245 4154 καὶ
1273 4078 1814 4175 ἀνεμποδίστως

459 4185 809 4282 »γενέσθαι
861 4210 1045 4257 κατα
1093 4181 1178 4256 τὸ
1230 4182 1447 4283 ἅγιόν
1488 4211 1625 4260 σου
1672 4189 1815 4260 θέ-

459 4292 680 4381 λημα.
770 4284 1028 4371 Οἶκους
1060 4284 1311 4383 εὐχῶν,
1346 4287 1582 4373 οἴκους
1608 4289 1816 4365 εὐλο-

463 4397 652 4491 γαῦν
705 4387 883 4483 ἡμῖν
926 4419 1001 4464 τε
1051 4389 1172 4463 καὶ
1219 4402 1365 4476 τοῖς
1414 4391 1587 4486 μεθ’
1632 4393 1817 4489 ἡμᾶς

465 4492 759 4577 δούλοις
792 4517 929 4568 σου
951 4524 1043 4578 εις
1070 4492 1201 4570 τὸν
1226 4498 1452 4570 αἰῶνα
1470 4494 1813 4594 δώρησαι.

566 4596 1012 4729 Ἰζξεγέρθητι
1029 4595 1228 4692 κύριε
1247 4628 1367 4673 και
1349 4597 1435 4672 δ
1435 4625 1819 4697 ιασκορπι-

465 4699 872 4797 σθὴτωσαν
898 4704 966 4776 οἱ
1006 4703 1264 4801 εχθροί
1287 4724 1450 4778 σου·
1481 4710 1819 4805 φυγετω-

463 4829 609 4882 σαν
642 4804 899 4890 πάντες
952 4808 1019 4879 οἱ
1049 4813 1426 4901 μισοῦντες
1455 4807 1541 4883 τὸ
1576 4806 1812 4904 όνομά

464 4933 606 4983 σου
646 4907 732 4982 τὸ
779 4908 1012 5010 ἅγιον.
1127 4908 1275 4985 Τὸν
1326 4909 1406 4986 δὲ
1448 4909 1629 4988 λαόν
1678 4938 1817 4987 σου

460 5010 599 5086 τὸν
623 5012 886 5090 πιστὸν
919 5013 1039 5087 καὶ
1072 5011 1491 5140 ὀρθόδοξον
1512 5014 1817 5116 εὐλόγη-

460 5136 634 5193 σον·
686 5118 991 5215 ποίησον
1044 5114 1270 5194 αὐτὸν
1340 5122 1431 5203 εἰς
1483 5117 1818 5217 χιλιάδας

519 5258 693 5301 romaz
718 5258 749 5300 1.

3098 612 3241 685 127

1891 799 2063 871 Filii.
2116 799 2332 870 Elata
2368 822 2572 891 voce,
2626 821 2751 896 per
2774 821 2970 894 quem
2997 806 3244 870 etcum

1895 926 2029 999 quo
2083 900 2203 974 tibi
2252 904 2471 997 gloria
2527 913 2596 975 et
2646 906 3030 999 imperium,
3092 924 3243 975 cum

1896 1008 2355 1098 sanctissimo,
2420 1017 2489 1080 et
2549 1009 2775 1098 bono,
2841 1015 2910 1079 et
2968 1006 3239 1080 vivifico

1896 1120 2010 1183 tuo
2064 1110 2335 1207 Spiritu.

1998 1215 2376 1305 Diaconus.
2480 1214 2729 1313 Incipe.

2000 1317 2181 1389 Hinc
2234 1320 2469 1390 dicunt
2517 1342 2799 1391 versum.
2884 1319 3244 1389 Diae-onus

1898 1421 2068 1492 dicit
2116 1419 2243 1506 τας
2291 1432 2507 1523 τρεῖς,
2559 1424 2691 1494 hoc
2745 1427 2848 1495 est
2901 1428 3058 1493 tres.

1995 1577 2271 1635 Sacerdos
2313 1578 2458 1636 hanc
2498 1577 2775 1652 subjungit
2817 1578 3138 1637 orationem.

2001 1695 2398 1768 Dominator
2433 1696 2755 1780 Domine,
2792 1694 2980 1767 Deus
3013 1700 3241 1768 omni-
3307 1717 3311 1721 ·

1895 1810 2181 1896 potem,
2233 1798 2436 1870 Pater
2487 1799 2752 1871 Domini
2804 1802 3015 1873 nostri
3078 1799 3244 1872 Jesu

1895 1904 2180 1992 Christi,
2244 1925 2600 1998 precamur
2670 1912 2739 1974 et
2805 1899 3239 1975 obsecramus

1891 2018 1992 2080 te:
2046 2016 2118 2078 ut
2167 2028 2406 2100 pacem
2460 2029 2632 2101 quae
2699 2006 2783 2077 de
2850 2006 3044 2078 coelo
3113 2018 3241 2095 est,

1893 2108 2205 2185 cordibus
2259 2114 2508 2182 nostris
2563 2109 2910 2198 infundaS,
2964 2112 3120 2204 quin
3176 2119 3243 2182 et

1897 2218 2081 2287 vitae
2102 2213 2292 2305 hujus
2307 2237 2544 2308 pacem
2563 2214 2758 2286 nobis
2774 2212 3005 2286 dones.
3052 2213 3241 2285 San-

1900 2321 2259 2391 ctissimum
2344 2327 2411 2389 et
2474 2316 2928 2389 beatissimum
2990 2316 3241 2411 Papam

1900 2433 2196 2496 nostrum
2218 2419 2298 2492 N.
2332 2431 2398 2492 et
2425 2421 3054 2492 reverendissimum
3065 2419 3242 2516 Epi-

1900 2548 2175 2623 scopum
2187 2534 2487 2596 nostrum
2501 2523 2581 2596 N.
2600 2545 3037 2615 conservanS,
3062 2546 3241 2595 con-

1899 2641 2168 2703 servato
2186 2628 2380 2699 nobis
2409 2651 2530 2701 eos
2556 2627 2773 2700 multis
2794 2630 3006 2715 anniS,
3041 2631 3241 2723 paci-

1897 2734 2025 2806 fice
2078 2732 2434 2822 fungentes
2501 2739 2771 2818 sancto,
2841 2732 3012 2825 quod
3079 2734 3241 2827 ipsis

1898 2835 2365 2910 concredidisti
2423 2836 2816 2908 Pontificatu
2882 2834 3245 2908 secundum

1898 2953 2197 3014 sanctam
2222 2949 2289 3010 et
2310 2939 2577 3012 beatam
2602 2939 3013 3010 voluntatem
3041 2949 3242 3028 tuam,

1896 3054 2081 3116 recte
2136 3044 2600 3137 dispensantes
2640 3039 2924 3114 verbum
2976 3044 3242 3114 verita-

1897 3152 2019 3239 tis,
2076 3172 2225 3221 cum
2281 3145 2584 3219 omnibus
2614 3143 3020 3218 Orthodoxis
3064 3144 3243 3240 Epi-

1898 3255 2149 3349 scopiS,
2178 3249 2629 3346 Presbyteris,
2674 3248 3018 3337 DiaconiS,
3050 3247 3242 3321 Sub-

1899 3355 2238 3444 diaconis,
2309 3352 2747 3442 LectoribuS,
2815 3351 3242 3443 CantoribuS,

1897 3483 2048 3532 cum
2100 3460 2276 3530 omni
2328 3456 2729 3551 plenitudine
2783 3464 3055 3528 sanctae
3091 3452 3240 3527 Ca-

1897 3563 2189 3636 tholicae
2250 3569 2319 3633 et
2378 3558 2816 3656 Apostolicae
2868 3558 3240 3631 Ecclesiae.

1900 3663 2554 3759 congregationibus
2589 3665 2880 3751 nostris,
2933 3662 3239 3749 Domine,

1899 3769 2311 3843 benedicito:
2379 3768 2462 3840 da
2524 3777 2593 3839 ut
2645 3789 2762 3838 eas
2814 3765 3068 3853 libere,
3133 3768 3245 3836 ci-

1901 3886 2133 3971 traque
2212 3871 2742 3966 impedimentum
2826 3869 3241 3942 celebrennffi

1899 4001 2022 4076 pro
2078 3986 2310 4050 sancta
2365 3985 2475 4047 tua
2543 3972 2905 4047 voluntate.
3008 3974 3237 4046 Ardae

1898 4079 2249 4179 precibuS,
2305 4078 2509 4151 aedes
2564 4076 2883 4169 eulogiis,
2937 4099 3053 4149 seu
3109 4078 3241 4146 lm-

1898 4183 2382 4258 nedictionibus
2422 4181 2888 4270 accommoda,
2943 4191 3011 4251 et
3049 4182 3241 4250 numa

1903 4300 1971 4362 et
2023 4283 2528 4362 successoribus
2581 4286 2828 4358 nostris
2863 4286 3081 4357 servis
3121 4290 3241 4354 luis

1900 4398 1967 4465 in
2023 4389 2361 4466 saeculum
2415 4388 2682 4480 largire.

2007 4651 2326 4744 Exurge,
2380 4651 2699 4739 Domine,
2753 4657 2820 4719 et
2849 4646 3248 4743 dissipentur

1908 4772 2153 4842 inimici
2231 4771 2362 4856 tui,
2453 4766 2708 4858 fugiant
2786 4786 3056 4854 omneS,
3137 4768 3248 4860 qui

1902 4886 2183 4960 oderunt
2217 4908 2461 4958 nomen
2505 4897 2803 4961 sanctum
2844 4897 3040 4958 tuum.
3094 4887 3244 4960 Po-

1900 5004 2055 5101 pulo
2112 5013 2330 5076 autem
2385 5015 2496 5076 tuo
2550 5004 2726 5076 fideli
2762 5015 2827 5076 et
2865 5001 3245 5076 orthodoxo

1900 5121 2220 5213 benedic,
2272 5119 2629 5218 multiplica
2683 5144 2803 5194 eos
2855 5125 2923 5194 in
2951 5118 3149 5192 millia
3178 5128 3246 5190 et

2732 5242 2829 5316 32
