4525 6034
401 3090 620 3158 [dispensationes.

688 565 765 642 436
1069 569 1144 645 llll
1196 567 1668 646 intillnonn

688 755 753 830 sibi
779 760 973 829 resistentes
1000 753 1216 828 anathematis
1243 766 1333 829 metu
1365 756 1566 846 coercebat,
1601 766 1757 830 sautum
1790 767 1862 847 est,
1893 781 1937 832 ne
1965 759 2044 857 Epi-

688 889 812 966 scopus
838 878 1072 966 praeterquam
1100 894 1145 944 ex
1171 876 1272 965 gravi
1298 893 1401 945 cansa
1427 870 1663 962 abstineretur,
1689 872 1906 968 fraenataquc
1925 883 1975 950 est
1992 899 2046 972 per

688 987 862 1059 Canonnm
889 991 1096 1081 antiquomm
1123 993 1378 1061 renovationem
1393 987 1665 1062 nelariilrominis
1690 995 1873 1086 protervia.
1925 993 2045 1065 lscvrm

688 1107 786 1175 etiam
821 1104 1055 1176 translationes
1081 1103 1326 1201 Episcoporum
1360 1104 1550 1195 moliretnr3
1591 1116 1657 1178 tum
1691 1110 1790 1179 etiam
1821 1111 1927 1181 invito
1952 1106 2046 1181 clem

688 1231 724 1292 et
748 1223 938 1316 praecipuis
965 1218 1078 1293 Laicis
1105 1222 1319 1316 quarumdam
1346 1221 1738 1314 urbinmreluctantibus,
1763 1221 2047 1319 Episcoposcon-

688 1341 854 1425 stitueret,
881 1334 1047 1408 delinitum
1074 1348 1144 1426 est,
1172 1338 1205 1410 id
1236 1336 1451 1410 Patriarcbae
1482 1360 1551 1410 non
1583 1338 1704 1427 licere,
1738 1343 1913 1436 proposita
1947 1339 2047 1435 depo-

687 1454 817 1525 sitionis
843 1474 974 1547 poena,
999 1457 1033 1523 in
1061 1475 1121 1524 eos
1157 1455 1212 1547 qui
1246 1451 1373 1549 absque
1408 1475 1535 1525 summa
1567 1458 1769 1528 necessitate
1801 1452 1842 1527 ab
1878 1477 1946 1528 una
1975 1455 2048 1529 sede

688 1565 731 1640 nd
757 1568 855 1641 allam
882 1569 1156 1640 transferrentur:
1184 1580 1240 1641 aut
1266 1572 1322 1664 qui
1347 1572 1450 1642 invita
1475 1569 1575 1666 plebe
1609 1570 1692 1660 loci,
1722 1569 1961 1667 Episcopatnm
1986 1569 2048 1645 ob-

687 1687 838 1756 tinerent.
891 1685 985 1757 Haec
1012 1684 1117 1758 lusius
1145 1709 1165 1757 a
1192 1685 1290 1758 nobis
1317 1689 1473 1780 exposita
1499 1695 1575 1759 sum
1600 1689 1633 1757 in
1659 1689 1728 1758 vita
1755 1685 1873 1784 Cyrilli
1910 1696 1945 1759 et
1969 1687 2048 1759 alibi

688 1799 868 1873 Caeterum
904 1804 1063 1874 autoritas
1105 1800 1375 1898 deponendomm
1415 1801 1659 1898 Episcopommn
1693 1825 1799 1898 penes
1832 1803 2048 1876 Patriarcbam

687 1928 775 1989 erat:
801 1939 911 2013 neque
938 1922 1025 1990 enim
1052 1918 1267 2015 Sqnodcrum
1293 1918 1335 1991 ad
1363 1918 1527 2013 ejusmodi
1555 1918 1679 2011 judicia
1712 1917 1944 2014 requirebatur
1969 1941 2049 1992 con-

686 2039 841 2127 vocatio,
878 2058 965 2131 quae
991 2033 1053 2108 sub
1079 2034 1262 2108 lnddelinm
1288 2057 1394 2129 regno
1422 2034 1558 2107 difficilis
1585 2044 1676 2124 erat,
1702 2036 1877 2130 multisque
1904 2034 2050 2132 periculis

686 2149 844 2224 obnoxia.
906 2149 1024 2246 Yuqab
1058 2155 1134 2226 sive
1166 2150 1292 2247 loseph
1325 2150 1393 2224 LlI.
1426 2149 1619 2247 Episcopos
1655 2152 1803 2224 isaacum
1836 2150 1990 2240 laneos,
2020 2160 2050 2222 et

686 2267 899 2341 Theodorum
925 2268 1068 2358 blisrae,
1095 2268 1138 2340 de
1164 2267 1272 2340 multis
1298 2268 1487 2340 criminibus
1515 2279 1691 2342 accusatos
1719 2266 1884 2363 deposuit,
1914 2275 1948 2345 el
1972 2264 2049 2338 allos

686 2406 802 2456 eornm
835 2384 912 2457 loco
946 2384 1130 2472 ordinavit,
1164 2394 1242 2480 post
1276 2407 1396 2456 annum
1427 2383 1457 2456 J.
1486 2383 1524 2474 G.
1551 2383 1846 2457 DCCCXXXVII.
1899 2382 1969 2455 Sed
1994 2404 2049 2453 ra-

687 2504 777 2574 riora
810 2500 931 2592 deinde
963 2501 1118 2596 exempla
1158 2499 1306 2589 fuerunt,
1340 2503 1416 2596 quia
1451 2498 1603 2573 homines
1636 2500 1782 2573 audaces
1815 2509 1850 2571 et
1881 2499 1927 2571 ad
1961 2519 2052 2572 omne

687 2618 799 2691 scelus
826 2620 951 2713 parati,
979 2639 1065 2711 quae
1091 2620 1124 2688 in
1152 2616 1248 2708 leges
1273 2616 1451 2689 Ecclesiae
1476 2625 1720 2712 peccaverant,
1754 2617 1932 2687 autoritate
1957 2615 2051 2686 Prin-

686 2738 796 2829 cipum
823 2744 878 2805 aut
904 2753 1087 2821 excusare,
1115 2741 1172 2804 aut
1198 2733 1315 2805 saltem
1341 2735 1500 2830 impvmita
1526 2751 1605 2806 esse
1638 2732 1862 2820 conabantur,
1900 2741 1958 2804 aut
1985 2732 2052 2803 Pa-

686 2849 840 2923 triarcbis
882 2848 987 2923 falsas
1026 2853 1258 2922 accusationes
1296 2847 1518 2939 intentabant,
1560 2852 1614 2944 qni
1652 2847 1778 2921 idcirco
1813 2846 2050 2920 moderatiores

687 2976 798 3058 crant,
824 2970 892 3038 imo
919 2977 954 3037 et
980 2987 1083 3061 saepe
1109 2986 1235 3058 segnes
1257 2964 1299 3037 ad
1327 2988 1368 3037 ca
1395 2965 1525 3038 scelera
1551 2963 1758 3037 vindicanda.

792 3082 1009 3157 CXXXVIII.
1036 3081 1092 3153 Ex
1119 3080 1236 3154 eadem
1270 3084 1447 3154 autoritate
1479 3080 1715 3169 Patriarchali,
1750 3080 1934 3154 secundum
1963 3099 2054 3174 mem

686 3199 764 3271 nihil
790 3199 854 3273 sibi
879 3222 947 3272 non
972 3198 1076 3271 licere
1102 3197 1349 3288 existimabant,
1375 3220 1536 3271 mmmam
1562 3220 1667 3293 saepe
1688 3197 1926 3289 indulgentiam
1952 3216 2052 3292 prae-

685 3316 859 3405 ferebant,
887 3318 977 3388 circe
1004 3314 1271 3419 dispensationes
1298 3313 1469 3409 quasdam,
1496 3316 1694 3410 praesertim
1720 3334 1804 3405 erga
1830 3335 1894 3387 eos
1922 3317 1978 3407 qui
1996 3334 2053 3385 sa-

688 3437 755 3506 cris
784 3431 961 3506 Ordinibus
992 3442 1089 3504 erant
1121 3430 1278 3504 initiandi.
1335 3430 1422 3503 Nam
1454 3453 1529 3503 cum
1562 3429 1743 3504 secundum
1774 3428 1954 3519 canones,
1991 3426 2054 3498 nati

689 3573 737 3621 ex
761 3548 953 3646 parentibus
979 3569 1046 3619 non
1071 3546 1205 3637 liberis,
1238 3555 1294 3619 aut
1329 3570 1374 3618 ex
1408 3546 1564 3619 secundis
1597 3548 1734 3642 nuptiis,
1770 3555 1826 3617 ant
1860 3548 1918 3640 qui
1946 3545 2054 3616 servi-

689 3675 791 3738 tutem
818 3669 1029 3755 serviissent,
1056 3674 1113 3736 ant
1139 3665 1257 3759 spurii,
1284 3662 1340 3734 vel
1368 3666 1423 3757 qui
1449 3663 1559 3758 aliqua
1584 3660 1741 3735 natalium
1766 3661 1902 3733 ntamia
1917 3660 2053 3746 labora·

687 3792 773 3869 rent,
801 3782 844 3852 ad
870 3780 1093 3854 sacerdotium
1118 3801 1186 3851 non
1215 3777 1474 3870 admitterentur,
1498 3777 1631 3851 luenrnt
1656 3786 1767 3850 nmen
1787 3781 1874 3849 inter
1901 3778 2052 3849 Patriar-

690 3898 770 3970 chas
809 3896 975 3988 nonnulli,
1011 3899 1067 3993 qui
1102 3896 1186 3967 tales
1221 3895 1372 3967 homines
1406 3895 1614 3986 ordinarem,
1650 3896 1746 3990 quasi
1778 3916 1825 3964 ex
1856 3892 2053 3989 plenitudine

686 4018 874 4110 potestatis.
927 4013 976 4086 llli
1004 4012 1134 4108 qudem
1162 4011 1284 4107 deponi
1311 4010 1353 4083 ab
1387 4013 1477 4084 omni
1505 4010 1746 4084 Ecclesiastico
1779 4009 1887 4103 gradu
1919 4007 2052 4081 debuis-

689 4141 778 4219 sent,
816 4140 958 4202 attamen
985 4151 1162 4225 supremae
1194 4127 1299 4216 illins,
1334 4150 1432 4223 quam
1464 4131 1497 4198 in
1529 4129 1598 4200 suis
1632 4125 1831 4200 Patriarcbis
1864 4127 2053 4221 suspiciunt,

689 4250 871 4321 autoritatis
896 4248 1027 4318 ratione
1051 4245 1183 4335 habita,
1209 4247 1381 4340 pmvisum
1407 4242 1539 4340 quidem
1564 4241 1668 4315 inisse
1703 4242 1861 4335 legimus,
1895 4264 1941 4313 ne
1976 4238 2053 4312 tales

690 4363 810 4437 deinde
838 4361 1072 4435 Ordinationes
1098 4360 1232 4450 fierent,
1259 4369 1293 4430 at
1319 4362 1445 4455 quiite
1472 4358 1612 4431 ordinati
1639 4356 1781 4447 buerant,
1807 4361 1841 4429 in
1867 4355 2052 4429 sacerdotio

682 4479 952 4577 permanserunt.
1004 4479 1042 4550 ln
1072 4476 1209 4572 reliquis
1240 4480 1269 4549 si
1304 4475 1380 4571 quid
1412 4486 1529 4548 contra
1565 4473 1723 4548 Canones
1757 4470 1868 4563 fieret,
1906 4473 2054 4567 quamve

690 4595 778 4668 male
792 4593 934 4684 lactem,
959 4591 1097 4665 valebat
1123 4593 1211 4687 apud
1235 4614 1296 4667 eos
1323 4601 1443 4663 tamen.
1485 4591 1635 4663 Abanvm
1661 4590 1946 4685 dispensationum
1971 4583 2053 4658 nnlla

690 4731 832 4809 prorsus
859 4708 1015 4805 exempla
1046 4712 1272 4805 reperiuntur,
1302 4710 1365 4782 nisi
1398 4709 1587 4798 rarissima,
1616 4717 1653 4779 ut
1682 4727 1757 4779 cum
1790 4703 1895 4779 nobili
1929 4703 2053 4776 cuidam

685 4826 882 4914 doschiae,
909 4825 975 4896 duo
1001 4824 1223 4921 Qisccpatus
1251 4824 1317 4896 dati
1342 4833 1419 4897 sunt
1443 4824 1562 4898 lsaaco
1588 4822 1627 4894 F.
1653 4821 1842 4896 Andounae
1871 4820 2054 4897 Vissimet

690 4941 835 5034 blisrae,
861 4951 995 5038 praeter
1021 4938 1178 5014 Ganones
1205 4949 1240 5014 et
1263 4963 1471 5014 communem
1494 4939 1773 5015 consuetudinem.
1811 4937 1850 5010 ln
1875 4940 2052 5034 poeniten-

689 5061 735 5131 tia
760 5054 960 5157 imponenda
986 5065 1020 5130 et
1045 5055 1250 5150 relaxanda,
1276 5057 1430 5154 quamdiu
1455 5066 1553 5132 vetus
1581 5054 1753 5153 disciplina
1784 5052 1870 5151 apud
1904 5050 2051 5149 Coptitas

2184 5333 2214 5997 p
