4525 6034
709 564 759 636 22
1080 563 1260 643 ORDO
1313 564 1688 647 connubiis

774 741 777 755 ’
811 754 860 828 Ita
887 776 971 826 vere
997 775 1117 850 passus
1145 763 1198 826 est
1222 754 1315 826 Deus
1341 753 1491 828 Verbum
1516 759 1550 828 in
1584 779 1707 847 carne,
1740 767 1775 830 et
1803 756 1981 832 immolatus
2011 771 2055 834 est

708 876 742 938 et
767 866 891 972 fractus
917 874 949 942 in
977 871 1210 960 crucifixione,
1237 854 1458 966 separatapue
1485 884 1538 945 est
1563 877 1671 946 anima
1698 877 1771 968 ejus
1791 898 1810 946 a
1831 896 1970 971 corpore
1981 881 2054 970 ejus,

708 988 858 1080 quamvis
885 987 1037 1059 divinitas
1063 989 1136 1080 ejus
1163 985 1347 1060 nullatenus
1374 998 1528 1083 separata
1554 988 1652 1062 bremt
1687 988 1728 1062 ab
1761 992 1869 1062 anima
1900 1002 1954 1065 aut
1981 1017 2054 1067 cor-

706 1123 791 1197 pore
817 1107 899 1197 ejus.
952 1105 1148 1178 Translixns
1175 1115 1227 1176 est
1258 1102 1376 1177 lancea
1410 1107 1444 1176 in
1473 1105 1581 1178 latere
1613 1128 1697 1198 suo,
1725 1130 1779 1178 ex
1812 1129 1877 1202 qno
1910 1106 2057 1183 fluxerunt

706 1223 843 1311 sanguis
869 1230 904 1292 et
929 1243 1033 1316 aqua,
1058 1223 1246 1319 propitiatio
1273 1224 1373 1293 totius
1398 1220 1527 1313 mundi,
1554 1221 1672 1318 quibus
1699 1243 1821 1318 corpus
1836 1224 1908 1315 ejus
1928 1246 2055 1321 resper-

706 1357 778 1407 sum
806 1347 875 1410 est:
901 1341 994 1409 venit
1020 1341 1125 1410 anima
1154 1348 1187 1409 et
1212 1340 1300 1409 unita
1327 1348 1379 1411 est
1405 1341 1477 1431 ejus
1504 1342 1657 1435 corpori:
1692 1347 1727 1411 et
1750 1361 1814 1435 pro
1839 1352 1976 1436 peccato
2001 1364 2055 1413 or-

705 1449 758 1523 bis
783 1455 950 1543 universi,
977 1463 1125 1528 mortuus
1152 1464 1205 1527 est
1229 1452 1315 1525 filius
1340 1456 1374 1526 in
1406 1477 1525 1546 cruce,
1559 1466 1594 1528 et
1623 1458 1789 1530 convertit
1821 1477 1885 1529 nos
1920 1480 1940 1528 a
1974 1468 2056 1552 parta

706 1570 838 1639 sinistra
865 1567 906 1640 ad
932 1570 1103 1661 dextram,
1137 1580 1171 1642 et
1196 1570 1384 1667 pacificavit
1407 1594 1471 1667 per
1496 1575 1691 1665 sanguinem
1718 1575 1827 1645 crucis
1853 1594 1954 1661 suae,
1983 1575 2054 1644 uni·

704 1686 818 1779 vitque
844 1695 879 1757 et
904 1688 1077 1779 conjunxit
1102 1686 1262 1761 coelestia
1288 1709 1364 1759 cum
1389 1692 1549 1777 terrenis,
1575 1688 1731 1785 populum
1757 1713 1831 1761 cum
1858 1689 2004 1785 populis,
2026 1698 2055 1760 et

705 1801 847 1873 ammam
873 1826 948 1875 cum
977 1826 1139 1901 corpore;
1171 1803 1225 1877 die
1258 1812 1367 1877 autem
1398 1807 1495 1877 tertia
1530 1807 1677 1878 surrexit
1708 1804 1751 1878 de
1782 1804 1956 1900 sepulcro:
1984 1824 2056 1877 unm

703 1920 777 2013 ipse
803 1915 1015 2012 Emmanuel,
1041 1930 1075 1992 et
1100 1943 1168 1993 non
1195 1921 1320 1996 divisus
1347 1931 1425 2020 post
1449 1924 1606 1994 amonem
1631 1920 1908 2018 inseparabilem,
1934 1919 2055 1992 induas

704 2043 849 2108 naturas:
876 2035 925 2108 lta
952 2036 1139 2128 credimus,
1165 2041 1211 2111 ita
1237 2040 1451 2130 confitemur,
1484 2048 1518 2110 et
1546 2040 1591 2110 ita
1616 2037 1867 2134 praedicamus,
1898 2036 1961 2110 hoo
1991 2057 2057 2109 esse

704 2173 829 2248 corpus
855 2153 951 2225 istius
978 2156 1171 2247 sanguinis,
1197 2165 1231 2227 et
1256 2154 1342 2229 huuc
1367 2177 1445 2229 essc
1472 2145 1667 2247 sanguinem
1693 2154 1789 2248 hujus
1815 2157 1977 2251 eorporis.

810 2302 891 2373 Tum
914 2307 1153 2399 usurpantium,
1180 2306 1255 2379 sive
1278 2304 1489 2402 particulam,
1525 2328 1624 2399 ptum
1645 2308 1768 2398 frepil,
1800 2307 1905 2375 mittit
1934 2307 1969 2374 in
1997 2326 2054 2372 cc-

702 2416 809 2491 tieem.

1057 2707 1143 2779 Atta
1170 2707 1290 2779 Oratio
1316 2706 1361 2779 D.
1387 2706 1514 2780 Jacobs·
1538 2704 1713 2777 Doctoria.

804 2944 905 3015 Pater
930 2945 1103 3034 veritatis,
1129 2966 1211 3016 ecoe
1236 2943 1340 3016 Filius
1366 2952 1459 3031 brus,
1485 2940 1595 3015 hostia
1620 2940 1678 3014 tibi
1702 2938 1841 3038 placita:
1870 2942 1959 3016 illum
1983 2967 2052 3017 sns-

701 3061 776 3155 cipe
809 3063 864 3155 qui
896 3083 958 3156 pro
989 3083 1044 3132 me
1069 3069 1218 3132 mortuus
1245 3052 1314 3148 εειζ
1341 3068 1375 3130 et
1399 3081 1462 3154 per
1487 3081 1564 3131 eum
1595 3066 1669 3131 esto
1699 3062 1875 3154 propitius.
1927 3060 2052 3155 Suscipe

699 3174 764 3248 hoc
790 3174 986 3250 sacrificium
1011 3199 1057 3249 ex
1083 3174 1234 3249 manibus
1261 3177 1362 3266 meis,
1388 3184 1424 3247 ut
1448 3174 1525 3247 mibi
1550 3173 1700 3271 placatus
1727 3178 1796 3267 sis,
1823 3198 1935 3272 neque
1959 3200 2051 3272 repu-

700 3302 752 3365 tes
777 3291 856 3364 mihi
881 3301 1041 3388 peccata,
1068 3315 1154 3388 quae
1180 3294 1330 3365 commisi
1357 3314 1471 3364 coram
1495 3295 1668 3384 majestate
1696 3299 1760 3363 trra
1812 3292 1908 3366 Ecce
1933 3293 2050 3386 sanguis

700 3407 823 3482 ellusus
850 3431 952 3505 super
978 3407 1178 3501 Golgotham
1205 3407 1246 3481 ab
1273 3410 1413 3503 iniquis,
1440 3410 1495 3503 qui
1523 3405 1710 3504 interpellat
1734 3431 1797 3504 pro
1829 3431 1903 3483 me:
1936 3412 2051 3503 suscipe

700 3523 968 3620 deprecationem
993 3547 1101 3597 meam
1126 3533 1263 3622 propter
1288 3547 1373 3597 eum.
1426 3526 1556 3611 Quanta
1582 3533 1658 3595 sunt
1684 3523 1803 3596 delicta
1828 3549 1925 3617 mea,
1956 3534 2050 3597 unus

699 3649 776 3715 sunt
800 3643 1032 3715 miserationes
1059 3652 1154 3714 mae:
1181 3645 1212 3716 si
1235 3639 1425 3738 perpendas
1452 3640 1659 3713 clementiam
1685 3649 1794 3730 mam,
1820 3641 2050 3738 praeponderat

701 3759 803 3828 etiam
828 3756 997 3833 montibus
1021 3781 1105 3854 quos
1132 3757 1310 3855 appendis,
1336 3760 1370 3829 in
1396 3765 1529 3830 statera.
1555 3758 1682 3853 Aspice
1708 3755 1848 3850 delicta,
1876 3759 1936 3832 sed
1953 3758 2050 3853 aspice

699 3872 796 3945 simul
822 3872 1019 3947 sacrificium
1045 3873 1132 3970 quod
1158 3897 1220 3970 pro
1246 3877 1328 3971 ipsis
1355 3872 1507 3963 offertum
1535 3876 1610 3969 quia
1637 3871 1738 3945 mrdto
1753 3876 1863 3966 maJus
1885 3887 1938 3949 est
1950 3874 2047 3948 sacri-

699 3988 808 4060 licium
835 4000 869 4061 et
894 3965 1040 4081 vibtima,
1067 4013 1165 4085 quam
1181 4002 1304 4063 reatus.
1340 3988 1482 4083 Propter
1499 3999 1637 4085 peccata
1654 4011 1738 4083 quae
1751 3994 1919 4080 commisi,
1945 3988 2047 4061 claros

698 4115 732 4201 et
757 4103 906 4177 lanceam
932 4110 1084 4180 sustinuit
1110 4107 1248 4179 dilectus
1274 4117 1362 4179 tuus:
1389 4106 1550 4178 sufficiunt
1574 4109 1751 4201 passiones
1778 4109 1852 4199 ejus
1875 4107 1917 4179 ad
1936 4119 1967 4179 te
1980 4102 2046 4200 pla-

696 4221 853 4312 candum,
880 4234 914 4295 et
938 4235 974 4296 ut
999 4246 1060 4320 per
1087 4243 1147 4296 eas
1173 4224 1296 4294 vivam.
1350 4220 1465 4294 Gloria
1490 4221 1581 4293 Patri
1608 4225 1663 4317 qui
1689 4222 1807 4294 Filium
1834 4246 1929 4298 sunm
1953 4218 2045 4294 tradi-

698 4336 744 4410 dit
768 4360 830 4433 pro
858 4339 964 4412 salute
989 4351 1119 4415 nostra:
1147 4350 1180 4411 et
1205 4337 1291 4413 Filio
1322 4340 1377 4433 qui
1408 4348 1556 4416 mortuus
1591 4349 1643 4412 est
1677 4339 1711 4409 in
1736 4361 1859 4430 cruce,
1899 4350 1932 4412 et
1963 4333 2045 4409 nobis

698 4450 849 4526 omnibus
884 4456 988 4528 vitam
1021 4456 1199 4551 praestitit:
1240 4465 1274 4527 et
1307 4453 1443 4550 Spiritui
1476 4455 1531 4549 qui
1562 4456 1706 4550 incoepit
1749 4467 1783 4529 et
1821 4451 2045 4530 consummavit

696 4572 893 4665 mysterium
941 4569 1056 4645 salutis
1103 4581 1255 4645 nostrae:
1314 4569 1458 4643 Trinitas
1503 4568 1759 4666 superexcelsa,
1811 4593 1915 4669 parce
1962 4564 2044 4638 nobis

697 4684 858 4759 omnibus.

800 4836 948 4930 Perficit
973 4840 1044 4907 tres
1071 4837 1247 4908 motiones
1273 4835 1440 4929 (Positas)
1475 4840 1681 4932 imponitque
1709 4861 1840 4909 mmum
1865 4857 1965 4931 super
1987 4854 2042 4903 co·

697 4948 813 5040 licem,
842 4955 956 5046 cipum
979 4974 1017 5023 ae
1042 4954 1167 5050 ipsum,
1195 4959 1229 5023 et
1254 4958 1308 5023 ter
1333 4952 1412 5025 binc
1438 4930 1474 5027 el
1497 4954 1578 5026 inde
1602 4958 1731 5052 siquam
1756 4956 1869 5026 οηιείε
1883 4953 1969 5047 facit
1988 4970 2041 5020 ar·

691 5089 760 5160 per
781 5069 957 5163 populoru,
984 5075 1018 5141 et
1044 5069 1138 5141 dicit.
