4525 6034
425 591 456 669 S.
499 590 1400 672 Jonnnlscnnrsosronl.
1524 595 1601 670 249

224 778 300 871 cipe
325 775 581 874 Episcopornm,
608 777 777 875 Apostolo
805 788 839 850 et
864 778 1018 874 Martyre
1044 778 1087 850 ad
1113 777 1199 851 hono
1225 803 1332 876 nsque
1357 781 1464 870 diem,
1491 783 1601 856 verbo

225 890 396 964 doctrinae
420 893 609 967 Ecclesiam
636 905 723 967 tuam
751 904 900 967 sanctam
926 894 1184 969 illustraverunt
1211 897 1401 994 Praecipue
1426 921 1512 970 vero
1540 900 1602 972 SS.

222 1004 374 1096 Patrom,
402 1010 540 1100 Ignatii,
567 1010 745 1106 Dionysii,
770 1009 870 1100 Julii,
897 1021 932 1082 et
957 1008 1159 1105 reliquorum
1185 1013 1429 1107 Apostolorum
1457 1024 1601 1087 sancto-

223 1142 309 1211 rum,
335 1124 578 1221 Pastorumque
605 1149 775 1199 verorum.

328 1240 478 1312 Eteonos
510 1252 636 1314 rocem.
690 1242 836 1314 Mentem
870 1242 1176 1337 prudentissimam,
1210 1253 1244 1314 et
1276 1248 1429 1336 regimen
1456 1267 1604 1339 superne

225 1354 452 1427 concreditum
479 1356 675 1446 habuerunt,
702 1368 816 1452 patres
848 1361 952 1429 nostri
979 1361 1025 1454 pii
1058 1368 1092 1429 et
1118 1356 1227 1447 beati,
1259 1358 1299 1430 ab
1337 1358 1394 1431 illo
1430 1371 1602 1456 postorum

118 1558 122 1562 ¹
224 1470 375 1566 principe
402 1481 435 1543 et
461 1475 645 1544 institutore
667 1472 888 1545 confessionis
904 1484 1053 1560 nostrae,
1080 1473 1259 1567 donisque:
1287 1477 1421 1569 spiritus
1437 1478 1601 1564 instructi,

225 1597 464 1659 converterunt
489 1611 628 1683 prorsus
654 1598 798 1659 mentem
825 1610 932 1677 snam,
958 1600 993 1660 et
1018 1588 1247 1660 rectitudinem
1279 1588 1356 1661 fidei
1390 1589 1602 1663 orthodoxae

225 1704 399 1797 suscipere
426 1703 517 1795 digni
543 1703 622 1776 facti
649 1725 772 1776 sumus.
799 1701 850 1774 llli
876 1724 960 1795 ergo
987 1704 1073 1795 legis
1100 1706 1191 1773 vitae
1216 1706 1406 1795 institutori,
1433 1717 1468 1778 et
1492 1729 1601 1801 prae-

225 1816 340 1889 clarae
367 1818 409 1890 de
435 1822 575 1891 caritate
602 1820 799 1907 sententiae,
826 1822 976 1891 suaviter
1000 1840 1063 1913 per
1090 1819 1201 1890 cordis
1217 1822 1393 1913 puritatem
1420 1842 1483 1893 nos
1511 1820 1600 1892 olfe-

224 1955 354 2023 ramus;
382 1935 483 2007 etad
509 1945 653 2007 mentem
679 1957 808 2029 puram,
836 1956 935 2004 cursu
962 1934 1073 2007 bonae
1100 1936 1333 2025 cogitationis,
1366 1937 1400 2005 in
1426 1936 1481 2007 illa
1509 1957 1600 2006 con-

225 2051 376 2122 sistentia
416 2049 523 2143 regali
565 2072 803 2146 praeparemus
837 2071 917 2121 nos:
961 2062 994 2123 et
1037 2050 1079 2121 ad
1120 2048 1272 2121 thronum
1307 2049 1396 2121 illum
1436 2050 1600 2144 regalem,

225 2166 484 2261 circumquaque
520 2166 583 2240 illis
619 2163 830 2238 adhaerendo
866 2168 1105 2260 respicientes,
1146 2164 1244 2237 oculo
1278 2168 1444 2252 interiori,
1484 2165 1600 2237 landes

225 2284 387 2353 materiae
414 2291 572 2377 expertes
599 2281 677 2354 illuc
703 2285 888 2354 mittamus:
920 2303 1030 2376 neque
1056 2280 1266 2370 socorditer,
1301 2291 1358 2352 aut
1382 2282 1599 2370 mendaciter,

225 2399 259 2467 in
293 2400 418 2470 semitis
449 2398 623 2471 beatorum
656 2397 788 2469 illorum
823 2395 957 2468 Patrum
990 2407 1179 2469 nostrornm
1215 2405 1398 2468 curramus.
1451 2396 1600 2467 Maxime

225 2534 311 2584 vero
340 2512 384 2585 ad
410 2537 587 2608 supernum
617 2513 694 2584 illud
722 2512 828 2583 altare
863 2534 999 2607 purum,
1033 2521 1157 2584 attente
1184 2510 1290 2583 oculis
1324 2507 1600 2582 intellectualibus

226 2639 473 2718 convertamur,
501 2629 535 2700 et
561 2630 777 2724 aspiciamus:
812 2635 991 2722 casteque,
1017 2650 1082 2698 nec
1109 2630 1256 2722 impure,
1282 2626 1504 2698 laudationem
1533 2647 1599 2696 ae-

225 2752 355 2815 ternam
381 2744 567 2817 referamus
595 2743 747 2814 Trinitati
775 2740 1005 2830 absconditae,
1032 2764 1142 2837 neque
1160 2750 1271 2813 mente
1297 2738 1599 2837 comprehensibili,

226 2859 442 2955 ejusdemque
469 2859 675 2933 substantiae
702 2857 824 2948 Patris,
849 2857 925 2929 Filii
952 2868 985 2928 et
1011 2858 1154 2953 Spiritus
1181 2861 1392 2931 sanctissimi.

329 2975 489 3070 Populus.
542 2976 662 3047 Amen.

329 3092 504 3164 Sacerdos
530 3091 723 3161 inclinatur.
776 3089 945 3161 Memento
972 3088 1116 3161 Domine
1138 3087 1359 3161 sacerdotnm
1375 3085 1600 3159 Orthodoxo-
1674 3077 1679 3089 ’

227 3229 312 3297 rom,
339 3182 630 3303 Diaconofumque
649 3218 789 3292 tuorum,
816 3205 1115 3293 subdiaconorum,
1139 3204 1361 3292 Devotorum,
1380 3202 1601 3276 saccularium

227 3332 261 3393 et
287 3327 429 3396 omniurn
458 3323 707 3407 defunctorum,
744 3326 799 3415 qui
832 3345 877 3392 ex
909 3321 973 3393 hoc
1008 3321 1120 3407 altari,
1155 3330 1212 3391 aut
1237 3343 1285 3392 ex
1311 3321 1399 3391 omni
1427 3318 1517 3403 loco,
1544 3316 1602 3388 vel

225 3448 323 3533 parte
359 3437 502 3511 defuncti
537 3449 630 3510 sunt:
668 3448 796 3532 patrum
830 3440 929 3508 etiam
960 3435 1164 3529 fratrumque
1196 3446 1407 3520 nostrorum,
1442 3443 1508 3504 taor
1537 3455 1599 3504 se-

226 3554 367 3626 cundum
394 3556 551 3649 Spiritum
579 3576 678 3648 quam
705 3554 883 3624 secundum
911 3573 1048 3647 corpus:
1077 3555 1253 3644 quiescere
1267 3550 1342 3620 illos
1365 3547 1448 3639 jube
1474 3550 1508 3617 in
1534 3546 1600 3616 ba-

225 3670 380 3742 bitaculis
408 3674 471 3742 tuis
498 3669 719 3755 coelestibus,
747 3691 821 3739 cum
850 3668 1001 3740 omnibus
1037 3669 1160 3740 sanctis
1192 3668 1275 3754 tuis,
1307 3682 1437 3756 nosque
1469 3659 1601 3731 illorum

228 3787 433 3859 orationibus
461 3767 666 3878 adjuvemur.
1362 3857 1365 3864 ,

330 3903 480 3972 Eteonos
506 3925 632 3972 rocem.
686 3900 729 3972 Et
755 3898 885 3971 illorum
919 3900 973 3992 qui
1008 3921 1081 3969 cum
1115 3900 1258 3991 puritate
1284 3892 1416 3981 cordis,
1449 3899 1484 3962 et
1515 3913 1601 3962 san-

227 4023 341 4091 ctitate
368 4021 498 4089 animae
534 4029 568 4089 et
601 4019 773 4112 corporis,
807 4037 853 4085 ex
880 4013 1016 4086 saeculo
1055 4016 1118 4085 isto
1153 4013 1284 4104 egressi
1320 4017 1395 4081 sunt
1427 4018 1461 4078 et
1492 4006 1534 4078 od
1568 4017 1601 4078 te

226 4135 321 4206 Deus
359 4143 595 4230 pervenerunt.
648 4132 783 4204 lllorum
826 4133 881 4224 qui
923 4129 964 4201 ab
1010 4126 1119 4200 Adam
1161 4132 1286 4221 primo,
1320 4134 1354 4195 et
1393 4121 1602 4218 protoplasto

226 4252 375 4343 figmenti
402 4251 518 4335 nostri,
545 4252 577 4319 in
606 4245 757 4320 omnibus
790 4242 1081 4337 generationibus,
1114 4242 1309 4338 placuerunt
1343 4233 1458 4310 coram
1485 4246 1535 4324 tc,
1569 4244 1603 4305 et

228 4378 261 4438 tc
288 4366 437 4439 confessi
473 4374 564 4452 sunt,
597 4373 899 4460 speraveruntque,
934 4370 969 4431 et
1003 4367 1272 4460 expectaverunt
1304 4352 1603 4427 manifestationem

227 4485 388 4574 unigeniti
416 4484 480 4569 tui,
508 4479 848 4572 desideraveruntque
879 4475 998 4548 videre
1023 4474 1109 4545 diem
1137 4473 1223 4546 illius
1251 4491 1407 4563 magnum
1435 4478 1469 4539 et
1494 4487 1603 4561 prae-

229 4598 364 4670 clarum.
417 4596 549 4668 Illorum
584 4598 682 4668 etiam
716 4596 770 4689 qni
806 4615 852 4663 ex
888 4594 960 4662 sinu
994 4588 1155 4685 spirituali
1189 4588 1395 4684 baptismatis
1429 4579 1601 4678 splendide

129 4691 132 4692 ⁷
228 4723 262 4784 te
289 4713 481 4799 ioduerrmt,
510 4721 543 4782 et
570 4715 603 4781 in
629 4731 750 4782 nomen
784 4718 873 4779 tuum
906 4705 1126 4778 crediderunt.
1181 4705 1333 4791 Quietem
1365 4699 1430 4771 illis
1464 4705 1601 4791 praesta

228 4832 261 4899 in
289 4826 485 4900 habitaculis
514 4830 577 4898 tuis
605 4822 817 4910 coelestibus,
845 4827 878 4894 in
904 4820 1060 4918 paradiso
1088 4818 1292 4908 deliciarum,
1319 4819 1354 4887 in
1378 4809 1602 4885 tabernaculis

99 4935 102 4939 ’
228 4944 324 5032 lucis,
352 4948 386 5014 in
411 4944 496 5014 locis
524 4947 653 5037 quietis.
709 4940 826 5033 Neque
852 4939 1013 5024 Domine,
1047 4938 1151 5006 intres
1183 4955 1258 5005 cum
1284 4932 1348 5005 illis
1373 4933 1408 5001 in
1430 4928 1602 5020 iudicium,

231 5064 401 5156 quianon
426 5058 622 5149 justificatur
648 5062 681 5130 in
707 5064 889 5150 conspectu
916 5065 973 5126 tuo
1007 5053 1115 5125 omnis
1143 5051 1286 5122 vivens:
1319 5066 1404 5120 unus
1436 5046 1524 5117 enim
1551 5051 1604 5114 cst
