4525 6034
604 609 657 683 lu
681 606 886 685 tumenti
906 604 1098 683 coartant
1118 607 1149 684 S.
1166 608 1311 683 utstttt.
1565 607 1640 679 203

271 794 488 856 Oeconomum.
511 793 602 855 Extat
624 795 654 855 in
676 791 814 856 omnibus
832 792 955 854 Graecis
980 798 1011 854 et
1024 790 1233 869 Orientalibus,
1248 792 1343 873 Syris,
1366 790 1521 868 Armenis;
1544 809 1644 873 neque

270 892 346 954 satis
375 891 546 975 mtettgere
575 909 756 974 possumus,
787 910 842 954 cur
870 893 899 953 in
929 890 985 953 hac
1013 890 1113 954 Basilii
1139 890 1262 971 Coptica
1291 890 1348 953 boc
1373 890 1440 953 loco
1463 908 1524 953 non
1547 909 1643 972 repe·

269 992 383 1056 riatur.
429 991 495 1053 Etsi
521 994 599 1053 enim
628 990 735 1053 mullos
766 993 955 1071 optimaeque
979 999 1069 1053 notae
1100 990 1222 1054 codices
1245 990 1322 1054 illius
1345 992 1590 1062 tractaverim,
1613 989 1643 1049 in

270 1090 356 1153 nullo
379 1108 397 1153 a
420 1090 507 1153 nobis
530 1091 692 1154 observata
716 1099 781 1152 est:
810 1108 909 1171 neque
939 1093 968 1152 in
999 1090 1179 1172 Aethiopico
1209 1089 1346 1172 generali
1376 1090 1500 1154 Canone
1530 1090 1643 1172 quiex

271 1209 309 1252 ea
333 1208 502 1270 expressus
524 1199 581 1253 εει.
627 1189 686 1254 Sed
711 1209 768 1252 nec
790 1189 868 1252 illius
892 1191 1021 1252 meminit
1042 1190 1230 1268 Abulbircat,
1254 1190 1323 1252 dum
1340 1189 1477 1272 singulas
1491 1189 1642 1270 liturgiae

268 1298 376 1370 partes
400 1290 541 1371 explicat,
565 1308 642 1370 quae
657 1292 733 1353 ratio
749 1308 817 1352 oum
839 1289 903 1350 aliis
927 1290 1098 1370 conjuncta,
1122 1289 1193 1352 lacit
1209 1297 1241 1351 ut
1257 1288 1427 1352 dubitanter
1450 1289 1642 1364 affirmemus,

269 1389 514 1453 benedictionem
536 1390 615 1452 illam
637 1390 880 1471 praetermissam
903 1407 974 1451 esse
996 1391 1024 1449 in
1048 1389 1154 1452 codice
1176 1389 1343 1452 Basilianae
1365 1388 1530 1472 Liturgiae.
1553 1386 1643 1448 Atta-

270 1508 342 1551 men
365 1491 517 1571 reperitur
537 1491 567 1551 in
591 1491 709 1553 Graeco
733 1488 845 1551 Codice
868 1487 964 1568 Regio
985 1488 1140 1569 Liturgiae
1163 1487 1388 1551 Alexandrinae
1419 1489 1449 1552 S.
1473 1487 1587 1564 Basilii,
1611 1493 1644 1547 ut

270 1589 304 1650 in
327 1587 423 1651 altera
446 1589 596 1673 Gregorii.
640 1588 781 1670 Ejusdem
804 1586 880 1650 tituli
904 1587 1028 1669 Coptica
1051 1589 1187 1652 eamdem
1209 1587 1350 1650 habetet
1372 1586 1642 1668 quidamGraece3

270 1694 307 1748 ut
329 1688 417 1750 etiam
439 1707 457 1751 a
479 1690 625 1751 Maronita
648 1688 816 1768 lntcrprcte
840 1687 1032 1751 observatum
1062 1696 1119 1765 est,
1151 1690 1201 1770 qui
1230 1688 1325 1751 verba
1348 1686 1465 1748 Graeca
1494 1685 1532 1748 ad
1561 1704 1644 1749 oram

269 1788 421 1867 apposuit.

359 1885 528 1947 Notandum
550 1904 644 1966 porro
666 1889 696 1947 in
719 1885 824 1949 codice
848 1885 985 1966 Coptico,
1008 1888 1132 1967 primam
1156 1888 1323 1948 orationem
1352 1883 1449 1947 osculi
1471 1886 1554 1965 pacis
1578 1902 1643 1945 cam

269 2000 341 2045 osse
365 2002 442 2065 quae
465 1986 505 2047 ita
528 1987 639 2067 incipit.
663 1986 746 2048 Deras
767 2004 874 2065 macrae
896 1994 927 2047 et
947 1993 1069 2047 aeterne
1090 1988 1143 2066 pai
1163 1987 1311 2047 domium
1332 1984 1445 2064 adaque
1471 1985 1545 2045 oitio
1567 1996 1658 2043 cora-⁴
1703 1996 1713 2013 ·

271 2084 387 2146 didisti.
410 2083 453 2145 Ea
476 2103 552 2147 vero
575 2087 604 2147 in
629 2084 704 2149 Cod.
727 2083 778 2148 Gr.
802 2084 899 2167 Regio
922 2086 962 2146 ita
985 2103 1020 2146 se
1043 2084 1142 2147 habet
1176 2073 1210 2147 ‘O
1231 2077 1322 2158 θεὸς,
1345 2074 1365 2146 d
1385 2075 1496 2164 μέγας,
1520 2070 1539 2144 o‘
1562 2066 1644 2143 αἰώ-

268 2200 349 2257 νιος,
374 2170 393 2243 ὁ
415 2178 528 2255 κτίσας
550 2177 584 2245 ἐν
605 2172 784 2270 ὀφθαρσίᾳ
804 2174 862 2246 τὸν
884 2173 1070 2269 ἄνθρωπον.
1093 2184 1167 2247 llam
1189 2186 1325 2265 sequitur
1347 2182 1450 2244 altera.
1495 2181 1647 2261 Superum

270 2302 389 2344 annau
410 2285 472 2343 vim
494 2287 659 2346 sermonis:
690 2303 778 2364 quam
809 2283 916 2346 Codex
935 2283 1013 2345 idem
1034 2292 1246 2364 repraesentat
1268 2279 1387 2345 Πᾶσαν
1409 2266 1644 2366 bracantiae

270 2378 334 2442 τοῦ
355 2366 455 2462 λόγου
476 2369 624 2460 δύναμιν.
663 2383 723 2447 Sed
746 2385 774 2446 in
798 2383 916 2445 Graeco
940 2384 1107 2463 exemplari
1129 2386 1224 2464 prima
1248 2391 1310 2455 cst,
1333 2384 1418 2464 cujus
1441 2380 1498 2443 boc
1521 2379 1643 2440 initium.

270 2467 380 2565 Κύριε
403 2468 530 2557 baris,
553 2471 572 2543 ὁ
594 2476 707 2556 κτίσας
730 2472 825 2566 ἡμᾶς,
846 2478 902 2543 καὶ
924 2470 1053 2565 dyaycda
1074 2474 1122 2555 εἰς
1148 2471 1207 2567 τήν
1236 2472 1321 2567 ζωὴν
1341 2469 1471 2565 ταύτην.
1515 2479 1644 2541 Domita

268 2580 354 2643 Deae
375 2582 427 2660 poi
448 2583 563 2642 creasti
587 2601 644 2643 aas
672 2589 703 2644 et
728 2582 888 2644 adduxisti
915 2583 949 2643 ia
976 2583 1070 2643 vitam
1097 2584 1195 2644 banc:
1228 2582 1336 2645 dicitur
1362 2589 1460 2645 autem
1489 2581 1518 2641 in
1546 2577 1642 2654 titulo,

275 2698 347 2743 esse
371 2680 400 2743 S.
423 2678 536 2742 Basilii:
560 2688 649 2762 atque
674 2701 710 2744 ea
731 2683 797 2763 ipsa
825 2680 937 2764 legitur
958 2682 987 2742 in
1018 2680 1134 2744 Cracca
1163 2683 1281 2765 vulgari
1310 2681 1408 2744 basilii
1431 2680 1574 2763 liturgia.
1609 2677 1642 2738 ln

275 2778 382 2842 codice
405 2795 473 2840 rneo
494 2783 699 2861 manuscripto
729 2779 1025 2861 Coptica-Arabico,
1054 2781 1131 2844 duae
1155 2782 1231 2844 aliae
1261 2788 1439 2845 accurrunt:
1470 2797 1528 2841 una
1557 2777 1642 2839 titulo

273 2878 402 2941 Joanrus
424 2879 563 2943 Bostreni
584 2883 614 2942 in
638 2880 764 2962 Coptica
785 2888 871 2943 textu
878 2899 888 2956 ;
922 2889 953 2942 at
979 2882 1008 2941 in
1030 2880 1162 2943 Arabico
1185 2882 1235 2961 qui
1264 2888 1311 2943 est
1339 2900 1356 2942 e
1379 2865 1521 2961 regione
1537 2877 1643 2939 dicitur

273 2980 371 3041 sancti
391 2979 515 3042 loannis
539 2978 757 3062 Chrysostomi.
780 2980 900 3061 Incipit:
922 2979 1007 3042 Deua
1029 2979 1197 3042 Cboritatia
1216 2982 1269 3060 pai
1289 2981 1347 3042 dae
1369 2999 1424 3041 cor
1445 2997 1545 3041 auam.
1568 2976 1643 3038 Huic

274 3077 466 3161 subjungitur
489 3079 544 3141 alia
567 3079 671 3142 Oratio
693 3082 776 3161 pacis
799 3080 837 3143 ad
859 3080 990 3142 Patrem:
1012 3078 1097 3142 Deras
1117 3081 1248 3141 omnium
1266 3079 1409 3151 nomae,
1437 3077 1493 3157 fac
1512 3095 1570 3138 noa
1592 3077 1644 3138 di-

273 3196 352 3257 9raoa
373 3179 431 3239 lace
452 3180 591 3256 εειιιιαει,
613 3188 668 3243 ειε.
692 3180 767 3253 Ouia
791 3182 828 3242 sit
850 3181 908 3242 iste
929 3180 1062 3242 loannes
1085 3179 1251 3241 Bostrenus
1273 3178 1333 3240 huc
1356 3194 1452 3257 usque
1475 3192 1644 3258 agnoscere

273 3294 336 3338 non
358 3278 519 3357 potuimus.
565 3279 672 3342 Bostra
701 3279 805 3342 eadem
836 3280 927 3358 urbs,
958 3296 1036 3360 quae
1064 3278 1101 3341 ab
1132 3278 1284 3341 Arabibus
1314 3275 1502 3358 postmodum
1530 3275 1644 3337 Basore

274 3376 426 3456 appellata
449 3385 510 3453 est;
537 3378 639 3459 itaque
670 3378 751 3441 illum
781 3379 918 3441 eumdem
949 3396 1018 3441 esse
1046 3396 1107 3441 non
1130 3378 1297 3440 dubitamus
1327 3377 1378 3457 qui
1408 3375 1478 3438 alibi
1510 3375 1642 3437 lo'annes

273 3475 455 3539 Basoreusis
478 3478 596 3557 dicitur,
619 3487 651 3541 et
666 3480 751 3561 cujus
774 3480 894 3541 nominc
917 3486 999 3541 extau
1022 3479 1157 3559 Liturgia
1180 3478 1315 3560 Syriaca,
1337 3478 1367 3537 in
1392 3474 1496 3538 codice
1512 3473 1643 3537 Colber·

273 3575 350 3655 lino,
375 3577 411 3639 ad
434 3595 520 3639 usum
542 3579 755 3641 lacobitarum.
801 3579 875 3641 Nam
896 3578 982 3639 initio
1005 3577 1140 3659 ejusdem
1163 3578 1294 3640 occurrit
1316 3576 1415 3639 statim
1437 3574 1513 3638 baec
1536 3573 1643 3649 oratio,

275 3693 343 3736 cnm
366 3675 426 3738 levi
447 3685 563 3754 tamen,
587 3686 619 3740 et
642 3697 719 3759 quae
742 3680 917 3741 sententiam
941 3696 999 3739 non
1021 3678 1217 3755 interturbet,
1241 3675 1425 3739 diversitate.
1464 3673 1562 3737 Titulo
1584 3684 1643 3740 'lb

274 3775 361 3854 liar,
384 3775 443 3838 boc
466 3784 513 3839 εει
533 3777 640 3840 Sancti
661 3795 716 3840 scu
738 3776 837 3855 Beati,
860 3777 1035 3840 honestatur
1057 3778 1087 3839 in
1110 3777 1216 3840 codice
1239 3776 1375 3857 Syriaco.

364 3875 439 3937 Hinc
461 3894 556 3957 porro
577 3877 766 3940 manifestum
789 3877 888 3940 estid
911 3877 991 3957 quod
1014 3895 1135 3957 semper
1164 3876 1195 3938 in
1224 3877 1366 3939 memoria
1389 3873 1493 3937 baberi
1523 3881 1643 3954 oportet

275 3994 344 4037 cnm
367 3974 562 4038 Orientalium
584 3979 660 4040 ritus
682 3979 813 4040 examini
837 3979 1049 4059 subjiciuntur,
1079 3976 1201 4039 codices
1231 3993 1398 4057 progressu
1426 3972 1580 4054 temporis,
1604 3992 1644 4035 cx

275 4074 500 4155 descriptorum
523 4077 652 4139 obscura
680 4076 852 4160 diligentia,
887 4078 993 4140 multas
1023 4077 1176 4139 orationes
1203 4094 1281 4156 quae
1310 4075 1447 4155 primitus
1470 4091 1531 4136 non
1554 4082 1643 4135 exta-

273 4174 348 4236 bant
371 4175 538 4255 accepisse,
562 4183 594 4238 ut
617 4177 654 4239 ad
677 4177 831 4240 arbitrium
854 4177 1049 4240 Sacerdotem
1072 4174 1259 4238 dicerentur:
1282 4182 1313 4237 et
1341 4194 1381 4237 ex
1404 4174 1528 4236 aliorum
1551 4173 1645 4253 igno-

274 4274 375 4336 rantia
398 4274 500 4337 titulos
524 4276 717 4358 angustiores
740 4277 898 4358 aliquando
920 4277 1036 4353 tulisse,
1060 4276 1111 4356 qui
1134 4275 1243 4337 deinde
1266 4274 1429 4338 lectoribus
1452 4272 1551 4335 lraudi
1573 4271 1643 4334 luc-

272 4375 344 4438 rint.
389 4374 434 4436 Ea
464 4377 601 4437 oratione
625 4384 655 4439 et
681 4376 775 4439 altera
798 4377 932 4440 breviori
963 4394 1040 4456 quae
1064 4375 1265 4456 subjungitur,
1290 4381 1395 4437 carent
1411 4372 1500 4457 Regii
1522 4369 1643 4433 codices

275 4473 410 4536 melioris
433 4482 523 4537 notae
546 4493 634 4557 qnam
656 4484 776 4555 noster,
810 4481 859 4558 qui
891 4496 952 4539 non
975 4474 1133 4538 admodum
1163 4476 1302 4555 antiquus
1325 4482 1386 4553 est,
1415 4481 1531 4536 utnon
1554 4472 1644 4552 lege-

273 4569 364 4634 batur
385 4574 415 4635 in
438 4573 651 4657 Scaligeran03
675 4584 705 4638 et
728 4576 793 4638 aliis
817 4595 893 4658 quos
916 4577 1083 4638 Maronitae
1104 4576 1216 4640 Romae
1240 4578 1466 4640 consuluerunt.

713 4800 906 4893 Aaopltora
931 4804 1043 4872 abacti
1069 4801 1204 4872 Basilii.
1691 4793 1721 4872 P,-
1742 4794 1783 4846 ¹2·
1802 4793 1818 4845 l
1837 4794 1880 4845 3³·

354 4936 487 5014 Trrucus
518 4950 567 5011 hic
595 4951 730 5014 secundo
758 4952 828 5014 loco
858 4955 1021 5034 repetitus,
1051 4953 1111 5017 alio
1139 4970 1232 5016 sensu
1260 4951 1453 5033 accipiendus
1481 4959 1529 5015 est
1556 4971 1644 5033 qnam
1706 4984 1844 5052 Anaphen
1862 4987 1965 5052 W„

275 5051 361 5114 initio
390 5053 564 5137 Liturgiae,
593 5055 645 5116 ubi
673 5057 824 5138 integrum
855 5056 934 5119 illius
964 5058 1094 5121 officium
1118 5057 1284 5140 significat,
1314 5056 1362 5119 bic
1384 5075 1459 5120 vero
1481 5057 1645 5120 secundam
1661 5070 1728 5122 uicta
1743 5070 1804 5139 quid
1822 5071 1949 5140 ttgntmat

308 5193 394 5235 Tonans
407 5195 423 5237 l.
1389 5175 1438 5248 42
