4525 6034
551 565 592 641 lii
616 561 821 640 hlillRGlAil
847 560 1027 639 GRAECAM
1052 562 1083 639 S.
1110 559 1292 638 GREGORll.
1527 555 1602 629 329

241 749 328 813 tiam
352 748 390 813 de
412 766 471 830 qua
493 747 700 813 contromrsia
721 747 836 811 moveri
857 747 937 810 nulla
959 753 1071 829 potest,
1094 764 1160 811 cum
1181 744 1232 807 iila
1253 744 1348 808 uerba
1361 731 1487 830 nuptio,
1509 763 1603 826 prae-

241 868 314 913 sens
335 850 377 912 ita
399 849 607 930 explicentur,
630 850 683 931 qui
702 866 808 910 corum
827 847 916 909 nobie
935 848 1053 927 positus
1074 866 1115 908 es.
1144 844 1191 908 De
1203 852 1355 908 momento
1367 844 1603 908 consecrationis

240 956 385 1030 peractae
414 964 475 1011 non
505 947 656 1030 disputant
684 947 870 1026 Orientales,
905 946 1035 1027 ideoque
1070 945 1182 1009 frustra
1212 945 1242 1007 in
1270 944 1389 1007 iliorum
1418 943 1603 1006 orationibus

239 1047 422 1132 significatio
444 1055 661 1130 quaereretur,
689 1046 766 1109 reali
794 1045 1032 1109 transmutationi
1059 1044 1220 1108 contraria.
1268 1042 1412 1107 invocant
1441 1041 1602 1122 Christum,

239 1155 274 1210 ut
296 1149 471 1229 mysterium
493 1147 552 1210 hoc
573 1146 724 1228 perficiat:
747 1162 808 1208 non
830 1152 941 1227 negant
964 1144 1094 1224 idcirco,
1124 1145 1382 1209 consecrationem
1400 1143 1461 1224 jam
1484 1139 1601 1222 iactum,

240 1266 309 1310 cum
331 1247 396 1329 eius
419 1254 554 1310 autorem
576 1253 606 1310 et
626 1245 846 1328 perfectorem,
876 1252 907 1307 ut
928 1251 1120 1326 praesentem
1142 1253 1173 1307 et
1195 1261 1296 1307 coram
1319 1262 1354 1305 se
1371 1242 1502 1324 posittun
1523 1241 1603 1305 allo-

240 1354 381 1427 quantur.
425 1346 485 1411 Sed
514 1353 585 1408 tuuc
613 1345 730 1408 demum
752 1343 918 1428 perlectum
939 1345 1113 1426 mysterium
1140 1361 1210 1406 esse
1237 1341 1379 1420 credunt,
1408 1359 1475 1404 oum
1504 1340 1603 1406 omnia

239 1466 320 1529 quae
342 1466 383 1510 ex
405 1448 539 1510 instituto
563 1445 689 1525 Christi,
713 1464 769 1528 per
790 1443 955 1526 Apostolos
977 1443 1088 1507 tradito
1110 1442 1298 1507 observanda
1322 1451 1409 1520 sunt,
1432 1439 1601 1523 perfecere.

241 1545 371 1610 Causam
393 1546 644 1610 transmutationis
665 1546 847 1627 principem,
870 1543 1019 1607 Christum
1041 1550 1073 1606 et
1095 1542 1237 1624 Spintum
1258 1548 1394 1605 sanctum
1415 1547 1602 1624 agnoscunt:
1677 1616 1682 1625 ὓ

239 1646 481 1722 ministerialem,
504 1645 698 1709 Sacerdotem
719 1646 770 1725 qui
791 1644 886 1707 verba
910 1641 1021 1706 Christi
1042 1643 1100 1705 rite
1122 1642 1316 1722 pronunciat,
1344 1647 1376 1703 et
1397 1641 1435 1704 ab
1457 1658 1495 1703 eo
1516 1640 1602 1721 petit,

239 1752 276 1807 ιιι
297 1745 393 1809 mittat
415 1745 555 1825 Spiritum
576 1751 733 1821 sanctum,
755 1745 806 1825 qui
828 1743 926 1806 omnia
948 1749 1135 1805 consummet
1155 1749 1245 1822 atque
1267 1739 1411 1822 perficiat.
1444 1740 1505 1804 Sed
1526 1739 1602 1803 bueo

239 1843 509 1925 insius·explioatn
530 1850 609 1906 sunt
1481 1884 1487 1894 .

328 1943 441 2007 Eadem
462 1950 534 2006 nota
556 1930 762 2024 dispunximus
792 1940 1035 2004 absurdissimum
1056 1939 1173 2004 Claudii
1195 1938 1330 2003 Saimssii
1352 1937 1603 2002 Commentariun

239 2043 374 2107 inillam
396 2042 552 2124 periodum
573 2041 774 2105 lnvocutionis
797 2040 924 2122 Spiritus
946 2040 1058 2116 sancti,
1085 2058 1164 2121 quaa
1190 2047 1238 2102 est
1259 2040 1289 2102 in
1310 2038 1446 2120 Liturgia
1468 2037 1603 2120 Coptica.

240 2142 360 2206 Graeca
382 2143 473 2205 lectio
496 2142 576 2205 illum
598 2143 638 2203 ita
660 2141 789 2217 refellit,
816 2147 849 2203 ut
875 2158 941 2204 cum
969 2138 1021 2201 tali
1049 2140 1297 2222 interpretatione
1325 2144 1407 2201 sture
1433 2137 1603 2201 nullatenus

240 2250 347 2325 queat,
371 2250 460 2324 atque
482 2241 576 2320 adeo,
599 2242 625 2303 si
648 2241 718 2322 quid
741 2239 931 2304 obscuritatis
954 2238 1034 2303 ioret
1055 2239 1085 2302 in
1108 2238 1242 2321 Copticis
1264 2245 1316 2301 aut
1335 2237 1473 2301 Arabicis
1495 2255 1603 2301 exem-

239 2341 393 2425 plaribus,
415 2341 615 2403 discuteretur
636 2339 686 2402 iiia
707 2339 817 2404 subito.
862 2339 946 2414 Quae
968 2340 1060 2423 igitur
1080 2338 1119 2403 ad
1141 2339 1214 2403 alias
1236 2336 1437 2402 lnvocutionis
1457 2336 1602 2403 formulas

239 2443 469 2517 annotavimus,
492 2438 610 2503 abunde
630 2440 787 2503 subiciunt.

368 2710 449 2779 Τῶν
475 2697 626 2799 εὐσεβῶς
650 2697 955 2799 βασιλευσάντων.
1007 2702 1136 2777 Εοιιιιιι
1161 2704 1219 2796 qui
1242 2703 1301 2795 pie
1326 2708 1480 2795 repasci.

337 2913 440 2990 Vnum
461 2931 585 3005 posset,
612 2925 664 3005 qui
680 2926 733 3005 pie
753 2930 973 3004 reputaveram
1001 2923 1055 2986 sed
1085 2930 1241 3003 utramque
1271 2922 1516 3006 significationem
1544 2941 1603 2986 er-

238 3032 355 3114 pressit
384 3026 509 3110 Coptica
536 3028 688 3111 liturgia,
715 3034 748 3089 ιιι
777 3028 865 3093 edam
893 3029 1049 3091 versiones
1076 3025 1237 3090 Arabicae.
1288 3022 1346 3096 Qui
1374 3023 1431 3087 hac
1458 3025 1604 3109 liturgia,

240 3136 294 3190 ant
316 3126 381 3189 aliis
403 3126 601 3190 Alexandrini
622 3129 697 3190 ritus
719 3125 879 3189 utebantur
902 3125 1077 3205 Christiani,
1107 3144 1147 3187 ex
1169 3132 1289 3187 vetusta
1310 3124 1544 3203 connsuetudine,
1574 3133 1605 3189 et

241 3247 285 3290 ex
306 3225 388 3289 Pauli
408 3225 549 3308 Apostoli
570 3233 751 3307 praecepto,
775 3226 899 3289 orabant
921 3245 977 3308 pro
999 3223 1231 3307 imperatoribus
1254 3230 1285 3285 et
1306 3223 1455 3305 Regibus,
1478 3240 1605 3304 quorum

238 3325 341 3388 nulius
363 3334 434 3388 tunc
456 3325 616 3388 Christiani
634 3327 760 3388 nominis
783 3325 878 3388 hostis
900 3343 961 3389 non
983 3333 1057 3389 erat
1101 3324 1174 3387 ilox
1196 3330 1313 3387 oratum
1334 3330 1382 3386 cst
1409 3341 1466 3404 pro
1488 3322 1604 3401 iisdem,

240 3432 401 3506 postquam
425 3422 544 3488 Christo
574 3442 684 3487 nomen
713 3423 878 3503 dederunt,
908 3442 969 3487 non
999 3423 1079 3506 qnod
1101 3422 1261 3486 Christiani
1289 3428 1409 3500 essent,
1439 3422 1492 3485 sed
1523 3422 1605 3503 quod

241 3525 454 3605 Imperatores.
494 3523 540 3586 illi
561 3542 636 3586 vero
659 3543 724 3586 cum
747 3544 765 3587 a
787 3524 981 3589 Constantino
1004 3542 1100 3606 usque
1121 3523 1300 3606 religionem
1322 3529 1507 3601 servassent,
1530 3540 1605 3585 uere

237 3626 290 3705 ριί·
310 3631 340 3685 et
361 3622 510 3686 mom
531 3631 668 3686 amantes
689 3624 873 3703 dicebantur,
896 3623 975 3687 unde
998 3622 1072 3685 haec
1094 3621 1221 3685 iormula
1241 3622 1272 3682 in
1291 3620 1419 3685 Codices
1434 3619 1605 3700 liturgicus

240 3723 355 3805 ubique
376 3731 500 3804 recepta
522 3731 579 3788 est.
624 3722 749 3787 Videtur
772 3731 870 3787 autem
892 3742 928 3786 ea
951 3723 1015 3785 sola
1036 3723 1154 3785 ratione
1177 3728 1354 3785 conservata
1383 3720 1494 3798 luisse,
1523 3717 1604 3801 quod

240 3824 324 3886 iilam
346 3823 491 3885 humulari
514 3823 626 3887 debere
647 3841 736 3886 nemo
760 3823 909 3898 crederet,
932 3840 998 3884 cum
1019 3820 1047 3885 id
1064 3821 1128 3883 lieri
1142 3838 1203 3883 nou
1216 3828 1322 3902 posset
1339 3820 1452 3900 absque
1468 3837 1605 3904 regnan-

241 3924 285 3985 tis
306 3922 449 4004 principis
473 3923 660 3985 contumelia.
703 3922 806 4005 ltaque
828 3921 923 3985 haesit
944 3923 974 3983 in
1001 3921 1084 3984 libris
1107 3919 1292 3995 iiissailbus,
1323 3920 1457 4001 ιιιιιιιιιιι
1485 3921 1517 3983 in
1546 3919 1604 3983 aii-

242 4022 353 4103 quibus
381 4021 488 4084 leviter
515 4023 679 4097 immutata;
701 4039 768 4085 nam
791 4023 820 4084 in
846 4023 959 4099 multis,
986 4020 1161 4102 simpliciter
1189 4020 1284 4082 oratio
1314 4018 1346 4082 iit
1373 4037 1429 4100 pro
1458 4018 1603 4101 Regibus.

241 4121 417 4184 Nestoriani
446 4130 581 4185 veterem
610 4120 765 4184 formulam
794 4121 909 4203 absque
935 4122 1096 4184 mutatione
1124 4119 1326 4194 retinuerunt3
1358 4127 1392 4182 ut
1427 4118 1539 4202 legitur
1572 4121 1604 4181 in

242 4221 362 4283 Graeca
384 4222 460 4298 ista,
489 4239 596 4303 nempe
624 4221 693 4284 dum
723 4221 818 4284 ohlcio
846 4219 1022 4285 satisfacere
1050 4219 1245 4297 videbantur,
1275 4219 1428 4300 Principes
1458 4218 1604 4300 quosdam

242 4338 319 4385 suae
342 4327 445 4383 sectae
467 4319 652 4384 Christianos
676 4323 774 4383 animo
796 4319 1010 4404 designabant,
1040 4327 1072 4381 ut
1101 4319 1243 4381 Tartarus
1274 4317 1358 4398 illos,
1388 4335 1512 4400 quorum
1541 4315 1604 4380 lm-

242 4428 368 4503 perator
389 4439 407 4481 a
430 4419 653 4502 Gingbizchanu
676 4421 851 4503 profligatus
874 4427 935 4495 est3
958 4428 988 4482 et
1010 4417 1098 4503 ludos
1120 4417 1264 4499 quosdam
1286 4419 1315 4481 in
1337 4418 1517 4482 iialabarica
1537 4414 1603 4480 Rc·

242 4519 345 4604 gulos.
389 4518 528 4582 Similiter
555 4518 709 4584 Jacobitae
736 4518 880 4603 Aegyptii
909 4520 946 4581 de
967 4517 1101 4600 Regibus
1123 4515 1302 4598 Aethiopiae
1324 4523 1356 4579 et
1376 4516 1492 4580 Nubiae
1514 4518 1603 4601 cogi-

242 4618 358 4697 tabant,
372 4618 423 4698 qui
436 4626 533 4697 erant,
546 4626 578 4681 ut
587 4628 656 4682 sunt
669 4620 838 4700 etiamnum,
849 4617 1073 4681 Alexandrinae
1087 4615 1153 4680 sedi
1162 4616 1299 4698 subJecti.
1322 4615 1367 4678 De
1379 4616 1602 4681 iluhamedanis

244 4718 360 4797 Caliiis,
383 4715 523 4795 Sullanis,
546 4726 596 4781 aut
617 4718 694 4798 aliis,
718 4718 811 4782 verba
833 4717 1033 4800 liturgiarum
1052 4734 1112 4779 non
1130 4723 1258 4799 possunt
1269 4715 1408 4799 intelligi:
1432 4735 1490 4780 nec
1503 4724 1604 4781 tamen

243 4817 316 4880 iude
344 4816 480 4898 sequitur
510 4820 691 4881 venustiores
720 4836 790 4882 esse
816 4817 966 4901 Liturgias
987 4815 1204 4879 iiuhamedano
1226 4814 1372 4897 imperio,
1398 4824 1431 4879 ut
1457 4833 1538 4880 nunc
1567 4835 1602 4881 se

243 4915 367 4979 habent.
413 4913 488 4978 Sunt
509 4932 583 4981 sane
605 4918 756 4984 institutae
778 4917 871 5001 longe
892 4924 962 4981 ante
983 4916 1032 4979 ilia
1054 4923 1207 4998 tempora,
1236 4932 1302 4977 cum
1331 4934 1371 4977 ex
1394 4915 1517 4979 Graecis
1544 4936 1604 4980 er-

242 5034 373 5100 pressue
395 5017 476 5095 sint,
503 5015 559 5080 sed
588 5016 715 5100 aliquam
738 5017 865 5081 diversis
886 5017 961 5081 locis
982 5018 1174 5081 mutationem
1195 5033 1301 5098 passas
1324 5034 1394 5081 esse
1416 5017 1522 5101 negari
1542 5034 1604 5083 non
