4525 6034
641 567 1177 684 iunxiuouiro.
1513 568 1590 643 437

222 755 473 848 perseveravit,
498 753 578 827 nibil
603 754 817 829 Patriarcbae
831 758 915 849 juris
936 755 1007 845 iuit,
1033 767 1168 853 praeter
1181 755 1339 854 Episcopi
1352 758 1478 853 proprii
1504 779 1590 831 sen-

221 872 364 942 tenum.

324 985 510 1059 cxxtssrt
558 988 596 1060 lu
628 987 712 1061 alios
739 987 948 1062 Patriarchas
981 988 1104 1061 nullum
1137 1010 1270 1084 quoque
1297 990 1354 1079 jus
1388 989 1592 1080 assumebat,
1623 980 1912 1084 ⁰⁰⁸¹⁵ietl¹⁸¹⁸¹¹t¹¹f¹²³

221 1105 373 1197 qrramvis
399 1102 546 1197 reliquos
573 1106 725 1192 anteiret,
751 1102 793 1176 de
819 1106 861 1177 iis
885 1105 1051 1201 loquimur
1084 1109 1139 1201 qui
1171 1114 1266 1178 mant
1292 1109 1326 1177 in
1352 1106 1469 1180 eadem
1498 1116 1591 1180 secta
1605 1071 1913 1210 :zffiffifflffi

219 1216 424 1305 Jacobitica3
450 1240 571 1314 nempe
596 1218 820 1310 Antiocheno,
848 1233 882 1293 et
907 1245 951 1295 eo
979 1226 1033 1318 qui
1053 1220 1225 1295 dicebatur
1241 1221 1476 1295 Armeuorum.
1508 1221 1593 1294 Erat
1606 1245 1674 1297 cuns.

220 1337 307 1406 inter
342 1357 404 1408 eos
438 1338 646 1426 communio,
687 1336 729 1409 de
761 1360 825 1432 qua
863 1340 932 1430 jam
967 1339 1088 1411 dictum
1123 1350 1176 1410 est
1210 1341 1381 1434 superius,
1418 1338 1461 1412 ad
1493 1361 1608 1433 quam

220 1452 470 1544 significandam
509 1462 543 1524 et
576 1452 886 1547 redintegrandam,
921 1458 1003 1529 novi
1038 1453 1252 1529 Patriarchae
1279 1458 1595 1528 communicatorias

218 1567 334 1640 literas
367 1566 555 1659 mittebant,
586 1568 785 1642 Antiocbeui
818 1570 1079 1661 Alexandriam,
1113 1570 1334 1643 Alexandrini
1365 1571 1593 1661 Antiochiam;

219 1705 338 1755 verum
364 1681 499 1756 honoris
526 1695 649 1756 tanum]
676 1689 784 1778 gratia
812 1694 846 1758 et
871 1686 947 1759 lidei
974 1685 1230 1760 contestandae:
1264 1703 1342 1758 nam
1376 1708 1485 1781 neque
1509 1688 1593 1760 An-

220 1798 447 1872 tiochenorum
473 1800 607 1893 legatos
634 1801 825 1875 interfuisse
849 1802 992 1895 legimus
1018 1806 1051 1874 in
1079 1801 1227 1900 Synodis
1253 1803 1488 1898 Aegyptiacis,
1524 1825 1593 1874 ne·
1716 1887 1724 1904 ⁸

219 1937 283 2009 que
308 1918 501 2014 Aegyptios
528 1921 559 1989 in
587 1917 820 1993 Antiochenis:
853 1942 963 2016 neque
995 1923 1124 1993 eu'amsi
1152 1922 1237 1991 iuter
1264 1929 1437 2013 utramque
1462 1917 1591 1991 Eccle-

219 2034 303 2104 siam
330 2044 421 2106 esset
446 2036 576 2127 integra
606 2034 823 2108 conformitas
849 2035 926 2109 lidei
953 2047 987 2109 et
1013 2036 1225 2132 disciplinae,
1261 2037 1290 2108 si
1324 2034 1402 2130 quid
1429 2033 1593 2108 adversus

219 2147 410 2220 alterutram
449 2162 662 2247 peccaretur,
708 2152 857 2225 alterutri
898 2152 1077 2226 emendare
1118 2149 1326 2243 satagebant
1396 2150 1482 2224 Hinc
1519 2175 1594 2225 cum

218 2275 335 2338 esseut
361 2266 448 2362 apud
473 2266 703 2341 Antiocbeuos
731 2268 885 2342 nonnulla
913 2293 999 2365 quae
1015 2268 1255 2341 Alexandrinis
1282 2267 1444 2340 Jacobitis
1471 2265 1593 2363 displi-

218 2380 353 2470 cebant,
381 2391 415 2453 et
440 2389 670 2478 superstitiosa
697 2385 754 2458 vel
786 2389 919 2460 omnino
953 2408 1060 2483 prava
1097 2383 1313 2474 videbantur,
1339 2393 1456 2456 neuua
1483 2392 1595 2456 tamen

216 2496 374 2570 Ecclesia
397 2501 453 2591 J‘us
481 2523 522 2571 ea
550 2501 745 2573 emendandi
771 2502 977 2590 assumebat,
1005 2501 1065 2575 sed
1092 2501 1192 2574 aliam
1219 2521 1336 2572 errare
1360 2495 1502 2588 sinebat,
1529 2521 1594 2571 uec

217 2621 329 2686 umen
356 2619 619 2689 communionem
647 2617 873 2715 abrumpebat
926 2620 1063 2711 Insigne
1088 2616 1229 2691 habetur
1253 2614 1441 2713 exemplum
1468 2618 1502 2686 in
1523 2618 1594 2687 vita

219 2729 422 2803 Christoduli
457 2732 577 2806 LXVI.
612 2733 753 2807 ordinati
785 2738 876 2806 circa
912 2758 1031 2808 annum
1065 2735 1095 2809 J.
1132 2734 1171 2806 0.
1207 2732 1378 2806 MXLVll.
1437 2731 1470 2803 Is
1505 2735 1593 2804 euim

218 2869 294 2920 cmu
320 2847 446 2921 blisrae
471 2850 579 2923 Sacra
604 2847 791 2924 celebraret
815 2854 849 2924 in
874 2850 1030 2925 Ecclesia
1057 2851 1093 2923 S.
1119 2849 1289 2939 Mercurii,
1316 2858 1350 2920 et
1376 2849 1485 2944 Syrus
1504 2851 1592 2943 ¹qui-

218 2962 295 3035 dam
322 2969 497 3060 primarius
523 2965 651 3039 Sultani
676 2966 868 3059 Archiater,
895 2967 1050 3042 Oblatum
1076 2989 1140 3063 pro
1166 2987 1262 3037 more
1288 2964 1330 3036 ad
1357 2961 1462 3035 altare
1489 2963 1591 3035 detu-

217 3078 324 3167 lisset,
351 3085 469 3173 rejecit
495 3105 569 3155 eam
596 3082 838 3173 Christodulus,
865 3106 909 3157 eo
936 3083 1025 3180 quod
1047 3088 1146 3177 juxta
1174 3083 1339 3178 Syrorum
1372 3080 1591 3152 cousuetudi-

216 3217 307 3284 nem,
336 3196 412 3270 oleo
439 3210 473 3272 et
500 3198 571 3271 sale
598 3183 694 3272 mista
722 3211 804 3272 erat
837 3200 980 3297 Scripsit
1012 3208 1189 3297 praeterea
1216 3197 1259 3268 ad
1284 3196 1448 3270 loannem
1474 3196 1590 3267 Patri-

218 3311 353 3384 archam
379 3313 622 3388 Antiocbenum
650 3316 813 3390 adversus
839 3316 925 3389 bunc
951 3319 1067 3403 ritum,
1095 3316 1150 3409 qui
1177 3322 1287 3385 umen
1314 3313 1387 3402 ejus
1415 3314 1590 3406 mommo-

217 3430 292 3501 nias
319 3432 454 3527 insuper
479 3429 605 3504 habuit:
632 3441 666 3504 et
692 3442 845 3529 quantum
873 3436 1041 3525 conjicere
1066 3453 1258 3528 possumne,
1284 3427 1490 3525 Apologiam
1508 3450 1590 3500 suae

135 3591 138 3600 ·
216 3543 395 3618 Ecclesiae
421 3548 531 3636 edidit,
557 3560 726 3645 repertam
752 3573 773 3621 a
797 3550 896 3623 uobis
927 3554 960 3622 in
988 3547 1203 3636 colbertino,
1237 3555 1272 3617 et
1297 3545 1371 3617 aliis
1398 3542 1589 3620 coercitus.

215 3666 267 3738 Ita
294 3665 372 3738 nibil
399 3666 463 3740 sibi
490 3671 575 3760 juris
602 3668 761 3743 alteruter
794 3672 826 3741 in
854 3667 951 3740 abum
978 3665 1182 3753 vindicavit,
1215 3665 1313 3735 etiam
1347 3684 1421 3734 oum
1457 3659 1500 3732 de
1526 3664 1591 3733 ritu

216 3763 395 3874 ageretur,
431 3807 529 3880 quem
561 3787 626 3856 nisi
652 3785 844 3857 damnasset
877 3781 1127 3869 christodolus,
1160 3777 1285 3875 Syrum
1312 3800 1332 3848 a
1359 3779 1590 3848 communione

214 3920 284 3970 nou
310 3900 497 3996 repulisset
549 3900 651 3973 Aliud
677 3904 814 3995 majoris
840 3902 996 3972 momenti
1032 3897 1192 3988 occurrit,
1227 3916 1295 3966 non
1328 3890 1389 3965 sub
1417 3913 1501 3982 uno,
1528 3892 1590 3966 sed

215 4015 279 4088 sub
298 4015 424 4111 aliquot
438 4017 651 4108 Patriurchis,
678 4022 768 4090 circa
788 4014 1019 4090 confessionis
1037 4022 1253 4110 peccatorum
1278 4031 1374 4082 usum
1401 4019 1435 4080 et
1460 4030 1588 4080 neces-

215 4133 358 4203 sitatem.
410 4132 559 4207 loannes
594 4131 632 4206 E.
665 4131 864 4227 Abugaleb,
899 4142 933 4204 et
957 4129 1092 4202 Marcus
1118 4128 1157 4199 F.
1184 4126 1333 4214 Zaraae,
1360 4146 1434 4195 eam
1461 4126 1589 4218 negligi

215 4270 236 4319 a
264 4250 334 4320 suis
361 4246 503 4345 Coptitis
529 4254 689 4337 siverunt,
716 4255 783 4324 imo
809 4248 952 4322 Michael
978 4247 1199 4320 Damiateusis
1224 4239 1451 4337 Metropolita,
1477 4242 1588 4315 insul-

213 4386 291 4438 sum
325 4364 367 4436 de
406 4365 630 4439 Confessioue
665 4366 830 4440 abolenda
870 4368 1142 4439 commentarium
1185 4358 1344 4433 ediderat.
1418 4357 1471 4430 Eo
1512 4362 1588 4454 ipso
1652 4373 1656 4383 “

212 4489 369 4574 tempore
396 4481 538 4556 blicbaol
563 4482 791 4556 Antiocheuus
824 4482 1049 4556 Jacobitarum
1083 4476 1292 4564 Paniarcba,
1320 4498 1404 4571 opus
1431 4476 1589 4546 eximium

213 4600 350 4692 scripsit
376 4598 419 4671 de
445 4603 701 4696 praeparatione
734 4600 776 4673 ad
809 4599 1068 4685 Eucharistiam,
1101 4600 1136 4668 in
1163 4616 1229 4690 quo
1256 4594 1400 4689 passim,
1432 4612 1496 4663 nec
1520 4613 1588 4664 uno

212 4711 308 4802 loco,
335 4714 479 4811 disputat
505 4715 671 4789 adversus
699 4739 761 4789 eos
789 4719 843 4811 qui
860 4725 1074 4813 peccatomuu
1092 4711 1350 4787 confessionem
1377 4706 1589 4784 omittendum

213 4831 472 4921 existimabant,
515 4843 549 4904 et
587 4832 765 4929 aliquando
807 4830 958 4929 Coptitas
1001 4832 1171 4923 designat:
1212 4847 1323 4923 neque
1363 4835 1473 4898 umen
1516 4825 1590 4919 ipse

212 4944 469 5022 Alexandrinos
496 4973 517 5020 a
543 4953 776 5023 communione
802 4952 957 5037 removit,
984 4970 1093 5043 neque
1112 4941 1333 5018 Alexandrini
1360 4941 1402 5014 de
1430 4964 1472 5015 eo
1498 4961 1589 5012 cou-

215 5065 325 5158 questi
352 5076 440 5158 sum,
467 5067 582 5138 autin
607 5064 816 5140 Antiocheno
833 5063 988 5138 Ecclesia
1016 5065 1256 5136 damnaverunt
1282 5060 1464 5251 dpctpiuam
1491 5078 1590 5152 quum

1331 5179 1348 5251 1
