4525 6034
648 585 1186 669 ALEXANDRINO.
1509 579 1586 654 417

215 789 422 872 existimant,
462 782 660 855 aedificasse
698 779 905 868 Ecclesiam,
941 782 1040 872 Juxta
1079 775 1332 849 architecturam
1365 773 1589 867 Yrakensem,

216 925 302 999 quae
329 924 349 972 a
375 897 473 972 nobis
497 899 654 971 blaciaco
680 895 881 992 appellatur:
908 894 1013 966 fuisse
1040 915 1174 990 quoquc
1201 891 1284 966 alias
1310 891 1433 965 ibidem
1460 889 1589 964 Eccle-

214 1022 298 1106 sias,
331 1024 369 1089 ut
398 1018 498 1087 etiam
523 1018 557 1086 in
582 1013 667 1087 urbe
693 1011 831 1083 Abram.
884 1009 954 1083 Sub
989 1008 1215 1082 Salaheddino
1249 1008 1401 1104 Aegypti
1433 1008 1588 1099 sultano,

212 1134 349 1206 iratrem
377 1132 450 1223 ejus
477 1128 796 1218 Chemseddotdam,
832 1124 1005 1199 Ecclesias
1039 1125 1199 1217 diruisse,
1232 1136 1267 1198 ει
1297 1148 1344 1197 ex
1369 1123 1479 1199 Nubia
1512 1147 1589 1197 cum
1673 1173 1679 1185 -

211 1249 384 1345 Episcopo
411 1249 621 1343 septuaginta
647 1244 746 1317 millia
773 1246 982 1339 captivorum
1009 1241 1208 1333 abduxisse,
1234 1251 1398 1350 testantur
1431 1240 1589 1314 historici.

211 1364 266 1438 Ab
294 1365 380 1436 illius
406 1362 630 1459 expeditionis
657 1370 830 1456 tempore,
869 1361 964 1450 cujus
990 1357 1173 1431 Makriuius
1206 1368 1242 1430 et
1276 1359 1333 1431 alii
1359 1360 1589 1446 meminerunt,

211 1484 274 1553 rix
317 1480 492 1575 quidquam
531 1478 574 1550 de
603 1475 710 1549 Nubis
745 1474 957 1562 Christianis,
994 1474 1082 1570 apud
1116 1485 1252 1547 autores
1288 1473 1497 1548 Christianos
1534 1482 1591 1546 aut

213 1596 480 1669 Muhamedaoos
519 1594 662 1686 legitur,
700 1595 764 1665 nisi
798 1591 887 1686 quod
924 1590 979 1663 illa
1013 1594 1111 1684 regio
1144 1589 1276 1664 subdita
1319 1594 1362 1663 sit
1401 1588 1590 1663 Cathedrae

210 1711 438 1785 Jacobitarum
465 1710 732 1783 Alexandrinae:
760 1719 793 1780 et
819 1708 851 1780 id
879 1718 1013 1803 praeter
1038 1708 1206 1780 Severum
1233 1718 1267 1779 ει
1299 1706 1385 1780 alios
1418 1706 1589 1779 Historiae

211 1827 450 1902 Patriarchalis
479 1830 679 1922 scriptores,
706 1823 925 1913 Ebnassalus,
946 1821 1161 1915 Abulbircat,
1186 1822 1378 1912 Abuselab,
1405 1844 1590 1916 omnesque

211 1944 347 2018 andem
375 1943 585 2016 confirmant:
613 1952 648 2013 ut
674 1938 831 2036 exempla
857 1941 1027 2012 literarum
1052 1943 1286 2036 systaticarum
1313 1962 1417 2036 saepe
1444 1939 1589 2013 anobis

210 2060 365 2148 laudata,
392 2063 425 2131 in
453 2058 571 2154 quibus
598 2062 684 2130 inter
709 2056 899 2130 Dioeceses
914 2055 1147 2128 Alexandrino
1165 2054 1381 2129 Patriarchae
1407 2055 1589 2149 subjectas,

210 2175 323 2249 Nubia
351 2197 430 2261 seu,
457 2186 492 2247 ut
518 2173 690 2263 scribitur,
716 2172 888 2263 Nabodia,
914 2182 1119 2244 recensetur.
1172 2171 1268 2244 Mitto
1295 2170 1466 2245 historiam
1493 2193 1589 2267 quam

210 2290 317 2364 reiert
342 2291 535 2364 Elmacinus
562 2290 605 2362 de
631 2289 847 2386 expeditione
872 2286 979 2381 Regis
1005 2288 1138 2361 Nubiac
1162 2289 1303 2386 Kyriaci
1328 2302 1445 2363 contra
1461 2290 1592 2386 Aegy-
1697 2323 1705 2338 ·
1744 2324 1768 2392 j

210 2419 325 2505 ptum,
352 2430 426 2480 cum
453 2407 619 2503 equitibus
645 2416 778 2478 centum
809 2404 971 2495 millibus,
1005 2403 1066 2479 sub
1103 2403 1219 2477 Chaile
1257 2404 1377 2478 XLVI.
1411 2428 1514 2493 anno,
1556 2417 1593 2478 ut

210 2523 288 2596 vult
312 2524 524 2611 Elmacinus,
549 2522 579 2594 J.
607 2521 646 2595 O.
673 2519 871 2595 DOOXLV.
898 2520 956 2595 vel
981 2520 1259 2594 DCCXXXVll.·
1274 2531 1311 2592 ut
1329 2520 1407 2594 alibi
1433 2525 1467 2593 in
1494 2524 1592 2615 ejus-

212 2639 292 2712 dam
319 2638 533 2712 Patriarchae
559 2640 629 2710 vita
656 2636 777 2709 dictum
803 2649 864 2711 est.
916 2637 1000 2709 Eam
1029 2647 1139 2710 autem
1166 2660 1213 2709 ex
1226 2630 1463 2733 antiquioribus
1479 2637 1592 2711 histo-

211 2759 296 2827 ricis
324 2758 549 2828 narrationem
576 2756 719 2849 accepit:
745 2776 822 2826 nam
850 2775 967 2826 omnes
994 2777 1069 2827 eam
1095 2752 1254 2826 reienmt.
1305 2755 1418 2850 Atque
1448 2759 1594 2830 existis
1727 2841 1732 2850 ,

212 2875 298 2945 satis
333 2870 545 2964 intelligitur,
586 2893 747 2942 summam
778 2868 884 2944 fuisse
916 2873 948 2941 in
982 2868 1097 2944 Nubae
1132 2869 1341 2944 Christianos
1373 2870 1595 2945 Alexandrini

211 2988 433 3084 Patriarcbae
459 2991 687 3073 autoritatem,
724 2987 818 3079 cujus
846 2997 956 3060 tamen
983 2986 1136 3059 distincte
1161 3009 1229 3060 non
1256 2989 1404 3059 meminit
1429 2984 1594 3060 Coliacum

212 3114 316 3176 vetus
345 3103 518 3177 Oanonum
544 3102 780 3194 Arabicarum,
807 3106 862 3198 qui
888 3102 1031 3176 Nicacni
1057 3101 1099 3175 ab
1122 3102 1346 3175 Orientalibus
1374 3103 1594 3200 appellantur,

213 3244 257 3292 ea
286 3218 443 3293 fortassis
470 3222 601 3292 ratione
627 3218 717 3314 quod
743 3217 805 3292 sub
832 3219 1031 3316 Aethiopum
1058 3223 1212 3310 nomine,
1238 3217 1358 3291 Nubae
1391 3220 1596 3314 intelligendi

214 3338 302 3423 sint3
331 3344 387 3407 aut
413 3336 503 3432 quod
528 3334 618 3407 nulla
646 3335 805 3427 singulari
832 3338 1000 3409 mentione
1026 3357 1111 3433 opus
1139 3344 1249 3424 esset,
1283 3338 1374 3409 circa
1405 3335 1595 3410 Ecclesiam

161 3457 163 3460 ’
215 3473 306 3546 quae
336 3473 401 3523 non
418 3451 665 3547 bletropolitam
692 3474 768 3523 cum
787 3453 947 3545 singulari
967 3455 1205 3549 praerogativa
1221 3450 1371 3544 baberet,
1397 3462 1433 3525 ut
1446 3453 1596 3527 Aethio-

214 3571 313 3664 pica,
342 3567 403 3638 sed
430 3567 599 3663 simplices
626 3567 839 3664 Episcopus,
866 3571 940 3641 siva
966 3592 1084 3658 mum,
1111 3571 1187 3641 sive
1217 3567 1347 3664 piures,
1376 3573 1432 3664 qui
1458 3568 1503 3641 ab
1528 3568 1595 3641 alio

214 3707 318 3780 quam
347 3682 389 3756 ab
416 3683 648 3758 Alexandrino
675 3682 868 3757 Patriarcha
896 3684 1042 3757 ordinari
1059 3706 1125 3756 non
1141 3696 1288 3779 possent.
1343 3682 1597 3759 Observandum
1645 3676 1660 3688 “

213 3798 354 3873 modam
380 3823 454 3872 eum
482 3803 516 3870 in
543 3799 707 3892 ejusmodi
734 3799 1003 3875 Ordinationibus
1030 3804 1075 3874 ita
1102 3804 1234 3874 versari
1262 3800 1394 3875 solitum
1418 3801 1535 3890 luisse,
1560 3810 1598 3873 ut

214 3919 305 3990 sicut
334 3913 376 3987 de
401 3914 603 4011 Aethiopiae
628 3914 852 4011 Metropolitis
880 3915 1008 3989 dicetur
1040 3917 1202 4006 inferius,
1233 3918 1297 3990 vix
1327 3940 1471 4013 unquam
1502 3919 1596 3991 indi-

214 4053 332 4125 genae
358 4054 431 4103 cam
460 4032 653 4124 dignitatem
679 4031 882 4122 obtinerent3
909 4032 970 4105 sed
996 4031 1206 4125 eligebantur
1238 4057 1284 4106 ex
1316 4035 1497 4132 Aegyptiis
1524 4034 1597 4107 Sa-

215 4145 426 4238 cerdotibus,
453 4150 509 4242 qui
536 4147 579 4218 ad
605 4169 678 4219 eam
696 4147 809 4221 idonei
836 4151 981 4221 maxime
1004 4149 1251 4241 judicarentur,
1278 4159 1377 4245 atque
1403 4152 1437 4220 in
1454 4148 1597 4224 Nubiam

214 4262 442 4337 mittebantur.

327 4377 430 4451 CVII.
464 4378 531 4449 Par
571 4390 644 4452 crat
678 4383 763 4453 ratio
797 4379 1039 4472 jurisdictionis
1082 4402 1181 4475 quam
1215 4380 1379 4472 habebat,
1417 4393 1596 4477 servatque
1633 4384 1665 4438 Ut
1682 4383 1759 4436 ettam
1776 4379 1923 4452 cantepia

215 4501 400 4569 etiamnum
428 4491 677 4568 Alexandrinus
710 4495 902 4568 Patriarcha
936 4498 970 4568 in
999 4493 1232 4591 Aethiopicam
1264 4495 1463 4571 Ecclesiam.
1514 4497 1598 4589 Ejus

216 4616 347 4708 quippe
388 4631 561 4706 supremus
597 4611 767 4702 Antistes,
807 4633 905 4706 quem
937 4610 1024 4683 male
1063 4612 1292 4686 Patriarcham
1327 4612 1513 4710 appellant,
1546 4621 1599 4686 est

216 4724 457 4821 Metropolita:
485 4726 579 4818 cujus
606 4727 746 4814 electio,
773 4737 807 4799 et
822 4726 993 4800 Ordinatio
1020 4726 1063 4799 ad
1089 4727 1199 4802 solum
1220 4729 1485 4803 Alexandrinum
1511 4751 1599 4826 spc-

217 4850 301 4914 ctat.
355 4839 431 4912 Jam
444 4861 548 4936 porro
576 4841 618 4914 ab
646 4844 745 4916 initiis
768 4864 881 4915 rerum
898 4842 1214 4918 bluhamedanarum
1233 4845 1446 4934 observatur,
1473 4867 1600 4918 morem

218 4957 315 5030 illum
343 4956 491 5028 mittendi
516 4956 747 5054 Metropolitas
775 4961 808 5029 in
833 4958 1064 5055 Aethiopiam,
1090 4958 1325 5034 aPatriarchis
1339 4960 1503 5035 Jacobitis
1521 4982 1601 5036 esse

218 5081 438 5168 usurpatum,
466 5068 508 5143 de
535 5094 601 5167 quo
627 5073 728 5146 multa
756 5085 933 5146 occurrunt
958 5076 992 5146 in
1019 5075 1165 5148 Historia
1191 5074 1432 5152 Alexandrina.
1483 5078 1601 5155 Auto-
