4525 6034
473 620 652 699 lGllll'lll
688 618 1014 698 PATRIARGHAE
1039 618 1337 699 antiocneni.
1523 621 1599 695 527

328 808 491 903 Populus.
545 811 664 882 Amen.

329 927 514 999 Sacerdos.
567 926 726 998 Similiter
753 924 846 998 vultu
859 947 990 998 sursum
1006 923 1158 1013 elevato,
1185 926 1376 1018 significans
1392 925 1599 999 voluntatem

224 1048 356 1118 unicam
383 1065 497 1131 suam,
523 1041 632 1114 Patris
659 1046 710 1115 sui
738 1052 772 1114 et
798 1040 941 1137 Spiritus
968 1043 1020 1113 sni
1046 1044 1171 1129 sancti,
1198 1040 1291 1114 velut
1323 1041 1365 1114 ad
1392 1037 1600 1115 confirmari-

225 1162 301 1234 dam
327 1162 504 1232 veritatem
531 1160 647 1231 mortis
673 1158 881 1232 voluntariae
907 1179 969 1252 pro
996 1155 1104 1229 salute
1129 1161 1285 1251 imaginis
1317 1181 1418 1250 snae,
1453 1160 1600 1255 quaein

225 1279 440 1373 corruptione
463 1273 618 1366 jacebat,
645 1278 745 1347 etiam
778 1272 918 1345 calicem
949 1276 1060 1361 vitae,
1095 1297 1193 1369 quem
1226 1278 1408 1348 miscuerat
1439 1277 1521 1347 vino
1554 1298 1601 1348 ex

225 1417 311 1481 uva,
339 1402 374 1465 et
399 1413 486 1485 aqua
511 1390 657 1462 ,naturali
683 1389 864 1463 secundum
880 1412 1088 1478 mensuram,
1116 1393 1262 1487 accepit,
1288 1402 1466 1488 postquam
1479 1391 1601 1489 epulati

225 1518 340 1583 assent
366 1531 412 1580 ex
437 1509 674 1594 sacramentis,
708 1514 743 1578 et
768 1509 895 1599 gratias
930 1510 1015 1598 egit,
1046 1504 1087 1595 †‘
1100 1506 1288 1596 benedixit,
1315 1510 1344 1597 †
1370 1507 1600 1596 sanctificavit,

226 1627 316 1714 †et
342 1622 491 1697 similiter
520 1621 737 1695 familiaribus
765 1624 835 1693 suis
861 1624 1031 1717 porrexit,
1059 1631 1094 1692 et
1120 1620 1219 1694 dixit:
1245 1622 1401 1720 Accipite
1431 1636 1466 1697 et
1496 1622 1600 1696 bibite

227 1739 349 1833 singuli
376 1762 423 1811 ex
448 1761 548 1810 manu
574 1739 725 1810 alterius:
754 1742 830 1832 quia
857 1736 909 1807 bic
936 1745 989 1810 est
1006 1740 1142 1831 sanguis
1158 1760 1253 1809 meus
1265 1741 1385 1827 vivus,
1413 1741 1469 1834 qui
1488 1737 1608 1811 effun-

226 1857 312 1929 ditur
337 1879 399 1953 pro
426 1853 570 1926 humano
596 1876 724 1947 genere
750 1856 785 1925 in
811 1875 866 1924 me
891 1852 1067 1943 credente,
1095 1852 1138 1925 ab
1154 1851 1370 1926 abolitionem
1386 1857 1599 1952 insipientia-

224 1996 318 2061 rum,
346 1982 380 2042 et
405 1975 510 2043 vitam
538 1981 718 2043 aeternam.
1353 1991 1357 2000 ’

329 2087 492 2181 Populus.
543 2088 664 2162 Amen.

330 2202 516 2275 Sacerdos.
571 2201 721 2297 Cumque
747 2200 833 2273 baec
858 2204 893 2272 in
918 2223 1064 2297 persona
1092 2223 1154 2274 sua
1167 2204 1240 2299 ipse
1263 2203 1512 2299 complevisset,
1539 2205 1599 2274 in-

223 2322 334 2412 junxit
358 2320 440 2407 illis,
467 2318 773 2415 praecipiendoque
799 2316 897 2389 dixit:
926 2321 1198 2414 quotiescumque
1213 2320 1400 2392 concordes
1416 2322 1503 2391 inter
1521 2340 1599 2409 vos,

225 2460 286 2533 per
312 2434 396 2508 baec
422 2435 519 2509 simul
545 2437 807 2528 conjungemini,
832 2437 948 2508 mortis
963 2456 1061 2506 meae
1075 2418 1264 2509 voluntaria
1282 2438 1477 2509 memoriam
1497 2438 1607 2527 agite,

225 2555 480 2625 resurrectionis
519 2572 616 2622 meae
651 2551 805 2623 salutaris
839 2554 1188 2642 commemorationem
1215 2552 1334 2645 facite,
1361 2564 1395 2626 et
1422 2551 1600 2624 adventum

225 2692 336 2742 meum
362 2691 468 2763 usque
495 2666 538 2738 ad
564 2669 846 2738 resurrectionem
873 2677 1060 2761 expectate.

328 2784 489 2878 Populos.
541 2783 661 2856 Mortis
688 2794 766 2856 tuae
791 2781 937 2855 Domine
962 2787 1158 2856 memoriam
1186 2788 1325 2878 agimus.

329 2900 512 2972 Sacerdos.
566 2900 648 2986 Quis
674 2902 796 2993 poterit
822 2898 995 2994 explicare
1021 2897 1139 2972 verbis
1175 2909 1278 2974 totam
1318 2900 1600 2997 dispensationem

225 3029 329 3110 mam,
357 3039 456 3112 quam
483 3024 639 3112 operatus
667 3036 705 3087 es
732 3036 794 3110 pro
812 3011 934 3103 nobis,
962 3036 983 3087 o
1009 3014 1160 3088 Verbum
1186 3018 1295 3107 Deus,
1322 3027 1380 3090 aut
1405 3020 1478 3112 quis
1498 3038 1601 3090 asse-

227 3138 281 3232 qui
307 3136 430 3231 poterit
456 3134 716 3204 exinanitionem
743 3139 831 3203 tuam
857 3131 1099 3224 voluntariam,
1124 3155 1187 3229 per
1213 3156 1312 3229 quam
1338 3142 1487 3205 tamena
1513 3132 1600 3206 solio

227 3247 424 3323 abscondito
451 3247 560 3320 Patris
598 3252 644 3320 tui
670 3269 738 3321 non
765 3269 804 3322 es
832 3246 1021 3341 elongatus,
1049 3259 1082 3322 et
1103 3248 1146 3320 ad
1161 3248 1329 3339 malitiam,
1355 3248 1600 3322 infirmitatem-

227 3388 301 3461 que,
317 3374 466 3437 nostram
491 3365 615 3436 venisti
641 3363 797 3456 integre?
825 3364 908 3450 Quis
934 3364 1134 3438 scrutabitur
1159 3368 1366 3439 nativitatem
1391 3376 1482 3438 tuam
1508 3374 1600 3437 tem-

225 3481 397 3579 poralem,
422 3502 485 3575 per
512 3502 608 3574 quam
641 3477 728 3552 [ilios
761 3479 927 3552 bominum
956 3504 976 3553 a
1003 3491 1143 3554 satanae
1175 3485 1337 3556 servitute
1367 3481 1535 3570 liberasti,
1567 3491 1602 3554 et

227 3622 247 3670 a
273 3607 440 3695 potestate
466 3601 641 3694 tyrannica
667 3608 702 3669 et
727 3619 834 3670 saeva
860 3620 924 3671 nos
959 3597 1135 3694 eripuisti?
1168 3598 1250 3684 Quis
1281 3599 1499 3690 investigabit
1529 3595 1600 3670 ba-

225 3717 381 3808 ptismum
407 3723 497 3785 tuum
523 3717 557 3784 in
582 3713 751 3802 iordane,
785 3736 846 3810 per
872 3738 971 3810 quem
1004 3715 1126 3787 donum
1160 3714 1348 3811 adoptionis
1380 3714 1478 3787 nobis
1511 3737 1600 3788 con-

227 3832 372 3918 cessisti,
407 3833 668 3926 mysteriumque
706 3829 875 3903 Trinitatis
908 3840 1046 3903 sanctae
1080 3830 1242 3904 revelasti
1274 3843 1309 3903 et
1340 3831 1600 3906 demonstrasti?

228 3947 310 4044 Quis
336 3967 442 4041 aequa
468 3946 630 4041 rependet
655 3944 867 4042 passionibus
894 3951 957 4019 tuis
984 3951 1172 4039 immeritis,
1199 3951 1363 4043 mortique
1378 3958 1456 4020 tuae
1470 3948 1599 4021 volun-

225 4064 345 4148 tariae,
373 4084 434 4158 per
462 4085 545 4156 quas
572 4065 801 4159 compressisti
833 4068 1011 4159 passiones
1043 4073 1193 4139 nostras¹
1213 4065 1256 4137 ad
1288 4073 1464 4161 peccatum
1495 4065 1598 4136 incli-

225 4188 362 4251 nantes:
390 4189 596 4273 mortemque
622 4189 771 4252 nostram
796 4182 1016 4276 peccatricem
1044 4179 1222 4254 occidisti?
1250 4182 1331 4268 Quis
1346 4204 1413 4253 non
1427 4179 1599 4253 mirabitur

226 4296 505 4367 resurrectionem
539 4305 627 4367 tuam
659 4294 844 4383 vivificam,
881 4317 942 4391 per
969 4320 1067 4392 mam
1092 4299 1371 4370 resurrectionem
1404 4296 1599 4390 generalem

228 4413 372 4482 omnium
397 4409 564 4482 hominum
600 4420 727 4483 certam
762 4410 887 4502 iecisti,
920 4413 1075 4508 quodque
1106 4411 1343 4510 corporaliter,
1377 4413 1438 4486 sed
1470 4413 1598 4509 absque

227 4526 382 4599 sensibus
409 4530 559 4623 passioni
586 4527 744 4600 obnoxiis
770 4550 951 4622 resurgere
977 4529 1121 4603 debeant
1147 4529 1297 4604 homines
1323 4530 1489 4618 universi,
1515 4530 1598 4626 pol-

226 4642 336 4716 licitus
379 4642 442 4716 es?
485 4643 567 4729 Quis
602 4666 669 4716 non
708 4653 840 4741 stupeat
879 4649 1110 4720 ascensionem
1148 4645 1332 4740 gloriosam
1374 4646 1417 4718 ad
1454 4645 1598 4737 coelum,
1653 4697 1657 4702 -

227 4761 479 4853 sessionemque
506 4767 594 4831 mam
621 4761 793 4833 excelsam
820 4783 921 4858 super
947 4784 1064 4836 omnes
1079 4772 1207 4837 mentes
1225 4764 1409 4836 existentes
1423 4761 1502 4853 illic,
1531 4785 1597 4857 quo

227 4874 325 4947 nobis
352 4875 396 4946 ad
421 4879 595 4968 regionem
621 4875 793 4950 divinitate
820 4877 970 4975 plenam,
1003 4883 1067 4951 iter
1101 4877 1225 4951 fecisti:
1257 4887 1292 4950 et
1324 4877 1598 4973 quemadmodum

227 4989 355 5078 dixisti,
381 4990 438 5063 nbi
464 5014 536 5064 sum
564 5013 648 5084 ego,
675 4993 741 5065 illic
768 4997 830 5066 erit
857 5003 891 5065 et
915 4998 1065 5068 minister
1090 5016 1202 5082 meus,
1237 4997 1283 5066 ita
1319 5004 1353 5066 et
1386 4993 1464 5066 illud
1497 4994 1597 5067 nobis

226 5106 408 5202 perfecisti.
460 5109 703 5184 Adorationem
729 5121 763 5183 et
789 5110 1047 5204 exaltationem,
1074 5109 1255 5186 secundum
1270 5109 1461 5185 facultatem
1480 5112 1601 5186 viros-
