4525 6034
519 673 530 696 ι
603 675 606 684 s
673 568 749 642 aso
1153 569 1556 650 counuunlnrus

673 753 860 817 ordinatione
883 753 988 817 eadem
1010 754 1166 835 disciplina
1187 755 1345 819 observata
1367 757 1432 820 fuit.
1475 757 1570 821 Poma
1593 757 1643 837 qui
1666 766 1746 824 tanta
1767 761 1917 843 religione
1939 777 2034 822 caue·

673 853 744 915 bant
765 873 804 916 ne
827 853 1019 917 confessioni
1048 854 1208 936 quidquam
1234 862 1349 920 temere
1379 857 1613 941 adjungeretur,
1640 875 1740 940 neque
1767 859 1948 921 additionem
1974 860 2034 939 pati

645 1029 647 1032 v
672 961 830 1034 poterant,
854 956 987 1036 maronis
1011 953 1188 1018 Ortbodoxa
1207 962 1449 1039 agnosceretur,
1472 973 1526 1020 eos
1548 975 1622 1030 sane
1644 975 1733 1020 nemo
1757 957 1947 1037 existimabit,
1976 976 2036 1021 non

672 1053 875 1130 intellexisse,
898 1055 967 1136 quid
990 1054 1084 1116 verba
1108 1054 1325 1137 significarent,
1347 1063 1398 1117 aut
1421 1055 1658 1142 Confessionem
1672 1057 1768 1139 qualis
1790 1066 1888 1137 extat,
1912 1060 1944 1120 in
1964 1074 2034 1120 suos

671 1152 768 1215 libros
790 1159 906 1216 temere
928 1153 1101 1234 recepisse,
1124 1153 1216 1216 multo
1238 1155 1334 1215 minus
1356 1171 1464 1216 novam
1486 1173 1629 1237 prorsus,
1651 1156 1820 1238 rationique
1842 1165 1873 1221 et
1894 1157 2034 1220 sensibus

672 1258 893 1335 repugnantem
915 1252 953 1315 de
975 1252 1164 1315 Eucharistia
1185 1253 1360 1316 doctrinam.

386 1354 501 1406 Secunda
524 1358 593 1408 circa
609 1373 660 1408 vo·
759 1352 871 1413 Verum
893 1370 948 1432 par
969 1353 1089 1415 illorum
1111 1351 1265 1434 diligentia
1286 1352 1383 1416 altero
1405 1354 1555 1435 exemplo,
1578 1374 1617 1418 ex
1639 1355 1744 1419 eadem
1765 1355 1890 1418 historia
1911 1356 2034 1437 probari

350 1455 406 1492 00⁰¹
429 1442 561 1507 trapeam.
673 1456 792 1534 potest,
813 1469 922 1532 nempe
945 1452 1026 1514 circa
1047 1470 1154 1514 vocem
1181 1452 1343 1532 Vicificmn,
1366 1472 1443 1533 quae
1470 1455 1501 1516 in
1530 1456 1649 1537 antiqua
1672 1455 1787 1519 Graeca
1819 1454 1945 1519 formula
1974 1473 2034 1519 non

286 1611 290 1618 ,
402 1528 464 1580 ¹¹⁸³*
491 1527 561 1581 Pae.
585 1532 659 1584 Alex.
674 1557 756 1629 erat,
778 1549 893 1613 Joaone
915 1550 1031 1614 LXXll.
1052 1550 1222 1613 Patriarcha
1243 1551 1445 1616 Jacobitarum
1475 1552 1708 1618 Alexandrinam
1739 1555 1842 1618 sedem
1871 1556 2032 1621 obtinente.

348 1631 376 1683 Ρ·
394 1615 455 1668 ⁵²6'
672 1648 776 1712 Abbas
798 1650 916 1714 Salmon
939 1659 970 1713 et
991 1650 1130 1714 hlonacbi
1144 1650 1261 1714 Laurae
1276 1654 1373 1715 sancti
1389 1653 1467 1716 lusti
1481 1672 1546 1716 eam
1562 1653 1751 1734 addidenmt,
1774 1655 1908 1718 dicentes
1925 1655 2033 1735 Crede,

673 1756 729 1812 etc.
752 1750 810 1811 hoc
832 1770 898 1812 esse
921 1770 1033 1830 ccipias
1053 1753 1220 1831 vivificam,
1243 1753 1324 1832 qaod
1343 1755 1487 1815 commisit
1506 1754 1601 1816 Filiam
1622 1757 1805 1836 unigenitam,
1820 1762 1884 1817 etc.
1912 1755 2033 1839 Agitata

673 1866 795 1930 quoque
818 1849 893 1912 baec
915 1851 1026 1913 additio
1055 1850 1110 1913 fuit
1136 1850 1215 1913 inter
1241 1850 1428 1935 Episcopos,
1460 1852 1639 1934 tandemque
1667 1855 1874 1933 constitutum,
1905 1862 1938 1917 ut
1967 1859 2035 1939 quia

672 1966 734 2011 vox
755 1950 820 2030 ipsa
842 1950 872 2012 in
895 1952 990 2014 sacris
1012 1951 1170 2033 scripturis
1191 1951 1371 2034 legebatur,
1394 1970 1493 2034 neque
1516 1952 1644 2015 dubitari
1674 1962 1794 2035 poterat
1823 1954 1894 2034 quia
1923 1971 2033 2036 corpus

673 2047 784 2111 Christi
805 2056 887 2112 esset
908 2051 1074 2130 vivificum,
1097 2069 1134 2114 ea
1155 2069 1218 2114 vox
1239 2052 1421 2115 retineretur
1442 2070 1605 2133 omnesque
1628 2071 1694 2115 earn
1715 2053 1888 2134 reciperedt
1915 2055 1944 2118 in
1969 2054 2032 2118 Co-

672 2147 756 2211 dices
779 2146 950 2232 liturgicos
973 2168 1064 2227 suos,
1086 2151 1167 2233 quod
1188 2150 1299 2231 ubique
1322 2151 1441 2215 tandem
1462 2151 1589 2230 factum,
1612 2160 1842 2233 praeterquam
1871 2151 1910 2215 ad
1939 2155 2033 2218 sancti

670 2248 808 2311 blacarii:
831 2266 898 2311 nam
913 2249 1052 2312 Monacbi
1074 2258 1297 2314 excusaverunt
1319 2270 1353 2313 se
1368 2270 1407 2313 ex
1429 2251 1574 2332 majorum
1593 2251 1820 2332 consuetudine,
1844 2270 1922 2334 quaa
1944 2253 2033 2316 talem

671 2367 777 2411 vocem
799 2366 860 2412 non
882 2349 1076 2432 agnoscebat.
1121 2350 1284 2415 Ordinatus
1307 2358 1354 2414 est
1374 2351 1506 2415 loannes
1529 2370 1577 2416 an.
1606 2352 1681 2415 Jesu
1708 2352 1819 2417 Christi
1848 2353 2032 2420 ll.CXLVll.

672 2449 746 2511 obiit
773 2448 955 2513 mcbxvtt.
1008 2450 1055 2513 Ex
1084 2452 1218 2514 secundo
1241 2451 1292 2514 illo
1315 2451 1453 2533 exemplo
1477 2458 1594 2514 constat
1621 2469 1694 2514 usus
1718 2451 1924 2516 Confessionis
1953 2454 2032 2516 illius

672 2555 784 2624 certus,
808 2547 885 2611 adeo
907 2557 940 2611 ut
963 2557 1031 2613 ante
1053 2558 1217 2614 sexcentos
1240 2568 1334 2614 annos
1352 2551 1414 2633 jam
1437 2551 1487 2614 illa
1510 2570 1578 2616 eam
1599 2550 1722 2614 formam
1745 2555 1925 2634 accepisset,
1945 2573 2034 2636 quam

669 2665 750 2709 nunc
772 2646 870 2712 babet.
892 2647 980 2711 Nulla
1002 2650 1082 2712 circa
1112 2649 1247 2713 eamdem
1269 2651 1478 2715 controversia
1504 2650 1569 2731 fuit,
1591 2659 1732 2733 quantum
1761 2652 1800 2716 ad
1827 2653 2034 2716 Eucharistiae

669 2746 774 2825 fidem,
801 2765 900 2829 neque
931 2749 1008 2811 enim
1038 2749 1097 2811 ulla
1125 2766 1196 2812 esse
1217 2758 1353 2830 poterat,
1380 2769 1447 2813 cum
1476 2751 1534 2814 illis
1555 2752 1587 2814 in
1608 2751 1753 2815 Ecclesiis
1781 2754 1896 2816 erroris
1922 2755 1953 2815 in
1975 2754 2032 2816 bac

670 2847 826 2930 religionis
848 2855 934 2929 parte
956 2866 996 2911 ne
1025 2848 1128 2912 urubra
1159 2849 1277 2931 quidem
1304 2850 1404 2915 fuerit.
1450 2849 1508 2924 Qui
1535 2869 1611 2914 vero
1643 2870 1709 2914 earn
1738 2854 1942 2936 incorruptam
1964 2853 2032 2916 for-

667 2947 776 3009 mulam
807 2955 866 3011 tarn
895 2947 1039 3031 religiose
1069 2959 1284 3031 servaverunt,
1312 2958 1344 3013 ut
1372 2952 1424 3013 uix
1451 2951 1628 3013 Patriarcbis
1658 2952 1738 3030 suis,
1773 2971 1902 3035 quorum
1932 2960 2032 3015 tamen

666 3065 779 3110 summa
801 3050 944 3112 autoritas
968 3056 1050 3128 erat,
1080 3049 1334 3130 obtemperarant,
1357 3051 1476 3132 quando
1499 3051 1628 3113 orationi
1649 3068 1746 3131 pauca
1770 3053 1864 3115 verba
1896 3051 2030 3116 addenda

666 3148 731 3210 visa
752 3157 832 3225 sunt,
851 3148 988 3229 judicare
1010 3148 1098 3212 facile
1121 3156 1169 3212 est
1191 3149 1258 3214 illos
1286 3167 1346 3212 non
1375 3150 1559 3213 admissuros
1587 3148 1682 3213 frume
1712 3153 1874 3215 nouitatem
1903 3151 2030 3233 aliquam
2140 3159 2144 3166 ”

654 3247 748 3310 ⁴circa
771 3247 956 3314 Sacrameuti
978 3247 1077 3328 fidem,
1100 3250 1125 3311 si
1150 3267 1227 3330 quae
1249 3267 1378 3331 unquam
1400 3257 1469 3311 nata
1492 3248 1571 3331 apud
1594 3268 1648 3313 eos
1670 3248 1784 3313 fuisset.

372 3359 654 3429 besyrommeratm.
706 3385 709 3390 -
754 3346 828 3410 Cum
844 3357 953 3425 autem,
968 3356 1001 3411 ut
1020 3350 1160 3431 superius
1182 3350 1352 3430 expositum
1372 3356 1429 3427 est,
1453 3349 1532 3429 apud
1553 3351 1690 3430 antiquos
1710 3349 1926 3432 simplicissima
1941 3349 2029 3428 foret,

347 3461 402 3499 rum
415 3447 582 3505 contemtum
596 3461 655 3506 ante
667 3448 832 3528 paucisque
846 3449 948 3511 verbis
965 3456 1106 3511 constans
1121 3448 1172 3510 illa
1185 3444 1361 3527 Confessio,
1378 3449 1418 3510 ita
1437 3468 1558 3530 quoquc
1574 3449 1654 3530 apud
1671 3450 1776 3530 Syros,
1792 3457 1852 3512 tem
1865 3450 2031 3534 Jacobitas,

346 3529 560 3592 ⁰⁰⁰¹¹¹¹⁰¹¹i⁰¹¹⁰¹¹¹·
668 3567 755 3629 quam
767 3548 922 3612 blelchitas
934 3557 965 3612 et
979 3549 1187 3614 Nestorianos.
1210 3550 1243 3611 ln
1259 3548 1371 3612 Codice
1386 3550 1508 3630 antiquo
1524 3548 1679 3633 liturgiae
1700 3549 1864 3611 communis
1885 3550 2030 3630 Syrorum

555 3731 557 3733 v
666 3646 868 3711 Jacobitarum
881 3648 1056 3712 Colbertino
1073 3649 1301 3730 praescribitur,
1320 3657 1353 3711 ut
1366 3648 1516 3713 Sacerdos
1535 3666 1601 3711 cum
1621 3656 1705 3711 tenet
1717 3666 1827 3730 corpus
1844 3649 1875 3711 in
1894 3649 2029 3712 manibus

667 3747 805 3812 dicatfb
815 3768 848 3811 es
859 3748 1086 3811 CbmstusDeats
1094 3758 1218 3824 nostem
1233 3757 1265 3811 tu
1276 3768 1309 3811 es
1323 3751 1388 3829 ipae
1401 3750 1453 3828 qai
1465 3767 1558 3828 paupe
1564 3747 1762 3824 demadem,
1775 3749 1808 3810 in
1819 3749 1912 3810 latere
1924 3759 2030 3812 mane

664 3849 746 3927 fimas
763 3867 796 3909 es
812 3856 939 3928 prepter
952 3868 1026 3924 nos,
1048 3850 1081 3910 in
1099 3851 1212 3911 verace
1234 3848 1417 3928 Golpathae:
1444 3855 1476 3908 tu
1494 3866 1529 3908 es
1546 3845 1650 3927 Aphas
1664 3846 1724 3908 Dei
1740 3849 1792 3926 qui
1809 3847 1888 3909 tollis
1900 3854 2030 3928 peccata

666 3948 779 4010 mendi.
823 3947 913 4010 Extat
931 3948 988 4011 alia
1012 3946 1160 4029 prolixior
1174 3948 1311 4029 Dionysii
1332 3945 1493 4009 Barsalibi:
1515 3947 1600 4027 quus
1621 3945 1697 4008 baec
1712 3945 1813 4008 ultima
1833 3946 1928 4009 verba
1951 3955 2029 4009 sunt.

669 4046 750 4110 Unus
777 4056 823 4110 est
848 4046 1039 4125 Emmanuel,
1067 4068 1128 4110 non
1155 4049 1271 4112 divisus
1294 4054 1368 4128 post
1393 4047 1532 4109 unionem
1559 4045 1793 4125 inseparabilem
1821 4047 1949 4109 dmum
1968 4065 2030 4108 na-

667 4154 812 4209 tnramrm.
841 4146 889 4208 lta
911 4149 1075 4223 credimus,
1096 4150 1142 4210 ito
1164 4151 1354 4228 confitemur,
1375 4149 1421 4209 ita
1443 4149 1619 4224 asserimus,
1641 4146 1699 4208 hoc
1721 4165 1787 4209 esse
1810 4166 1920 4226 corpus
1941 4147 2030 4226 hujrrs

667 4248 824 4325 saoqamia
844 4253 875 4307 et
894 4247 972 4309 benc
993 4266 1059 4310 esee
1080 4251 1257 4329 sanquinem
1278 4249 1366 4327 bipes
1388 4250 1561 4327 corporis·
1582 4246 1690 4308 Graeci
1713 4245 1826 4324 dicunt,
1850 4245 1947 4308 Credo
1959 4246 2030 4309 Do-

666 4346 745 4406 mine
767 4352 797 4406 et
817 4347 961 4425 confiteor
980 4348 1051 4427 qnia
1073 4355 1105 4408 tu
1126 4366 1159 4409 es
1182 4345 1319 4409 Christos
1339 4347 1434 4408 Filius
1455 4345 1523 4422 Dei,
1545 4353 1600 4409 etc.
1645 4344 1737 4427 Apud
1767 4345 1841 4409 alios
1864 4364 1948 4408 more
1969 4365 2031 4409 ue-

667 4445 830 4508 tustissimo
853 4446 891 4507 ad
912 4445 991 4507 iilam
1014 4443 1242 4510 Confessionem
1264 4445 1504 4528 significandam,
1526 4444 1621 4507 Amen
1643 4445 1766 4521 dicitur,
1789 4464 1857 4508 cum
1879 4446 2031 4510 Sacerdos

656 4532 716 4603 ⁴uel
738 4542 890 4608 Diaconus
912 4545 1103 4610 Sacramenta
1125 4546 1314 4611 distribuunt.
1354 4546 1416 4610 Cur
1438 4544 1586 4627 prolixior
1608 4543 1686 4625 apud
1710 4544 1844 4626 Coptitas
1867 4543 1956 4607 fuerit
1976 4544 2029 4607 illa

666 4639 831 4724 confessio,
854 4645 930 4708 baec
952 4645 1071 4708 videtur
1094 4665 1185 4710 causa
1206 4647 1310 4710 fuisse.
1354 4646 1453 4710 Pmmo
1476 4664 1516 4706 ex
1545 4645 1664 4724 antiqua
1694 4644 1911 4707 consuetudine
1939 4652 2031 4706 uetus

666 4749 696 4802 et
718 4744 847 4826 simplex
868 4746 995 4809 formula
1007 4745 1124 4827 Corpus
1143 4757 1278 4810 sanctem
1296 4748 1473 4827 pretiosam,
1495 4744 1560 4805 siue
1583 4731 1676 4827 dipem
1688 4736 1797 4821 τίμιον
1811 4742 1927 4807 Graece
1949 4743 2030 4807 dicta

667 4854 730 4909 est:
759 4864 824 4907 eam
853 4855 886 4909 ut
914 4848 1044 4928 populus
1073 4848 1272 4930 intelligeret,
1302 4845 1428 4927 Coptica
1458 4843 1597 4925 exposita
1619 4840 1692 4921 fuit,
1722 4860 1782 4905 non
1812 4843 1916 4907 iisdem
1938 4844 2030 4924 plane

667 4946 785 5022 verbis,
815 4946 869 5009 sed
899 4947 963 5009 aliis
993 4966 1070 5028 quac
1098 4947 1205 5011 eodem
1233 4945 1413 5009 reciderent.
1457 4943 1534 5017 Quia
1562 4960 1637 5005 vero
1660 4939 1786 5025 Coptica
1813 4944 1917 5026 lingua
1938 4952 2030 5024 post-

666 5046 786 5110 modum
809 5055 840 5123 et
861 5049 928 5130 ipsa
948 5049 1082 5133 vulgaris
1113 5065 1184 5112 esso
1207 5047 1312 5127 desiit,
1335 5044 1469 5108 Arabiae
1500 5059 1621 5125 quoque
1649 5041 1709 5105 dici
1739 5043 1840 5125 coepit
1867 5042 2027 5107 Confessio
