4525 6034
466 595 722 672 llllllrlllllllllil
752 594 1019 673 incarnatur
1044 595 1317 676 inmittunt
1498 595 1574 671 443

263 781 307 857 Oi
323 778 394 856 ἀπὸ
409 782 722 880 τῆςφιλοχρίοτου
736 781 797 856 καί
811 811 881 877 μι-
966 782 1071 857 Cives
1105 741 1249 878 maguae
1290 784 1381 859 urbis
1417 786 1577 861 Menan-

210 896 433 997 γαλοπόλεαις
457 895 702 996 Ἀλεξανδρίας
727 897 787 971 καί
809 905 875 973 τοῦ
913 899 1007 972 driao
1034 897 1201 975 chrisum
1228 906 1386 992 amantis,
1419 913 1453 974 et
1478 908 1577 996 ejas-

209 1011 328 1108 νόμον
339 1012 458 1110 αὐτῆς,
476 1012 874 1114 λίανφιλοποίτορεςόν-
914 1016 989 1089 dem
1024 1017 1142 1108 Nomi,
1170 1043 1245 1091 cum
1275 1018 1409 1091 Patrum
1443 1041 1579 1093 suorum

209 1159 278 1222 τες,
303 1130 364 1204 καί
384 1129 437 1227 μὴ
451 1128 649 1226 δυνάμενοι
663 1138 716 1227 τῴ
732 1139 792 1227 τῆς
805 1128 872 1230 ὀρ-
914 1137 1128 1207 amantissimi
1164 1141 1249 1225 sint,
1284 1146 1319 1208 et
1358 1140 1393 1208 in
1428 1137 1578 1210 orbitatis

208 1247 339 1347 φονίας
349 1250 474 1324 πένθει
486 1252 662 1344 ἐμμεῖναι,
675 1245 767 1323 ἄλλοί
777 1277 872 1346 προ-
913 1248 1002 1323 luctu
1028 1251 1147 1324 titubas
1181 1274 1355 1325 remanere
1390 1275 1457 1326 non
1489 1275 1579 1350 pos-

207 1361 342 1459 θύμος
366 1363 422 1439 ἐπί
447 1361 489 1439 τὸ
521 1362 612 1439 αὐτὸ
644 1361 874 1462 συμβούλιον
915 1377 999 1456 sent,
1027 1366 1169 1441 libenter
1186 1379 1220 1440 et
1235 1392 1281 1441 ex
1304 1372 1403 1442 ammi
1421 1373 1472 1443 sui
1491 1392 1577 1442 sen-

206 1478 457 1578 ποιησοίμενοι,
474 1489 541 1556 τοῦ
557 1482 722 1577 ἐξητῆσαι
739 1484 875 1564 ἑαυτοῖς
913 1486 1014 1555 noba
1041 1485 1215 1558 consilium
1230 1489 1370 1561 intense
1383 1486 1578 1576 babuerunt,

205 1603 342 1694 πατέρα
351 1599 534 1671 ίίιπευσαν.
541 1596 654 1674 Ὅθεν
662 1599 874 1693 συναχθεν-
912 1611 946 1671 οι
963 1611 1126 1696 expetere
1144 1601 1208 1675 sibi
1222 1613 1349 1699 patrem
1368 1603 1574 1676 festinarunt.

205 1743 281 1789 των
308 1721 383 1789 τῶν
414 1711 624 1790 ὁσιωτάτων
654 1711 872 1804 ἐπισκόπων,
912 1714 1009 1787 Unde
1030 1723 1246 1811 congregatis
1265 1722 1482 1793 sanctissimis
1498 1718 1579 1817 Epi-

206 1828 266 1904 καί
286 1829 582 1928 θεοσεβεοτοίταιν
605 1833 889 1931 πρεσβντε’ροιν,·
915 1837 1040 1929 scopis,
1059 1845 1092 1907 et
1109 1835 1370 1928 religiosissimis
1388 1834 1579 1932 Presbyte-

205 1945 265 2020 καί
282 1944 579 2046 &coattestatur
593 1943 789 2036 διακόνιον,
796 1946 874 2040 ἅμα
914 1953 973 2037 ris,
990 1950 1152 2047 simulque
1164 1953 1229 2025 Dei
1247 1955 1478 2028 amantissimis
1489 1952 1579 2024 Dia-

206 2061 265 2137 καί
287 2071 364 2139 τοῖιν
392 2059 665 2160 compotator
688 2060 874 2156 μοναζόν-
914 2069 1024 2154 conis,
1051 2069 1274 2164 piissimisque
1299 2066 1486 2157 bloaacbis,
1513 2091 1578 2140 ce-

205 2207 306 2269 τιον,
337 2177 554 2273 ὀνομάσων
587 2179 802 2280 ἡγουμένων
827 2209 876 2270 τε,
914 2179 1167 2279 laberrimisqae
1198 2185 1428 2277 Hegumenis,
1465 2190 1578 2262 omnl-

205 2295 265 2370 καί
286 2294 424 2379 παντὸς
441 2306 508 2370 τοῦ
530 2296 767 2396 φιλοχρίστου
784 2301 875 2371 λαοῦ
914 2320 979 2392 que
987 2297 1153 2372 Christum
1162 2312 1293 2373 amante
1302 2301 1425 2397 populo
1435 2322 1578 2393 magnac

205 2419 265 2510 τῆς
289 2419 367 2488 τῶν
383 2409 646 2512 Ἀλεξανδρέων
666 2409 875 2514 μεγαλοπό-
913 2412 1006 2486 urbis
1038 2415 1362 2510 Alexandrinorum,
1401 2426 1436 2490 et
1470 2420 1577 2491 omnis

205 2525 673 2625 λεευς,καίποίοηςτῆςκοίτω
681 2526 876 2629 Αἰγύπτου
915 2535 1066 2623 regionis
1091 2534 1243 2630 Aegypti
1269 2533 1455 2624 interioris,
1487 2557 1578 2606 una-

203 2642 336 2744 χοίρας.
364 2642 437 2718 Καί
455 2641 706 2740 ὁμοθύμαδον
723 2644 876 2747 γενόμε-
914 2649 992 2719 nimi
1019 2670 1198 2740 consensu,
1226 2671 1348 2742 magno
1375 2649 1483 2723 sardio
1511 2650 1577 2722 ad-

206 2791 263 2837 νοι
277 2759 342 2835 καί
356 2759 521 2858 σπουδὴν
535 2759 747 2860 παράείτοῖς
756 2767 877 2837 πᾶσαν
914 2761 1026 2850 hibita,
1047 2788 1253 2861 quacumque
1264 2776 1452 2862 potuerunt,
1467 2790 1577 2863 quac-

206 2883 545 2978 παρειςενίγχαιτες,
563 2878 625 2952 καί
642 2875 876 2974 πανταχόθεν
915 2883 1065 2953 siverrmt
1098 2905 1174 2955 eum
1207 2887 1358 2979 reperire
1390 2886 1445 2979 qui
1477 2883 1577 2976 digne

207 2997 358 3095 ἔρευναν
382 2991 641 3090 ποιησάμενοι,
666 3001 733 3070 τοῦ
762 2993 877 3094 εὑρεῖν
916 2995 1054 3070 deberet
1078 3021 1220 3095 pascere
1246 3021 1319 3088 nos,
1347 3010 1381 3072 et
1406 3009 1521 3071 maere
1546 3001 1578 3069 ia

206 3110 271 3186 τίν
299 3107 408 3195 ἀξίαις
447 3107 639 3210 ὀφείλοντα
669 3111 874 3205 ποιμαίνειν
914 3111 1011 3186 bonis
1046 3119 1180 3211 pascuis
1216 3126 1250 3189 et
1288 3119 1321 3188 in
1356 3117 1433 3190 loco
1471 3115 1577 3189 uberi.

206 3225 383 3323 ήμᾶς,ιιαί
399 3236 575 3326 κρατῆσαι
590 3231 629 3324 ἐν
643 3234 739 3324 νομῇ
752 3225 877 3328 ἀγαθῇ
913 3228 1011 3301 Unde
1047 3251 1121 3302 cum
1162 3235 1285 3304 mtonte
1324 3235 1577 3314 invocassemus

208 3347 267 3421 καί
286 3352 328 3424 ἓν
352 3344 452 3443 τόπῳ
476 3347 585 3422 πίονι.
609 3346 721 3426 Ὅθεν
742 3347 802 3421 καί
819 3351 875 3421 ἐκ·
914 3349 1024 3417 omnia
1069 3351 1324 3443 perspicientem
1372 3350 1498 3436 Deum,
1542 3356 1578 3419 ut

207 3471 317 3549 τενῶς
342 3467 654 3558 ε’πικαλεσαμενοιν
678 3463 784 3560 ἡμῶν
809 3461 875 3538 τὸν
915 3459 1089 3535 exhiberet
1114 3463 1213 3536 nobis
1240 3487 1316 3537 eum
1340 3470 1396 3561 qui
1422 3465 1497 3539 buic
1522 3465 1577 3536 di-

208 3577 462 3677 παντεπόπτην
482 3578 589 3670 θεόν,
606 3588 673 3655 τοῦ
687 3586 875 3680 παραστῇ·
914 3581 1030 3670 gnitati
1070 3591 1163 3654 esset
1197 3581 1356 3672 idoneus,
1389 3582 1579 3675 designavit

207 3722 269 3771 σαι
299 3695 393 3792 ἡμᾶς
419 3695 486 3772 τὸν
511 3693 718 3792 ἀξιώματος
744 3694 877 3772 τοτ’τοο
916 3693 1014 3767 nobis
1046 3707 1082 3768 ot
1117 3697 1235 3772 oculos
1270 3701 1517 3794 conjiceremus,
1544 3701 1578 3768 ia

210 3812 414 3912 ὀφείλοντα,
423 3809 606 3893 ὑπέδειξεν
616 3812 718 3909 ἡμῖν,
727 3811 817 3889 ίδεῖν
831 3815 877 3897 είς
914 3808 956 3880 Ν.
982 3811 1269 3904 religiosissimum
1283 3815 1522 3911 Presbyterum
1545 3823 1579 3885 et

208 3927 274 4004 τὸν
282 3935 326 4005 Δ.
341 3927 407 4005 τδν
421 3931 704 4026 &conspecturos
712 3925 877 4028 πρεσβύ-
916 3929 1096 4022 piissimum
1123 3930 1332 4016 Monachum,
1359 3930 1474 4028 inclyti
1494 3930 1577 4002 blo-

209 4071 337 4143 τερον,
370 4044 430 4118 καί
461 4043 723 4144 compotator
756 4045 878 4141 μονοί-
915 4048 1051 4116 nastarii
1077 4045 1118 4118 N.
1152 4057 1252 4143 utque
1283 4070 1358 4121 eam
1389 4051 1577 4124 constitue-

211 4159 338 4252 ζοντα,
367 4171 432 4236 τοῦ
459 4159 605 4263 εὐαγοῦς
629 4161 876 4262 μοναστηρίοο
917 4180 1028 4235 remus
1055 4185 1217 4235 summum
1242 4164 1416 4237 Pastorem
1442 4175 1477 4236 et
1501 4164 1577 4236 Ar-

210 4285 251 4353 A.
267 4285 402 4355 τοῦτον
416 4273 561 4353 οὖντοῦ
572 4286 791 4376 καταστῆσαι
805 4275 875 4353 αδ
916 4275 1184 4374 cbiepiscopum,
1237 4284 1292 4375 qui
1338 4280 1472 4353 sederet
1515 4300 1577 4373 per

210 4393 277 4470 τὸν
294 4391 551 4493 ἀρχιποίμενα,
567 4393 628 4469 καί
644 4393 876 4494 ἀρχιεπίσκο-
915 4398 1165 4467 successionem
1183 4400 1216 4468 in
1231 4394 1349 4468 lbrono
1367 4395 1575 4488 Evangelico

211 4539 304 4602 πον,
336 4510 396 4584 καί
426 4513 708 4610 προναθημενον
735 4510 791 4586 ἐπί
816 4518 877 4607 τῆς
915 4509 1096 4582 admirandi
1121 4510 1228 4584 Marci
1234 4566 1245 4601 ,
1272 4512 1383 4585 divirra
1409 4512 1521 4600 locuti,
1543 4520 1577 4581 et

212 4624 385 4723 διαδοχῆς
402 4633 469 4701 τοῦ
486 4625 716 4729 εὐαγγελιιιοῦ
734 4625 877 4718 boiaco,
913 4625 1087 4721 Apostoli,
1122 4628 1165 4700 ad
1200 4629 1501 4718 confirmationem,
1542 4637 1576 4698 et
1689 4635 1695 4646 ’

212 4751 280 4818 τοῦ
296 4741 485 4818 δεοπεοίου
501 4741 663 4845 Μάρκου
678 4756 745 4820 τοῦ
762 4747 873 4842 «imp-
913 4741 1182 4817 reformationem
1209 4756 1396 4819 sanctarum
1415 4748 1480 4820 Dei
1501 4744 1575 4817 Ec-

212 4857 367 4956 tiam,
380 4857 875 4952 καίἈποστόλοο,είςσύστα-
915 4861 1107 4949 etesiarum,
1157 4860 1200 4934 de
1241 4883 1307 4958 qao
1355 4866 1576 4948 testimonium

213 5001 276 5053 σιν
292 4975 352 5052 καί
369 4974 576 5075 διόρθωσιν
587 4984 662 5053 τῶν
679 4978 794 5080 ἁγίων
808 4984 876 5054 τοῦ
914 4975 1058 5050 habitum
1091 4986 1160 5068 cst,
1194 4981 1227 5050 in
1257 4977 1369 5052 locam
1399 4980 1499 5054 Abba
1533 4982 1574 5054 N.

216 5092 873 5197 Θεοῦὲκκλησιών,ὅςτιςε’μαρτορήθη,
916 5097 970 5189 qui
1011 5099 1043 5167 iu
1081 5097 1205 5192 pietate
1243 5095 1416 5170 defunctas
1454 5098 1575 5172 bonam

237 5234 350 5279 ronti.
1321 5215 1368 5291 72
