4525 6034
654 553 702 625 18
1163 551 1524 629 llTURGIA

649 748 684 810 et
708 741 853 835 potentis
880 740 987 811 sancti
1013 737 1123 810 Patris
1151 737 1300 834 Moysis,
1326 740 1498 833 patrisque
1522 743 1630 812 nostri
1655 739 1795 830 Isidori,
1822 750 1856 813 ct
1881 741 2030 836 Arsenii,

648 858 820 951 patrisque
851 857 958 927 nostri
988 852 1128 925 loannis
1157 851 1253 946 Nigri
1284 851 1500 949 Presbyteri,
1532 858 1704 951 patrisque
1738 859 1844 957 nostri
1879 856 2027 930 Danielis

648 969 858 1062 llegumeni,
884 972 1054 1066 patrisque
1080 971 1187 1041 nostri
1209 971 1290 1060 justi
1306 967 1396 1040 Junii
1412 979 1446 1041 et
1465 973 1570 1066 patris
1585 975 1690 1046 nostri
1704 970 1884 1067 Ephraem,
1900 972 2030 1047 Patris-

649 1108 715 1180 que
753 1088 861 1159 nostri
894 1083 1063 1173 Pacomii,
1104 1087 1209 1180 patris
1244 1086 1335 1155 vitae
1376 1081 1636 1177 Coenobiticae,
1678 1086 1915 1181 Theodorique
1958 1092 2031 1181 ejus

649 1200 818 1296 discipuli,
844 1200 1020 1295 Patrisque
1046 1202 1153 1272 nostri
1179 1197 1308 1271 Sanatii
1333 1198 1645 1291 Archimandritae,
1671 1212 1706 1273 et
1729 1199 1874 1274 Abbatis
1900 1201 2026 1279 Veisao

649 1319 723 1407 ejus
755 1315 915 1412 discipuli.
968 1317 1050 1387 Item
1077 1318 1182 1411 patris
1208 1317 1315 1385 nostri
1339 1311 1526 1387 Abuneferi
1552 1338 1613 1389 seu
1631 1315 1761 1389 onufrii
1780 1316 2029 1414 Anachoretae,

648 1431 757 1504 Patris
792 1436 898 1505 nostri
925 1429 1091 1531 Simeonis
1127 1430 1289 1527 stylitae,
1322 1434 1426 1525 patris
1457 1434 1564 1504 nostri
1598 1431 1764 1506 Samuelis
1800 1432 2029 1528 Conlessoris,

648 1547 800 1641 iustique
826 1557 861 1619 et
885 1536 1010 1643 Apollo
1038 1547 1112 1638 ejus
1140 1542 1395 1640 discipulorum,
1421 1546 1597 1642 Patrisque
1623 1550 1730 1621 nostri
1749 1545 1934 1621 Barsomae
1956 1549 2029 1623 Sa-

649 1665 787 1760 pientis,
813 1661 922 1735 Patris
949 1666 1055 1735 nostri
1082 1661 1200 1733 Beniiii
1225 1660 1443 1757 Presbyteri,
1470 1670 1504 1732 et
1527 1662 1672 1736 Abbatis
1698 1662 1838 1737 Joannis
1864 1666 1938 1755 ejus
1972 1666 2029 1738 di-

647 1780 783 1875 scipuli,
811 1786 846 1851 et
870 1779 980 1852 Patris
1005 1780 1113 1853 nostri
1139 1775 1285 1850 Abbatis
1311 1774 1498 1849 Barsomae
1523 1776 1622 1868 nudi,
1650 1787 1685 1849 et
1700 1762 1810 1850 Patris
1825 1782 1932 1853 nostri
1948 1779 2029 1854 Ab·

645 1896 732 1969 batis
764 1894 863 1989 Fegii
894 1894 993 1984 nudi,
1033 1903 1069 1966 et
1100 1895 1208 1967 sancti
1238 1891 1280 1964 N.
1314 1893 1409 1984 cujus
1442 1891 1542 1964 bodie
1575 1895 1771 1966 memoriam
1803 1893 2027 1989 celebramus,

646 2014 820 2106 omnisque
847 2010 941 2082 chori
966 2009 1167 2083 Sanctorum
1192 2018 1340 2098 tuorum,
1367 2028 1507 2102 quorum
1539 2006 1697 2103 precibus
1732 2019 1767 2080 et
1800 2009 2020 2106 supplicatio-

644 2126 743 2200 nibus
769 2131 932 2201 miserere
959 2133 1109 2198 nostrum
1137 2127 1282 2197 omnium
1309 2132 1343 2195 et
1373 2123 1480 2195 bbere
1512 2145 1576 2197 nos
1590 2129 1592 2132 ’
1607 2133 1745 2221 propter
1776 2146 1899 2197 nomen
1930 2136 2020 2198 tuum

645 2254 797 2317 sanctim
824 2242 913 2338 quod
938 2244 1128 2313 invocatum
1155 2250 1208 2313 est
1234 2261 1337 2334 super
1361 2260 1436 2312 nos.
1473 2300 1482 2316 .
1725 2254 1733 2261 ’

748 2359 933 2431 Sacerdos.
984 2356 1154 2428 Memento
1181 2359 1282 2428 etiam
1308 2354 1451 2427 Domine
1488 2357 1632 2426 omnium
1668 2357 1722 2449 qui
1756 2354 1958 2431 dormierunt
1990 2369 2024 2431 et

502 2493 508 2502 ’
644 2477 843 2570 quieverunt
868 2476 900 2545 in
928 2470 1126 2544 Sacerdotio
1154 2480 1188 2543 et
1215 2472 1305 2544 omni
1332 2470 1449 2543 ordine
1475 2469 1645 2542 laicorum.
1698 2470 1850 2562 Dignata
1881 2472 2023 2545 Domine

644 2593 773 2662 animas
808 2610 923 2661 eorum
956 2590 1099 2660 omnium
1134 2590 1246 2682 quiete
1281 2586 1407 2657 donaro
1441 2590 1473 2656 in
1507 2589 1582 2658 sinu
1617 2595 1809 2661 sanctorum
1842 2585 2024 2677 Abraham,

643 2706 743 2779 Isaac
771 2716 805 2776 et
830 2704 957 2794 Jacob,
983 2702 1082 2775 induc
1109 2726 1172 2776 eos
1205 2701 1375 2774 inlocum
1401 2700 1544 2773 viridem
1575 2723 1677 2796 super
1708 2724 1813 2795 aquas
1844 2702 2024 2794 refrigerii,

644 2824 679 2892 in
705 2820 896 2916 paradisum
923 2819 1123 2914 voluptatis,
1150 2816 1322 2889 inlocum
1347 2815 1436 2889 unde
1462 2815 1593 2908 lugiunt
1626 2816 1720 2888 dolor
1750 2816 1880 2907 cordis,
1915 2820 2024 2890 tristi-

643 2940 708 3027 tia,
735 2945 771 3008 et
795 2937 938 3032 suspiria
964 2936 997 3006 in
1024 2934 1146 3006 lumine
1173 2931 1372 3006 Sanctorum
1398 2942 1539 3004 tuorum.

747 3052 901 3123 Diaconi
927 3053 1042 3122 dicent
1066 3048 1242 3143 Diptycbe
1268 3053 1303 3119 et
1327 3051 1465 3121 nomiae
1491 3047 1725 3141 defunctorem
1749 3048 1951 3119 recitabant.

747 3166 924 3239 Sacerdos
958 3166 1043 3236 dicit
1072 3172 1153 3259 poet
1183 3163 1389 3256 Diptpcboa.
1443 3162 1514 3237 Eos
1550 3162 1693 3237 Domine
1724 3186 1865 3257 quorum
1898 3167 2022 3235 animas

645 3285 842 3377 suscepisti,
865 3282 947 3374 jube
972 3285 1008 3353 in
1033 3278 1098 3353 hoc
1124 3279 1203 3352 loco
1231 3282 1405 3373 quiescere
1432 3287 1466 3350 et
1499 3300 1562 3351 nos
1589 3281 1689 3350 etiam
1723 3277 1777 3350 bic
1810 3280 2021 3374 peregrinos,

586 3430 590 3442 v
644 3401 679 3467 in
704 3397 769 3469 lide
795 3407 852 3469 tua
879 3395 1026 3487 custodi,
1063 3406 1097 3468 et
1126 3417 1245 3491 pacem
1280 3403 1370 3465 tuam
1402 3391 1500 3468 nobis
1534 3416 1641 3489 usque
1674 3397 1708 3466 in
1743 3393 1842 3466 finem
1877 3393 2021 3488 benigne

644 3512 803 3584 concede.
1454 3540 1458 3549 ·

746 3627 909 3721 Populus.
963 3625 1056 3698 Sicut
1081 3632 1175 3718 erat,
1200 3638 1265 3698 etc.

746 3743 932 3814 Sacerdos.
985 3741 1030 3814 Et
1056 3743 1164 3835 dirige
1190 3764 1254 3815 nos
1281 3745 1315 3813 in
1340 3763 1482 3833 regnum
1510 3750 1618 3831 tuum,
1645 3751 1680 3812 ut
1707 3744 1792 3813 sicut
1814 3743 1846 3813 in
1873 3741 1950 3832 hoc,
1976 3744 2020 3813 ita

644 3862 743 3929 etiam
779 3862 813 3930 in
853 3854 1005 3930 omuibus
1038 3859 1206 3949 laudetur,
1238 3856 1457 3930 benedicatur
1492 3865 1526 3928 et
1562 3855 1744 3929 extollatur
1774 3837 1895 3928 nomen
1931 3867 2020 3928 tuum

642 3995 817 4065 magnum,
849 3969 1001 4045 omnibus
1027 3974 1134 4045 modis
1162 3983 1331 4061 sanctum,
1359 3971 1548 4060 excellens,
1575 3970 1822 4061 venerandum,
1849 3982 1882 4044 et
1908 3970 2020 4045 bene-

645 4088 785 4180 dictum,
811 4089 893 4162 lesu
921 4087 1044 4162 Christi
1070 4093 1171 4161 etiam
1196 4088 1271 4161 Filii
1297 4091 1343 4159 tui
1370 4086 1482 4159 dilecti
1508 4097 1543 4159 et
1567 4088 1709 4183 Spiritus
1735 4086 1859 4161 Sancti.

745 4205 929 4278 Sacerdos.
976 4203 1051 4276 Pax
1077 4204 1239 4280 omnibus.

746 4320 907 4415 Populus.
961 4319 1006 4391 Et
1032 4345 1106 4393 cum
1132 4324 1249 4417 spiritu
1275 4331 1343 4392 tuo.

1051 4577 1268 4647 Prooemium
1294 4583 1374 4647 erate
1396 4579 1613 4670 [rectionem.

350 4788 510 4847 omttoanta
523 4791 631 4846 nacuo-
747 4784 932 4856 Sacerdos.
985 4784 1106 4855 lterum
1135 4786 1261 4875 gratiam
1288 4785 1418 4875 agimus
1446 4781 1504 4854 tibi
1529 4781 1623 4853 Deus
1658 4784 1888 4875 omnipotens,
1922 4787 2020 4873 pater

320 4893 389 4929 Μ
651 4901 787 4973 Domini
812 4899 877 4970 Dei
902 4910 936 4971 et
961 4899 1150 4971 Salvatoris
1176 4900 1282 4969 nostri
1307 4897 1390 4969 Jesu
1411 4895 1546 4987 Christi,
1573 4894 1661 4990 quod
1687 4896 1794 4968 fecisti
1819 4916 1883 4967 nos
1899 4893 2020 4985 dignos

645 5013 851 5090 consistendi
876 5020 910 5086 in
935 5014 1102 5088 hocloco
1130 5025 1269 5105 sancto,
1294 5012 1496 5107 levandique
1521 5034 1639 5086 manus
1664 5023 1810 5084 nostras
1829 5022 1864 5083 et
1895 5010 2019 5081 nonnni
