4525 6034
572 550 1194 631 SANCTIBASILII.
1544 558 1569 631 5

1320 662 1329 693 Ι
1390 690 1393 695 ⁴

199 739 334 813 uorandi
358 739 612 836 Arcbiepisoopi
638 738 751 836 Papae
777 739 877 814 Anba
904 738 945 811 N.
974 750 1008 812 ct
1033 741 1142 814 Patris
1169 746 1274 815 nostri
1295 741 1456 839 Episcopi
1470 741 1569 817 Anba

196 857 236 929 Ν.
261 857 432 930 Memento
459 857 603 930 Domine
630 860 928 951 congregationum
953 868 1142 929 nostrarum
1170 867 1205 929 et
1238 862 1287 931 eis
1320 855 1478 931 benedic:
1513 859 1569 930 lac

197 984 230 1046 ut
254 978 321 1046 sint
347 973 473 1069 absque
491 975 748 1071 impedimento,
776 984 809 1045 et
824 971 1090 1070 perturbatione,
1117 985 1153 1045 ut
1169 972 1378 1047 celebremus
1398 998 1457 1049 eas
1470 977 1568 1067 juxta

197 1100 341 1164 sanctam
368 1101 402 1163 et
427 1088 559 1163 beatam
586 1089 789 1162 voluntatem
816 1101 922 1181 tuam,
956 1088 1072 1162 domos
1101 1093 1280 1179 orationis,
1314 1090 1431 1163 domos
1465 1116 1567 1163 mun-

196 1207 352 1297 dationis,
389 1208 506 1280 domos
534 1210 736 1297 sanctitatis,
772 1207 889 1279 domos
924 1205 1174 1280 benedictionis
1229 1207 1388 1280 Concede
1422 1218 1458 1280 ut
1492 1204 1567 1278 illas

195 1321 440 1417 possideamus,
467 1323 628 1415 Domine,
653 1345 739 1413 nos,
767 1334 800 1394 et
826 1326 919 1396 servi
945 1325 1011 1413 tui,
1039 1327 1093 1417 qui
1110 1322 1207 1396 nobis
1223 1336 1330 1419 usque
1349 1326 1567 1395 inaetemum

196 1444 382 1513 successuri
417 1450 501 1513 sunt.
554 1440 714 1533 Exurge,
747 1440 889 1511 Domine
920 1439 1030 1529 Deus,
1064 1450 1097 1510 et
1130 1439 1331 1535 dissipentur
1361 1442 1483 1511 inimici
1509 1442 1567 1527 tui,

196 1563 228 1623 et
251 1552 381 1647 iuglant
407 1580 426 1627 a
453 1556 541 1629 iacic
567 1565 644 1646 tua,
672 1578 788 1629 omnes
816 1559 869 1652 qui
897 1555 1039 1627 oderunt
1063 1577 1187 1628 nomen
1214 1566 1303 1629 tuum
1331 1568 1489 1629 sanctum.
1524 1555 1570 1627 Et

195 1669 334 1765 populus
362 1682 437 1745 tuus
463 1672 590 1745 fruetur
615 1672 902 1747 benedictionibus
929 1670 1047 1743 millies
1074 1673 1215 1746 millenis
1247 1682 1281 1745 et
1307 1673 1420 1748 decies
1446 1671 1567 1744 millies

194 1787 353 1879 millenis,
396 1788 632 1886 perficientque
666 1788 870 1861 voluntatem
906 1799 1012 1879 tuam,
1052 1812 1114 1886 per
1148 1793 1306 1883 gratiam,
1346 1791 1567 1879 clementiam,
1701 1826 1704 1834 ·

195 1918 407 2002 amoremque
434 1928 518 1998 erga
544 1904 694 1977 homines
720 1903 794 1985 Filii
820 1908 866 1976 tui
892 1908 1053 1999 unigeniti
1078 1907 1211 1979 Domini
1229 1907 1295 1978 Dei
1321 1918 1355 1978 et
1378 1905 1567 1980 Salvatoris

194 2025 296 2092 nostri
322 2022 407 2094 lesu
434 2021 577 2112 Christi,
603 2043 665 2116 per
692 2043 810 2114 quem,
839 2032 901 2094 etc.

294 2190 464 2263 Circanbit
489 2192 601 2263 altare
629 2216 702 2262 carn
727 2195 866 2263 incenso
893 2193 1010 2279 semel,
1045 2192 1255 2265 oscrdabr'tar
1286 2192 1383 2279 iliad,
1418 2192 1567 2263 descen-

196 2305 314 2400 delqae
339 2308 438 2378 laeao
461 2310 572 2402 pede.-
599 2332 717 2395 aersns
743 2313 908 2380 orientem
939 2310 1045 2382 stabit
1077 2332 1096 2380 e
1126 2313 1270 2404 repione
1302 2308 1438 2395 altaris,
1474 2306 1567 2376 ado-

196 2422 340 2517 lebitque
366 2424 442 2496 titas
469 2432 543 2513 ter,
572 2426 690 2496 eadem
716 2427 849 2513 dicens,
878 2448 966 2520 qaae
988 2430 1106 2519 prins:
1144 2433 1210 2497 tam
1243 2423 1503 2511 Patriarcbam,
1538 2424 1569 2493 si

196 2539 296 2628 adsit,
327 2541 518 2613 incensabit
543 2545 686 2614 seorsim
712 2542 757 2612 ab
784 2542 884 2613 aliia:
918 2542 1010 2637 qnod
1040 2546 1072 2614 si
1107 2542 1275 2634 abfuerit,
1312 2541 1409 2612 dabit
1442 2544 1567 2611 incen-

195 2679 260 2727 sam
285 2656 553 2745 Sacerdotibus,
581 2681 650 2728 non
676 2658 764 2730 aliis.
811 2660 955 2741 Deinde
977 2663 1246 2753 prostrationem
1269 2661 1400 2750 faciel:
1430 2677 1568 2750 campne

196 2771 281 2842 lecta
305 2777 415 2866 faerit
440 2774 600 2867 Epistola
625 2774 730 2845 Panli
757 2775 917 2868 Coptica,
945 2775 1037 2845 dicet
1063 2779 1260 2846 orationem*
1280 2779 1472 2867 sequentem
1505 2795 1567 2844 ce-

198 2896 298 2960 creto.
352 2889 395 2961 Si
417 2893 526 2982 faerit
554 2913 627 2960 carn
655 2914 696 2962 eo
723 2891 898 2963 Sacerdos
923 2895 1056 2982 socias,
1089 2895 1119 2963 is
1147 2915 1221 2962 eam
1246 2890 1418 2991 recitabit.
1471 2891 1568 2960 Dia-

198 3027 297 3077 conos
310 3006 400 3107 tepet
417 3007 608 3100 Epictetum
626 3007 782 3101 Coptica,
810 3013 845 3077 et
857 3009 980 3079 deinde
989 3008 1146 3081 Arabiae
1152 3062 1162 3096 ,
1189 3014 1226 3078 nt
1243 3010 1345 3077 etiam
1355 3006 1568 3094 Catholicae,

197 3125 263 3193 sice
288 3123 468 3194 lectionem
495 3147 541 3194 en
566 3124 733 3217 Epistolis
760 3124 954 3196 Catholicis.
1014 3125 1083 3196 Hic
1114 3123 1272 3195 adoletur
1306 3127 1477 3194 incensam
1515 3129 1569 3193 ter
1676 3116 1677 3121 ’

198 3240 459 3311 circumuallare
486 3264 509 3310 a
535 3240 727 3313 Sacerdote
755 3242 960 3313 celebrante.

324 3565 444 3635 Oratio
467 3569 549 3659 post
574 3563 735 3657 Apostoli
760 3587 819 3636 sen
846 3564 1017 3636 Paulinae
1043 3565 1223 3659 Epistulae
1248 3565 1436 3639 lectionem.

298 3769 481 3844 Sacerdos.
535 3773 678 3844 Domine
705 3775 865 3844 scientiae
893 3784 925 3843 et
948 3776 1130 3870 sapientiae
1147 3771 1301 3866 largitor,
1323 3776 1377 3867 qui
1399 3794 1439 3843 ea
1453 3794 1562 3843 reve-

200 3882 247 3956 las
278 3910 364 3982 quae
394 3887 567 3984 profundis
598 3887 744 3961 tenebris
779 3886 972 3961 abscondita
1008 3900 1101 3978 sunt3
1147 3892 1202 3985 qui
1239 3899 1406 3985 potestate
1446 3898 1568 3980 magna

201 4006 355 4075 rationem
382 4004 566 4079 bominibus
592 4004 755 4094 indidisti3
790 4009 843 4099 qui
869 4003 1016 4078 bonitate
1048 4017 1104 4078 tua
1140 4010 1271 4078 vocasti
1303 4006 1457 4094 Paulum,
1494 4028 1569 4076 cum

202 4117 312 4192 luisset
338 4121 514 4218 aliquando
541 4131 758 4218 persecutor,
785 4132 821 4192 nt
848 4134 940 4195 esset
964 4145 1027 4195 vas
1060 4122 1222 4212 electum,
1256 4131 1289 4194 et
1320 4125 1353 4193 in
1389 4144 1432 4193 eo
1467 4143 1568 4191 corn-

202 4233 365 4329 placuisti,
379 4248 415 4310 ut
427 4237 522 4310 fieret
535 4238 738 4335 Apostolus,
769 4243 984 4311 annunciator
1006 4250 1040 4311 et
1054 4238 1265 4335 praedicator
1283 4237 1460 4329 Evangelii
1471 4239 1568 4328 regni

202 4354 255 4439 tui,
271 4352 350 4425 lesu
368 4353 500 4427 Christe
520 4354 613 4427 Deus
635 4364 759 4426 noster.
794 4355 845 4426 Te
858 4378 943 4427 nuuc
966 4358 1064 4427 etiarn
1081 4353 1183 4444 bone,
1203 4364 1237 4426 et
1255 4353 1419 4426 bominum
1439 4361 1567 4423 amator

206 4465 429 4563 deprecamur,
456 4481 491 4542 ut
510 4471 569 4543 des
587 4469 684 4543 nobis
699 4481 733 4542 et
759 4475 847 4543 omni
873 4472 997 4569 populo
1025 4483 1082 4544 tao
1109 4480 1253 4543 mentem
1267 4468 1309 4541 ab
1330 4472 1418 4541 omni
1436 4468 1564 4540 distra-

204 4590 304 4661 ctione
335 4590 493 4677 liberam,
533 4591 798 4686 intellectumque
831 4612 966 4686 purum,
998 4599 1035 4659 ut
1066 4588 1231 4660 discamus
1265 4596 1299 4658 et
1333 4584 1567 4677 intelligamus,

205 4717 316 4797 quanta
350 4711 393 4780 sit
427 4709 550 4780 utilitas
585 4708 756 4780 doctrinae
789 4720 866 4780 tuae
893 4714 1053 4796 sauctae,
1081 4726 1167 4798 quae
1193 4701 1236 4773 ad
1262 4724 1325 4775 nos
1352 4701 1437 4774 illius
1463 4703 1567 4771 mini-

206 4826 299 4893 sterio
325 4827 489 4919 pervenit.
541 4825 585 4897 Et
616 4824 889 4921 quemadmodum
920 4820 1034 4894 similis
1061 4818 1128 4891 ‚tibi
1154 4818 1235 4910 luit,
1270 4841 1291 4890 o
1328 4824 1423 4889 autor
1453 4820 1566 4907 vitae,

205 4936 247 5007 ila
269 4960 330 5011 nos
356 4944 482 5034 pariter
509 4941 627 5034 dignos
656 4943 773 5032 allice,
800 4951 836 5013 ut
862 4943 895 5012 in
923 4959 1027 5035 opere
1054 4945 1088 5008 et
1120 4934 1184 5006 lide
1220 4935 1343 5008 similes
1373 4934 1419 5006 illi
1454 4937 1566 5020 simus,

207 5050 487 5154 glorificemusque
513 5082 635 5131 nomen
662 5070 750 5131 tuum
777 5069 948 5147 sanctum,
974 5054 1222 5148 gloriemurque
1243 5055 1278 5123 in
1289 5074 1391 5124 cruce
1408 5060 1463 5123 tua
1479 5053 1568 5123 omni
