4525 6034
640 565 1179 643 ALEXANDRINO.
1519 564 1593 640 411

326 753 476 826 xcvssl.
528 753 567 826 ln
600 753 695 828 Cella
728 775 832 849 porro
864 751 1081 825 Patriarchali
1117 750 1364 825 observabatur
1395 755 1488 824 vitae
1514 773 1595 824 mo·
1628 765 1862 822 vitaehumanae
1877 786 1922 823 re-

221 871 370 943 nasticae
395 866 526 960 regula,
552 868 639 943 adeo
665 877 701 941 nt
728 891 748 939 a
783 865 938 941 carnibus
972 890 1108 964 semper
1142 865 1381 944 abstineretur:
1408 890 1485 940 nam
1512 867 1597 940 haec
1610 852 1921 991 Skablaffurplmlm

222 995 273 1058 est
298 995 460 1080 perpetua
487 983 633 1057 Orientis
660 983 901 1056 Monachorum
930 981 1138 1056 abstinentia.
1175 981 1260 1054 Eam
1287 1007 1373 1057 vero
1401 985 1597 1075 servabant,
1763 980 1770 994 '

220 1109 255 1171 nt
279 1098 408 1172 faciunt
434 1104 611 1172 etiamnum
645 1100 805 1196 Episcopi
839 1097 983 1189 Graeci,
1010 1099 1109 1196 Syri,
1142 1098 1300 1189 Armeni,
1333 1110 1367 1172 et
1402 1098 1458 1171 alii
1489 1123 1598 1196 prope

221 1238 352 1305 omnes,
380 1219 456 1311 quia
484 1225 694 1288 assumuntur
720 1238 766 1288 ex
799 1215 924 1288 Ordine
955 1215 1154 1287 Monostico.
1207 1214 1326 1309 Neque
1358 1217 1446 1286 enim
1473 1217 1598 1287 existi-

220 1343 312 1404 mant
345 1331 601 1427 Episcopatum,
639 1335 693 1403 cui
728 1335 837 1425 major
869 1334 1004 1404 omnino
1040 1354 1140 1426 quam
1172 1332 1326 1427 privatae
1360 1333 1394 1401 in
1430 1329 1597 1403 coenobio

220 1451 313 1520 vitae
340 1446 504 1544 perfectio
532 1450 726 1519 necessaria
754 1456 826 1537 est,
860 1445 1041 1519 absolvere
1075 1448 1117 1519 ab
1154 1450 1226 1539 ejus
1253 1444 1397 1538 regulis,
1433 1443 1509 1516 illos
1544 1449 1599 1540 qui

221 1585 280 1634 eas
315 1563 422 1635 semel
454 1561 601 1658 professi
635 1563 778 1635 fuerunt.
830 1563 926 1634 Hanc
972 1563 1193 1636 abstinentiae
1235 1585 1255 1634 a
1295 1560 1451 1634 carnibus
1487 1561 1598 1655 legem

220 1676 376 1751 omnibus
402 1677 607 1752 Patriarchis
633 1682 790 1774 proponit
815 1676 1036 1766 Ebnassalus,
1064 1686 1097 1748 et
1108 1676 1281 1749 Philotheo
1294 1680 1380 1751 inter
1406 1672 1473 1750 alia'
1497 1677 1598 1750 multa

221 1796 362 1865 crimina
389 1791 556 1887 objectum
583 1804 646 1882 est,
674 1792 763 1890 quod
790 1792 937 1887 quotidie
964 1796 997 1864 in
1025 1792 1120 1867 Cella
1151 1794 1309 1867 convivia
1337 1790 1599 1885 celebrarentur,

221 1930 412 2003 carnesque
437 1911 592 1982 convivis
620 1920 876 2006 apponerentur.

327 2023 451 2098 XCIX.
503 2025 581 2098 lilos
608 2047 741 2121 quoque
767 2037 840 2098 erat
866 2037 901 2098 ut
928 2024 1016 2122 apud
1042 2024 1288 2114 Patriarcbam,
1321 2028 1397 2096 sive
1429 2029 1463 2095 in
1491 2023 1598 2116 Cella,
1647 2024 1747 2126 Ornet
1765 2020 1845 2124 pmcn
1869 2022 1923 2074 ¹⁶³⁰·

220 2144 295 2214 sive
322 2145 357 2213 in
385 2145 494 2214 vicina
512 2141 684 2230 Ecclesia3
711 2164 786 2213 nam
813 2164 947 2237 semper
962 2139 1140 2213 Ecclesiae
1165 2142 1320 2238 proxima
1335 2149 1420 2229 erat,
1449 2138 1597 2213 Officium
1612 2111 1798 2250 mlh?
1822 2126 1854 2162 ⁰⁰
1873 2108 1923 2162 σθ’

219 2257 456 2354 quotidianum,
483 2257 620 2330 diurnae
646 2257 772 2331 scilicet
798 2268 1048 2352 noctumaeque
1066 2280 1187 2354 preces
1203 2258 1439 2346 recitarentur,
1472 2278 1596 2351 quem-

220 2373 400 2447 admodum
427 2379 461 2446 in
486 2373 709 2447 lionasteriis.
762 2372 917 2446 Habebat
944 2377 1031 2446 enim
1058 2372 1317 2447 contubernales
1345 2371 1509 2461 Clericos,
1542 2381 1599 2442 aut

219 2487 526 2576 llieromonacbos,
554 2493 609 2585 qui
635 2512 770 2562 cursum
795 2490 1067 2564 Ecclesiasticum
1095 2490 1192 2565 simut
1217 2496 1431 2586 peragerent.

327 2605 366 2678 C.
419 2602 611 2677 Adhibebat
645 2616 755 2678 autem
787 2604 981 2679 Patriarcha
1015 2607 1057 2679 ad
1083 2610 1249 2703 privatam
1286 2604 1375 2676 illam
1402 2606 1597 2677 societatem
1628 2606 1923 2708 no'ncrrrecapatom

222 2744 307 2815 quos
336 2723 481 2792 maxime
507 2720 649 2795 idoneos
671 2719 854 2815 judicabat,
887 2722 929 2794 ad
956 2722 1196 2795 sublevandum
1232 2745 1272 2795 se
1305 2724 1339 2794 in
1372 2743 1452 2792 cura
1487 2740 1598 2791 rerum
1612 2693 1715 2748 ⁰¹⁰⁰⁰¹'

220 2836 552 2928 Ecclesiasticamm,
580 2847 741 2933 erantque
770 2841 865 2934 quasi
899 2839 1080 2911 consiliarii
1113 2842 1284 2935 perpetui,
1317 2859 1457 2934 qnomm
1494 2856 1598 2930 opera

220 2963 383 3043 uteretm,
410 2964 477 3025 tum
504 2957 538 3024 in
564 2957 674 3026 causis
702 2957 787 3026 inter
801 2951 1008 3029 Christianos
1032 2954 1230 3047 judicandis,
1257 2965 1326 3027 tum
1351 2957 1385 3024 in
1412 2949 1598 3038 scribendis

219 3067 395 3165 Epistolis,
423 3079 490 3140 tum
515 3073 549 3141 in
576 3069 773 3163 colligendis
801 3065 1049 3167 eleemosynis,
1085 3081 1141 3142 aut
1175 3068 1336 3142 fructibus
1363 3065 1599 3164 percipiendis,

220 3187 275 3279 qui
309 3184 353 3255 ad
383 3182 609 3258 Patriarcbam
645 3187 860 3282 spectabant,
894 3186 1028 3259 tandem
1054 3191 1095 3266 jn
1131 3184 1283 3261 omnibus
1317 3207 1403 3280 quae
1429 3183 1472 3254 ad
1498 3204 1599 3254 com-

220 3322 355 3372 munem
390 3302 489 3373 totius
525 3302 676 3397 Aegypti
715 3301 944 3375 Ecclesiamm
983 3304 1157 3375 utilitatem
1197 3299 1415 3397 pertinebant.
1469 3298 1599 3372 Idcirco

222 3414 453 3507 seligebantur
478 3413 521 3487 ad
547 3415 612 3489 hoc
638 3419 874 3506 ministerium,
902 3421 957 3512 qni
984 3422 1070 3490 inter
1103 3417 1188 3489 alios
1223 3416 1373 3489 doctrina
1405 3416 1600 3502 eminerent,

222 3533 406 3625 praecipue
433 3528 475 3601 ad
503 3530 692 3604 obeundum
719 3556 836 3606 munus
863 3534 1001 3622 natttt,
1037 3537 1113 3607 sive
1140 3537 1212 3627 ejus
1248 3535 1303 3627 qai
1329 3541 1420 3604 esset
1446 3531 1600 3602 Patriar-

223 3645 307 3717 cbae
342 3645 384 3718 ab
417 3646 514 3718 Actis
542 3658 575 3719 et
604 3646 776 3744 Epistolis.
828 3648 954 3722 llorum
987 3661 1101 3723 autem
1134 3670 1202 3720 non
1237 3669 1336 3720 unum
1368 3670 1475 3740 genus
1510 3656 1599 3718 erat:

221 3784 304 3832 nam
329 3760 535 3856 synodicae,
562 3763 679 3860 quales
707 3765 749 3837 ad
763 3764 991 3838 Antiochenos
1018 3762 1242 3854 mittebantur,
1265 3759 1497 3837 Heortastica'e
1526 3766 1601 3836 sive

223 3875 420 3968 Paschales,
447 3901 530 3974 quas
558 3879 637 3953 olim
665 3883 842 3977 metandis
870 3903 916 3953 ex
934 3884 1162 3977 antiquissima
1183 3879 1422 3952 consuetudine
1450 3876 1599 3951 scribere

224 3990 404 4081 debebant,
431 4016 506 4066 cum
533 3998 779 4091 expositionem
805 3996 881 4069 fidei
914 3999 1123 4069 continerent
1155 3998 1295 4090 ejusque
1321 4014 1367 4065 ex
1394 3996 1601 4088 antiquorum

223 4109 361 4180 Patrum
388 4114 560 4183 sententiis
586 4111 883 4202 confirmationem,
911 4111 1028 4185 doctos
1054 4133 1132 4185 esse
1151 4109 1327 4206 oportebat
1353 4111 1407 4204 qui
1427 4107 1491 4181 illis
1509 4109 1600 4178 scri-

223 4222 345 4295 bendis
372 4224 615 4299 adhiberentur.
668 4225 862 4318 Paschales,
889 4237 925 4298 ut
951 4237 985 4299 et
1011 4228 1131 4300 multae
1159 4227 1262 4317 aliae,
1290 4249 1376 4324 quae
1403 4223 1447 4296 ad
1471 4219 1600 4293 Eccle-

224 4337 295 4411 sias
327 4339 559 4437 Aegyptiacos
599 4341 828 4435 mittebantur,
871 4343 1010 4440 Coptica
1049 4340 1305 4417 scribebantur:
1345 4351 1445 4436 atqua
1481 4342 1526 4410 ita
1567 4340 1601 4409 in

224 4456 391 4548 ejusmodi
417 4457 629 4550 Secretariis,
656 4457 888 4554 requirebatur
914 4481 981 4532 non
1006 4459 1158 4552 vulgaris
1184 4459 1400 4550 intelligentia
1426 4455 1512 4527 illius
1529 4453 1601 4525 lin-

224 4593 327 4663 guae,
354 4594 453 4667 quae,
480 4595 527 4645 ex
553 4596 619 4669 quo
646 4571 794 4648 Arabica
820 4578 946 4669 passim
974 4573 1123 4666 obtinuit,
1150 4598 1219 4649 non
1246 4587 1313 4647 mm
1339 4594 1385 4644 ex
1411 4592 1473 4643 usu
1500 4593 1601 4644 com-

225 4689 328 4780 muni,
356 4710 454 4783 quam
482 4688 592 4762 studio
619 4689 779 4762 librorum
806 4690 888 4764 disci
916 4691 1057 4765 solebat.
1109 4691 1243 4764 Peritos
1277 4695 1377 4764 etiam
1411 4688 1486 4763 illos
1523 4710 1602 4762 esse

225 4801 406 4897 oportebat
431 4803 647 4878 formularum
674 4828 762 4903 quae
788 4809 822 4878 in
848 4806 944 4880 Actis
972 4816 1007 4878 et
1030 4806 1192 4903 Epistolis
1219 4803 1475 4901 usurpabantur,
1502 4813 1603 4900 atque

226 4919 272 4988 ita
298 4939 367 4989 non
393 4918 581 5011 vulgarem,
608 4921 668 4994 sed
698 4922 956 4994 reconditiorem
982 4923 1158 5018 quamdam
1183 4925 1311 4997 veteris
1342 4919 1508 5034 idiomatis
1535 4919 1602 4992 ha-

226 5032 311 5106 bere
343 5032 534 5108 facultatem
568 5038 746 5111 debebant.
798 5036 995 5111 Accedebat
1030 5043 1129 5112 etiam
1172 5036 1362 5136 quotidiana
1403 5040 1603 5127 necessitas,
1694 5101 1697 5108 .

281 5172 396 5217 remur.
1343 5154 1395 5230 68
