4525 6034
695 575 770 650 512
1073 530 1691 656 obsuntnrrouus

693 762 817 824 mutatio
839 762 866 823 si
886 779 947 823 non
970 763 1043 825 satis
1066 763 1097 824 in
1117 760 1328 844 ipsaLiturgia
1345 764 1524 845 explicatur,
1547 765 1643 846 qualis
1666 765 1698 825 in
1710 764 1848 829 Ecclesia
1861 765 2063 832 Alexandrina

696 867 885 943 crederetur,
908 866 1046 929 dubitare
1068 885 1129 929 non
1152 867 1222 928 sinit
1234 866 1354 930 Gabriel
1367 868 1550 943 Patriarcha,
1573 869 1624 949 qui
1647 868 1727 930 illam
1749 868 1977 933 substantiaein
1993 872 2063 935 sub·

694 967 832 1028 stantiam
847 984 916 1027 esse
933 966 1033 1044 docet,
1057 973 1089 1028 ut
1113 966 1729 1046 etiamautorScientiaeEcclesiasticae,
1752 968 1934 1031 Abulbircat
1956 971 2062 1036 etalii.

693 1066 776 1127 llnec
788 1066 887 1127 omnia
897 1067 1056 1147 ignorasse
1067 1065 1210 1128 Ludolfus
1224 1068 1328 1146 potuit,
1342 1076 1374 1130 ut
1388 1086 1461 1131 sane
1478 1086 1514 1130 ea
1526 1068 1689 1149 ignoravit,
1713 1071 1849 1148 quamvis
1862 1088 1979 1133 summe
1990 1072 2063 1132 scitu

695 1166 869 1227 necessaria
891 1165 1034 1227 scribenti
1057 1164 1095 1226 de
1117 1165 1267 1245 religione
1279 1165 1471 1247 Aethiopum,
1496 1186 1573 1248 quos
1588 1167 1627 1229 de
1639 1167 1842 1248 singularibus
1857 1177 1966 1231 contra
1982 1157 2063 1231 com-

692 1282 810 1326 munem
832 1263 1038 1326 Ecclesiarum
1060 1264 1298 1326 deEucharistia
1322 1265 1408 1328 fidem
1433 1265 1624 1348 opinionibus
1647 1283 1736 1328 nemo
1760 1267 1956 1330 insimulavit:
1980 1286 2062 1331 nemo

693 1373 816 1444 praeter
838 1363 996 1425 Ludolfum
1019 1364 1160 1442 laudavit,
1185 1364 1264 1444 quod
1289 1364 1652 1428 Trnnsnbstantiationem
1674 1383 1735 1427 non
1758 1367 1934 1429 crederent.
1957 1369 2064 1430 Verum

693 1464 816 1546 ignotae
838 1463 880 1524 illi
903 1482 973 1526 esse
996 1481 1056 1525 non
1079 1470 1222 1544 poterant
1243 1464 1422 1545 multiplices
1444 1465 1648 1527 lnvocationis
1669 1464 1797 1545 Spiritus
1820 1469 1920 1527 sancti
1944 1467 2062 1545 formae,

693 1581 818 1644 quarum
839 1562 987 1625 voeabula
1011 1565 1039 1624 in
1055 1562 1176 1625 Lexicis
1199 1564 1263 1624 suis
1286 1561 1454 1645 digerebat,
1477 1564 1531 1626 sed
1554 1564 1595 1626 ita
1617 1571 1650 1625 ut
1671 1564 1799 1644 phrases
1822 1567 1906 1644 ipsas
1929 1583 1990 1629 non
2012 1584 2063 1628 re-

693 1662 804 1740 ferret,
835 1681 875 1723 ne
904 1682 944 1724 cx
973 1663 1090 1724 illarum
1118 1662 1183 1725 sola
1213 1664 1413 1742 inspectione,
1447 1662 1523 1724 falsa
1553 1680 1679 1743 prorsus
1710 1671 1741 1726 et
1768 1663 1871 1725 fictitia
1901 1665 2063 1746 'theologia

691 1762 871 1843 Aethiopica
894 1779 949 1823 sua
971 1760 1174 1826 refelleretur.
1219 1761 1365 1842 Reliquae
1388 1763 1467 1824 enim
1488 1761 1658 1844 Liturgiae,
1687 1769 1746 1824 tam
1768 1763 1867 1826 editae
1891 1783 1981 1846 quam
2001 1783 2062 1826 ma-

691 1862 867 1941 nuscriptae
897 1861 1033 1924 eamdem
1061 1861 1265 1924 lnvocationis
1294 1861 1419 1925 formam
1447 1861 1599 1942 referunt,
1630 1870 1680 1924 aut
1709 1882 1750 1925 ex
1779 1864 1875 1943 prima
1908 1863 2062 1945 petendam

691 1959 860 2044 designant.

775 2061 857 2123 Illius
888 2062 1033 2123 orationis
1063 2068 1197 2142 partem,
1229 2069 1261 2122 ut
1290 2061 1385 2124 verba
1414 2059 1524 2123 Christi
1554 2063 1796 2139 consecratoria,
1830 2073 1861 2125 et
1891 2061 2062 2143 particulam

692 2157 899 2224 confessionis
923 2180 1001 2242 quae
1024 2161 1240 2241 pronunciatur
1264 2169 1332 2222 ante
1346 2162 1584 2223 communionem
1600 2160 1692 2223 edidit
1704 2161 1884 2243 Aethiopiae
1902 2162 2060 2225 Kircherus

690 2260 721 2321 in
743 2259 908 2323 Prodromo
931 2259 1074 2342 Coptico;
1097 2260 1152 2323 sed
1174 2261 1216 2323 ita
1238 2268 1272 2322 ut
1294 2268 1417 2341 praeter
1439 2269 1537 2323 errata
1560 2261 1702 2328 nonnulla
1725 2261 1966 2343 typographica,
1988 2277 2060 2340 quae

689 2357 836 2421 lectorum
864 2369 1070 2439 remorentur,
1100 2360 1244 2442 graviora
1273 2359 1304 2420 in
1333 2360 1476 2422 versione
1500 2360 1774 2441 deprehendantur.
1819 2361 1863 2423 Ea
1889 2360 2060 2442 expendere

690 2466 721 2519 et
743 2454 904 2523 emendare
927 2461 1030 2524 inutile
1053 2468 1115 2537 est,
1146 2478 1213 2522 cum
1235 2479 1276 2522 ex
1297 2461 1389 2522 totius
1411 2457 1566 2542 Liturgiae
1590 2460 1818 2538 constitutione,
1848 2467 1881 2522 et
1912 2460 1977 2540 ejus
1999 2475 2060 2520 cum

690 2556 816 2638 Coptica
847 2561 1088 2641 comparatione,
1118 2578 1191 2623 vera
1220 2559 1310 2621 lectio
1333 2561 1460 2640 agnosci
1489 2559 1581 2622 facile
1611 2561 1716 2640 possit.
1763 2558 1923 2640 Copticam
1945 2576 2059 2639 quoquo

688 2656 805 2720 illarum
827 2660 1041 2739 particularum
1063 2659 1188 2722 formam
1212 2658 1332 2740 adjecit,
1355 2658 1473 2721 sedita
1496 2667 1529 2721 ut
1548 2659 1709 2723 Codicibus
1731 2659 1864 2722 melioris
1890 2666 1982 2721 notae
2002 2674 2059 2719 nou

688 2756 887 2838 respondeat,
918 2760 1081 2840 ultimaque
1102 2761 1150 2823 sui
1171 2766 1258 2840 parte
1281 2757 1457 2822 detruncata
1479 2760 1533 2822 sit:
1563 2757 1644 2822 uude
1673 2777 1746 2823 usus
1776 2757 1888 2821 nutius
1913 2776 1982 2821 esse
2003 2775 2059 2838 po-

687 2863 763 2935 test,
794 2859 874 2938 quod
901 2858 1046 2922 Lectores
1075 2859 1278 2922 Orientalibus
1305 2858 1400 2921 literis
1429 2876 1490 2921 non
1519 2859 1648 2922 imbutos
1670 2860 1751 2922 scire
1775 2859 1948 2939 oportebat.
1989 2856 2057 2919 Nam

686 2954 826 3019 fortassis
854 2975 915 3020 nou
945 2958 1090 3039 deerunt,
1122 2959 1174 3041 qui
1202 2958 1322 3020 blullerl
1344 2965 1375 3020 et
1396 2958 1521 3023 aliorum
1544 2958 1700 3040 exemplo,
1723 2958 1905 3020 llireherum
1928 2957 2056 3019 laudibus

688 3057 890 3138 cumulabunt,
913 3067 947 3121 ut
960 3060 1027 3140 ejus
1050 3059 1212 3123 autoritate
1224 3058 1372 3122 sinceram
1388 3059 1511 3122 istarum
1523 3059 1692 3121 orationum
1703 3056 1867 3120 lectionem
1878 3057 2057 3140 impugnent·

1156 3335 1217 3406 15.
1254 3282 1375 3405 Oratio
1397 3335 1592 3426 fractionis.

671 3609 675 3613 Α
781 3541 963 3636 Fmpmenti
981 3555 1347 3640 verteruntlnterpretes
1369 3575 1431 3619 non
1452 3555 1549 3631 bene3
1576 3572 1644 3616 curn
1671 3572 1734 3616 vox
1755 3551 1940 3634 Aethiopica
1962 3551 2050 3632 signi·

686 3657 756 3719 ficet
775 3658 957 3737 sracticnem
977 3644 1102 3735 κλάσιν,
1125 3665 1158 3721 ut
1180 3658 1313 3722 Rituales
1330 3657 1439 3722 Graeci
1460 3660 1633 3740 loquuntur,
1658 3676 1745 3739 quam
1755 3655 1876 3719 Arabes
1893 3655 2050 3718 Christiana

685 3765 781 3850 sstttbp
804 3765 928 3819 vocant:
959 3757 1028 3819 dum
1057 3759 1174 3821 scilicet
1200 3760 1286 3840 panis
1314 3760 1343 3820 in
1372 3777 1483 3841 corpus
1517 3758 1628 3822 Christi
1652 3763 1867 3829 consecratus,
1898 3757 1930 3818 in
1958 3754 2049 3834 plures

685 3857 849 3937 particulas
871 3857 1028 3935 dividitur,
1055 3865 1145 3939 atque
1168 3877 1208 3920 ex
1229 3877 1288 3921 una
1311 3859 1391 3922 calix
1413 3859 1607 3942 obsignatur,
1634 3864 1695 3919 tum
1718 3875 1758 3918 ex
1780 3854 1889 3917 eadem
1912 3856 1942 3917 in
1964 3852 2048 3915 calice
2163 3875 2164 3878 ¹

684 3957 818 4036 intincta,
840 3957 1006 4038 particulae
1029 3976 1105 4038 quae
1128 3961 1159 4019 in
1182 3976 1270 4020 sacro
1293 3958 1378 4022 disco
1400 3966 1487 4035 sunt,
1514 3959 1673 4040 signantur
1699 3957 1814 4037 pariter
1837 3973 1876 4017 co
1900 3954 1982 4031 Ritu,
2003 3950 2047 4032 qui

685 4056 868 4138 explicatur,
897 4067 958 4120 tam
986 4058 1016 4118 in
1044 4056 1182 4120 Rubricis
1212 4057 1249 4119 ad
1271 4057 1437 4140 Liturgiam
1460 4058 1613 4139 Copticam
1642 4058 1737 4119 sancti
1759 4053 1879 4133 Basilii,
1912 4070 1995 4135 quam
2020 4051 2045 4110 iu

684 4156 793 4219 Rituali
817 4156 978 4236 Gabrielis,
1009 4165 1098 4238 atque
1127 4157 1192 4220 aliis
1220 4176 1347 4238 quorum
1370 4159 1537 4221 testimonia
1560 4156 1655 4220 relata
1677 4157 1799 4218 suntin
1823 4150 2043 4216 Commentario.

682 4257 827 4321 Ludolfus
848 4257 1050 4338 fragmentum
1071 4264 1103 4319 et
1121 4257 1264 4338 frcpmen
1286 4253 1518 4340 interpretatur,
1547 4274 1608 4318 non
1629 4263 1727 4319 recte:
1758 4255 1814 4317 sed
1836 4254 1962 4317 verbum
1984 4265 2045 4312 esse

684 4356 765 4432 dicit,
788 4360 873 4437 cujaae
894 4377 968 4419 usna
989 4364 1036 4419 eat
1055 4359 1088 4419 in
1107 4356 1140 4421 S.
1157 4356 1275 4419 Operm:
1298 4366 1329 4420 et
1351 4361 1382 4420 in
1404 4357 1537 4420 secunda
1560 4353 1817 4431 editioneLexici,
1840 4353 1956 4414 Nomen
1976 4366 2044 4411 oro-

684 4459 776 4518 ta'cnia
796 4459 881 4536 eujm
901 4476 976 4518 cnm
996 4460 1029 4519 in
1049 4456 1082 4521 S.
1100 4457 1202 4519 Coeno
1214 4458 1258 4519 cd
1271 4459 1490 4539 designandam
1509 4457 1691 4536 fractionem
1699 4456 1802 4535 ponis,
1825 4454 1914 4534 peJus
1926 4449 2043 4521 omnino,

684 4565 714 4619 et
736 4559 911 4639 imperitius.
956 4557 1024 4620 Non
1046 4556 1173 4619 verbum
1196 4565 1256 4636 est,
1287 4558 1343 4621 sed
1365 4576 1473 4620 nomen
1496 4575 1513 4618 a
1535 4556 1631 4618 verbo
1654 4554 1834 4630 derivatum,
1861 4554 1948 4633 cujus
1969 4563 2042 4621 usus,

683 4658 710 4720 si
732 4676 788 4738 per
809 4658 842 4722 S.
867 4657 1015 4733 Coenam,
1045 4656 1244 4720 Lutheranam
1266 4675 1351 4719 suam
1372 4656 1530 4738 intelligit,
1560 4654 1661 4717 nullus
1683 4661 1745 4730 est,
1777 4670 1843 4714 cum
1870 4653 1902 4713 in
1924 4669 1959 4714 ea
1979 4643 2042 4708 nibil

683 4759 804 4820 omnino
828 4757 895 4836 liat,
927 4756 1008 4837 quod
1036 4756 1190 4834 fractioni,
1220 4757 1317 4837 qualis
1348 4757 1529 4820 observatur
1550 4756 1580 4817 in
1603 4753 1749 4817 Ecclesiis
1773 4751 1974 4815 Orientalibus
1994 4763 2041 4806 re-

684 4855 842 4937 spondeat.
889 4856 920 4919 Si
941 4856 1107 4939 Liturgiam
1128 4855 1284 4938 intelligit,
1314 4864 1348 4918 ut
1376 4874 1499 4937 semper
1521 4855 1559 4917 ad
1581 4871 1647 4917 eam
1668 4851 1894 4937 significandam
1917 4868 1953 4913 ea
1973 4860 2040 4909 voce

685 4957 831 5036 abutitur,
860 4975 921 5020 non
950 4958 1047 5019 miuus
1077 4955 1220 5032 ridicule,
1251 4974 1338 5038 quam
1366 4957 1393 5018 si
1414 4955 1535 5019 Missam
1557 4952 1713 5017 solennein
1734 4953 1847 5015 Romae
1870 4968 1887 5012 a
1909 4945 2038 5012 Pontifice

687 5055 870 5120 celebratam
893 5056 1025 5120 Caesiam
1054 5055 1237 5138 appellaret,
1269 5074 1355 5137 quam
1377 5056 1492 5139 hospes
1522 5063 1605 5121 esset
1632 5056 1664 5116 in
1691 5053 1807 5117 liitibus
1828 5042 2036 5116 Ecclesiasticis
