4525 6034
643 585 696 660 tu
1147 521 1569 708 utrutctl'·

745 772 906 866 Populus.
962 772 1056 846 Sicut
1083 785 1151 864 est,
1178 784 1212 845 et
1237 772 1314 864 luit,
1347 776 1380 844 in
1413 775 1651 867 generationes
1681 775 1954 867 generationum,
1983 782 2014 845 et

638 886 824 961 luturomm
849 890 1058 964 saeculorum
1084 893 1117 961 iu
1145 889 1291 964 saecula.
1343 884 1466 963 Amen'.

743 1004 927 1078 Sacerdos.
954 1007 1039 1078 Pax.
1145 1005 1307 1099 Populus.
1334 1005 1489 1077 Etcum.

743 1120 929 1192 Sacerdos.
955 1122 1210 1196 Misericordiae
1235 1121 1300 1193 Dei
1326 1123 1392 1194 sint
1418 1143 1520 1215 super
1546 1143 1609 1193 uos
1637 1140 1764 1193 omnes.
1803 1120 1885 1190 Tam
1909 1122 2017 1191 dicet:

641 1234 833 1325 Credimus,
862 1237 1069 1328 accedimus,
1098 1237 1335 1329 obsignamuS,
1363 1246 1398 1308 et
1422 1235 1606 1329 frangimus
1639 1234 1882 1308 Eucharistiam
1914 1236 2015 1307 hunc:

638 1374 758 1447 panem
787 1352 989 1443 coelestem,
1016 1376 1139 1449 corpus
1165 1351 1270 1425 Verbi
1297 1354 1361 1423 Dei
1387 1354 1477 1442 vivi,
1503 1356 1537 1424 in
1565 1351 1670 1424 calice
1687 1351 1802 1423 salutis
1825 1363 1859 1424 et
1884 1355 2013 1443 gratia-

639 1489 712 1538 rum
740 1473 895 1557 actionis,
923 1472 957 1539 in
984 1473 1093 1541 crucis
1120 1468 1254 1542 modum
1281 1471 1471 1559 signamus,
1498 1489 1573 1539 cum
1599 1467 1760 1565 pamicula
1775 1470 2014 1561 propitiatoria,

640 1588 877 1679 mysteriisque
911 1588 1063 1680 supernis
1096 1585 1216 1680 plena,
1251 1588 1285 1655 in
1316 1584 1451 1655 nomine
1481 1582 1591 1655 Patris
1622 1585 1715 1671 vivi,
1752 1581 1794 1653 ad
1829 1586 1950 1655 vitam:
1984 1592 2016 1654 et

640 1703 800 1791 unigeniti
830 1699 923 1790 Filii,
959 1711 993 1772 et
1028 1700 1171 1795 Spiritus
1212 1703 1335 1789 sancti,
1373 1701 1546 1794 principii,
1580 1697 1815 1793 perfectionis,
1850 1711 1885 1771 et
1918 1696 2043 1789 sigilli

640 1818 784 1889 omnium
812 1825 1002 1910 quaesunt
1036 1828 1069 1889 et
1101 1815 1235 1888 fuerunt
1265 1820 1299 1887 iu
1334 1813 1432 1889 coelo
1466 1825 1501 1887 et
1531 1818 1565 1885 in
1600 1824 1706 1888 terra:
1740 1818 1837 1887 uanius
1871 1818 2014 1900 virtutis,

641 1933 738 2002 unius
764 1933 956 2026 potestatis,
983 1935 1080 2004 unius
1106 1932 1309 2022 voluntatis,
1334 1934 1431 2005 unius
1458 1932 1523 2004 Dei
1551 1935 1642 2021 veri,
1668 1928 1854 2017 benedicti,
1890 1931 2016 2002 excelsi

640 2055 674 2117 et
699 2045 851 2137 indivisi,
878 2071 898 2119 a
926 2070 992 2142 quo
1020 2058 1072 2119 est
1096 2050 1168 2119 vita
1194 2050 1228 2118 in
1255 2046 1391 2121 saecula
1419 2047 1641 2122 sacerrimum.
1707 2046 1870 2139 Popula.
1897 2045 2016 2118 Amen.

743 2161 924 2235 Dicebam
963 2185 1050 2235 uoce
1089 2187 1215 2259 mcpnu
1254 2163 1347 2233 dicet
1387 2162 1607 2233 catholicam.
1661 2161 1822 2249 Benedic,
1861 2163 2016 2234 Domine.

639 2279 761 2351 Iterum
789 2288 889 2373 atque
903 2282 1034 2352 -itemm
1057 2301 1120 2375 per
1147 2276 1350 2351 oblationem
1376 2276 1462 2350 hanc
1489 2289 1639 2350 sanctam
1665 2289 1700 2350 et
1717 2277 1917 2350 sacrificium
1932 2297 2018 2370 pro-

639 2396 861 2489 pitiatorium,
902 2393 991 2489 quod
1026 2396 1101 2468 Deo
1135 2394 1226 2466 Patri
1259 2392 1424 2482 oblatum,
1456 2392 1716 2484 sanctificatum,
1749 2391 1952 2486 completum
1987 2401 2019 2461 et

640 2508 823 2604 perfectum
858 2520 911 2582 est
948 2531 1010 2605 per
1043 2510 1195 2604 illapsum
1231 2509 1513 2605 Spiritus'sancti
1548 2511 1635 2599 vivi,
1668 2532 1731 2604 pro
1764 2508 1866 2579 Patre
1902 2515 2017 2580 nostro

645 2623 834 2697 Sacerdote
858 2623 1054 2719 praeclaro,
1082 2627 1138 2718 qui
1163 2624 1242 2695 illud
1269 2624 1387 2698 obtulit
1421 2635 1455 2696 et
1489 2628 1719 2712 consecravit,
1760 2635 1793 2695 et
1827 2645 1891 2718 pro
1925 2623 2018 2694 altari

640 2740 725 2827 Dei,
755 2760 858 2833 super
883 2741 972 2835 quod
997 2741 1121 2813 illatum
1149 2752 1222 2827 est,
1250 2753 1284 2813 et
1308 2762 1371 2834 pro
1398 2740 1529 2836 populis
1555 2738 1739 2812 benedictis
1766 2743 1822 2833 qui
1844 2737 2019 2823 accedunt,

640 2866 675 2927 et
701 2859 868 2949 accipiunt
893 2855 973 2927 illud
997 2859 1032 2926 in
1057 2855 1123 2927 lide
1157 2879 1260 2943 vera,
1296 2867 1330 2927 et
1356 2855 1407 2927 bis
1432 2878 1495 2950 pro
1522 2854 1641 2951 quibus
1668 2854 1814 2928 oblatum
1842 2864 2018 2927 etconse-

642 2982 772 3043 eratum
798 2983 865 3059 est,
893 2973 1011 3044 iterum
1044 2973 1226 3067 impensius
1262 2993 1406 3043 oramus.
1459 2971 1552 3044 Ecce
1590 2983 1721 3067 tempus
1755 2973 1883 3043 timoris
1890 3023 1902 3058 ,
1938 2991 2019 3041 ecce

639 3085 721 3159 hora
756 3099 887 3160 terrore
912 3087 1030 3183 plena:
1068 3092 1182 3182 superi
1208 3091 1242 3160 in
1270 3091 1387 3160 timore
1414 3092 1611 3175 consistunt,
1638 3098 1672 3159 et
1697 3086 1745 3158 illi
1771 3110 1846 3158 cum
1872 3097 2020 3157 tremore

640 3205 842 3291 ministrant3
870 3214 981 3275 terror
1007 3202 1083 3275 filiis
1108 3202 1193 3276 lucis
1220 3206 1417 3293 immittitur,
1444 3214 1479 3275 et
1504 3206 1630 3275 terreni
1656 3203 1745 3274 illum
1770 3223 1839 3274 non
1865 3204 2021 3290 sentiunt,

639 3316 724 3390 hora
752 3340 816 3413 qua
843 3321 944 3389 venia
971 3319 1126 3408 ailertur,
1151 3330 1293 3415 peccata
1320 3316 1362 3391 ab
1390 3317 1445 3390 illa
1470 3317 1610 3410 brgiunt.
1668 3317 1810 3391 Ministri
1842 3315 2022 3389 Ecclesiae

640 3437 790 3523 tremite,
819 3437 895 3528 quia
922 3437 1036 3526 ignem
1060 3439 1179 3508 vivum
1206 3435 1450 3507 administratis.
1503 3436 1658 3507 Potestas
1686 3456 1772 3528 quae
1807 3431 1909 3506 vobis
1944 3432 2022 3505 data

640 3560 694 3619 est
720 3547 941 3621 excellentior
972 3560 1024 3622 est
1056 3551 1112 3622 illa
1147 3573 1245 3646 quam
1271 3549 1395 3622 babent
1420 3549 1604 3647 Seraphim.
1658 3549 1764 3622 Beata
1798 3552 1907 3621 anima
1936 3570 2023 3644 quae

640 3686 728 3734 nunc
746 3667 779 3734 in
794 3662 950 3737 Ecclesia
977 3665 1072 3739 adest
1097 3689 1173 3738 cum
1192 3670 1345 3761 puritate,
1373 3671 1449 3762 qula
1467 3665 1610 3762 Spiritus
1637 3676 1771 3738 sanctus
1803 3665 1927 3737 scribit
1947 3687 2018 3737 no-

640 3800 722 3850 meu
749 3780 843 3869 ejus,
869 3779 1014 3874 Mudque
1041 3781 1154 3854 elevat
1178 3784 1213 3853 in
1239 3782 1380 3854 coelum.
1438 3782 1582 3856 Diacoui
1611 3792 1721 3854 estote
1753 3803 1827 3852 cum
1863 3791 2021 3867 tremum,

641 3892 707 3964 boc
733 3906 885 3989 tempore
911 3907 1045 3985 sancto,
1073 3920 1140 3992 quo
1167 3896 1340 3970 descendit
1365 3896 1509 3993 Spiritus
1536 3908 1689 3983 sanctus,
1717 3895 1759 3968 ad
1782 3894 2034 3968 sanctificanda-

640 4031 785 4104 corpora
813 4031 950 4100 eorum,
978 4014 1033 4106 qui
1059 4011 1140 4083 illud
1166 4015 1357 4108 suscipiunt.
1410 4013 1556 4108 Aspice,
1582 4012 1737 4100 Domine,
1764 4009 1864 4085 oculo
1880 4016 2019 4083 miseri-

639 4123 734 4196 cordi
759 4146 893 4198 servum
921 4137 1027 4216 tuum,
1056 4131 1110 4222 qui
1138 4139 1203 4200 stat
1230 4139 1265 4199 et
1291 4151 1421 4200 sacmm
1449 4128 1606 4201 celebrat.
1666 4127 1826 4221 Suscipe,
1862 4128 2019 4214 Domine,

641 4235 986 4329 oblationemistam‚
1014 4241 1166 4314 atillam
1196 4241 1434 4338 Prophetarum
1468 4257 1504 4318 et
1534 4243 1784 4341 Apostolorum.
1836 4243 2022 4335 Memento,

638 4351 801 4442 Domine,
828 4366 958 4450 patrum
986 4367 1020 4428 et
1044 4355 1183 4430 fratrum
1209 4371 1417 4450 nostrorum,
1443 4370 1479 4432 ut
1506 4364 1606 4434 etiam
1622 4364 1856 4452 magistromm
1875 4372 2020 4434 nostro-

636 4490 726 4557 rum,
762 4493 893 4565 nosque
921 4483 955 4543 et
980 4472 1056 4546 illos
1089 4473 1211 4566 dignos
1238 4486 1375 4571 praesta
1402 4498 1464 4572 per
1491 4476 1754 4551 misericordiam
1787 4487 1877 4548 tuam
1909 4498 2019 4568 regno

636 4582 787 4658 coelesti.
839 4584 1021 4677 Memento,
1048 4590 1205 4679 Domine,
1232 4612 1295 4686 per
1329 4594 1471 4682 gratiam
1498 4602 1533 4664 et
1557 4595 1789 4664 miserationes
1816 4603 1891 4664 tuas
1923 4591 2019 4664 divi-

636 4719 718 4789 nas,
751 4700 887 4774 Domini
918 4700 959 4773 N.
994 4703 1211 4778 Patriarcbae
1247 4709 1353 4779 nostri
1386 4718 1421 4778 et
1445 4706 1488 4778 D.
1515 4705 1557 4779 Ν.
1585 4730 1725 4803 quorum
1751 4710 1923 4781 orationes
1948 4730 2020 4781 no-

637 4812 691 4886 bis
727 4815 845 4890 adsint.
881 4815 1068 4906 Memento,
1103 4820 1265 4908 Domine,
1293 4820 1494 4911 absentium,
1528 4834 1563 4896 et
1595 4827 1757 4895 miserare
1782 4826 2019 4919 praesentium.

639 4926 795 5012 Quietem
821 4954 954 5028 proque
985 4944 1120 5029 praesta
1157 4934 1324 5032 spiritibus
1352 4936 1600 5029 defunctorum,
1634 4950 1669 5011 et
1693 4960 1797 5034 parce
1822 4944 2019 5035 peccatori-

637 5040 701 5114 bus
737 5048 772 5116 in
810 5047 865 5118 die
900 5048 1024 5140 judicii.
1082 5048 1341 5140 Dalmatarum,
1385 5056 1441 5149 qui
1481 5078 1502 5127 a
1540 5053 1639 5127 nobis
1677 5057 1825 5150 separati
1866 5054 1910 5127 ab
1955 5056 2022 5129 boc
