4525 6034
716 584 792 660 388
970 583 1192 661 dilutum
1231 581 1420 660 THOllllll
1461 580 1831 661 dunnelmensis.

718 781 906 860 aeternam,
943 780 977 842 ut
1012 773 1045 842 iu
1072 767 1226 842 omnibus
1257 766 1449 841 laudatores
1480 771 1528 840 tui
1563 790 1800 864 appareamus,
1837 781 1870 843 ιι
1899 770 2045 845 referamus

714 886 771 959 tilri
797 885 958 980 gloriam,
985 897 1049 958 etc.
1414 883 1576 976 nepeta.
1628 886 1748 959 Amen.

818 1001 1003 1073 Sacerdos.
1056 1002 1142 1073 Parc

820 1116 981 1211 Populus.
1033 1115 1078 1188 Ει
1103 1137 1179 1188 curu
1207 1117 1324 1211 spiritu
1349 1124 1417 1188 tuo.

820 1233 1005 1304 Sacerdos.
1058 1229 1254 1304 Benedictio
1280 1231 1346 1302 Dei
1372 1235 1415 1303 sit
1441 1241 1504 1303 etc.

820 1348 983 1442 Populus.
1035 1346 1180 1419 Etcum
1209 1350 1419 1443 spiritutuo.

821 1464 1009 1536 Diaconum.
1063 1463 1147 1534 Dum
1175 1465 1303 1535 timore.

822 1579 1005 1651 Sacerdos.
1059 1578 1184 1650 Sancta
1211 1580 1346 1674 sanctis.

821 1695 984 1788 Popeloe
1038 1693 1134 1766 Unus
1161 1694 1263 1765 Pater
1289 1692 1443 1765 Sanctus.

822 1811 1010 1884 Diaconos.
1064 1810 1199 1882 Stemus
1227 1811 1396 1881 decenter.

821 1926 984 2019 Populea.
1038 1925 1173 2000 Gratias
1201 1928 1340 2017 agimus.

821 2041 1007 2113 Sacerdos.
1049 2040 1301 2114 Convenienter
1321 2048 1355 2112 et
1378 2037 1559 2111 secundum
1574 2042 1750 2110 veritatem
1769 2037 1828 2110 tibi
1841 2036 1971 2110 debetur
1988 2037 2054 2109 ado·

717 2160 803 2230 ratio
831 2180 907 2229 cum
934 2158 1022 2228 omni
1049 2159 1231 2248 gratiarum
1258 2159 1400 2242 actione,
1428 2166 1463 2227 ιι
1488 2156 1619 2228 sincera
1645 2151 1883 2226 beneficiorum
1908 2155 2056 2245 agnitione,

718 2273 798 2346 Rex
816 2274 960 2346 Domine
987 2283 1021 2343 ιι
1040 2272 1135 2344 Deus
1162 2280 1278 2345 noster
1303 2269 1473 2344 adorande
1500 2280 1535 2342 et
1552 2269 1702 2344 salvator
1717 2279 1834 2343 noster
1851 2269 1932 2340 lesu
1946 2267 2055 2352 Christe,

724 2412 768 2462 eo
795 2388 883 2485 quod
910 2409 985 2459 cum
1013 2409 1165 2460 essemus
1191 2386 1332 2488 indigni3
1368 2408 1454 2457 nunc
1481 2393 1592 2457 tamen
1619 2387 1811 2482 praestitisti
1839 2383 1946 2473 nobis,
1970 2395 1999 2455 nt
2025 2407 2057 2455 ιι

717 2503 920 2601 pinguedine
947 2501 1065 2574 domus
1093 2512 1188 2592 tuae,
1219 2506 1252 2574 in
1286 2504 1395 2575 anima
1422 2501 1643 2574 reficeremur.
1697 2501 1750 2572 Tu
1783 2503 1904 2592 igitur,
1935 2502 2058 2586 Domine,

717 2642 783 2692 nos
811 2641 928 2692 omnes
954 2617 1124 2705 confirma,
1153 2617 1276 2710 adjuva
1303 2639 1379 2706 nos,
1406 2614 1559 2690 conforta
1585 2639 1648 2689 nos
1676 2625 1710 2689 ιι
1736 2619 1844 2709 erige,
1871 2639 1968 2711 parce
1986 2613 2057 2688 nolis

719 2734 872 2808 omnihus
898 2741 933 2805 et
963 2735 1109 2827 quietem
1139 2744 1291 2829 praesu.
1324 2743 1360 2805 ut
1393 2742 1459 2803 tam
1493 2735 1528 2802 in
1559 2732 1610 2804 his
1641 2730 1890 2826 praesentibus,
1926 2734 2060 2827 quanin

717 2849 855 2938 futuris,
881 2848 1065 2922 laudabiles
1099 2871 1340 2945 appareamus,
1375 2847 1538 2919 iacientes
1571 2847 1777 2920 ¹uoluntatem
1809 2858 1911 2919 tuam.
1959 2847 1996 2918 Ει
2016 2867 2059 2941 pro

719 2963 873 3037 omnibus
901 2986 987 3058 quae
1013 2968 1104 3036 circa
1130 2987 1195 3038 nos
1223 2965 1435 3062 dispensasti,
1461 2962 1700 3060 beneficiisque
1718 2965 1783 3036 tuis
1803 2984 1890 3054 erga
1911 2985 1978 3049 nos,
2000 2961 2060 3053 glo

719 3084 821 3168 riam,
849 3079 1010 3152 honorem
1037 3090 1072 3151 et
1097 3079 1326 3155 adorationem
1352 3079 1518 3152 oderimus
1545 3079 1621 3169 tibi,
1651 3091 1685 3151 et
1710 3100 1772 3174 per
1797 3089 1833 3149 te
1861 3089 1958 3173 atque
1980 3090 2061 3150 tecm

718 3196 811 3267 Putri
837 3205 895 3267 tuo
921 3193 1115 3283 benedicto,
1149 3206 1183 3268 et
1216 3197 1335 3284 beato,
1371 3206 1471 3291 atque
1497 3192 1633 3289 Spiritui
1660 3204 1716 3267 tuo
1743 3195 1826 3267 vivo
1853 3204 1890 3265 ιι
1914 3195 2061 3267 vivificanti

718 3333 825 3401 nuuc,
853 3324 915 3384 etc.
1264 3312 1427 3406 Populus.
1479 3313 1598 3384 Amen.

824 3427 1008 3500 Sacerdos.
1062 3426 1146 3499 Pax.

823 3543 985 3635 Populus.
1037 3541 1082 3614 Et
1108 3566 1184 3614 cum
1210 3544 1327 3637 spiritu
1352 3553 1420 3615 tuo.

823 3658 1011 3731 Diaconos.
1064 3659 1148 3731 Post
1174 3662 1429 3755 susceptionem.

824 3772 984 3865 Populus.
1039 3772 1164 3846 Coram
1190 3784 1223 3846 te
1250 3776 1402 3847 Domine.

825 3886 1009 3960 Sacerdos.
1062 3891 1205 3963 Domine
1239 3895 1295 3985 qui
1320 3891 1486 3965 inclinasti
1512 3888 1627 3963 coelos
1653 3899 1688 3961 et
1713 3887 1917 3962 descendisti
1942 3908 1998 3983 pro
2021 3907 2066 3955 sa·

719 4002 788 4076 lute
813 4013 942 4092 nostra,
969 4016 1003 4077 et
1028 4027 1091 4100 pro
1119 4004 1227 4079 salute
1253 4009 1353 4080 totius
1379 4010 1514 4100 generis
1540 4007 1646 4078 nostri
1671 4003 1808 4093 infirmi,
1836 4002 1967 4076 ellunde
1991 4019 2066 4096 supet
2113 4029 2118 4040 ·

720 4141 785 4192 nos
813 4119 1074 4194 misericordiam
1100 4119 1314 4213 benignitatis
1341 4133 1430 4214 tuae,
1458 4132 1492 4194 ιι
1517 4119 1668 4194 concede
1693 4117 1804 4209 uobis,
1839 4117 2066 4212 congregation

721 4234 848 4309 scilicet
874 4234 1051 4308 Ecclesiae
1078 4248 1156 4309 tuae
1173 4249 1338 4328 sauctae,
1374 4239 1507 4312 divitias
1533 4246 1568 4308 ιι
1593 4223 1845 4309 benedictiones
1873 4248 1949 4308 tuas
1974 4231 2067 4307 coele-

617 4383 622 4391 ·
721 4363 805 4442 stes,
831 4362 867 4423 ut
893 4350 1021 4448 absque
1046 4352 1112 4425 fine
1139 4363 1173 4425 ιι
1199 4367 1459 4449 perseveranter
1483 4352 1708 4446 glorificemus
1735 4360 1784 4423 te:
1811 4360 1845 4422 te
1866 4357 1923 4447 qui
1945 4372 1981 4423 es
1997 4349 2067 4419 Deus

721 4488 825 4539 verus
853 4489 954 4562 super
981 4472 1103 4560 omnia,
1131 4480 1165 4541 et
1190 4470 1323 4543 Patrem
1350 4463 1450 4558 tunm,
1478 4473 1534 4565 qui
1552 4470 1639 4541 misit
1657 4478 1689 4539 te
1711 4466 1917 4539 adsalutem
1939 4476 2068 4544 umnam

723 4594 756 4656 ιι
782 4583 939 4679 Spiritum
966 4595 1056 4658 tuum
1082 4589 1336 4661 sanctissimum.
1545 4584 1706 4680 Populus.
1759 4584 1883 4656 Amen.

827 4698 1017 4772 Diaconos.
1070 4702 1217 4774 Benedic
1244 4704 1396 4776 Domine.

725 4865 730 4871 .
826 4813 1004 4889 Sacerdos
1029 4817 1114 4888 dicit
1141 4818 1289 4888 cilliacum
1315 4818 1592 4889 berecdictioucm.
