4525 6034
379 1623 410 1678 P.
430 1624 473 1676 21.
492 1624 508 1677 l.
520 1626 564 1677 25.

370 1844 505 1900 Absolutio
520 1855 578 1900 ante
593 1865 665 1901 com-

352 1932 510 1986 munionem.

678 581 755 657 242
1036 625 1039 632 ·
1159 578 1568 658 COMMENTARIUS

679 766 831 831 Orationis
861 767 1036 830 Dominlcae
1067 767 1293 847 expositiones,
1324 763 1436 826 similes
1464 762 1522 826 illis
1552 779 1630 843 quae
1661 768 1765 824 extant
1793 762 1825 823 in
1857 761 2050 826 sermonibus

678 866 855 949 Augustini:
878 866 1032 948 simplices
1055 865 1183 943 scilicet,
1207 872 1238 926 et
1261 865 1330 945 piae
1352 864 1453 943 potius
1475 879 1564 943 quarn
1579 861 1793 944 Theologicae.
1839 860 1929 922 Tales
1947 868 2050 923 exunt

678 966 710 1027 in
733 964 893 1047 opusculis
917 966 1023 1030 Severi
1046 964 1328 1040 Aschmoninensis,
1351 961 1430 1043 apud
1457 959 1671 1039 Ebnassalom,
1696 968 1726 1022 et
1749 977 1917 1040 anonymae
1939 960 2051 1040 plures.

679 1062 728 1126 Ab
752 1082 787 1126 ea
811 1080 929 1126 omrrcm
957 1065 1124 1127 orationem
1156 1062 1269 1125 debere
1296 1062 1431 1124 inchoari
1462 1060 1552 1122 docet
1581 1059 1765 1122 libnassalus
1800 1058 1993 1141 Theologus,
2021 1060 2053 1120 in

682 1161 840 1241 Principiis
863 1161 933 1225 fidei
957 1182 1023 1244 cop.
1047 1162 1098 1226 13.
1143 1160 1178 1224 ln
1207 1164 1273 1243 ejus
1302 1161 1362 1223 line
1393 1160 1506 1223 addunt
1532 1159 1583 1224 illa
1611 1160 1704 1224 verba
1727 1160 1829 1225 ultima
1851 1179 1930 1244 quae
1953 1167 2053 1223 extant

680 1261 712 1321 ln
735 1259 921 1323 Graecorum
942 1262 1043 1340 libris,
1074 1264 1147 1343 quie
1173 1269 1254 1323 mam
1276 1269 1322 1323 est
1342 1280 1475 1341 regnam,
1498 1267 1556 1322 eto.
1600 1260 1707 1342 Neque
1730 1261 1759 1324 it
1783 1261 1879 1325 solum
1903 1261 2053 1324 observa-

681 1360 784 1421 turin
807 1357 979 1422 Obiciorum
1002 1360 1296 1439 Ecclesiasticorum,
1319 1358 1486 1423 sedetiam
1509 1362 1538 1422 in
1560 1359 1796 1443 Evangeliorum
1818 1360 1982 1423 codicibus.

981 1620 1081 1691 Dicit
1101 1619 1281 1692 Sacerdos
1308 1621 1505 1692 Orationem
1531 1621 1762 1693 absolutionis.

774 1828 829 1907 Ea
852 1848 900 1904 est
922 1841 1029 1902 iterata
1053 1839 1250 1903 absolutionis
1273 1842 1428 1925 generalis
1457 1841 1602 1920 formula,
1636 1841 1755 1922 qualem
1785 1840 1869 1902 initio
1900 1839 2053 1921 Liturgiae

634 1978 638 1982 -
674 1945 736 2024 jam
759 1940 1007 2017 observavimus,
1038 1957 1116 2019 quae
1144 1947 1177 2001 ut
1205 1941 1302 2020 prima
1333 1940 1370 2002 atl
1393 1941 1499 2004 Filium
1522 1941 1676 2022 dirigitur,
1707 1938 1747 1999 ita
1778 1939 1835 2000 ista
1864 1938 1903 2000 ad
1925 1938 2051 2001 Patrem.

677 2040 752 2103 Nam
775 2060 842 2105 cum
865 2055 970 2101 omnes
993 2039 1149 2100 orationes
1170 2038 1267 2101 Latini
1282 2037 1416 2102 (latronis
1439 2060 1479 2102 ex
1500 2039 1704 2103 vetustissima
1717 2036 1879 2100 traditione
1902 2036 1939 2098 ad
1958 2035 2053 2097 Deum

675 2140 795 2203 Patrem
818 2139 996 2221 dirigantur,
1019 2138 1050 2199 in
1073 2136 1199 2199 Oriente
1221 2138 1323 2218 plures
1348 2138 1385 2200 ad
1408 2138 1532 2202 Filium:
1551 2156 1664 2219 nempe
1685 2137 1755 2218 quia
1771 2139 1868 2220 magis
1883 2137 2053 2201 conflictata

676 2248 725 2303 cst
746 2239 932 2302 Arianorum
961 2244 992 2298 et
1019 2236 1146 2299 aliorum
1176 2238 1227 2317 qui
1257 2236 1323 2317 ejus
1351 2236 1536 2300 divinitatem
1557 2237 1772 2319 impugnabant
1796 2236 2051 2313 contentionibus,

676 2337 841 2401 Orientalis
872 2355 961 2420 quam
988 2335 1192 2400 Occidentalis
1223 2335 1372 2400 Ecclesia.
1417 2335 1512 2401 Porro
1543 2338 1618 2400 haec
1648 2337 1764 2415 oratio,
1793 2337 1871 2399 sicut
1902 2337 2050 2417 superior,
2085 2347 2088 2357 ·

676 2438 846 2517 comparari
868 2444 954 2498 recte
977 2442 1079 2517 potest
1101 2434 1238 2522 formulis
1269 2435 1326 2497 illis
1349 2436 1380 2496 in
1403 2436 1567 2500 Occidente
1591 2438 1754 2518 usurpatis,
1778 2455 1856 2518 quae
1879 2439 1910 2499 in
1932 2436 2052 2517 praeci-

675 2537 744 2617 puis
767 2536 1001 2599 solennitatibus
1024 2536 1205 2616 praesertim
1227 2536 1316 2598 Faria
1339 2537 1441 2615 qtnnta
1463 2538 1494 2597 in
1518 2537 1620 2600 Coena
1643 2537 1772 2615 Domini,
1794 2555 1887 2619 super
1909 2534 2052 2617 populum

674 2636 931 2715 pronunciantur,
962 2641 993 2696 et
1021 2635 1118 2697 adhuc
1147 2635 1179 2695 in
1208 2633 1326 2716 vulgari
1357 2654 1498 2697 sermone
1533 2635 1743 2699 Absolutionis
1771 2654 1882 2700 nomen
1911 2635 2050 2698 retinent.

675 2734 818 2806 Quamvis
844 2742 943 2797 autem
972 2734 1188 2797 Absolutiones
1219 2734 1288 2796 illae
1317 2735 1394 2797 ritus
1423 2734 1622 2818 Aegyptiaci,
1655 2736 1897 2802 sacramentales
1928 2735 2052 2816 proprie

673 2833 826 2915 loquendo
849 2832 908 2894 diei
930 2850 991 2896 non
1013 2833 1155 2915 possint,
1179 2852 1279 2914 neque
1301 2832 1391 2896 talem
1420 2833 1458 2898 de
1486 2834 1603 2898 illarum
1630 2837 1763 2900 efficacia
1793 2836 1965 2917 opinionem
1988 2831 2052 2895 Co-

673 2935 768 3014 ptitae
791 2932 969 3011 habuerint,
993 2933 1050 2995 nisi
1073 2932 1194 3013 quando
1218 2931 1334 2995 sublata
1365 2934 1446 2995 inter
1475 2951 1528 2997 eos
1557 2933 1613 2998 luit
1639 2935 1845 2999 Pocnltentiae
1880 2932 2051 2996 canonicae

675 3030 849 3112 disciplina,
873 3049 934 3094 non
957 3031 1055 3094 levem
1079 3039 1178 3095 tamen
1209 3050 1279 3094 esse
1307 3030 1423 3093 illarum
1452 3032 1580 3096 fructum
1611 3036 1793 3098 existimant.
1844 3031 1965 3112 Ouippe
1995 3031 2051 3092 etsi

673 3151 734 3196 non
756 3133 877 3194 valeant
899 3132 938 3193 ad
961 3131 1090 3195 eluenda
1114 3139 1258 3212 peccata,
1282 3131 1321 3194 de
1345 3131 1453 3212 quihus
1476 3132 1630 3197 confessio
1653 3134 1734 3196 nulla
1762 3133 1841 3195 lacta
1872 3139 1936 3209 est,
1970 3129 2051 3211 quod

673 3231 818 3294 volebant
838 3232 991 3312 loannes,
1015 3241 1046 3295 et
1068 3233 1190 3295 blancus
1211 3232 1421 3307 Patriarchoe,
1445 3231 1615 3312 dequibus
1645 3233 1715 3295 alibi
1743 3232 1854 3294 dictum
1878 3236 1944 3308 est;
1974 3234 2050 3293 sicut

674 3350 732 3393 nec
755 3332 793 3393 ad
815 3350 852 3393 ea
875 3351 953 3413 quae
977 3331 1119 3410 Canone,
1142 3331 1201 3394 hoc
1224 3339 1271 3394 est
1300 3331 1441 3414 legitimis
1471 3332 1580 3412 poenis
1607 3333 1803 3414 praescriptis
1835 3328 2048 3411 expiabantur3

674 3437 773 3492 tamen
796 3430 901 3494 valere
924 3449 977 3494 eas
1000 3431 1196 3494 crediderunt
1226 3429 1263 3492 ad
1293 3429 1485 3494 obtinendam
1512 3431 1719 3495 remissionem
1742 3449 1864 3507 eorum,
1899 3447 1957 3510 pro
1980 3431 2049 3510 qui-

673 3528 730 3591 bus
754 3529 843 3591 ctiam
867 3528 967 3594 Sancti
990 3530 1124 3611 quotidie
1148 3537 1217 3592 ante
1248 3530 1353 3592 altaria
1375 3530 1495 3591 Domini
1522 3537 1628 3609 pectus
1656 3530 1784 3616 tundunt
1813 3529 1966 3607 dicentes,
1999 3529 2048 3590 di-

673 3630 757 3690 mitte
784 3628 873 3690 nobis
902 3629 1004 3691 debito
1035 3637 1151 3691 nostru.
1182 3627 1287 3709 ltaque
1315 3629 1551 3709 pronunciatur,
1587 3613 1722 3711 mannis
1753 3626 1970 3710 deprecando,
2010 3645 2049 3688 ex

675 3725 783 3788 fiducia
807 3728 974 3791 autoritatis
996 3730 1085 3791 Petro
1107 3745 1291 3805 concessae,
1315 3727 1526 3809 adligandum
1556 3737 1587 3791 at
1614 3723 1808 3808 solvendum,
1838 3745 1916 3809 quae
1944 3734 2048 3819 tanto-

674 3844 751 3907 pere
772 3826 851 3906 apud
875 3845 929 3889 eos
954 3844 971 3888 a
994 3826 1177 3909 Theologis,
1201 3835 1232 3890 et
1255 3825 1411 3891 Canonum
1432 3826 1650 3909 laterpretibns
1679 3827 1914 3892 commendatur.
1961 3825 2047 3888 Unde
2169 3905 2174 3916 ⁸

676 3924 811 4006 ejusdem
834 3929 980 3990 orationis
1004 3927 1097 3989 verba
1120 3926 1289 3990 afferuntur
1315 3928 1345 3990 in
1376 3926 1530 4009 Opusculo
1558 3928 1664 3990 Severi
1693 3927 1837 4008 Episcopi
1865 3926 1903 3989 de
1935 3923 2047 3988 Officiis

678 4022 934 4105 Christianorum,
957 4035 988 4088 et
1008 4028 1039 4089 in
1063 4021 1204 4089 Tractatu
1227 4024 1442 4088 Monachorum
1459 4025 1715 4089 Antiochenorum
1739 4025 1777 4088 de
1799 4026 1931 4107 legitima
1954 4042 2048 4105 prae-

676 4124 834 4204 paratione
858 4124 895 4187 ad
918 4125 1141 4207 suscipiendam
1163 4125 1391 4188 Eucharistiam.
1414 4123 1448 4186 ln
1468 4124 1538 4187 Ritu
1561 4125 1688 4206 Syriaco
1719 4124 1825 4188 Orutio
1845 4124 2048 4203 lntpositionis

676 4241 819 4285 mannam
840 4225 1071 4304 supersidens,
1095 4231 1275 4287 recensetur
1304 4241 1321 4285 a
1346 4222 1462 4285 Jacobo
1491 4222 1667 4303 Edesseno,
1698 4242 1775 4305 quae
1803 4223 1872 4285 huic
1902 4219 2049 4303 quodam-

676 4321 766 4384 modo
789 4323 968 4403 respondet,
992 4325 1049 4386 etsi
1072 4342 1132 4387 non
1157 4330 1204 4386 est
1226 4322 1317 4404 plane
1339 4323 1455 4387 eadem.
1493 4322 1620 4387 Omnino
1644 4324 1722 4387 enim
1745 4323 1869 4385 intentio
1892 4321 2048 4385 Ecclesiae

678 4419 840 4483 Orientalis
863 4439 900 4485 ca
923 4431 988 4500 est,
1012 4431 1044 4484 ut
1067 4441 1123 4503 per
1146 4424 1231 4485 istam
1255 4422 1422 4484 orationem
1444 4422 1548 4484 ultimo
1571 4423 1639 4486 loco
1662 4423 1760 4505 gratia
1782 4422 1965 4502 postuletur,
1992 4440 2047 4503 pro

676 4520 737 4582 illis
760 4523 811 4601 qui
834 4523 1075 4584 communionem
1097 4523 1273 4603 percepturi
1295 4529 1373 4585 sunt.
1418 4521 1462 4584 lta
1485 4523 1514 4584 in
1537 4521 1643 4585 Jacobi
1666 4522 1816 4605 liturgia,
1846 4521 1876 4582 in
1905 4537 1965 4601 qua
1992 4538 2048 4582 ro-

677 4626 768 4702 gatur
798 4621 898 4698 Deus,
928 4629 963 4683 nt
988 4622 1161 4701 sanctificet
1187 4641 1290 4684 eorum
1320 4622 1441 4683 animos
1468 4629 1498 4683 et
1526 4641 1674 4702 corpora,
1710 4629 1740 4684 et
1765 4619 1936 4701 efficiuntur
1964 4620 2049 4700 cipit

677 4721 920 4782 communicandi
940 4723 1114 4800 cooperiet
1135 4722 1277 4802 sangnini
1296 4719 1420 4782 Domini
1439 4722 1539 4782 nostri
1558 4720 1633 4783 Jesn
1663 4720 1793 4784 Christi:
1823 4728 1912 4800 alque
1943 4718 2048 4781 eadem

676 4819 794 4880 ratione
817 4826 920 4880 oratur
942 4820 971 4880 in
995 4819 1203 4899 chrysostomi
1225 4827 1256 4881 ct
1277 4818 1379 4881 Basilii
1401 4819 1554 4902 liturgiis.
1577 4819 1767 4883 Addiderunt
1787 4820 1881 4903 igitur
1902 4818 2047 4901 Aegyptii

676 4917 833 4981 Jacobitae
855 4935 963 4981 novam
986 4916 1065 4980 illam
1089 4918 1287 4981 absolutionis
1316 4920 1501 4997 orationem,
1532 4927 1604 4982 tunc
1631 4921 1759 4982 maxime
1789 4937 1857 4981 cum
1886 4935 1979 4999 puros
2008 4917 2045 4978 ab

677 5019 757 5081 omni
791 5019 878 5080 etiam
907 5017 1019 5081 veniali
1046 5018 1139 5081 sorde
1170 5018 1357 5081 Christianos
1385 5036 1454 5082 esse
1482 5018 1658 5101 oportebat,
1691 5022 1826 5101 quamvis
1852 5025 1913 5095 iam
1942 5016 2045 5080 similis
