4525 6034
670 582 749 658 446
1018 578 1197 658 LITURGIA
1222 576 1425 655 mollonis
1452 576 1693 657 luuooflmu.

669 770 761 842 vitae
788 790 834 839 ex
860 766 925 840 hoc
951 766 1043 839 ionte
1069 787 1154 863 puro
1182 776 1216 839 et
1241 777 1370 841 sancto.
1404 768 1636 862 Depreeamur
1654 785 1740 856 crgo
1763 774 1797 837 te
1824 764 1979 849 Domine,
2004 770 2037 833 ut

671 904 858 957 conserves
885 884 917 953 in
944 881 1042 955 nobis
1070 879 1254 976 depositum
1280 880 1347 954 hoc
1373 903 1530 974 magnum
1556 891 1591 954 et
1617 877 1775 953 amabile:
1810 891 1846 954 nt
1878 901 1939 975 per
1963 878 2039 950 illud

672 1010 707 1071 et
739 1008 879 1096 propter
911 996 990 1069 illud
1022 995 1203 1069 liberemur
1235 1020 1256 1070 a
1289 997 1501 1070 damnatione
1529 995 1644 1089 judicii
1674 999 1708 1068 in
1740 995 1795 1068 die
1829 994 1885 1068 illo
1920 1016 2040 1086 magno

671 1113 941 1190 Resurrectionis
968 1114 1114 1184 omnium
1140 1112 1317 1201 bominum,
1344 1115 1521 1207 securique
1546 1122 1709 1207 perpetuo
1735 1111 1913 1184 efficiamur
1929 1130 2039 1180 coram

670 1239 705 1302 te
732 1230 775 1301 ad
801 1231 994 1303 cenuvium
1022 1226 1086 1299 hoc
1113 1228 1302 1323 spirituale,
1337 1249 1564 1323 canamusque
1589 1225 1739 1323 perfecte
1765 1228 1875 1299 Deum
1899 1226 2039 1312 ranem,

542 1427 553 1442 ⁶
671 1344 863 1435 etlilium,
890 1354 924 1415 et
949 1342 1107 1438 Spiritum
1135 1354 1297 1435 sanctum,
1323 1341 1458 1432 bouum,
1485 1353 1519 1416 et
1551 1343 1786 1416 vivificantem

664 1463 667 1468 ’
774 1459 936 1553 Populus.
992 1460 1113 1530 Amen.

772 1574 958 1649 Sacerdos.
1011 1573 1097 1646 Pax.

774 1690 936 1784 Populus.
989 1689 1033 1761 Et
1059 1711 1133 1761 cum
1161 1689 1278 1784 spiritu
1304 1698 1372 1768 uo.

775 1806 965 1877 Diaconos.
1022 1805 1214 1899 Postquam.
1255 1785 1262 1794 ⁵

773 1921 936 2014 Populus.
989 1918 1115 1992 Coram
1141 1930 1186 1993 tc.
1498 1981 1500 1986 .

773 2035 960 2108 Sacerdos.
1003 2034 1193 2107 Gratiarum
1221 2036 1386 2108 actionem
1412 2057 1486 2106 cum
1512 2031 1725 2107 confessione
1751 2042 1786 2103 et
1811 2028 1934 2123 gaudio
1962 2032 2040 2100 exi-

671 2154 768 2225 miam
796 2150 963 2230 oderimus
990 2148 1049 2221 tibi
1074 2148 1238 2239 Domine,
1268 2173 1331 2247 pro
1365 2148 1536 2223 beneficiis
1563 2158 1597 2220 et
1623 2144 1813 2220 muneribus
1839 2148 1922 2233 tuis,
1960 2165 2041 2240 quae

671 2266 788 2342 verbis
815 2268 985 2338 enunciari
1011 2287 1080 2337 nou
1106 2277 1261 2361 possunt,
1293 2268 1370 2361 quia
1405 2264 1526 2358 dignos
1553 2263 1663 2337 iecisti
1689 2283 1752 2334 nos
1780 2262 1870 2333 dono
1896 2260 1963 2332 hoc
1989 2260 2040 2329 di-

670 2386 762 2457 uino.
810 2382 864 2454 Ne
891 2379 1095 2455 condemnes
1121 2401 1186 2454 nos
1213 2379 1257 2454 ob
1284 2384 1532 2476 susceptionem
1558 2382 1791 2476 mysteriorum
1819 2386 1952 2449 tuorum
1977 2377 2040 2446 im-

670 2497 922 2586 maculatorum,
949 2495 1010 2569 scd
1035 2499 1197 2568 miserere
1223 2494 1455 2594 peecatoribus
1482 2498 1592 2569 servis
1619 2497 1702 2583 tuis,
1735 2502 1770 2563 et
1796 2512 1878 2563 sana
1905 2488 2040 2561 vnlnem

670 2613 785 2711 populi
812 2613 876 2685 tui:
904 2611 1039 2706 suscipe
1066 2610 1323 2706 deprecationes
1349 2615 1466 2704 gregis
1493 2614 1559 2700 tui,
1593 2619 1628 2683 et
1660 2628 1722 2705 per
1755 2605 1958 2680 sacrificium
1981 2604 2039 2676 boc

670 2731 904 2804 remissionem
931 2748 1050 2799 omnes
1076 2748 1331 2822 consequamur.
1384 2727 1436 2798 Sit
1467 2724 1564 2800 nobis
1597 2724 1639 2796 ad
1671 2726 1805 2796 veniam
1839 2732 1873 2793 et
1904 2720 2039 2794 salutem

671 2847 853 2917 animarum
880 2863 1126 2937 corporumque
1152 2852 1354 2932 nostrorum,
1380 2841 1621 2938 probibeatque
1647 2864 1667 2912 a
1693 2837 1792 2913 nobis
1814 2846 2039 2931 corruptorem

670 2960 759 3032 illum
788 2957 1008 3053 spiritualem,
1045 2967 1145 3052 atque
1181 2980 1280 3031 omno
1307 2979 1414 3050 genus
1440 2959 1581 3054 peccati.
1633 2955 1785 3028 Dextera
1818 2964 1874 3025 tua
1907 2953 2040 3045 requie-

671 3083 745 3149 scat
762 3095 864 3169 super
883 3095 947 3145 nos
969 3070 1103 3145 Christo
1123 3073 1218 3146 Deus
1240 3084 1368 3160 noster,
1395 3081 1430 3145 et
1455 3095 1541 3144 crux
1567 3083 1621 3144 tua
1649 3070 1814 3143 custodiat
1836 3090 1920 3141 nos:
1948 3066 2038 3139 reie-

670 3211 850 3283 remusqne
875 3185 934 3258 tibi
960 3185 1103 3279 gloriam
1130 3199 1164 3260 et
1189 3187 1322 3261 laudem
1348 3189 1510 3284 simulque
1536 3189 1627 3261 Patri
1653 3198 1728 3274 tuo,
1760 3196 1795 3257 et
1820 3183 1958 3279 Spiritui
1988 3191 2038 3254 tuo

669 3328 775 3396 nunc,
803 3313 867 3376 etc.

774 3419 936 3512 Populus.
988 3420 1109 3491 Amen.

775 3536 964 3606 Diacouue.
1017 3531 1164 3605 Benedic
1189 3532 1342 3606 Domine.

984 3804 1162 3878 Sacerdos
1188 3807 1274 3879 dicit
1300 3781 1498 3879 Orationem
1523 3807 1735 3897 ammiano.

775 3993 869 4069 Deus
896 3997 952 4090 qui
979 3997 1128 4090 suscepit
1154 3992 1356 4067 oblationem
1382 3992 1472 4066 Abel
1497 3996 1531 4064 in
1557 3992 1703 4087 planitie,
1730 4002 1764 4062 et
1789 3990 1866 4062 Noe
1893 3992 1927 4060 iu
1953 4010 2037 4072 arca,

670 4109 853 4185 Abrahami
880 4113 912 4181 in
940 4112 1229 4201 montanorum,
1255 4108 1351 4183 Eliae
1377 4113 1410 4183 in
1429 4107 1598 4198 carmelo,
1624 4107 1766 4180 Davidis
1792 4110 1827 4178 iu
1854 4128 1936 4179 arca
1949 4107 2038 4178 Arm

669 4223 831 4298 lebuzaei
857 4236 891 4296 et
925 4227 1048 4297 minuta
1080 4224 1203 4298 vidum
1236 4227 1270 4297 in
1302 4228 1510 4314 sanctuario,
1543 4226 1618 4320 ipse
1653 4225 1813 4320 suscipiat
1845 4218 2037 4302 oblationes,
2069 4221 2073 4226 ’

670 4350 753 4414 vota
780 4351 814 4412 et
840 4340 988 4414 decimas
1014 4350 1166 4430 vestras,
1202 4353 1236 4413 et
1270 4365 1375 4439 opera
1402 4363 1557 4412 ramnum
1584 4348 1792 4428 vestrarum,
1827 4346 2037 4433 praestetque

669 4458 866 4529 memoriam
891 4455 1015 4528 bonam
1049 4454 1211 4529 defunctis
1245 4461 1388 4546 vestris,
1423 4478 1517 4553 spem
1549 4453 1758 4528 benedictam
1790 4464 1825 4525 et
1861 4452 2038 4526 custodiam

668 4573 761 4644 vitae
787 4579 926 4645 vestrae
952 4591 1015 4666 per
1041 4573 1224 4663 orationes,
1251 4584 1285 4645 et
1310 4592 1432 4669 preces
1457 4570 1639 4668 Deiparae‚
1665 4578 1728 4641 etc.

1110 4875 1610 4924 ψ
