4525 6034
682 564 760 639 484
979 561 1772 642 LITURGIACOMMUNIS

787 750 972 823 Sacerdos.
1025 750 1099 822 Pax
1125 751 1225 824 vobis
1254 749 1417 822 omuibus.
1465 750 1588 823 lterum
1614 748 1773 843 rogemus
1801 753 2041 847 omnipotentem
2123 830 2135 855 Ι

681 868 873 957 Dominum,
900 876 1029 963 patrem
1057 866 1190 938 Domini
1216 867 1282 938 Dei
1309 876 1342 938 et
1368 866 1549 938 salvatoris
1575 869 1682 939 nostri
1707 866 1790 939 lesu
1804 865 1933 943 Christi.
1959 867 2040 939 Ora-

681 1004 756 1055 mus
784 993 818 1054 et
850 980 1068 1055 obsecramus
1095 980 1278 1054 bonitatem
1305 992 1403 1069 tuam,
1432 991 1562 1054 amator
1587 980 1769 1053 bominum:
1798 991 1958 1055 memento
1971 982 2040 1056 llo-

682 1100 771 1170 miue
797 1101 891 1194 pacis
917 1097 1095 1171 Ecclesiae
1122 1108 1272 1185 sauctae,
1298 1101 1416 1170 unicae
1445 1096 1639 1170 Catholicae
1665 1107 1699 1169 et
1724 1097 1949 1193 Apostolicae.

786 1213 975 1285 Diaconos.
1029 1213 1133 1286 Orate
1159 1234 1221 1308 pro
1248 1211 1313 1284 bac
1339 1212 1496 1286 Ecclesia
1523 1225 1654 1307 sanctu,
1681 1216 1798 1303 amica,
1826 1211 1989 1286 Catholici
2012 1224 2042 1287 et

682 1328 894 1426 Apostolos,
923 1328 1127 1416 Ortbodoxa‚
1155 1331 1188 1399 iu
1215 1327 1371 1401 Domino.

786 1443 948 1537 Populea.
1001 1445 1146 1516 Domine
1172 1443 1265 1514 Deus
1300 1454 1416 1515 noster
1451 1443 1494 1516 da
1527 1441 1625 1516 uobis
1657 1467 1793 1540 pacem:
1821 1442 1949 1518 Christe
1972 1445 2043 1519 Rex

675 1568 798 1649 ‚noster
824 1561 986 1631 miserere
1012 1557 1118 1630 uobis.

749 1676 754 1683 ⁴
786 1673 972 1747 Sacerdos.
1026 1675 1121 1761 Quae
1157 1683 1210 1746 est
1244 1697 1263 1745 a
1295 1672 1414 1751 limbus
1449 1698 1556 1770 usque
1592 1674 1634 1747 ad
1667 1674 1751 1747 lines
1786 1675 1914 1765 muudi3
1952 1679 2042 1749 totius

682 1789 796 1887 populi
832 1800 865 1861 et
905 1792 1005 1863 totius
1041 1793 1180 1882 gregia,
1215 1788 1424 1886 benedicque
1465 1790 1548 1863 illis:
1588 1812 1705 1885 pacem
1748 1790 1790 1862 de
1824 1791 1928 1865 coelis
1963 1795 2044 1863 mitte

682 1928 786 2002 super
826 1928 943 1978 omnes
983 1909 1110 1978 animas
1150 1914 1308 1994 nostras3
1346 1929 1465 2001 pacem
1507 1911 1599 1978 vitae
1634 1915 1771 1979 nostrae
1807 1906 1955 1979 concede
1981 1930 2043 1979 uo-

681 2021 734 2094 bis
769 2020 915 2114 benigue
946 2024 979 2092 iu
1014 2045 1065 2093 ea.
1118 2021 1289 2114 Benignus
1325 2030 1399 2095 esto
1440 2022 1581 2094 Domine
1620 2021 1709 2114 Regi
1747 2032 1864 2097 nosuo
1904 2022 2044 2111 Claudio,

680 2134 894 2234 proceribus,
920 2135 1103 2229 judicibus,
1131 2146 1166 2208 et
1193 2134 1396 2237 enercitibus
1424 2141 1512 2231 ejus,
1548 2148 1582 2209 et
1612 2140 1703 2209 circa
1736 2159 1799 2211 nos
1831 2140 2045 2231 congregatis,

680 2264 748 2324 tam
775 2255 861 2325 iutra
890 2275 988 2348 quam
1016 2261 1125 2324 entra.
1181 2252 1271 2325 0rua
1300 2274 1360 2325 eos
1388 2256 1477 2325 omni
1503 2275 1602 2348 pace,
1627 2252 1706 2324 Rex
1732 2256 1843 2348 pacis:
1870 2276 1985 2351 pacem
2007 2252 2045 2324 da

681 2367 791 2458 nobis,
817 2373 894 2464 quia
922 2371 1032 2442 omnia
1058 2366 1155 2442 uobis
1183 2368 1311 2441 dedisti.
1340 2367 1518 2441 Conserva
1544 2390 1608 2441 nos
1634 2368 1791 2457 Domine,
1819 2371 1896 2463 quia
1920 2378 2044 2465 praeter

682 2497 716 2557 te
744 2484 843 2556 alium
870 2506 937 2556 uon
963 2488 1134 2557 uom‘mus:
1161 2505 1285 2556 nomen
1312 2492 1401 2554 tuum
1429 2493 1578 2557 sanctum
1604 2489 1863 2579 pronunciamus
1890 2494 1923 2555 et
1947 2488 2042 2556 invo-

683 2622 817 2690 camus,
844 2609 879 2672 ut
905 2603 1000 2671 vivat
1034 2602 1144 2670 anima
1180 2610 1294 2671 nostra
1334 2602 1367 2670 iu
1403 2597 1528 2694 Spiritu
1555 2609 1694 2688 sancto,
1728 2621 1837 2696 neque
1863 2599 2044 2694 praevaleat

683 2738 774 2789 mors
802 2719 933 2813 peccati
962 2738 1064 2810 super
1089 2738 1152 2789 uos
1180 2736 1301 2789 servos
1329 2725 1417 2804 uos,
1444 2723 1478 2787 et
1504 2737 1636 2787 omnem
1663 2714 1820 2811 populum
1846 2725 1942 2787 mum.

1135 2988 1256 3061 Oratio
1281 3013 1348 3083 pro
1374 2988 1610 3091 Pontificibus.

786 3179 909 3251 lterum
947 3178 1168 3274 deprecamur
1201 3183 1460 3275 omnipotentem
1488 3179 1618 3281 Deum,
1646 3179 1779 3250 Patrem
1815 3177 1945 3250 Domini
1976 3176 2045 3265 uo,

683 3303 717 3365 et
743 3292 925 3366 salvatoris
952 3296 1058 3368 nostri
1084 3295 1167 3369 lesu
1196 3293 1335 3385 Christi,
1362 3315 1521 3387 rogamus
1557 3302 1592 3365 et
1626 3291 1842 3366 obsecramus
1876 3293 2043 3366 bonitatem

681 3419 772 3481 tuam
807 3420 936 3483 amator
966 3408 1155 3482 homiuum:
1188 3420 1355 3483 momento
1391 3409 1535 3482 Domine
1573 3410 1683 3482 Patris
1722 3411 1830 3482 nostri
1872 3404 2043 3481 venerandi

680 3524 896 3596 Patriarcbae
928 3528 1033 3598 nostri
1066 3524 1167 3598 Abba
1205 3523 1387 3597 Gabrielis:
1423 3527 1594 3619 sanctique
1628 3535 1661 3596 et
1694 3523 1785 3596 beati
1819 3522 2043 3619 Metropolitae

681 3642 787 3712 nostri
813 3639 854 3711 N.
1562 3648 1567 3653 '

791 3740 980 3826 Diaconos.
1034 3757 1139 3828 Orate
1165 3778 1227 3852 pro
1255 3752 1488 3846 Pontificibus,
1521 3754 1713 3827 Patriarcba
1739 3750 1864 3830 'nostro
1890 3751 1986 3827 Abba
2008 3748 2043 3823 N.

681 3870 825 3943 Domino
862 3870 1128 3968 Arcbiepisoopo
1168 3893 1313 3964 maguae
1350 3869 1442 3942 urbis
1483 3869 1728 3960 Alexandriae,
1766 3881 1800 3942 et
1841 3867 2041 3965 llletropolita

680 3996 797 4059 nostro
824 3984 924 4059 Abba
951 3986 992 4058 N.
1020 3988 1239 4082 omnibusque
1265 3985 1455 4082 Episcopis,
1482 3983 1721 4058 Sacerdotibus
1748 3995 1783 4057 et
1801 3986 1959 4058 Diaoouis
1979 3981 2040 4054 Or-

681 4100 849 4173 {bodonis

785 4216 970 4289 Sacerdos.
1024 4217 1176 4290 Servans
1203 4237 1371 4289 conserva
1400 4237 1461 4287 eos
1488 4213 1599 4303 uobis,
1626 4214 1722 4285 aunis
1749 4211 1880 4304 multis,
1913 4210 2038 4285 diebus-

682 4355 747 4426 que
774 4330 968 4426 tranquillis,
995 4334 1028 4402 in
1051 4333 1177 4423 justitia
1203 4341 1237 4401 et
1262 4352 1367 4426 pace:
1394 4339 1430 4401 ut
1455 4328 1628 4425 perficiant
1654 4325 1849 4401 sacrificimn
1877 4328 1963 4424 quod
1984 4325 2039 4398 illis

682 4448 885 4534 commisisti,
913 4470 988 4519 cum
1016 4446 1132 4519 ordine
1160 4445 1372 4534 sacerdotali,
1400 4444 1581 4517 secundum
1613 4441 1818 4516 voluntatem
1849 4451 1937 4515 tuam
1965 4463 2038 4515 san-

683 4572 770 4634 ctam
796 4572 831 4632 et
856 4559 1004 4635 beatam:
1031 4571 1068 4633 ut
1089 4561 1239 4654 judicent
1265 4564 1298 4632 iu
1321 4563 1446 4652 justitia
1483 4570 1516 4631 et
1545 4562 1731 4653 aequitate,
1762 4571 1796 4631 et
1820 4568 1960 4654 pascant
1981 4578 2040 4652 po·

683 4677 793 4772 pulum
822 4687 911 4748 tuum
938 4679 970 4748 iu
994 4678 1139 4769 justitia:
1168 4698 1284 4748 omnes
1312 4677 1411 4747 etiam
1436 4674 1643 4771 Episcopus,
1675 4673 1880 4748 Sacerdotes
1907 4685 1940 4746 et
1962 4672 2039 4743 Dia-

684 4814 789 4865 conos
817 4790 1057 4883 Orthodoxos,
1092 4811 1278 4885 amnesque
1307 4794 1433 4887 pariter
1464 4793 1560 4862 unius
1587 4798 1724 4863 sanctae
1749 4789 1926 4863 Ecclesiae
1949 4792 2038 4884 Apo·

683 4907 842 4979 stoliaco:
869 4910 1107 5002 orationesque
1134 4927 1217 5001 quas
1248 4903 1373 4977 iaciunt
1403 4904 1606 5002 pronubis,
1642 4916 1676 4977 et
1710 4927 1772 5001 pro
1806 4909 1896 4979 omui
1929 4899 2036 5001 populo

683 5031 752 5111 tuo,
779 5026 912 5118 suscipe
939 5022 981 5095 ad
1009 5024 1114 5096 altare
1142 5032 1229 5092 tuum
1258 5043 1458 5118 supernum,
1486 5024 1518 5092 iu
1546 5019 1687 5093 odorem
1713 5025 1902 5096 suavitatis:
1938 5034 2035 5094 omues
