4525 6034
464 608 496 684 S.
540 606 877 684 ninutas
922 602 1350 682 CATHOblGl.
1469 603 1599 686 ,261

326 793 489 887 Populus.
543 792 688 866 Etcum
717 792 938 887 Spiritutuo.

327 909 512 981 Sacerdos.
564 906 610 978 Et
634 907 791 1004 populum
824 918 913 979 tuum
946 906 1190 995 orthodoxum,
1226 908 1280 1001 qui
1317 926 1430 980 coram
1468 919 1502 982 te
1529 933 1604 982 oum

222 1027 343 1098 timore
379 1024 554 1095 inclinatus
590 1034 654 1111 est,
688 1022 829 1114 dignare
862 1023 1007 1094 Domine
1037 1021 1242 1095 benedicere
1280 1021 1513 1097 benedictione
1549 1035 1606 1098 tua

223 1140 452 1226 inamissibili,
485 1151 519 1211 et
553 1161 720 1234 praepura
755 1161 850 1224 eum,
892 1147 928 1209 ut
966 1137 1153 1232 inculpatus
1194 1137 1333 1210 accedat
1376 1139 1423 1210 ad
1454 1163 1604 1214 mensam

223 1253 309 1325 banc
336 1253 498 1327 divinam:
526 1258 769 1350 pergratiam,
797 1252 1061 1324 misericordiam
1093 1265 1127 1325 et
1160 1275 1308 1326 amorem
1340 1277 1424 1347 erga
1451 1254 1603 1327 bomines

225 1373 385 1462 anigeniti
412 1369 486 1441 Filii
514 1374 571 1458 tui,
598 1391 673 1440 cum
700 1392 766 1464 quo
794 1381 827 1441 te
854 1369 964 1458 decet,
991 1378 1054 1439 etc.

330 1484 492 1579 Papulae.
544 1486 665 1557 Amen.

328 1600 514 1672 Sacerdos.
568 1600 711 1671 Domine
745 1600 838 1671 lleus
872 1601 1102 1694 omnipotens,
1137 1600 1193 1669 cui
1225 1599 1288 1671 soli
1329 1603 1466 1697 proprie
1501 1611 1602 1674 com-¹
1666 1591 1670 1607 '

224 1716 307 1809 petit
332 1718 536 1810 principatus
573 1724 606 1786 et
632 1719 808 1802 sanctitas,
840 1724 1017 1809 susceptor
1050 1714 1289 1787 sacrificiorum
1322 1725 1356 1788 et
1390 1715 1603 1806 oblationum,

225 1828 380 1903 conforta
415 1853 479 1902 nos
513 1829 663 1902 imbelles
698 1842 732 1902 et
765 1830 913 1918 inutiles,
949 1833 1004 1924 qui
1037 1839 1148 1901 tamen
1176 1831 1336 1902 audemus
1370 1831 1535 1903 accedere
1562 1833 1604 1904 ad

225 1945 332 2018 altare
358 1956 448 2017 tuum
482 1956 652 2035 sanctum,
679 1969 755 2017 cum
789 1968 851 2041 spe
884 1945 1135 2019 misericordiae
1161 1956 1239 2019 tuae
1272 1946 1428 2018 infinitae.
1463 1947 1604 2019 Praesta

225 2060 344 2150 nobis,
378 2059 685 2153 obenignissime,
720 2070 755 2132 ut
781 2084 856 2132 cum
891 2065 980 2133 omni
1007 2065 1173 2158 puritate,
1208 2064 1384 2134 sanctitate
1419 2071 1453 2133 et
1486 2066 1604 2133 timore

226 2175 405 2249 oderamus
432 2174 491 2247 tibi
518 2177 714 2249 sacrificium
748 2175 812 2250 boc
839 2181 1064 2266 incruentum3
1097 2176 1349 2272 referemusque
1375 2178 1435 2249 tibi
1461 2176 1603 2269 gloriam

226 2301 261 2364 et
286 2291 430 2379 laudem,
457 2301 520 2363 etc.

331 2406 493 2499 Populus.
545 2407 666 2479 Amen.
798 2390 802 2397 ’

331 2521 519 2592 Diaconos.
573 2521 659 2593 Date
686 2545 815 2618 pacem,
844 2532 907 2595 etc.

331 2637 516 2709 Sacerdos.
570 2636 702 2709 Caritas
728 2638 793 2709 Dei
820 2638 942 2728 Patris,
969 2650 1031 2711 eta.

335 2752 498 2844 Populea.
551 2753 672 2824 Amen.

329 2868 515 2939 Sacerdos.
569 2868 708 2940 Sursum
736 2869 850 2940 corda.

329 2984 491 3077 Populus.
545 2981 716 3057 Habemus
744 2985 786 3055 ad
813 2986 1002 3056 Dominum.

328 3097 511 3169 Sacerdos.
566 3098 699 3171 Gratias
727 3122 867 3192 agamus
894 3098 1046 3169 Domino.

330 3213 491 3307 Populum.
544 3214 690 3306 Dignum
717 3225 751 3286 et
773 3219 896 3306 justum
923 3222 984 3286 est.
1264 3292 1270 3306 ,

332 3329 507 3401 Sacerdos
533 3330 725 3400 inclinatus.
765 3330 872 3415 Quam
901 3329 998 3400 decet
1023 3338 1058 3399 ut
1084 3329 1211 3419 gratias
1233 3349 1373 3418 agamus
1401 3327 1477 3403 tibi!
1505 3353 1603 3424 mam

221 3453 346 3540 justum
373 3456 426 3518 est
451 3455 487 3516 ut
513 3445 755 3538 glorificemusl
792 3441 902 3540 quam'
916 3443 1061 3517 debitum
1087 3452 1123 3514 ut
1157 3464 1292 3539 semper
1326 3442 1476 3517 laudibus
1504 3444 1603 3517 cele-

224 3563 359 3636 bremus
388 3562 591 3633 divinitatem
620 3571 721 3646 tuam,
747 3561 859 3648 Pater,
887 3560 963 3647 Fili,
991 3569 1025 3630 et
1052 3558 1198 3654 Spiritus
1226 3568 1351 3630 sanate.

237 3696 245 3708 ’
329 3677 480 3749 Eleoaas
515 3697 640 3746 coeam.
695 3677 801 3762 Quem
837 3675 1056 3767 glorificant,
1075 3673 1231 3761 laudant,
1262 3673 1404 3746 adorant
1430 3685 1464 3746 et
1499 3672 1602 3745 exal-

224 3804 296 3866 tant
323 3815 439 3864 omnes
467 3801 643 3863 creaturae
671 3814 758 3887 quae
784 3791 928 3876 buerunt,
956 3801 990 3861 et
1025 3812 1112 3885 quae
1146 3797 1239 3861 sunt:
1276 3800 1416 3883 utraque
1448 3786 1603 3860 Ecclesia

224 3913 434 4005 superiorum
461 3918 494 3979 et
521 3905 734 3994 inferiorum,
763 3911 895 3998 agminia
923 3906 1182 4001 Prophetarum,
1209 3916 1315 3975 turma
1343 3905 1601 3999 Apostolorrun:

224 4024 389 4096 tbaatrum
415 4024 616 4119 Martyrum:
644 4026 927 4114 congregationes
955 4021 1193 4092 solitariorum:
1222 4022 1351 4090 cantica
1379 4021 1498 4091 suavia
1520 4019 1602 4091 An-

223 4140 395 4233 gelorum:
423 4139 539 4210 laudes
567 4147 727 4209 aeternae
754 4139 979 4210 Potestatum:
1012 4134 1264 4208 benedictiones
1293 4133 1488 4206 Cherubim:
1516 4155 1602 4205 san-

224 4256 443 4327 ctificationes
471 4253 655 4348 Seraphim.
682 4253 732 4325 llli
752 4276 884 4348 quoque
910 4274 972 4323 nos
999 4250 1149 4344 imbelles
1170 4259 1203 4321 et
1229 4271 1407 4345 pauperes,
1436 4249 1603 4322 oderimus

223 4369 455 4462 Doxologiam
482 4373 586 4440 trinae
613 4369 904 4458 sanctificationis,
931 4368 1202 4460 divinitatemque
1236 4370 1309 4458 ejus
1340 4363 1601 4459 incompreben-

224 4483 366 4571 sibilem,
393 4485 562 4572 infinitam,
590 4495 624 4555 et
649 4483 952 4576 ininvestigabilem
980 4482 1199 4578 deprecamur
1215 4491 1248 4552 et
1269 4479 1486 4552 obsecramus
1515 4499 1602 4571 sup-

223 4599 429 4697 plicabundi,
456 4612 491 4671 ut
519 4602 719 4704 suscipiatur
746 4610 780 4670 et
806 4599 1004 4691 adjungatur
1031 4620 1105 4669 cum
1141 4595 1293 4668 laudibus
1327 4598 1472 4667 omnium
1497 4600 1602 4686 pote-

224 4724 347 4787 statum
379 4716 574 4788 coelestium
608 4714 726 4786 millies
757 4714 893 4787 millium
934 4723 968 4785 et
1002 4714 1115 4785 decies
1150 4711 1268 4784 millies
1307 4709 1424 4781 decem
1466 4706 1602 4778 millium

223 4834 418 4922 igneorum,
447 4834 502 4926 qui
528 4852 617 4902 voce
645 4832 742 4901 suavi
776 4852 840 4901 nec
873 4834 1122 4904 conticescente
1158 4826 1336 4898 inclamant
1362 4834 1431 4913 ter,
1467 4819 1603 4894 vocife-

224 4954 352 5034 rantur,
380 4955 414 5016 et
440 4946 560 5018 dicunt.
762 4957 765 4962 ’

331 5060 491 5154 Populus.
545 5060 702 5151 Sanctus,
730 5058 884 5146 Sanctus,
911 5058 1063 5130 Sanctus.

1312 5167 1393 5241 36⁴*
