<?xml version="1.0" encoding="UTF-8"?>
<!DOCTYPE html PUBLIC "-//W3C//DTD XHTML 1.0 Transitional//EN"
    "http://www.w3.org/TR/xhtml1/DTD/xhtml1-transitional.dtd">
<html xmlns="http://www.w3.org/1999/xhtml" xml:lang="en" lang="en">
 <head>
  <title>
</title>
<meta http-equiv="Content-Type" content="text/html;charset=utf-8" />
  <meta name='ocr-system' content='tesseract 3.04.00' />
  <meta name='ocr-capabilities' content='ocr_page ocr_carea ocr_par ocr_line ocrx_word'/>
</head>
<body>
  <div class='ocr_page' id='page_1' title='image "./liturgiarumorie00unkngoog/liturgiarumorie00unkngoog_0558.png"; bbox 0 0 4525 6034; ppageno 0'>
   <div class='ocr_carea' id='block_1_1' title="bbox 684 577 1664 660">
    <p class='ocr_par' dir='ltr' id='par_1_1' title="bbox 684 577 1664 660">
     <span class='ocr_line' id='line_1_1' title="bbox 684 577 1664 660; baseline 0.009 -9"><span class='ocrx_word' id='word_1_1' title='bbox 684 577 761 652; x_wconf 81' lang='lat'>394</span> <span class='ocrx_word' id='word_1_2' title='bbox 1061 582 1137 659; x_wconf 86' lang='lat' dir='ltr'>DE</span> <span class='ocrx_word' id='word_1_3' title='bbox 1189 580 1664 660; x_wconf 72' lang='lat' dir='ltr'>nuntiantur</span> 
     </span>
    </p>
   </div>
   <div class='ocr_carea' id='block_1_2' title="bbox 679 765 2031 1448">
    <p class='ocr_par' dir='ltr' id='par_1_2' title="bbox 679 765 2031 1448">
     <span class='ocr_line' id='line_1_2' title="bbox 682 765 2029 872; baseline 0.007 -34"><span class='ocrx_word' id='word_1_4' title='bbox 682 765 787 839; x_wconf 88' lang='lat' dir='ltr'>vehat</span> <span class='ocrx_word' id='word_1_5' title='bbox 821 777 855 840; x_wconf 89' lang='lat' dir='ltr'>ct</span> <span class='ocrx_word' id='word_1_6' title='bbox 889 790 977 840; x_wconf 89' lang='lat' dir='ltr'>anno</span> <span class='ocrx_word' id='word_1_7' title='bbox 1009 769 1039 840; x_wconf 87' lang='lat' dir='ltr'>J.</span> <span class='ocrx_word' id='word_1_8' title='bbox 1072 767 1111 843; x_wconf 83' lang='lat' dir='ltr'>O.</span> <span class='ocrx_word' id='word_1_9' title='bbox 1145 768 1399 844; x_wconf 82' lang='lat' dir='ltr'><strong>MOCXXXIX.</strong></span> <span class='ocrx_word' id='word_1_10' title='bbox 1429 768 1607 866; x_wconf 89' lang='lat' dir='ltr'>Epitomcn</span> <span class='ocrx_word' id='word_1_11' title='bbox 1636 766 1825 859; x_wconf 82' lang='lat' dir='ltr'>Canonum,</span> <span class='ocrx_word' id='word_1_12' title='bbox 1851 795 1932 867; x_wconf 90' lang='lat' dir='ltr'>quae</span> <span class='ocrx_word' id='word_1_13' title='bbox 1954 773 2029 872; x_wconf 90' lang='lat' dir='ltr'>Epi-</span> 
     </span>
     <span class='ocr_line' id='line_1_3' title="bbox 683 884 2029 983; baseline 0.003 -25"><span class='ocrx_word' id='word_1_14' title='bbox 683 886 796 980; x_wconf 90' lang='lat' dir='ltr'>scopis</span> <span class='ocrx_word' id='word_1_15' title='bbox 822 884 1016 977; x_wconf 87' lang='lat' dir='ltr'>urgentibus</span> <span class='ocrx_word' id='word_1_16' title='bbox 1028 885 1119 959; x_wconf 88' lang='lat' dir='ltr'>iacta</span> <span class='ocrx_word' id='word_1_17' title='bbox 1133 898 1198 977; x_wconf 70' lang='lat' dir='ltr'>est,</span> <span class='ocrx_word' id='word_1_18' title='bbox 1224 899 1258 960; x_wconf 93' lang='lat' dir='ltr'>et</span> <span class='ocrx_word' id='word_1_19' title='bbox 1276 885 1442 982; x_wconf 88' lang='lat' dir='ltr'>publicata</span> <span class='ocrx_word' id='word_1_20' title='bbox 1455 885 1498 959; x_wconf 92' lang='lat' dir='ltr'>ad</span> <span class='ocrx_word' id='word_1_21' title='bbox 1521 885 1794 961; x_wconf 74' lang='lat' dir='ltr'><strong>reformationem</strong></span> <span class='ocrx_word' id='word_1_22' title='bbox 1814 886 2029 983; x_wconf 76' lang='lat' dir='ltr'>Ecclesiamm,</span> 
     </span>
     <span class='ocr_line' id='line_1_4' title="bbox 682 1000 2030 1099; baseline 0.002 -25"><span class='ocrx_word' id='word_1_23' title='bbox 682 1000 745 1074; x_wconf 89' lang='lat' dir='ltr'>suh</span> <span class='ocrx_word' id='word_1_24' title='bbox 781 1004 915 1074; x_wconf 90' lang='lat' dir='ltr'>nomine</span> <span class='ocrx_word' id='word_1_25' title='bbox 940 1001 1089 1095; x_wconf 87' lang='lat' dir='ltr'>ejusdem</span> <span class='ocrx_word' id='word_1_26' title='bbox 1115 1002 1349 1093; x_wconf 84' lang='lat' dir='ltr'>Patriarohae‚</span> <span class='ocrx_word' id='word_1_27' title='bbox 1379 1005 1461 1076; x_wconf 87' lang='lat' dir='ltr'>ritus</span> <span class='ocrx_word' id='word_1_28' title='bbox 1486 1002 1564 1076; x_wconf 89' lang='lat' dir='ltr'>illos</span> <span class='ocrx_word' id='word_1_29' title='bbox 1598 1004 1654 1099; x_wconf 85' lang='lat' dir='ltr'>qui</span> <span class='ocrx_word' id='word_1_30' title='bbox 1680 1006 1732 1076; x_wconf 90' lang='lat' dir='ltr'>sui</span> <span class='ocrx_word' id='word_1_31' title='bbox 1756 1007 1914 1099; x_wconf 88' lang='lat' dir='ltr'>temporis</span> <span class='ocrx_word' id='word_1_32' title='bbox 1938 1005 2030 1077; x_wconf 88' lang='lat' dir='ltr'>disei-</span> 
     </span>
     <span class='ocr_line' id='line_1_5' title="bbox 680 1117 2029 1216; baseline 0.006 -29"><span class='ocrx_word' id='word_1_33' title='bbox 680 1117 803 1212; x_wconf 89' lang='lat' dir='ltr'>plinam</span> <span class='ocrx_word' id='word_1_34' title='bbox 830 1118 1036 1214; x_wconf 75' lang='lat' dir='ltr'>spectabant,</span> <span class='ocrx_word' id='word_1_35' title='bbox 1062 1122 1179 1215; x_wconf 82' lang='lat' dir='ltr'><strong>paucis</strong></span> <span class='ocrx_word' id='word_1_36' title='bbox 1206 1118 1408 1216; x_wconf 74' lang='lat' dir='ltr'>expiravit,</span> <span class='ocrx_word' id='word_1_37' title='bbox 1440 1128 1474 1191; x_wconf 89' lang='lat' dir='ltr'>et</span> <span class='ocrx_word' id='word_1_38' title='bbox 1500 1122 1574 1212; x_wconf 88' lang='lat' dir='ltr'>ejus</span> <span class='ocrx_word' id='word_1_39' title='bbox 1599 1120 1708 1193; x_wconf 87' lang='lat' dir='ltr'>verba</span> <span class='ocrx_word' id='word_1_40' title='bbox 1740 1120 1930 1194; x_wconf 85' lang='lat' dir='ltr'>referemus.</span> <span class='ocrx_word' id='word_1_41' title='bbox 1966 1122 2029 1209; x_wconf 76' lang='lat' dir='ltr'>Quo</span> 
     </span>
     <span class='ocr_line' id='line_1_6' title="bbox 681 1231 2031 1329; baseline 0.006 -26"><span class='ocrx_word' id='word_1_42' title='bbox 681 1231 747 1322; x_wconf 76' lang='lat' dir='ltr'>die,</span> <span class='ocrx_word' id='word_1_43' title='bbox 773 1236 888 1329; x_wconf 77' lang='lat' dir='ltr'>inquit,</span> <span class='ocrx_word' id='word_1_44' title='bbox 915 1238 1126 1308; x_wconf 90' lang='lat' dir='ltr'>constitutum</span> <span class='ocrx_word' id='word_1_45' title='bbox 1151 1233 1213 1306; x_wconf 86' lang='lat' dir='ltr'>luit</span> <span class='ocrx_word' id='word_1_46' title='bbox 1237 1245 1274 1306; x_wconf 94' lang='lat' dir='ltr'>ut</span> <span class='ocrx_word' id='word_1_47' title='bbox 1300 1235 1471 1307; x_wconf 88' lang='lat' dir='ltr'>Ordinatio</span> <span class='ocrx_word' id='word_1_48' title='bbox 1498 1233 1742 1329; x_wconf 76' lang='lat' dir='ltr'>celebraretur,</span> <span class='ocrx_word' id='word_1_49' title='bbox 1773 1237 1920 1311; x_wconf 87' lang='lat' dir='ltr'>dicuntm</span> <span class='ocrx_word' id='word_1_50' title='bbox 1949 1237 2031 1311; x_wconf 84' lang='lat' dir='ltr'>(lra-</span> 
     </span>
     <span class='ocr_line' id='line_1_7' title="bbox 679 1350 2031 1448; baseline 0.006 -28"><span class='ocrx_word' id='word_1_51' title='bbox 679 1353 788 1421; x_wconf 85' lang='lat' dir='ltr'>tiones</span> <span class='ocrx_word' id='word_1_52' title='bbox 823 1354 1002 1423; x_wconf 88' lang='lat' dir='ltr'>matutinae</span> <span class='ocrx_word' id='word_1_53' title='bbox 1044 1351 1110 1423; x_wconf 90' lang='lat' dir='ltr'>diei</span> <span class='ocrx_word' id='word_1_54' title='bbox 1151 1351 1353 1424; x_wconf 81' lang='lat' dir='ltr'>dominicae:</span> <span class='ocrx_word' id='word_1_55' title='bbox 1395 1360 1515 1448; x_wconf 87' lang='lat' dir='ltr'>postea</span> <span class='ocrx_word' id='word_1_56' title='bbox 1550 1350 1701 1445; x_wconf 78' lang='lat' dir='ltr'>liturgia</span> <span class='ocrx_word' id='word_1_57' title='bbox 1745 1355 1944 1444; x_wconf 87' lang='lat' dir='ltr'>celebratur,</span> <span class='ocrx_word' id='word_1_58' title='bbox 1978 1377 2031 1428; x_wconf 87' lang='lat' dir='ltr'>ec-</span> 
     </span>
    </p>
   </div>
   <div class='ocr_carea' id='block_1_3' title="bbox 680 1465 2175 1565">
    <p class='ocr_par' dir='ltr' id='par_1_3' title="bbox 680 1465 2175 1565">
     <span class='ocr_line' id='line_1_8' title="bbox 680 1465 2175 1565; baseline 0.003 -26"><span class='ocrx_word' id='word_1_59' title='bbox 680 1467 821 1539; x_wconf 90' lang='lat' dir='ltr'>cundum</span> <span class='ocrx_word' id='word_1_60' title='bbox 847 1478 1041 1540; x_wconf 89' lang='lat' dir='ltr'>consuetum</span> <span class='ocrx_word' id='word_1_61' title='bbox 1076 1468 1226 1541; x_wconf 86' lang='lat' dir='ltr'>ordinem</span> <span class='ocrx_word' id='word_1_62' title='bbox 1260 1491 1281 1540; x_wconf 87' lang='lat' dir='ltr'>a</span> <span class='ocrx_word' id='word_1_63' title='bbox 1316 1471 1451 1564; x_wconf 68' lang='lat' dir='ltr'>seniore</span> <span class='ocrx_word' id='word_1_64' title='bbox 1476 1465 1658 1565; x_wconf 89' lang='lat' dir='ltr'>Episcopo.</span> <span class='ocrx_word' id='word_1_65' title='bbox 1713 1467 1797 1543; x_wconf 80' lang='lat' dir='ltr'>Gom</span> <span class='ocrx_word' id='word_1_66' title='bbox 1829 1472 1916 1546; x_wconf 89' lang='lat' dir='ltr'>finita</span> <span class='ocrx_word' id='word_1_67' title='bbox 1945 1472 2032 1543; x_wconf 86' lang='lat' dir='ltr'>fuerit</span> <span class='ocrx_word' id='word_1_68' title='bbox 2169 1527 2175 1544; x_wconf 88' lang='lat'><em>.</em></span> 
     </span>
    </p>
   </div>
   <div class='ocr_carea' id='block_1_4' title="bbox 626 1583 2034 3196">
    <p class='ocr_par' dir='ltr' id='par_1_4' title="bbox 626 1583 2034 3196">
     <span class='ocr_line' id='line_1_9' title="bbox 677 1583 2033 1681; baseline 0.004 -26"><span class='ocrx_word' id='word_1_69' title='bbox 677 1583 779 1656; x_wconf 89' lang='lat' dir='ltr'>lectio</span> <span class='ocrx_word' id='word_1_70' title='bbox 812 1584 956 1657; x_wconf 87' lang='lat' dir='ltr'>Actuum</span> <span class='ocrx_word' id='word_1_71' title='bbox 989 1585 1247 1680; x_wconf 82' lang='lat' dir='ltr'>Apostolorum,</span> <span class='ocrx_word' id='word_1_72' title='bbox 1284 1606 1400 1675; x_wconf 87' lang='lat' dir='ltr'>omnes</span> <span class='ocrx_word' id='word_1_73' title='bbox 1437 1583 1599 1681; x_wconf 80' lang='lat' dir='ltr'>Episcopi</span> <span class='ocrx_word' id='word_1_74' title='bbox 1632 1608 1707 1658; x_wconf 89' lang='lat' dir='ltr'>cum</span> <span class='ocrx_word' id='word_1_75' title='bbox 1740 1588 1975 1663; x_wconf 87' lang='lat' dir='ltr'>comitabuntur</span> <span class='ocrx_word' id='word_1_76' title='bbox 2004 1597 2033 1660; x_wconf 86' lang='lat' dir='ltr'>ct</span> 
     </span>
     <span class='ocr_line' id='line_1_10' title="bbox 679 1698 2032 1790; baseline 0.004 -20"><span class='ocrx_word' id='word_1_77' title='bbox 679 1698 844 1772; x_wconf 89' lang='lat' dir='ltr'>deducent</span> <span class='ocrx_word' id='word_1_78' title='bbox 875 1701 917 1772; x_wconf 94' lang='lat' dir='ltr'>ad</span> <span class='ocrx_word' id='word_1_79' title='bbox 949 1700 1135 1790; x_wconf 75' lang='lat' dir='ltr'>Tirenum,</span> <span class='ocrx_word' id='word_1_80' title='bbox 1171 1724 1233 1774; x_wconf 88' lang='lat' dir='ltr'>seu</span> <span class='ocrx_word' id='word_1_81' title='bbox 1258 1702 1374 1775; x_wconf 90' lang='lat' dir='ltr'>sedem</span> <span class='ocrx_word' id='word_1_82' title='bbox 1407 1700 1683 1775; x_wconf 85' lang='lat' dir='ltr'>Patriarclralcm:</span> <span class='ocrx_word' id='word_1_83' title='bbox 1718 1705 1845 1779; x_wconf 88' lang='lat' dir='ltr'>electus</span> <span class='ocrx_word' id='word_1_84' title='bbox 1877 1713 2032 1778; x_wconf 89' lang='lat' dir='ltr'>convertet</span> 
     </span>
     <span class='ocr_line' id='line_1_11' title="bbox 676 1814 2031 1918; baseline 0.002 -31"><span class='ocrx_word' id='word_1_85' title='bbox 676 1814 797 1889; x_wconf 88' lang='lat' dir='ltr'>faciem</span> <span class='ocrx_word' id='word_1_86' title='bbox 825 1839 917 1890; x_wconf 91' lang='lat' dir='ltr'>suam</span> <span class='ocrx_word' id='word_1_87' title='bbox 945 1817 988 1890; x_wconf 90' lang='lat' dir='ltr'>ad</span> <span class='ocrx_word' id='word_1_88' title='bbox 1015 1817 1195 1908; x_wconf 71' lang='lat' dir='ltr'>Orientem,</span> <span class='ocrx_word' id='word_1_89' title='bbox 1221 1816 1382 1915; x_wconf 85' lang='lat' dir='ltr'>Episcopi</span> <span class='ocrx_word' id='word_1_90' title='bbox 1407 1841 1493 1891; x_wconf 85' lang='lat' dir='ltr'>vcro</span> <span class='ocrx_word' id='word_1_91' title='bbox 1520 1818 1562 1890; x_wconf 90' lang='lat' dir='ltr'>ad</span> <span class='ocrx_word' id='word_1_92' title='bbox 1584 1818 1817 1895; x_wconf 84' lang='lat' dir='ltr'>Occidentem:</span> <span class='ocrx_word' id='word_1_93' title='bbox 1845 1831 1959 1918; x_wconf 86' lang='lat' dir='ltr'>postea</span> <span class='ocrx_word' id='word_1_94' title='bbox 1982 1818 2031 1890; x_wconf 87' lang='lat' dir='ltr'>la-</span> 
     </span>
     <span class='ocr_line' id='line_1_12' title="bbox 676 1933 2032 2036; baseline 0.001 -31"><span class='ocrx_word' id='word_1_95' title='bbox 676 1934 803 2006; x_wconf 88' lang='lat' dir='ltr'>vabunt</span> <span class='ocrx_word' id='word_1_96' title='bbox 829 1956 945 2006; x_wconf 91' lang='lat' dir='ltr'>manus</span> <span class='ocrx_word' id='word_1_97' title='bbox 972 1957 1063 2024; x_wconf 80' lang='lat' dir='ltr'>suae,</span> <span class='ocrx_word' id='word_1_98' title='bbox 1090 1933 1230 2030; x_wconf 90' lang='lat' dir='ltr'>illasque</span> <span class='ocrx_word' id='word_1_99' title='bbox 1256 1936 1426 2030; x_wconf 90' lang='lat' dir='ltr'>imponent</span> <span class='ocrx_word' id='word_1_100' title='bbox 1444 1957 1546 2030; x_wconf 90' lang='lat' dir='ltr'>super</span> <span class='ocrx_word' id='word_1_101' title='bbox 1573 1957 1666 2008; x_wconf 90' lang='lat' dir='ltr'>eum:</span> <span class='ocrx_word' id='word_1_102' title='bbox 1699 1937 1897 2036; x_wconf 85' lang='lat' dir='ltr'>stabuntque</span> <span class='ocrx_word' id='word_1_103' title='bbox 1920 1938 2032 2007; x_wconf 91' lang='lat' dir='ltr'>interea</span> 
     </span>
     <span class='ocr_line' id='line_1_13' title="bbox 626 2045 2032 2149; baseline 0.001 -28"><span class='ocrx_word' id='word_1_104' title='bbox 626 2045 630 2116; x_wconf 69' lang='grc' dir='ltr'>ἶ</span> <span class='ocrx_word' id='word_1_105' title='bbox 676 2048 782 2139; x_wconf 74' lang='lat' dir='ltr'>Lami,</span> <span class='ocrx_word' id='word_1_106' title='bbox 810 2060 844 2122; x_wconf 90' lang='lat' dir='ltr'>et</span> <span class='ocrx_word' id='word_1_107' title='bbox 870 2052 977 2123; x_wconf 91' lang='lat' dir='ltr'>omnis</span> <span class='ocrx_word' id='word_1_108' title='bbox 1004 2049 1174 2123; x_wconf 90' lang='lat' dir='ltr'>multitudo</span> <span class='ocrx_word' id='word_1_109' title='bbox 1202 2074 1275 2123; x_wconf 89' lang='lat' dir='ltr'>cum</span> <span class='ocrx_word' id='word_1_110' title='bbox 1301 2054 1421 2124; x_wconf 88' lang='lat' dir='ltr'>timore</span> <span class='ocrx_word' id='word_1_111' title='bbox 1448 2060 1481 2122; x_wconf 92' lang='lat' dir='ltr'>et</span> <span class='ocrx_word' id='word_1_112' title='bbox 1507 2052 1649 2124; x_wconf 90' lang='lat' dir='ltr'>silentio.</span> <span class='ocrx_word' id='word_1_113' title='bbox 1684 2050 1847 2149; x_wconf 84' lang='lat' dir='ltr'>Episcopi</span> <span class='ocrx_word' id='word_1_114' title='bbox 1872 2075 1952 2125; x_wconf 90' lang='lat' dir='ltr'>vero</span> <span class='ocrx_word' id='word_1_115' title='bbox 1967 2051 2032 2123; x_wconf 93' lang='lat' dir='ltr'>dum</span> 
     </span>
     <span class='ocr_line' id='line_1_14' title="bbox 676 2167 2032 2264; baseline 0 -26"><span class='ocrx_word' id='word_1_116' title='bbox 676 2189 794 2240; x_wconf 88' lang='lat' dir='ltr'>manus</span> <span class='ocrx_word' id='word_1_117' title='bbox 816 2172 987 2264; x_wconf 89' lang='lat' dir='ltr'>imponent</span> <span class='ocrx_word' id='word_1_118' title='bbox 1008 2189 1109 2263; x_wconf 87' lang='lat' dir='ltr'>super</span> <span class='ocrx_word' id='word_1_119' title='bbox 1140 2190 1216 2239; x_wconf 90' lang='lat' dir='ltr'>eum</span> <span class='ocrx_word' id='word_1_120' title='bbox 1244 2167 1363 2240; x_wconf 86' lang='lat' dir='ltr'>dicent</span> <span class='ocrx_word' id='word_1_121' title='bbox 1411 2167 1615 2262; x_wconf 80' lang='lat' dir='ltr'>Impontmnc</span> <span class='ocrx_word' id='word_1_122' title='bbox 1631 2191 1749 2241; x_wconf 83' lang='lat' dir='ltr'>monne</span> <span class='ocrx_word' id='word_1_123' title='bbox 1770 2176 1918 2258; x_wconf 76' lang='lat' dir='ltr'>metrae,</span> <span class='ocrx_word' id='word_1_124' title='bbox 1944 2189 2032 2260; x_wconf 75' lang='lat' dir='ltr'>snper</span> 
     </span>
     <span class='ocr_line' id='line_1_15' title="bbox 676 2281 2033 2378; baseline 0.001 -25"><span class='ocrx_word' id='word_1_125' title='bbox 676 2281 765 2354; x_wconf 80' lang='lat' dir='ltr'>tnnc</span> <span class='ocrx_word' id='word_1_126' title='bbox 799 2307 932 2357; x_wconf 76' lang='lat' dir='ltr'>emaum</span> <span class='ocrx_word' id='word_1_127' title='bbox 963 2285 1105 2357; x_wconf 80' lang='lat' dir='ltr'>electam</span> <span class='ocrx_word' id='word_1_128' title='bbox 1140 2307 1164 2354; x_wconf 91' lang='lat' dir='ltr'>a</span> <span class='ocrx_word' id='word_1_129' title='bbox 1189 2283 1288 2372; x_wconf 84' lang='lat' dir='ltr'>Deo,</span> <span class='ocrx_word' id='word_1_130' title='bbox 1315 2287 1351 2355; x_wconf 86' lang='lat' dir='ltr'>in</span> <span class='ocrx_word' id='word_1_131' title='bbox 1377 2287 1512 2356; x_wconf 86' lang='lat' dir='ltr'>nomine</span> <span class='ocrx_word' id='word_1_132' title='bbox 1536 2285 1659 2356; x_wconf 81' lang='lat' dir='ltr'>Patris</span> <span class='ocrx_word' id='word_1_133' title='bbox 1686 2293 1721 2358; x_wconf 90' lang='lat' dir='ltr'>et</span> <span class='ocrx_word' id='word_1_134' title='bbox 1733 2286 1817 2358; x_wconf 83' lang='lat' dir='ltr'>Filii</span> <span class='ocrx_word' id='word_1_135' title='bbox 1845 2291 1879 2358; x_wconf 92' lang='lat' dir='ltr'>et</span> <span class='ocrx_word' id='word_1_136' title='bbox 1897 2284 2033 2378; x_wconf 76' lang='lat' dir='ltr'>Spiritus</span> 
     </span>
     <span class='ocr_line' id='line_1_16' title="bbox 678 2401 2033 2496; baseline 0.002 -27"><span class='ocrx_word' id='word_1_137' title='bbox 678 2404 800 2488; x_wconf 81' lang='lat' dir='ltr'>sancti,</span> <span class='ocrx_word' id='word_1_138' title='bbox 828 2402 875 2471; x_wconf 84' lang='lat' dir='ltr'>ml</span> <span class='ocrx_word' id='word_1_139' title='bbox 900 2401 1167 2472; x_wconf 83' lang='lat' dir='ltr'>comtiteendmn</span> <span class='ocrx_word' id='word_1_140' title='bbox 1192 2401 1284 2471; x_wconf 67' lang='lat' dir='ltr'>Eam</span> <span class='ocrx_word' id='word_1_141' title='bbox 1308 2403 1346 2471; x_wconf 87' lang='lat' dir='ltr'>in</span> <span class='ocrx_word' id='word_1_142' title='bbox 1361 2402 1473 2496; x_wconf 77' lang='lat' dir='ltr'>prada</span> <span class='ocrx_word' id='word_1_143' title='bbox 1484 2402 1672 2495; x_wconf 85' lang='lat' dir='ltr'>praeclaro</span> <span class='ocrx_word' id='word_1_144' title='bbox 1695 2408 1730 2473; x_wconf 92' lang='lat' dir='ltr'>et</span> <span class='ocrx_word' id='word_1_145' title='bbox 1745 2405 1845 2495; x_wconf 75' lang='lat' dir='ltr'>finito</span> <span class='ocrx_word' id='word_1_146' title='bbox 1867 2401 2033 2472; x_wconf 72' lang='lat' dir='ltr'>Ecclesiae</span> 
     </span>
     <span class='ocr_line' id='line_1_17' title="bbox 676 2516 2033 2612; baseline 0.001 -25"><span class='ocrx_word' id='word_1_147' title='bbox 676 2521 810 2604; x_wconf 81' lang='lat' dir='ltr'>unicae,</span> <span class='ocrx_word' id='word_1_148' title='bbox 830 2517 1076 2606; x_wconf 78' lang='lat' dir='ltr'>immaculatae,</span> <span class='ocrx_word' id='word_1_149' title='bbox 1092 2517 1275 2589; x_wconf 79' lang='lat' dir='ltr'>Ecclesiae</span> <span class='ocrx_word' id='word_1_150' title='bbox 1287 2516 1359 2587; x_wconf 87' lang='lat' dir='ltr'>Dei</span> <span class='ocrx_word' id='word_1_151' title='bbox 1381 2520 1461 2606; x_wconf 82' lang='lat' dir='ltr'>cici,</span> <span class='ocrx_word' id='word_1_152' title='bbox 1488 2517 1684 2589; x_wconf 77' lang='lat' dir='ltr'>invicibilis:</span> <span class='ocrx_word' id='word_1_153' title='bbox 1704 2520 1752 2589; x_wconf 87' lang='lat' dir='ltr'>ad</span> <span class='ocrx_word' id='word_1_154' title='bbox 1765 2520 1933 2612; x_wconf 81' lang='lat' dir='ltr'>judicium</span> <span class='ocrx_word' id='word_1_155' title='bbox 1949 2523 2033 2589; x_wconf 83' lang='lat' dir='ltr'>recte</span> 
     </span>
     <span class='ocr_line' id='line_1_18' title="bbox 676 2634 2032 2731; baseline 0.001 -27"><span class='ocrx_word' id='word_1_156' title='bbox 676 2634 985 2724; x_wconf 80' lang='lat' dir='ltr'>administrandum,</span> <span class='ocrx_word' id='word_1_157' title='bbox 1011 2636 1383 2728; x_wconf 78' lang='lat' dir='ltr'>manifestationemque</span> <span class='ocrx_word' id='word_1_158' title='bbox 1396 2639 1602 2727; x_wconf 75' lang='lat' dir='ltr'>sanctitatis,</span> <span class='ocrx_word' id='word_1_159' title='bbox 1618 2635 1876 2731; x_wconf 80' lang='lat' dir='ltr'>doctrinamque</span> <span class='ocrx_word' id='word_1_160' title='bbox 1897 2641 1931 2706; x_wconf 92' lang='lat' dir='ltr'>et</span> <span class='ocrx_word' id='word_1_161' title='bbox 1954 2659 2032 2727; x_wconf 83' lang='lat' dir='ltr'>qro-</span> 
     </span>
     <span class='ocr_line' id='line_1_19' title="bbox 675 2750 2033 2847; baseline 0 -27"><span class='ocrx_word' id='word_1_162' title='bbox 675 2753 758 2820; x_wconf 89' lang='lat' dir='ltr'>tiam</span> <span class='ocrx_word' id='word_1_163' title='bbox 783 2757 944 2823; x_wconf 79' lang='lat' dir='ltr'>sanctem.</span> <span class='ocrx_word' id='word_1_164' title='bbox 970 2752 1089 2822; x_wconf 77' lang='lat' dir='ltr'>Anien.</span> <span class='ocrx_word' id='word_1_165' title='bbox 1142 2750 1178 2823; x_wconf 81' lang='lat' dir='ltr'>la</span> <span class='ocrx_word' id='word_1_166' title='bbox 1194 2757 1246 2822; x_wconf 85' lang='lat' dir='ltr'>est</span> <span class='ocrx_word' id='word_1_167' title='bbox 1263 2754 1321 2846; x_wconf 85' lang='lat' dir='ltr'>qni</span> <span class='ocrx_word' id='word_1_168' title='bbox 1346 2750 1528 2823; x_wconf 80' lang='lat' dir='ltr'>Ecclesiae</span> <span class='ocrx_word' id='word_1_169' title='bbox 1546 2752 1735 2824; x_wconf 80' lang='lat' dir='ltr'>nniceceott</span> <span class='ocrx_word' id='word_1_170' title='bbox 1746 2756 1965 2847; x_wconf 77' lang='lat' dir='ltr'>praepositam</span> <span class='ocrx_word' id='word_1_171' title='bbox 1980 2756 2033 2838; x_wconf 82' lang='lat' dir='ltr'>eet,</span> 
     </span>
     <span class='ocr_line' id='line_1_20' title="bbox 673 2867 2034 2962; baseline 0.001 -25"><span class='ocrx_word' id='word_1_172' title='bbox 673 2872 862 2939; x_wconf 81' lang='lat' dir='ltr'>anteritate</span> <span class='ocrx_word' id='word_1_173' title='bbox 897 2869 1077 2940; x_wconf 80' lang='lat' dir='ltr'>Trinitatis</span> <span class='ocrx_word' id='word_1_174' title='bbox 1113 2874 1256 2940; x_wconf 80' lang='lat' dir='ltr'>sanctae</span> <span class='ocrx_word' id='word_1_175' title='bbox 1289 2891 1356 2961; x_wconf 88' lang='lat' dir='ltr'>per</span> <span class='ocrx_word' id='word_1_176' title='bbox 1394 2872 1586 2962; x_wconf 82' lang='lat' dir='ltr'>mpeterinm</span> <span class='ocrx_word' id='word_1_177' title='bbox 1624 2867 1745 2941; x_wconf 74' lang='lat' dir='ltr'>cancie</span> <span class='ocrx_word' id='word_1_178' title='bbox 1813 2869 1901 2944; x_wconf 74' lang='lat' dir='ltr'>&#39;llum</span> <span class='ocrx_word' id='word_1_179' title='bbox 1933 2867 2034 2944; x_wconf 88' lang='lat' dir='ltr'>incla-</span> 
     </span>
     <span class='ocr_line' id='line_1_21' title="bbox 673 2983 2033 3081; baseline -0.001 -25"><span class='ocrx_word' id='word_1_180' title='bbox 673 2985 775 3057; x_wconf 86' lang='lat' dir='ltr'>mabit</span> <span class='ocrx_word' id='word_1_181' title='bbox 801 2987 965 3080; x_wconf 82' lang='lat' dir='ltr'>antiquior</span> <span class='ocrx_word' id='word_1_182' title='bbox 990 2983 1236 3081; x_wconf 88' lang='lat' dir='ltr'>Episcopcmm</span> <span class='ocrx_word' id='word_1_183' title='bbox 1261 2984 1346 3057; x_wconf 86' lang='lat' dir='ltr'>hacc</span> <span class='ocrx_word' id='word_1_184' title='bbox 1372 2984 1490 3058; x_wconf 87' lang='lat' dir='ltr'>verba.</span> <span class='ocrx_word' id='word_1_185' title='bbox 1531 2985 1760 3075; x_wconf 81' lang='lat' dir='ltr'>Prodotiene,</span> <span class='ocrx_word' id='word_1_186' title='bbox 1794 2986 1887 3079; x_wconf 88' lang='lat' dir='ltr'>qnod</span> <span class='ocrx_word' id='word_1_187' title='bbox 1911 2989 1955 3056; x_wconf 77' lang='lat' dir='ltr'>eit</span> <span class='ocrx_word' id='word_1_188' title='bbox 1977 2988 2033 3055; x_wconf 76' lang='lat' dir='ltr'>iate</span> 
     </span>
     <span class='ocr_line' id='line_1_22' title="bbox 672 3101 2033 3196; baseline 0.001 -25"><span class='ocrx_word' id='word_1_189' title='bbox 672 3101 888 3173; x_wconf 76' lang='lat' dir='ltr'>Patriaroha</span> <span class='ocrx_word' id='word_1_190' title='bbox 912 3109 1045 3190; x_wconf 77' lang='lat' dir='ltr'>cester,</span> <span class='ocrx_word' id='word_1_191' title='bbox 1068 3101 1247 3196; x_wconf 82' lang='lat' dir='ltr'>jndenqne</span> <span class='ocrx_word' id='word_1_192' title='bbox 1276 3105 1368 3172; x_wconf 83' lang='lat' dir='ltr'>inter</span> <span class='ocrx_word' id='word_1_193' title='bbox 1402 3124 1479 3190; x_wconf 81' lang='lat' dir='ltr'>coa,</span> <span class='ocrx_word' id='word_1_194' title='bbox 1506 3102 1622 3192; x_wconf 79' lang='lat' dir='ltr'>nodie,</span> <span class='ocrx_word' id='word_1_195' title='bbox 1657 3108 1692 3173; x_wconf 92' lang='lat' dir='ltr'>et</span> <span class='ocrx_word' id='word_1_196' title='bbox 1723 3125 1827 3195; x_wconf 82' lang='lat' dir='ltr'>anper</span> <span class='ocrx_word' id='word_1_197' title='bbox 1854 3123 1932 3173; x_wconf 80' lang='lat' dir='ltr'>cca:</span> <span class='ocrx_word' id='word_1_198' title='bbox 1957 3123 2033 3196; x_wconf 88' lang='lat' dir='ltr'>quac</span> 
     </span>
    </p>
   </div>
   <div class='ocr_carea' id='block_1_5' title="bbox 670 3217 2179 3446">
    <p class='ocr_par' dir='ltr' id='par_1_5' title="bbox 670 3217 2179 3446">
     <span class='ocr_line' id='line_1_23' title="bbox 673 3217 2173 3315; baseline -0.001 -26"><span class='ocrx_word' id='word_1_199' title='bbox 673 3217 715 3290; x_wconf 88' lang='lat' dir='ltr'>ab</span> <span class='ocrx_word' id='word_1_200' title='bbox 742 3241 786 3291; x_wconf 89' lang='lat' dir='ltr'>ec</span> <span class='ocrx_word' id='word_1_201' title='bbox 812 3229 864 3291; x_wconf 90' lang='lat' dir='ltr'>ter</span> <span class='ocrx_word' id='word_1_202' title='bbox 889 3227 1095 3315; x_wconf 83' lang='lat' dir='ltr'>repetentur:</span> <span class='ocrx_word' id='word_1_203' title='bbox 1121 3222 1220 3289; x_wconf 88' lang='lat' dir='ltr'>tertio</span> <span class='ocrx_word' id='word_1_204' title='bbox 1246 3240 1333 3290; x_wconf 91' lang='lat' dir='ltr'>vero</span> <span class='ocrx_word' id='word_1_205' title='bbox 1361 3217 1508 3311; x_wconf 90' lang='lat' dir='ltr'>adjiciet:</span> <span class='ocrx_word' id='word_1_206' title='bbox 1542 3242 1588 3289; x_wconf 87' lang='lat' dir='ltr'>an</span> <span class='ocrx_word' id='word_1_207' title='bbox 1619 3218 1821 3312; x_wconf 80' lang='lat' dir='ltr'>approbatis</span> <span class='ocrx_word' id='word_1_208' title='bbox 1855 3219 1943 3290; x_wconf 85' lang='lat' dir='ltr'>inne</span> <span class='ocrx_word' id='word_1_209' title='bbox 1967 3238 2033 3289; x_wconf 79' lang='lat' dir='ltr'>esee</span> <span class='ocrx_word' id='word_1_210' title='bbox 2172 3240 2173 3243; x_wconf 44' lang='lat'>¹</span> 
     </span>
     <span class='ocr_line' id='line_1_24' title="bbox 670 3334 2179 3446; baseline -0.001 -41"><span class='ocrx_word' id='word_1_211' title='bbox 670 3339 858 3436; x_wconf 82' lang='lat' dir='ltr'>primatem</span> <span class='ocrx_word' id='word_1_212' title='bbox 883 3359 986 3430; x_wconf 78' lang='lat' dir='ltr'>snper</span> <span class='ocrx_word' id='word_1_213' title='bbox 1019 3356 1098 3424; x_wconf 77' lang='lat' dir='ltr'>noa,</span> <span class='ocrx_word' id='word_1_214' title='bbox 1134 3341 1169 3405; x_wconf 92' lang='lat' dir='ltr'>et</span> <span class='ocrx_word' id='word_1_215' title='bbox 1199 3341 1416 3428; x_wconf 76' lang='lat' dir='ltr'>perspectam</span> <span class='ocrx_word' id='word_1_216' title='bbox 1446 3334 1586 3412; x_wconf 72' lang='lat' dir='ltr'>linteis</span> <span class='ocrx_word' id='word_1_217' title='bbox 1614 3357 1689 3406; x_wconf 83' lang='lat' dir='ltr'>eum</span> <span class='ocrx_word' id='word_1_218' title='bbox 1715 3358 1788 3409; x_wconf 79' lang='lat' dir='ltr'>eme</span> <span class='ocrx_word' id='word_1_219' title='bbox 1815 3337 1951 3432; x_wconf 64' lang='lat' dir='ltr'>maran</span> <span class='ocrx_word' id='word_1_220' title='bbox 1975 3338 2032 3404; x_wconf 82' lang='lat' dir='ltr'>iate</span> <span class='ocrx_word' id='word_1_221' title='bbox 2174 3437 2179 3446; x_wconf 37' lang='grc' dir='ltr'>Ι</span> 
     </span>
    </p>
   </div>
   <div class='ocr_carea' id='block_1_6' title="bbox 669 3450 2033 4013">
    <p class='ocr_par' dir='ltr' id='par_1_6' title="bbox 669 3450 2033 4013">
     <span class='ocr_line' id='line_1_25' title="bbox 671 3450 2033 3548; baseline 0 -26"><span class='ocrx_word' id='word_1_222' title='bbox 671 3453 809 3545; x_wconf 72' lang='lat' dir='ltr'>prede?</span> <span class='ocrx_word' id='word_1_223' title='bbox 835 3451 986 3548; x_wconf 82' lang='lat' dir='ltr'>Cumque</span> <span class='ocrx_word' id='word_1_224' title='bbox 1012 3452 1169 3541; x_wconf 66' lang='lat' dir='ltr'>dixerint,</span> <span class='ocrx_word' id='word_1_225' title='bbox 1194 3450 1328 3547; x_wconf 83' lang='lat' dir='ltr'>Diqnm</span> <span class='ocrx_word' id='word_1_226' title='bbox 1354 3457 1414 3540; x_wconf 81' lang='lat' dir='ltr'>eat,</span> <span class='ocrx_word' id='word_1_227' title='bbox 1440 3460 1552 3523; x_wconf 85' lang='lat' dir='ltr'>vertet</span> <span class='ocrx_word' id='word_1_228' title='bbox 1577 3451 1697 3524; x_wconf 87' lang='lat' dir='ltr'>taciem</span> <span class='ocrx_word' id='word_1_229' title='bbox 1723 3475 1818 3526; x_wconf 89' lang='lat' dir='ltr'>suam</span> <span class='ocrx_word' id='word_1_230' title='bbox 1846 3451 1890 3524; x_wconf 91' lang='lat' dir='ltr'>ad</span> <span class='ocrx_word' id='word_1_231' title='bbox 1916 3451 2033 3524; x_wconf 88' lang='lat' dir='ltr'>Orien-</span> 
     </span>
     <span class='ocr_line' id='line_1_26' title="bbox 671 3567 2032 3665; baseline -0.001 -25"><span class='ocrx_word' id='word_1_232' title='bbox 671 3578 751 3657; x_wconf 75' lang='lat' dir='ltr'>tem,</span> <span class='ocrx_word' id='word_1_233' title='bbox 778 3568 930 3664; x_wconf 90' lang='lat' dir='ltr'>dicetque</span> <span class='ocrx_word' id='word_1_234' title='bbox 957 3572 1159 3659; x_wconf 73' lang='lat' dir='ltr'>orationem,</span> <span class='ocrx_word' id='word_1_235' title='bbox 1196 3578 1231 3640; x_wconf 89' lang='lat' dir='ltr'>ct</span> <span class='ocrx_word' id='word_1_236' title='bbox 1256 3567 1403 3640; x_wconf 87' lang='lat' dir='ltr'>adolebit</span> <span class='ocrx_word' id='word_1_237' title='bbox 1426 3569 1610 3644; x_wconf 85' lang='lat' dir='ltr'>incensum.</span> <span class='ocrx_word' id='word_1_238' title='bbox 1662 3567 1861 3665; x_wconf 86' lang='lat' dir='ltr'>Primusque</span> <span class='ocrx_word' id='word_1_239' title='bbox 1891 3568 2032 3663; x_wconf 88' lang='lat' dir='ltr'>Episco-</span> 
     </span>
     <span class='ocr_line' id='line_1_27' title="bbox 670 3683 2032 3780; baseline -0.003 -24"><span class='ocrx_word' id='word_1_240' title='bbox 670 3706 806 3780; x_wconf 82' lang='lat' dir='ltr'>pomm,</span> <span class='ocrx_word' id='word_1_241' title='bbox 839 3688 914 3758; x_wconf 86' lang='lat' dir='ltr'>sive</span> <span class='ocrx_word' id='word_1_242' title='bbox 947 3688 1109 3780; x_wconf 89' lang='lat' dir='ltr'>antiquior</span> <span class='ocrx_word' id='word_1_243' title='bbox 1145 3684 1361 3757; x_wconf 86' lang='lat' dir='ltr'>Ordinatione</span> <span class='ocrx_word' id='word_1_244' title='bbox 1396 3694 1430 3756; x_wconf 92' lang='lat' dir='ltr'>et</span> <span class='ocrx_word' id='word_1_245' title='bbox 1456 3683 1619 3759; x_wconf 89' lang='lat' dir='ltr'>secundus</span> <span class='ocrx_word' id='word_1_246' title='bbox 1651 3695 1729 3780; x_wconf 87' lang='lat' dir='ltr'>post</span> <span class='ocrx_word' id='word_1_247' title='bbox 1762 3707 1839 3757; x_wconf 92' lang='lat' dir='ltr'>eum</span> <span class='ocrx_word' id='word_1_248' title='bbox 1874 3690 2032 3780; x_wconf 91' lang='lat' dir='ltr'>imponent</span> 
     </span>
     <span class='ocr_line' id='line_1_28' title="bbox 669 3800 2031 3896; baseline -0.001 -23"><span class='ocrx_word' id='word_1_249' title='bbox 669 3824 800 3873; x_wconf 89' lang='lat' dir='ltr'>manum</span> <span class='ocrx_word' id='word_1_250' title='bbox 828 3822 930 3896; x_wconf 91' lang='lat' dir='ltr'>super</span> <span class='ocrx_word' id='word_1_251' title='bbox 956 3800 1106 3888; x_wconf 87' lang='lat' dir='ltr'>electum,</span> <span class='ocrx_word' id='word_1_252' title='bbox 1135 3800 1396 3896; x_wconf 71' lang='lat' dir='ltr'>ordinationique</span> <span class='ocrx_word' id='word_1_253' title='bbox 1423 3823 1498 3873; x_wconf 90' lang='lat' dir='ltr'>eum</span> <span class='ocrx_word' id='word_1_254' title='bbox 1524 3823 1587 3896; x_wconf 92' lang='lat' dir='ltr'>per</span> <span class='ocrx_word' id='word_1_255' title='bbox 1613 3805 1800 3874; x_wconf 90' lang='lat' dir='ltr'>orationem</span> <span class='ocrx_word' id='word_1_256' title='bbox 1815 3800 2031 3874; x_wconf 88' lang='lat' dir='ltr'>Ordinationis</span> 
     </span>
     <span class='ocr_line' id='line_1_29' title="bbox 671 3916 2029 4013; baseline -0.001 -23"><span class='ocrx_word' id='word_1_257' title='bbox 671 3940 757 4013; x_wconf 89' lang='lat' dir='ltr'>quae</span> <span class='ocrx_word' id='word_1_258' title='bbox 785 3928 863 3991; x_wconf 87' lang='lat' dir='ltr'>nota</span> <span class='ocrx_word' id='word_1_259' title='bbox 889 3928 960 3992; x_wconf 84' lang='lat' dir='ltr'>est:</span> <span class='ocrx_word' id='word_1_260' title='bbox 993 3927 1028 3989; x_wconf 92' lang='lat' dir='ltr'>et</span> <span class='ocrx_word' id='word_1_261' title='bbox 1058 3940 1144 4012; x_wconf 90' lang='lat' dir='ltr'>quac</span> <span class='ocrx_word' id='word_1_262' title='bbox 1177 3941 1251 3990; x_wconf 92' lang='lat' dir='ltr'>cum</span> <span class='ocrx_word' id='word_1_263' title='bbox 1287 3917 1360 3990; x_wconf 88' lang='lat' dir='ltr'>aliis</span> <span class='ocrx_word' id='word_1_264' title='bbox 1394 3916 1554 4009; x_wconf 83' lang='lat' dir='ltr'>singulari</span> <span class='ocrx_word' id='word_1_265' title='bbox 1586 3916 1672 3990; x_wconf 86' lang='lat' dir='ltr'>libro</span> <span class='ocrx_word' id='word_1_266' title='bbox 1689 3923 1692 3929; x_wconf 81' lang='grc'><em>“</em></span> <span class='ocrx_word' id='word_1_267' title='bbox 1707 3918 1896 3991; x_wconf 86' lang='lat' dir='ltr'>Pontificali</span> <span class='ocrx_word' id='word_1_268' title='bbox 1927 3919 2029 3990; x_wconf 88' lang='lat' dir='ltr'>conti-</span> 
     </span>
    </p>
   </div>
   <div class='ocr_carea' id='block_1_7' title="bbox 669 4031 2134 4131">
    <p class='ocr_par' dir='ltr' id='par_1_7' title="bbox 669 4031 2134 4131">
     <span class='ocr_line' id='line_1_30' title="bbox 669 4031 2134 4131; baseline -0.003 -24"><span class='ocrx_word' id='word_1_269' title='bbox 669 4044 798 4107; x_wconf 90' lang='lat' dir='ltr'>nentur.</span> <span class='ocrx_word' id='word_1_270' title='bbox 853 4031 936 4107; x_wconf 83' lang='lat' dir='ltr'>Cum</span> <span class='ocrx_word' id='word_1_271' title='bbox 962 4033 1121 4131; x_wconf 89' lang='lat' dir='ltr'>Episcopi</span> <span class='ocrx_word' id='word_1_272' title='bbox 1148 4057 1214 4108; x_wconf 92' lang='lat' dir='ltr'>uno</span> <span class='ocrx_word' id='word_1_273' title='bbox 1241 4032 1348 4127; x_wconf 89' lang='lat' dir='ltr'>gradu</span> <span class='ocrx_word' id='word_1_274' title='bbox 1375 4033 1593 4123; x_wconf 87' lang='lat' dir='ltr'>descendunt,</span> <span class='ocrx_word' id='word_1_275' title='bbox 1625 4056 1737 4108; x_wconf 91' lang='lat' dir='ltr'>novus</span> <span class='ocrx_word' id='word_1_276' title='bbox 1767 4033 1960 4109; x_wconf 89' lang='lat' dir='ltr'>Patriaroha</span> <span class='ocrx_word' id='word_1_277' title='bbox 1984 4034 2031 4105; x_wconf 89' lang='lat' dir='ltr'>si·</span> <span class='ocrx_word' id='word_1_278' title='bbox 2130 4063 2134 4074; x_wconf 92' lang='lat'>·</span> 
     </span>
    </p>
   </div>
   <div class='ocr_carea' id='block_1_8' title="bbox 667 4151 2031 5184">
    <p class='ocr_par' dir='ltr' id='par_1_8' title="bbox 667 4151 2031 5184">
     <span class='ocr_line' id='line_1_31' title="bbox 669 4151 2030 4249; baseline -0.003 -25"><span class='ocrx_word' id='word_1_279' title='bbox 669 4154 737 4225; x_wconf 91' lang='lat' dir='ltr'>mul</span> <span class='ocrx_word' id='word_1_280' title='bbox 764 4151 923 4244; x_wconf 73' lang='lat' dir='ltr'>ascendit,</span> <span class='ocrx_word' id='word_1_281' title='bbox 951 4151 1060 4225; x_wconf 91' lang='lat' dir='ltr'>donec</span> <span class='ocrx_word' id='word_1_282' title='bbox 1087 4151 1130 4224; x_wconf 89' lang='lat' dir='ltr'>ad</span> <span class='ocrx_word' id='word_1_283' title='bbox 1156 4173 1318 4223; x_wconf 91' lang='lat' dir='ltr'>summum</span> <span class='ocrx_word' id='word_1_284' title='bbox 1343 4153 1547 4246; x_wconf 73' lang='lat' dir='ltr'>pervenerit,</span> <span class='ocrx_word' id='word_1_285' title='bbox 1574 4162 1673 4246; x_wconf 87' lang='lat' dir='ltr'>atque</span> <span class='ocrx_word' id='word_1_286' title='bbox 1699 4154 1744 4224; x_wconf 88' lang='lat' dir='ltr'>ita</span> <span class='ocrx_word' id='word_1_287' title='bbox 1770 4151 1909 4249; x_wconf 89' lang='lat' dir='ltr'>reliquis</span> <span class='ocrx_word' id='word_1_288' title='bbox 1929 4152 2030 4223; x_wconf 90' lang='lat' dir='ltr'>omni·</span> 
     </span>
     <span class='ocr_line' id='line_1_32' title="bbox 668 4265 2031 4364; baseline -0.005 -21"><span class='ocrx_word' id='word_1_289' title='bbox 668 4270 732 4344; x_wconf 90' lang='lat' dir='ltr'>hus</span> <span class='ocrx_word' id='word_1_290' title='bbox 760 4272 914 4364; x_wconf 90' lang='lat' dir='ltr'>superior</span> <span class='ocrx_word' id='word_1_291' title='bbox 940 4271 991 4342; x_wconf 89' lang='lat' dir='ltr'>sit.</span> <span class='ocrx_word' id='word_1_292' title='bbox 1045 4267 1128 4341; x_wconf 83' lang='lat' dir='ltr'>Cum</span> <span class='ocrx_word' id='word_1_293' title='bbox 1155 4289 1241 4340; x_wconf 89' lang='lat' dir='ltr'>vero</span> <span class='ocrx_word' id='word_1_294' title='bbox 1270 4267 1314 4339; x_wconf 95' lang='lat' dir='ltr'>ad</span> <span class='ocrx_word' id='word_1_295' title='bbox 1338 4267 1516 4339; x_wconf 88' lang='lat' dir='ltr'>lectionem</span> <span class='ocrx_word' id='word_1_296' title='bbox 1527 4265 1707 4361; x_wconf 84' lang='lat' dir='ltr'>Evangelii</span> <span class='ocrx_word' id='word_1_297' title='bbox 1720 4278 1918 4363; x_wconf 87' lang='lat' dir='ltr'>perventum</span> <span class='ocrx_word' id='word_1_298' title='bbox 1931 4267 2031 4353; x_wconf 78' lang='lat' dir='ltr'>nent,</span> 
     </span>
     <span class='ocr_line' id='line_1_33' title="bbox 669 4380 2030 4480; baseline -0.004 -22"><span class='ocrx_word' id='word_1_299' title='bbox 669 4384 798 4459; x_wconf 83' lang='lat' dir='ltr'>deteret</span> <span class='ocrx_word' id='word_1_300' title='bbox 830 4385 948 4459; x_wconf 89' lang='lat' dir='ltr'>lihmm</span> <span class='ocrx_word' id='word_1_301' title='bbox 981 4406 1094 4457; x_wconf 91' lang='lat' dir='ltr'>coram</span> <span class='ocrx_word' id='word_1_302' title='bbox 1134 4382 1190 4456; x_wconf 91' lang='lat' dir='ltr'>illo</span> <span class='ocrx_word' id='word_1_303' title='bbox 1224 4387 1338 4456; x_wconf 90' lang='lat' dir='ltr'>senior</span> <span class='ocrx_word' id='word_1_304' title='bbox 1362 4381 1627 4479; x_wconf 72' lang='lat' dir='ltr'>cpiscoporum,</span> <span class='ocrx_word' id='word_1_305' title='bbox 1661 4382 1819 4480; x_wconf 82' lang='lat' dir='ltr'>legetque</span> <span class='ocrx_word' id='word_1_306' title='bbox 1847 4380 2030 4456; x_wconf 86' lang='lat' dir='ltr'>Patriaroha</span> 
     </span>
     <span class='ocr_line' id='line_1_34' title="bbox 668 4497 2029 4596; baseline -0.006 -19"><span class='ocrx_word' id='word_1_307' title='bbox 668 4506 851 4577; x_wconf 90' lang='lat' dir='ltr'>sectionem</span> <span class='ocrx_word' id='word_1_308' title='bbox 877 4503 933 4575; x_wconf 88' lang='lat' dir='ltr'>uhi</span> <span class='ocrx_word' id='word_1_309' title='bbox 959 4509 1035 4574; x_wconf 91' lang='lat' dir='ltr'>sunt</span> <span class='ocrx_word' id='word_1_310' title='bbox 1059 4500 1143 4572; x_wconf 88' lang='lat' dir='ltr'>hoec</span> <span class='ocrx_word' id='word_1_311' title='bbox 1168 4499 1288 4588; x_wconf 78' lang='lat' dir='ltr'>verba,</span> <span class='ocrx_word' id='word_1_312' title='bbox 1315 4500 1391 4592; x_wconf 82' lang='lat' dir='ltr'>qu</span> <span class='ocrx_word' id='word_1_313' title='bbox 1417 4524 1487 4571; x_wconf 79' lang='lat' dir='ltr'>enm</span> <span class='ocrx_word' id='word_1_314' title='bbox 1503 4500 1634 4572; x_wconf 81' lang='lat' dir='ltr'>Pastor</span> <span class='ocrx_word' id='word_1_315' title='bbox 1659 4499 1785 4577; x_wconf 80' lang='lat' dir='ltr'>bonae:</span> <span class='ocrx_word' id='word_1_316' title='bbox 1814 4523 1902 4596; x_wconf 88' lang='lat' dir='ltr'>quac</span> <span class='ocrx_word' id='word_1_317' title='bbox 1919 4510 1970 4573; x_wconf 88' lang='lat' dir='ltr'>ter</span> <span class='ocrx_word' id='word_1_318' title='bbox 1992 4497 2029 4569; x_wconf 79' lang='lat' dir='ltr'>alr</span> 
     </span>
     <span class='ocr_line' id='line_1_35' title="bbox 667 4615 2031 4716; baseline -0.004 -25"><span class='ocrx_word' id='word_1_319' title='bbox 667 4623 742 4716; x_wconf 93' lang='lat' dir='ltr'>ipso</span> <span class='ocrx_word' id='word_1_320' title='bbox 769 4620 938 4713; x_wconf 86' lang='lat' dir='ltr'>legentur:</span> <span class='ocrx_word' id='word_1_321' title='bbox 965 4617 1067 4689; x_wconf 87' lang='lat' dir='ltr'>etad</span> <span class='ocrx_word' id='word_1_322' title='bbox 1096 4615 1245 4709; x_wconf 90' lang='lat' dir='ltr'>singulas</span> <span class='ocrx_word' id='word_1_323' title='bbox 1272 4619 1389 4705; x_wconf 66' lang='lat' dir='ltr'>vices,</span> <span class='ocrx_word' id='word_1_324' title='bbox 1420 4620 1532 4690; x_wconf 90' lang='lat' dir='ltr'>senior</span> <span class='ocrx_word' id='word_1_325' title='bbox 1565 4617 1797 4712; x_wconf 88' lang='lat' dir='ltr'>cpiscoporum</span> <span class='ocrx_word' id='word_1_326' title='bbox 1824 4616 1945 4690; x_wconf 87' lang='lat' dir='ltr'>librum</span> <span class='ocrx_word' id='word_1_327' title='bbox 1969 4618 2031 4686; x_wconf 89' lang='lat' dir='ltr'>im-</span> 
     </span>
     <span class='ocr_line' id='line_1_36' title="bbox 667 4731 2030 4833; baseline -0.007 -23"><span class='ocrx_word' id='word_1_328' title='bbox 667 4746 770 4833; x_wconf 87' lang='lat' dir='ltr'>ponet</span> <span class='ocrx_word' id='word_1_329' title='bbox 796 4740 896 4833; x_wconf 90' lang='lat' dir='ltr'>capiti</span> <span class='ocrx_word' id='word_1_330' title='bbox 923 4738 1016 4829; x_wconf 81' lang='lat' dir='ltr'>ejus3</span> <span class='ocrx_word' id='word_1_331' title='bbox 1043 4744 1077 4805; x_wconf 92' lang='lat' dir='ltr'>et</span> <span class='ocrx_word' id='word_1_332' title='bbox 1104 4731 1170 4806; x_wconf 87' lang='lat' dir='ltr'>alta</span> <span class='ocrx_word' id='word_1_333' title='bbox 1196 4755 1285 4806; x_wconf 89' lang='lat' dir='ltr'>voce</span> <span class='ocrx_word' id='word_1_334' title='bbox 1312 4733 1414 4806; x_wconf 89' lang='lat' dir='ltr'>dicet:</span> <span class='ocrx_word' id='word_1_335' title='bbox 1440 4733 1575 4826; x_wconf 79' lang='lat' dir='ltr'>Dipone</span> <span class='ocrx_word' id='word_1_336' title='bbox 1594 4739 1663 4825; x_wconf 80' lang='lat' dir='ltr'>eet,</span> <span class='ocrx_word' id='word_1_337' title='bbox 1689 4734 1854 4829; x_wconf 88' lang='lat' dir='ltr'>Dicetque</span> <span class='ocrx_word' id='word_1_338' title='bbox 1879 4736 2030 4805; x_wconf 86' lang='lat' dir='ltr'>universa</span> 
     </span>
     <span class='ocr_line' id='line_1_37' title="bbox 667 4848 2029 4946; baseline -0.008 -20"><span class='ocrx_word' id='word_1_339' title='bbox 667 4854 839 4926; x_wconf 88' lang='lat' dir='ltr'>multitudo</span> <span class='ocrx_word' id='word_1_340' title='bbox 866 4852 962 4927; x_wconf 91' lang='lat' dir='ltr'>simul</span> <span class='ocrx_word' id='word_1_341' title='bbox 991 4849 1131 4935; x_wconf 58' lang='grc' dir='ltr'><strong><em>Ἄξιος.</em></strong></span> <span class='ocrx_word' id='word_1_342' title='bbox 1184 4849 1347 4923; x_wconf 90' lang='lat' dir='ltr'>Lectione</span> <span class='ocrx_word' id='word_1_343' title='bbox 1373 4849 1429 4922; x_wconf 91' lang='lat' dir='ltr'>illa</span> <span class='ocrx_word' id='word_1_344' title='bbox 1463 4858 1618 4946; x_wconf 74' lang='lat' dir='ltr'>peracta,</span> <span class='ocrx_word' id='word_1_345' title='bbox 1650 4848 1841 4946; x_wconf 86' lang='lat' dir='ltr'>perficietur</span> <span class='ocrx_word' id='word_1_346' title='bbox 1868 4850 2029 4939; x_wconf 84' lang='lat' dir='ltr'>Liturgia:</span> 
     </span>
     <span class='ocr_line' id='line_1_38' title="bbox 668 4961 2029 5066; baseline -0.01 -22"><span class='ocrx_word' id='word_1_347' title='bbox 668 4973 850 5066; x_wconf 88' lang='lat' dir='ltr'>Postquam</span> <span class='ocrx_word' id='word_1_348' title='bbox 875 4991 960 5044; x_wconf 87' lang='lat' dir='ltr'>vcro</span> <span class='ocrx_word' id='word_1_349' title='bbox 993 4967 1164 5041; x_wconf 86' lang='lat' dir='ltr'>Ordinatio</span> <span class='ocrx_word' id='word_1_350' title='bbox 1190 4966 1341 5062; x_wconf 85' lang='lat' dir='ltr'>perfecta</span> <span class='ocrx_word' id='word_1_351' title='bbox 1366 4965 1485 5055; x_wconf 76' lang='lat' dir='ltr'>inerit,</span> <span class='ocrx_word' id='word_1_352' title='bbox 1520 4965 1755 5041; x_wconf 89' lang='lat' dir='ltr'>osculabuntur</span> <span class='ocrx_word' id='word_1_353' title='bbox 1782 4989 1857 5039; x_wconf 92' lang='lat' dir='ltr'>eum</span> <span class='ocrx_word' id='word_1_354' title='bbox 1878 4961 2029 5062; x_wconf 89' lang='lat' dir='ltr'>Episcopi</span> 
     </span>
     <span class='ocr_line' id='line_1_39' title="bbox 667 5077 2028 5184; baseline -0.008 -23"><span class='ocrx_word' id='word_1_355' title='bbox 667 5092 766 5184; x_wconf 85' lang='lat' dir='ltr'>juxta</span> <span class='ocrx_word' id='word_1_356' title='bbox 793 5088 941 5161; x_wconf 90' lang='lat' dir='ltr'>ordinem</span> <span class='ocrx_word' id='word_1_357' title='bbox 968 5110 1077 5162; x_wconf 89' lang='lat' dir='ltr'>suum:</span> <span class='ocrx_word' id='word_1_358' title='bbox 1104 5094 1172 5158; x_wconf 86' lang='lat' dir='ltr'>turn</span> <span class='ocrx_word' id='word_1_359' title='bbox 1186 5077 1400 5174; x_wconf 83' lang='lat' dir='ltr'>Sacerdotes,</span> <span class='ocrx_word' id='word_1_360' title='bbox 1428 5095 1462 5156; x_wconf 91' lang='lat' dir='ltr'>ct</span> <span class='ocrx_word' id='word_1_361' title='bbox 1487 5085 1625 5157; x_wconf 91' lang='lat' dir='ltr'>ministri</span> <span class='ocrx_word' id='word_1_362' title='bbox 1640 5084 1765 5172; x_wconf 76' lang='lat' dir='ltr'>altaria,</span> <span class='ocrx_word' id='word_1_363' title='bbox 1791 5082 1937 5178; x_wconf 81' lang='lat' dir='ltr'>primarii</span> <span class='ocrx_word' id='word_1_364' title='bbox 1949 5077 2028 5150; x_wconf 84' lang='lat' dir='ltr'>Lai·</span> 
     </span>
    </p>
   </div>
   <div class='ocr_carea' id='block_1_9' title="bbox 0 0 2268 6034">
    <p class='ocr_par' dir='ltr' id='par_1_9' title="bbox 0 0 2268 6034">
     <span class='ocr_line' id='line_1_40' title="bbox 0 0 2268 6034; baseline 0 5"><span class='ocrx_word' id='word_1_365' title='bbox 0 0 2268 6034; x_wconf 95' lang='lat' dir='ltr'> </span> 
     </span>
    </p>
   </div>
  </div>
 </body>
</html>
