<?xml version="1.0" encoding="UTF-8"?>
<!DOCTYPE html PUBLIC "-//W3C//DTD XHTML 1.0 Transitional//EN"
    "http://www.w3.org/TR/xhtml1/DTD/xhtml1-transitional.dtd">
<html xmlns="http://www.w3.org/1999/xhtml" xml:lang="en" lang="en">
 <head>
  <title>
</title>
<meta http-equiv="Content-Type" content="text/html;charset=utf-8" />
  <meta name='ocr-system' content='tesseract 3.04.00' />
  <meta name='ocr-capabilities' content='ocr_page ocr_carea ocr_par ocr_line ocrx_word'/>
</head>
<body>
  <div class='ocr_page' id='page_1' title='image "./liturgiarumorie00unkngoog/liturgiarumorie00unkngoog_0591.png"; bbox 0 0 4525 6034; ppageno 0'>
   <div class='ocr_carea' id='block_1_1' title="bbox 638 572 1581 654">
    <p class='ocr_par' dir='ltr' id='par_1_1' title="bbox 638 572 1581 654">
     <span class='ocr_line' id='line_1_1' title="bbox 638 572 1581 654; baseline -0.005 -1"><span class='ocrx_word' id='word_1_1' title='bbox 638 574 1176 654; x_wconf 83' lang='lat' dir='ltr'><strong>ALEXANDRINO.</strong></span> <span class='ocrx_word' id='word_1_2' title='bbox 1504 572 1581 648; x_wconf 76' lang='lat'><strong>427</strong></span> 
     </span>
    </p>
   </div>
   <div class='ocr_carea' id='block_1_2' title="bbox 211 760 1601 3769">
    <p class='ocr_par' dir='ltr' id='par_1_2' title="bbox 212 760 1584 1650">
     <span class='ocr_line' id='line_1_2' title="bbox 216 760 1582 858; baseline -0.007 -18"><span class='ocrx_word' id='word_1_3' title='bbox 216 761 421 840; x_wconf 83' lang='lat' dir='ltr'><strong>Abulfedam.</strong></span> <span class='ocrx_word' id='word_1_4' title='bbox 476 760 643 846; x_wconf 73' lang='lat' dir='ltr'>Christum</span> <span class='ocrx_word' id='word_1_5' title='bbox 668 786 743 836; x_wconf 90' lang='lat' dir='ltr'><strong>cum</strong></span> <span class='ocrx_word' id='word_1_6' title='bbox 769 763 877 837; x_wconf 72' lang='lat' dir='ltr'><strong>Maria</strong></span> <span class='ocrx_word' id='word_1_7' title='bbox 911 786 953 835; x_wconf 89' lang='lat' dir='ltr'><strong>ea</strong></span> <span class='ocrx_word' id='word_1_8' title='bbox 984 767 1019 836; x_wconf 94' lang='lat' dir='ltr'><strong>in</strong></span> <span class='ocrx_word' id='word_1_9' title='bbox 1043 768 1199 858; x_wconf 85' lang='lat' dir='ltr'><strong>regione,</strong></span> <span class='ocrx_word' id='word_1_10' title='bbox 1226 786 1299 837; x_wconf 90' lang='lat' dir='ltr'><strong>cum</strong></span> <span class='ocrx_word' id='word_1_11' title='bbox 1326 763 1360 833; x_wconf 94' lang='lat' dir='ltr'><strong>in</strong></span> <span class='ocrx_word' id='word_1_12' title='bbox 1385 763 1582 858; x_wconf 76' lang='lat' dir='ltr'><strong>Aegyptum</strong></span> 
     </span>
     <span class='ocr_line' id='line_1_3' title="bbox 216 877 1584 973; baseline -0.001 -22"><span class='ocrx_word' id='word_1_13' title='bbox 216 889 387 969; x_wconf 80' lang='lat' dir='ltr'><strong>venerumt,</strong></span> <span class='ocrx_word' id='word_1_14' title='bbox 413 878 594 972; x_wconf 73' lang='lat' dir='ltr'><strong>habitasse,</strong></span> <span class='ocrx_word' id='word_1_15' title='bbox 620 879 794 973; x_wconf 85' lang='lat' dir='ltr'><strong>vulgarem</strong></span> <span class='ocrx_word' id='word_1_16' title='bbox 824 877 1083 953; x_wconf 86' lang='lat' dir='ltr'><strong>Christianorum</strong></span> <span class='ocrx_word' id='word_1_17' title='bbox 1110 880 1319 953; x_wconf 78' lang='lat' dir='ltr'><strong>traditionem</strong></span> <span class='ocrx_word' id='word_1_18' title='bbox 1346 900 1440 970; x_wconf 90' lang='lat' dir='ltr'><strong>esse,</strong></span> <span class='ocrx_word' id='word_1_19' title='bbox 1466 877 1584 950; x_wconf 79' lang='lat' dir='ltr'><strong>scribit</strong></span> 
     </span>
     <span class='ocr_line' id='line_1_4' title="bbox 215 994 1582 1093; baseline -0.002 -24"><span class='ocrx_word' id='word_1_20' title='bbox 215 994 414 1069; x_wconf 83' lang='lat' dir='ltr'><strong>blalnizius:</strong></span> <span class='ocrx_word' id='word_1_21' title='bbox 450 1000 601 1093; x_wconf 67' lang='lat' dir='ltr'><strong>mamms</strong></span> <span class='ocrx_word' id='word_1_22' title='bbox 636 996 725 1069; x_wconf 91' lang='lat' dir='ltr'><strong>idem</strong></span> <span class='ocrx_word' id='word_1_23' title='bbox 757 996 800 1067; x_wconf 94' lang='lat' dir='ltr'><strong>de</strong></span> <span class='ocrx_word' id='word_1_24' title='bbox 832 997 1040 1068; x_wconf 80' lang='lat' dir='ltr'><strong>Aachmoaio</strong></span> <span class='ocrx_word' id='word_1_25' title='bbox 1081 997 1230 1070; x_wconf 83' lang='lat' dir='ltr'><strong>scribant</strong></span> <span class='ocrx_word' id='word_1_26' title='bbox 1269 995 1344 1084; x_wconf 87' lang='lat' dir='ltr'><strong>alii,</strong></span> <span class='ocrx_word' id='word_1_27' title='bbox 1377 998 1462 1067; x_wconf 89' lang='lat' dir='ltr'><strong>inter</strong></span> <span class='ocrx_word' id='word_1_28' title='bbox 1497 1016 1582 1090; x_wconf 93' lang='lat' dir='ltr'><strong>quos</strong></span> 
     </span>
     <span class='ocr_line' id='line_1_5' title="bbox 214 1110 1583 1208; baseline -0.005 -20"><span class='ocrx_word' id='word_1_29' title='bbox 214 1110 384 1188; x_wconf 83' lang='lat' dir='ltr'><strong>Abuselah</strong></span> <span class='ocrx_word' id='word_1_30' title='bbox 416 1114 596 1186; x_wconf 83' lang='lat' dir='ltr'><strong>Armenes.</strong></span> <span class='ocrx_word' id='word_1_31' title='bbox 650 1112 703 1183; x_wconf 89' lang='lat' dir='ltr'><strong>De</strong></span> <span class='ocrx_word' id='word_1_32' title='bbox 736 1133 778 1183; x_wconf 90' lang='lat' dir='ltr'><strong>ea</strong></span> <span class='ocrx_word' id='word_1_33' title='bbox 804 1110 904 1184; x_wconf 89' lang='lat' dir='ltr'><strong>multa</strong></span> <span class='ocrx_word' id='word_1_34' title='bbox 938 1111 1093 1204; x_wconf 88' lang='lat' dir='ltr'><strong>leguntur</strong></span> <span class='ocrx_word' id='word_1_35' title='bbox 1123 1136 1210 1208; x_wconf 90' lang='lat' dir='ltr'><strong>qnae</strong></span> <span class='ocrx_word' id='word_1_36' title='bbox 1242 1134 1309 1186; x_wconf 95' lang='lat' dir='ltr'><strong>non</strong></span> <span class='ocrx_word' id='word_1_37' title='bbox 1345 1123 1421 1185; x_wconf 93' lang='lat' dir='ltr'><strong>sunt</strong></span> <span class='ocrx_word' id='word_1_38' title='bbox 1446 1112 1583 1184; x_wconf 89' lang='lat' dir='ltr'><strong>instituti</strong></span> 
     </span>
     <span class='ocr_line' id='line_1_6' title="bbox 215 1227 1583 1325; baseline -0.001 -26"><span class='ocrx_word' id='word_1_39' title='bbox 215 1232 329 1302; x_wconf 79' lang='lat' dir='ltr'><strong>nostri</strong></span> <span class='ocrx_word' id='word_1_40' title='bbox 378 1228 456 1301; x_wconf 87' lang='lat' dir='ltr'><strong>Fuit</strong></span> <span class='ocrx_word' id='word_1_41' title='bbox 480 1229 561 1302; x_wconf 90' lang='lat' dir='ltr'><strong>urbs</strong></span> <span class='ocrx_word' id='word_1_42' title='bbox 587 1228 812 1325; x_wconf 82' lang='lat' dir='ltr'><strong>Episcopelis,</strong></span> <span class='ocrx_word' id='word_1_43' title='bbox 838 1232 905 1300; x_wconf 93' lang='lat' dir='ltr'><strong>imo</strong></span> <span class='ocrx_word' id='word_1_44' title='bbox 933 1229 1196 1325; x_wconf 82' lang='lat' dir='ltr'><strong>ctMetropolis3</strong></span> <span class='ocrx_word' id='word_1_45' title='bbox 1224 1227 1490 1325; x_wconf 89' lang='lat' dir='ltr'><strong>qnandoquidem</strong></span> <span class='ocrx_word' id='word_1_46' title='bbox 1518 1251 1583 1299; x_wconf 90' lang='lat' dir='ltr'><strong>ce-</strong></span> 
     </span>
     <span class='ocr_line' id='line_1_7' title="bbox 213 1342 1583 1442; baseline -0.001 -26"><span class='ocrx_word' id='word_1_47' title='bbox 213 1342 315 1416; x_wconf 86' lang='lat' dir='ltr'><strong>lebris</strong></span> <span class='ocrx_word' id='word_1_48' title='bbox 341 1356 393 1417; x_wconf 90' lang='lat' dir='ltr'><strong>est</strong></span> <span class='ocrx_word' id='word_1_49' title='bbox 418 1348 503 1417; x_wconf 92' lang='lat' dir='ltr'><strong>inter</strong></span> <span class='ocrx_word' id='word_1_50' title='bbox 530 1344 683 1442; x_wconf 86' lang='lat' dir='ltr'><strong>Coptitas</strong></span> <span class='ocrx_word' id='word_1_51' title='bbox 710 1355 744 1416; x_wconf 91' lang='lat' dir='ltr'><strong>et</strong></span> <span class='ocrx_word' id='word_1_52' title='bbox 769 1343 954 1441; x_wconf 85' lang='lat' dir='ltr'><strong>Aethiopes</strong></span> <span class='ocrx_word' id='word_1_53' title='bbox 984 1350 1144 1418; x_wconf 92' lang='lat' dir='ltr'><strong>memoria</strong></span> <span class='ocrx_word' id='word_1_54' title='bbox 1177 1343 1211 1418; x_wconf 87' lang='lat' dir='ltr'><strong>S.</strong></span> <span class='ocrx_word' id='word_1_55' title='bbox 1240 1343 1375 1441; x_wconf 76' lang='lat' dir='ltr'><strong>Cyriaci</strong></span> <span class='ocrx_word' id='word_1_56' title='bbox 1401 1346 1583 1439; x_wconf 87' lang='lat' dir='ltr'><strong>Metropo-</strong></span> 
     </span>
     <span class='ocr_line' id='line_1_8' title="bbox 213 1457 1582 1559; baseline 0 -28"><span class='ocrx_word' id='word_1_57' title='bbox 213 1460 289 1532; x_wconf 81' lang='lat' dir='ltr'><strong>litae</strong></span> <span class='ocrx_word' id='word_1_58' title='bbox 325 1460 496 1551; x_wconf 88' lang='lat' dir='ltr'><strong>Bebnsae,</strong></span> <span class='ocrx_word' id='word_1_59' title='bbox 533 1464 627 1554; x_wconf 80' lang='lat' dir='ltr'><strong>qu‘us</strong></span> <span class='ocrx_word' id='word_1_60' title='bbox 660 1462 793 1534; x_wconf 91' lang='lat' dir='ltr'><strong>nomine</strong></span> <span class='ocrx_word' id='word_1_61' title='bbox 827 1470 922 1534; x_wconf 83' lang='lat' dir='ltr'><strong>extat</strong></span> <span class='ocrx_word' id='word_1_62' title='bbox 960 1461 1109 1554; x_wconf 89' lang='lat' dir='ltr'><strong>Liturgia</strong></span> <span class='ocrx_word' id='word_1_63' title='bbox 1142 1460 1342 1559; x_wconf 90' lang='lat' dir='ltr'><strong>Aethiopica</strong></span> <span class='ocrx_word' id='word_1_64' title='bbox 1382 1465 1416 1533; x_wconf 94' lang='lat' dir='ltr'><strong>in</strong></span> <span class='ocrx_word' id='word_1_65' title='bbox 1456 1457 1582 1532; x_wconf 81' lang='lat' dir='ltr'><strong>Codice</strong></span> 
     </span>
     <span class='ocr_line' id='line_1_9' title="bbox 212 1576 469 1650; baseline 0.004 -1"><span class='ocrx_word' id='word_1_66' title='bbox 212 1576 344 1649; x_wconf 85' lang='lat' dir='ltr'><strong>Romae</strong></span> <span class='ocrx_word' id='word_1_67' title='bbox 369 1576 469 1650; x_wconf 84' lang='lat' dir='ltr'><strong>edito.</strong></span> 
     </span>
    </p>

    <p class='ocr_par' dir='ltr' id='par_1_3' title="bbox 211 1692 1601 2139">
     <span class='ocr_line' id='line_1_10' title="bbox 317 1692 1601 1790; baseline -0.002 -26"><span class='ocrx_word' id='word_1_68' title='bbox 317 1694 393 1785; x_wconf 77' lang='lat' dir='ltr'><strong>iiic,</strong></span> <span class='ocrx_word' id='word_1_69' title='bbox 419 1696 512 1785; x_wconf 90' lang='lat' dir='ltr'><strong>cujus</strong></span> <span class='ocrx_word' id='word_1_70' title='bbox 539 1695 705 1766; x_wconf 89' lang='lat' dir='ltr'><strong>territorio</strong></span> <span class='ocrx_word' id='word_1_71' title='bbox 720 1697 927 1766; x_wconf 90' lang='lat' dir='ltr'><strong>continentur</strong></span> <span class='ocrx_word' id='word_1_72' title='bbox 942 1696 1021 1789; x_wconf 88' lang='lat' dir='ltr'><strong>pagi</strong></span> <span class='ocrx_word' id='word_1_73' title='bbox 1048 1696 1183 1787; x_wconf 87' lang='lat' dir='ltr'><strong>triginta</strong></span> <span class='ocrx_word' id='word_1_74' title='bbox 1209 1703 1349 1790; x_wconf 87' lang='lat' dir='ltr'><strong>septem,</strong></span> <span class='ocrx_word' id='word_1_75' title='bbox 1376 1716 1461 1789; x_wconf 90' lang='lat' dir='ltr'><strong>qnae</strong></span> <span class='ocrx_word' id='word_1_76' title='bbox 1483 1692 1601 1770; x_wconf 86' lang='lat' dir='ltr'><strong>etiam·</strong></span> 
     </span>
     <span class='ocr_line' id='line_1_11' title="bbox 212 1808 1585 1906; baseline -0.001 -25"><span class='ocrx_word' id='word_1_77' title='bbox 212 1809 290 1881; x_wconf 88' lang='lat' dir='ltr'><strong>urbs</strong></span> <span class='ocrx_word' id='word_1_78' title='bbox 319 1808 530 1906; x_wconf 87' lang='lat' dir='ltr'><strong>Episcopaiis</strong></span> <span class='ocrx_word' id='word_1_79' title='bbox 556 1810 636 1899; x_wconf 89' lang='lat' dir='ltr'><strong>fuit,</strong></span> <span class='ocrx_word' id='word_1_80' title='bbox 668 1813 779 1881; x_wconf 90' lang='lat' dir='ltr'><strong>vicina</strong></span> <span class='ocrx_word' id='word_1_81' title='bbox 806 1819 880 1881; x_wconf 89' lang='lat' dir='ltr'><strong>erat</strong></span> <span class='ocrx_word' id='word_1_82' title='bbox 905 1808 1079 1882; x_wconf 90' lang='lat' dir='ltr'><strong>Behnesae</strong></span> <span class='ocrx_word' id='word_1_83' title='bbox 1106 1811 1288 1884; x_wconf 91' lang='lat' dir='ltr'><strong>secundum</strong></span> <span class='ocrx_word' id='word_1_84' title='bbox 1313 1808 1523 1901; x_wconf 79' lang='lat' dir='ltr'><strong>Mahrmium,</strong></span> <span class='ocrx_word' id='word_1_85' title='bbox 1550 1817 1585 1881; x_wconf 90' lang='lat' dir='ltr'><strong>et</strong></span> 
     </span>
     <span class='ocr_line' id='line_1_12' title="bbox 214 1924 1583 2022; baseline 0.001 -26"><span class='ocrx_word' id='word_1_86' title='bbox 214 1925 390 2021; x_wconf 83' lang='lat' dir='ltr'><strong>aliquando</strong></span> <span class='ocrx_word' id='word_1_87' title='bbox 417 1926 478 1998; x_wconf 91' lang='lat' dir='ltr'><strong>sub</strong></span> <span class='ocrx_word' id='word_1_88' title='bbox 497 1925 623 1999; x_wconf 84' lang='lat' dir='ltr'><strong>iisdem</strong></span> <span class='ocrx_word' id='word_1_89' title='bbox 649 1926 806 1998; x_wconf 89' lang='lat' dir='ltr'><strong>limitibus</strong></span> <span class='ocrx_word' id='word_1_90' title='bbox 833 1924 1090 2021; x_wconf 91' lang='lat' dir='ltr'><strong>comprehensa,</strong></span> <span class='ocrx_word' id='word_1_91' title='bbox 1125 1937 1223 2022; x_wconf 89' lang='lat' dir='ltr'><strong>atque</strong></span> <span class='ocrx_word' id='word_1_92' title='bbox 1259 1926 1345 1999; x_wconf 91' lang='lat' dir='ltr'><strong>adeo</strong></span> <span class='ocrx_word' id='word_1_93' title='bbox 1375 1930 1408 1998; x_wconf 95' lang='lat' dir='ltr'><strong>in</strong></span> <span class='ocrx_word' id='word_1_94' title='bbox 1441 1924 1583 1997; x_wconf 85' lang='lat' dir='ltr'><strong>Sahide:</strong></span> 
     </span>
     <span class='ocr_line' id='line_1_13' title="bbox 211 2041 1459 2139; baseline -0.001 -25"><span class='ocrx_word' id='word_1_95' title='bbox 211 2043 295 2114; x_wconf 90' lang='lat' dir='ltr'><strong>inter</strong></span> <span class='ocrx_word' id='word_1_96' title='bbox 323 2044 448 2136; x_wconf 89' lang='lat' dir='ltr'><strong>primas</strong></span> <span class='ocrx_word' id='word_1_97' title='bbox 474 2041 576 2114; x_wconf 90' lang='lat' dir='ltr'><strong>urbes</strong></span> <span class='ocrx_word' id='word_1_98' title='bbox 604 2044 746 2136; x_wconf 88' lang='lat' dir='ltr'><strong>quasin</strong></span> <span class='ocrx_word' id='word_1_99' title='bbox 774 2065 815 2113; x_wconf 90' lang='lat' dir='ltr'><strong>ea</strong></span> <span class='ocrx_word' id='word_1_100' title='bbox 834 2044 1015 2139; x_wconf 61' lang='lat' dir='ltr'><strong>‚provincia</strong></span> <span class='ocrx_word' id='word_1_101' title='bbox 1039 2043 1173 2116; x_wconf 90' lang='lat' dir='ltr'><strong>Arabes</strong></span> <span class='ocrx_word' id='word_1_102' title='bbox 1201 2051 1459 2139; x_wconf 89' lang='lat' dir='ltr'><strong>occupaverunt.</strong></span> 
     </span>
    </p>

    <p class='ocr_par' dir='ltr' id='par_1_4' title="bbox 211 2158 1585 2835">
     <span class='ocr_line' id='line_1_14' title="bbox 322 2158 1583 2256; baseline 0 -27"><span class='ocrx_word' id='word_1_103' title='bbox 322 2158 419 2229; x_wconf 76' lang='lat' dir='ltr'><strong>Tubu</strong></span> <span class='ocrx_word' id='word_1_104' title='bbox 444 2158 579 2230; x_wconf 90' lang='lat' dir='ltr'><strong>totidem</strong></span> <span class='ocrx_word' id='word_1_105' title='bbox 606 2180 716 2254; x_wconf 92' lang='lat' dir='ltr'><strong>pagos</strong></span> <span class='ocrx_word' id='word_1_106' title='bbox 731 2158 1026 2256; x_wconf 80' lang='lat' dir='ltr'><strong>complectebatur,</strong></span> <span class='ocrx_word' id='word_1_107' title='bbox 1052 2159 1232 2254; x_wconf 85' lang='lat' dir='ltr'><strong>habuitque</strong></span> <span class='ocrx_word' id='word_1_108' title='bbox 1260 2163 1359 2231; x_wconf 89' lang='lat' dir='ltr'><strong>etiam</strong></span> <span class='ocrx_word' id='word_1_109' title='bbox 1374 2158 1583 2255; x_wconf 86' lang='lat' dir='ltr'><strong>Episcopus:</strong></span> 
     </span>
     <span class='ocr_line' id='line_1_15' title="bbox 211 2272 1584 2370; baseline -0.001 -22"><span class='ocrx_word' id='word_1_110' title='bbox 211 2277 284 2348; x_wconf 93' lang='lat' dir='ltr'><strong>hnic</strong></span> <span class='ocrx_word' id='word_1_111' title='bbox 313 2277 481 2346; x_wconf 87' lang='lat' dir='ltr'><strong>territorio</strong></span> <span class='ocrx_word' id='word_1_112' title='bbox 509 2272 697 2367; x_wconf 87' lang='lat' dir='ltr'><strong>adjungitur</strong></span> <span class='ocrx_word' id='word_1_113' title='bbox 722 2278 867 2347; x_wconf 89' lang='lat' dir='ltr'><strong>vicinum</strong></span> <span class='ocrx_word' id='word_1_114' title='bbox 894 2277 959 2346; x_wconf 79' lang='lat' dir='ltr'><strong>Gis</strong></span> <span class='ocrx_word' id='word_1_115' title='bbox 988 2274 1174 2347; x_wconf 79' lang='lat' dir='ltr'><strong>Cbeaoudn</strong></span> <span class='ocrx_word' id='word_1_116' title='bbox 1200 2275 1333 2367; x_wconf 89' lang='lat' dir='ltr'><strong>dictum,</strong></span> <span class='ocrx_word' id='word_1_117' title='bbox 1360 2279 1393 2347; x_wconf 95' lang='lat' dir='ltr'><strong>in</strong></span> <span class='ocrx_word' id='word_1_118' title='bbox 1421 2297 1486 2370; x_wconf 93' lang='lat' dir='ltr'><strong>quo</strong></span> <span class='ocrx_word' id='word_1_119' title='bbox 1503 2277 1584 2370; x_wconf 92' lang='lat' dir='ltr'><strong>pagi</strong></span> 
     </span>
     <span class='ocr_line' id='line_1_16' title="bbox 213 2390 1585 2487; baseline -0.001 -22"><span class='ocrx_word' id='word_1_120' title='bbox 213 2404 306 2465; x_wconf 90' lang='lat' dir='ltr'><strong>octo:</strong></span> <span class='ocrx_word' id='word_1_121' title='bbox 336 2414 356 2462; x_wconf 90' lang='lat' dir='ltr'><strong>a</strong></span> <span class='ocrx_word' id='word_1_122' title='bbox 383 2390 539 2462; x_wconf 88' lang='lat' dir='ltr'><strong>Senudae</strong></span> <span class='ocrx_word' id='word_1_123' title='bbox 564 2391 770 2463; x_wconf 86' lang='lat' dir='ltr'><strong>Monasterio</strong></span> <span class='ocrx_word' id='word_1_124' title='bbox 796 2395 829 2462; x_wconf 94' lang='lat' dir='ltr'><strong>in</strong></span> <span class='ocrx_word' id='word_1_125' title='bbox 863 2413 905 2463; x_wconf 91' lang='lat' dir='ltr'><strong>eo</strong></span> <span class='ocrx_word' id='word_1_126' title='bbox 932 2391 1028 2483; x_wconf 92' lang='lat' dir='ltr'><strong>loco,</strong></span> <span class='ocrx_word' id='word_1_127' title='bbox 1067 2397 1161 2487; x_wconf 89' lang='lat' dir='ltr'><strong>cujus</strong></span> <span class='ocrx_word' id='word_1_128' title='bbox 1195 2396 1329 2467; x_wconf 93' lang='lat' dir='ltr'><strong>nomine</strong></span> <span class='ocrx_word' id='word_1_129' title='bbox 1360 2395 1470 2464; x_wconf 90' lang='lat' dir='ltr'><strong>notior</strong></span> <span class='ocrx_word' id='word_1_130' title='bbox 1497 2392 1585 2487; x_wconf 91' lang='lat' dir='ltr'><strong>apud</strong></span> 
     </span>
     <span class='ocr_line' id='line_1_17' title="bbox 212 2504 1583 2605; baseline 0.002 -26"><span class='ocrx_word' id='word_1_131' title='bbox 212 2505 418 2581; x_wconf 81' lang='lat' dir='ltr'><strong>Christianos</strong></span> <span class='ocrx_word' id='word_1_132' title='bbox 445 2504 523 2595; x_wconf 82' lang='lat' dir='ltr'><strong>huit,</strong></span> <span class='ocrx_word' id='word_1_133' title='bbox 551 2529 649 2602; x_wconf 89' lang='lat' dir='ltr'><strong>quam</strong></span> <span class='ocrx_word' id='word_1_134' title='bbox 677 2532 697 2579; x_wconf 94' lang='lat' dir='ltr'><strong>a</strong></span> <span class='ocrx_word' id='word_1_135' title='bbox 723 2507 806 2580; x_wconf 85' lang='lat' dir='ltr'><strong>Kiso</strong></span> <span class='ocrx_word' id='word_1_136' title='bbox 832 2507 1001 2580; x_wconf 89' lang='lat' dir='ltr'><strong>Harethae</strong></span> <span class='ocrx_word' id='word_1_137' title='bbox 1027 2508 1108 2598; x_wconf 90' lang='lat' dir='ltr'><strong>hlio,</strong></span> <span class='ocrx_word' id='word_1_138' title='bbox 1144 2532 1191 2582; x_wconf 83' lang='lat' dir='ltr'><strong>ex</strong></span> <span class='ocrx_word' id='word_1_139' title='bbox 1224 2512 1341 2605; x_wconf 90' lang='lat' dir='ltr'><strong>primis</strong></span> <span class='ocrx_word' id='word_1_140' title='bbox 1374 2508 1437 2582; x_wconf 91' lang='lat' dir='ltr'><strong>illis</strong></span> <span class='ocrx_word' id='word_1_141' title='bbox 1464 2507 1583 2582; x_wconf 81' lang='lat' dir='ltr'><strong>aetatis</strong></span> 
     </span>
     <span class='ocr_line' id='line_1_18' title="bbox 211 2621 1582 2719; baseline 0.001 -24"><span class='ocrx_word' id='word_1_142' title='bbox 211 2621 475 2713; x_wconf 87' lang='lat' dir='ltr'><strong>hiuhamedanis,</strong></span> <span class='ocrx_word' id='word_1_143' title='bbox 503 2626 558 2717; x_wconf 95' lang='lat' dir='ltr'><strong>qui</strong></span> <span class='ocrx_word' id='word_1_144' title='bbox 584 2627 658 2695; x_wconf 90' lang='lat' dir='ltr'><strong>eam</strong></span> <span class='ocrx_word' id='word_1_145' title='bbox 683 2627 718 2695; x_wconf 92' lang='lat' dir='ltr'><strong>in</strong></span> <span class='ocrx_word' id='word_1_146' title='bbox 743 2626 918 2717; x_wconf 85' lang='lat' dir='ltr'><strong>regionem</strong></span> <span class='ocrx_word' id='word_1_147' title='bbox 944 2646 1037 2698; x_wconf 91' lang='lat' dir='ltr'><strong>arma</strong></span> <span class='ocrx_word' id='word_1_148' title='bbox 1064 2625 1178 2698; x_wconf 83' lang='lat' dir='ltr'><strong>intulit</strong></span> <span class='ocrx_word' id='word_1_149' title='bbox 1205 2626 1283 2700; x_wconf 92' lang='lat' dir='ltr'><strong>Alia</strong></span> <span class='ocrx_word' id='word_1_150' title='bbox 1309 2636 1362 2698; x_wconf 90' lang='lat' dir='ltr'><strong>est</strong></span> <span class='ocrx_word' id='word_1_151' title='bbox 1387 2625 1468 2698; x_wconf 93' lang='lat' dir='ltr'><strong>urbs</strong></span> <span class='ocrx_word' id='word_1_152' title='bbox 1487 2623 1582 2719; x_wconf 89' lang='lat' dir='ltr'><strong>hujus</strong></span> 
     </span>
     <span class='ocr_line' id='line_1_19' title="bbox 212 2740 645 2835; baseline 0.012 -26"><span class='ocrx_word' id='word_1_153' title='bbox 212 2742 355 2812; x_wconf 90' lang='lat' dir='ltr'><strong>nominis</strong></span> <span class='ocrx_word' id='word_1_154' title='bbox 381 2761 487 2835; x_wconf 90' lang='lat' dir='ltr'><strong>prope</strong></span> <span class='ocrx_word' id='word_1_155' title='bbox 513 2740 645 2814; x_wconf 81' lang='lat' dir='ltr'><strong>Forma.</strong></span> 
     </span>
    </p>

    <p class='ocr_par' dir='ltr' id='par_1_5' title="bbox 212 2855 1584 3769">
     <span class='ocr_line' id='line_1_20' title="bbox 316 2855 1583 2954; baseline 0.002 -25"><span class='ocrx_word' id='word_1_156' title='bbox 316 2855 526 2929; x_wconf 78' lang='lat' dir='ltr'><strong>Aaciuooeio</strong></span> <span class='ocrx_word' id='word_1_157' title='bbox 560 2869 659 2952; x_wconf 90' lang='lat' dir='ltr'><strong>caput</strong></span> <span class='ocrx_word' id='word_1_158' title='bbox 692 2859 861 2950; x_wconf 80' lang='lat' dir='ltr'><strong>regionis,</strong></span> <span class='ocrx_word' id='word_1_159' title='bbox 901 2880 988 2952; x_wconf 92' lang='lat' dir='ltr'><strong>quae</strong></span> <span class='ocrx_word' id='word_1_160' title='bbox 1021 2869 1152 2930; x_wconf 77' lang='lat' dir='ltr'><strong>centum</strong></span> <span class='ocrx_word' id='word_1_161' title='bbox 1189 2860 1322 2950; x_wconf 88' lang='lat' dir='ltr'><strong>triginta</strong></span> <span class='ocrx_word' id='word_1_162' title='bbox 1361 2868 1430 2932; x_wconf 90' lang='lat' dir='ltr'><strong>tres</strong></span> <span class='ocrx_word' id='word_1_163' title='bbox 1472 2879 1583 2954; x_wconf 87' lang='lat' dir='ltr'><strong>pagos</strong></span> 
     </span>
     <span class='ocr_line' id='line_1_21' title="bbox 213 2970 1584 3069; baseline 0.001 -24"><span class='ocrx_word' id='word_1_164' title='bbox 213 2975 375 3045; x_wconf 89' lang='lat' dir='ltr'><strong>continet:</strong></span> <span class='ocrx_word' id='word_1_165' title='bbox 403 2983 456 3045; x_wconf 90' lang='lat' dir='ltr'><strong>est</strong></span> <span class='ocrx_word' id='word_1_166' title='bbox 482 2981 591 3044; x_wconf 91' lang='lat' dir='ltr'><strong>autem</strong></span> <span class='ocrx_word' id='word_1_167' title='bbox 616 2970 696 3046; x_wconf 91' lang='lat' dir='ltr'><strong>urbs</strong></span> <span class='ocrx_word' id='word_1_168' title='bbox 723 2975 809 3045; x_wconf 92' lang='lat' dir='ltr'><strong>inter</strong></span> <span class='ocrx_word' id='word_1_169' title='bbox 829 2972 1002 3048; x_wconf 89' lang='lat' dir='ltr'><strong>Sabidicas</strong></span> <span class='ocrx_word' id='word_1_170' title='bbox 1020 2978 1213 3069; x_wconf 88' lang='lat' dir='ltr'><strong>antiquitate</strong></span> <span class='ocrx_word' id='word_1_171' title='bbox 1240 2983 1274 3047; x_wconf 92' lang='lat' dir='ltr'><strong>et</strong></span> <span class='ocrx_word' id='word_1_172' title='bbox 1299 2974 1407 3047; x_wconf 89' lang='lat' dir='ltr'><strong>multis</strong></span> <span class='ocrx_word' id='word_1_173' title='bbox 1433 2974 1584 3048; x_wconf 83' lang='lat' dir='ltr'><strong>Arabum</strong></span> 
     </span>
     <span class='ocr_line' id='line_1_22' title="bbox 213 3087 1582 3192; baseline 0.001 -31"><span class='ocrx_word' id='word_1_174' title='bbox 213 3089 253 3161; x_wconf 93' lang='lat' dir='ltr'><strong>de</strong></span> <span class='ocrx_word' id='word_1_175' title='bbox 280 3112 325 3162; x_wconf 87' lang='lat' dir='ltr'><strong>ea</strong></span> <span class='ocrx_word' id='word_1_176' title='bbox 352 3087 603 3192; x_wconf 11' lang='lat' dir='ltr'><strong>narrationibus!</strong></span> <span class='ocrx_word' id='word_1_177' title='bbox 624 3088 776 3163; x_wconf 82' lang='lat' dir='ltr'><strong>celebris</strong></span> <span class='ocrx_word' id='word_1_178' title='bbox 829 3088 1065 3186; x_wconf 88' lang='lat' dir='ltr'><strong>Episcopalem</strong></span> <span class='ocrx_word' id='word_1_179' title='bbox 1099 3115 1119 3163; x_wconf 90' lang='lat' dir='ltr'><strong>a</strong></span> <span class='ocrx_word' id='word_1_180' title='bbox 1154 3089 1262 3163; x_wconf 91' lang='lat' dir='ltr'><strong>multis</strong></span> <span class='ocrx_word' id='word_1_181' title='bbox 1295 3091 1437 3165; x_wconf 86' lang='lat' dir='ltr'><strong>saeculis</strong></span> <span class='ocrx_word' id='word_1_182' title='bbox 1470 3089 1582 3165; x_wconf 94' lang='lat' dir='ltr'><strong>hono-</strong></span> 
     </span>
     <span class='ocr_line' id='line_1_23' title="bbox 212 3204 1583 3303; baseline 0.002 -27"><span class='ocrx_word' id='word_1_183' title='bbox 212 3227 284 3278; x_wconf 87' lang='lat' dir='ltr'><strong>rem</strong></span> <span class='ocrx_word' id='word_1_184' title='bbox 310 3208 397 3277; x_wconf 92' lang='lat' dir='ltr'><strong>inter</strong></span> <span class='ocrx_word' id='word_1_185' title='bbox 421 3204 594 3279; x_wconf 86' lang='lat' dir='ltr'><strong>Jacobitas</strong></span> <span class='ocrx_word' id='word_1_186' title='bbox 621 3204 748 3293; x_wconf 87' lang='lat' dir='ltr'><strong>habuit,</strong></span> <span class='ocrx_word' id='word_1_187' title='bbox 782 3216 816 3278; x_wconf 90' lang='lat' dir='ltr'><strong>et</strong></span> <span class='ocrx_word' id='word_1_188' title='bbox 841 3209 928 3277; x_wconf 91' lang='lat' dir='ltr'><strong>inter</strong></span> <span class='ocrx_word' id='word_1_189' title='bbox 952 3206 1142 3303; x_wconf 87' lang='lat' dir='ltr'><strong>Episcopos</strong></span> <span class='ocrx_word' id='word_1_190' title='bbox 1174 3228 1194 3275; x_wconf 93' lang='lat' dir='ltr'><strong>a</strong></span> <span class='ocrx_word' id='word_1_191' title='bbox 1221 3205 1371 3279; x_wconf 90' lang='lat' dir='ltr'><strong>doctrina</strong></span> <span class='ocrx_word' id='word_1_192' title='bbox 1406 3228 1583 3279; x_wconf 88' lang='lat' dir='ltr'><strong>commen-</strong></span> 
     </span>
     <span class='ocr_line' id='line_1_24' title="bbox 213 3322 1582 3419; baseline 0.001 -24"><span class='ocrx_word' id='word_1_193' title='bbox 213 3322 308 3395; x_wconf 89' lang='lat' dir='ltr'><strong>datus</strong></span> <span class='ocrx_word' id='word_1_194' title='bbox 345 3332 396 3392; x_wconf 88' lang='lat' dir='ltr'><strong>est</strong></span> <span class='ocrx_word' id='word_1_195' title='bbox 426 3325 615 3416; x_wconf 86' lang='lat' dir='ltr'><strong>praecipue</strong></span> <span class='ocrx_word' id='word_1_196' title='bbox 638 3324 685 3410; x_wconf 91' lang='lat' dir='ltr'><strong>is,</strong></span> <span class='ocrx_word' id='word_1_197' title='bbox 720 3325 814 3415; x_wconf 90' lang='lat' dir='ltr'><strong>cujus</strong></span> <span class='ocrx_word' id='word_1_198' title='bbox 848 3326 1043 3396; x_wconf 88' lang='lat' dir='ltr'><strong>testimoniis</strong></span> <span class='ocrx_word' id='word_1_199' title='bbox 1078 3323 1345 3419; x_wconf 83' lang='lat' dir='ltr'><strong>frequentissime</strong></span> <span class='ocrx_word' id='word_1_200' title='bbox 1378 3328 1430 3397; x_wconf 88' lang='lat' dir='ltr'><strong>usi</strong></span> <span class='ocrx_word' id='word_1_201' title='bbox 1457 3347 1582 3414; x_wconf 88' lang='lat' dir='ltr'><strong>sumus,</strong></span> 
     </span>
     <span class='ocr_line' id='line_1_25' title="bbox 213 3436 1583 3533; baseline 0 -21"><span class='ocrx_word' id='word_1_202' title='bbox 213 3439 365 3512; x_wconf 83' lang='lat' dir='ltr'><strong>Severus</strong></span> <span class='ocrx_word' id='word_1_203' title='bbox 391 3436 476 3509; x_wconf 87' lang='lat' dir='ltr'><strong>filius</strong></span> <span class='ocrx_word' id='word_1_204' title='bbox 502 3436 655 3529; x_wconf 85' lang='lat' dir='ltr'><strong>Moefah,</strong></span> <span class='ocrx_word' id='word_1_205' title='bbox 691 3441 746 3533; x_wconf 92' lang='lat' dir='ltr'><strong>qui</strong></span> <span class='ocrx_word' id='word_1_206' title='bbox 778 3438 917 3511; x_wconf 89' lang='lat' dir='ltr'><strong>aliorum</strong></span> <span class='ocrx_word' id='word_1_207' title='bbox 945 3448 1094 3512; x_wconf 91' lang='lat' dir='ltr'><strong>autorum</strong></span> <span class='ocrx_word' id='word_1_208' title='bbox 1122 3441 1287 3513; x_wconf 89' lang='lat' dir='ltr'><strong>Historias</strong></span> <span class='ocrx_word' id='word_1_209' title='bbox 1314 3444 1346 3511; x_wconf 93' lang='lat' dir='ltr'><strong>in</strong></span> <span class='ocrx_word' id='word_1_210' title='bbox 1372 3464 1470 3514; x_wconf 89' lang='lat' dir='ltr'><strong>unum</strong></span> <span class='ocrx_word' id='word_1_211' title='bbox 1498 3463 1583 3514; x_wconf 90' lang='lat' dir='ltr'><strong>cor·</strong></span> 
     </span>
     <span class='ocr_line' id='line_1_26' title="bbox 213 3552 1584 3652; baseline 0.001 -25"><span class='ocrx_word' id='word_1_212' title='bbox 213 3577 274 3651; x_wconf 90' lang='lat' dir='ltr'><strong>pus</strong></span> <span class='ocrx_word' id='word_1_213' title='bbox 301 3552 450 3645; x_wconf 83' lang='lat' dir='ltr'><strong>collegit,</strong></span> <span class='ocrx_word' id='word_1_214' title='bbox 478 3576 543 3649; x_wconf 94' lang='lat' dir='ltr'><strong>quo</strong></span> <span class='ocrx_word' id='word_1_215' title='bbox 570 3553 834 3626; x_wconf 90' lang='lat' dir='ltr'><strong>Patriarobarum</strong></span> <span class='ocrx_word' id='word_1_216' title='bbox 864 3556 1034 3629; x_wconf 89' lang='lat' dir='ltr'><strong>Historiae</strong></span> <span class='ocrx_word' id='word_1_217' title='bbox 1066 3559 1173 3652; x_wconf 90' lang='lat' dir='ltr'><strong>prima</strong></span> <span class='ocrx_word' id='word_1_218' title='bbox 1209 3577 1288 3652; x_wconf 90' lang='lat' dir='ltr'><strong>pars</strong></span> <span class='ocrx_word' id='word_1_219' title='bbox 1322 3560 1522 3630; x_wconf 86' lang='lat' dir='ltr'><strong>continetur:</strong></span> <span class='ocrx_word' id='word_1_220' title='bbox 1550 3567 1584 3629; x_wconf 89' lang='lat' dir='ltr'><strong>et</strong></span> 
     </span>
     <span class='ocr_line' id='line_1_27' title="bbox 214 3660 1582 3769; baseline 0.003 -27"><span class='ocrx_word' id='word_1_221' title='bbox 214 3674 266 3767; x_wconf 95' lang='lat' dir='ltr'><strong>qni</strong></span> <span class='ocrx_word' id='word_1_222' title='bbox 292 3669 395 3742; x_wconf 92' lang='lat' dir='ltr'><strong>multa</strong></span> <span class='ocrx_word' id='word_1_223' title='bbox 423 3670 487 3741; x_wconf 89' lang='lat' dir='ltr'><strong>alia</strong></span> <span class='ocrx_word' id='word_1_224' title='bbox 515 3693 618 3765; x_wconf 89' lang='lat' dir='ltr'><strong>opera</strong></span> <span class='ocrx_word' id='word_1_225' title='bbox 645 3670 850 3763; x_wconf 82' lang='lat' dir='ltr'><strong>Theologica</strong></span> <span class='ocrx_word' id='word_1_226' title='bbox 877 3676 1010 3768; x_wconf 90' lang='lat' dir='ltr'><strong>scripsit</strong></span> <span class='ocrx_word' id='word_1_227' title='bbox 1045 3672 1130 3745; x_wconf 90' lang='lat' dir='ltr'><strong>adeo</strong></span> <span class='ocrx_word' id='word_1_228' title='bbox 1162 3682 1198 3744; x_wconf 90' lang='lat' dir='ltr'><strong>ut</strong></span> <span class='ocrx_word' id='word_1_229' title='bbox 1224 3672 1385 3746; x_wconf 87' lang='lat' dir='ltr'><strong>habeatur</strong></span> <span class='ocrx_word' id='word_1_230' title='bbox 1410 3696 1494 3769; x_wconf 89' lang='lat' dir='ltr'><strong>prae</strong></span> <span class='ocrx_word' id='word_1_231' title='bbox 1519 3660 1582 3746; x_wconf 87' lang='lat' dir='ltr'><strong>re-</strong></span> 
     </span>
    </p>
   </div>
   <div class='ocr_carea' id='block_1_3' title="bbox 211 3786 1737 4119">
    <p class='ocr_par' dir='ltr' id='par_1_6' title="bbox 211 3786 1737 4119">
     <span class='ocr_line' id='line_1_28' title="bbox 213 3786 1582 3886; baseline 0.002 -26"><span class='ocrx_word' id='word_1_232' title='bbox 213 3788 310 3884; x_wconf 90' lang='lat' dir='ltr'><strong>liquis</strong></span> <span class='ocrx_word' id='word_1_233' title='bbox 338 3789 477 3878; x_wconf 89' lang='lat' dir='ltr'><strong>insignis</strong></span> <span class='ocrx_word' id='word_1_234' title='bbox 503 3786 705 3879; x_wconf 86' lang='lat' dir='ltr'><strong>Theologus.</strong></span> <span class='ocrx_word' id='word_1_235' title='bbox 737 3788 957 3860; x_wconf 86' lang='lat' dir='ltr'><strong>Meminerant</strong></span> <span class='ocrx_word' id='word_1_236' title='bbox 983 3790 1074 3863; x_wconf 89' lang='lat' dir='ltr'><strong>urbis</strong></span> <span class='ocrx_word' id='word_1_237' title='bbox 1100 3787 1306 3862; x_wconf 91' lang='lat' dir='ltr'><strong>Aschmonin</strong></span> <span class='ocrx_word' id='word_1_238' title='bbox 1332 3801 1488 3886; x_wconf 85' lang='lat' dir='ltr'><strong>tanquam</strong></span> <span class='ocrx_word' id='word_1_239' title='bbox 1516 3813 1582 3863; x_wconf 90' lang='lat' dir='ltr'><strong>an-</strong></span> 
     </span>
     <span class='ocr_line' id='line_1_29' title="bbox 211 3904 1737 4005; baseline 0.003 -29"><span class='ocrx_word' id='word_1_240' title='bbox 211 3908 418 4000; x_wconf 86' lang='lat' dir='ltr'><strong>tiquisshnae</strong></span> <span class='ocrx_word' id='word_1_241' title='bbox 444 3910 479 3978; x_wconf 92' lang='lat' dir='ltr'><strong>in</strong></span> <span class='ocrx_word' id='word_1_242' title='bbox 504 3907 613 3979; x_wconf 85' lang='lat' dir='ltr'><strong>media</strong></span> <span class='ocrx_word' id='word_1_243' title='bbox 640 3905 823 3996; x_wconf 78' lang='lat' dir='ltr'><strong>Thebaide,</strong></span> <span class='ocrx_word' id='word_1_244' title='bbox 849 3906 1018 3981; x_wconf 87' lang='lat' dir='ltr'><strong>Abulieda</strong></span> <span class='ocrx_word' id='word_1_245' title='bbox 1045 3918 1077 3978; x_wconf 88' lang='lat' dir='ltr'><strong>et</strong></span> <span class='ocrx_word' id='word_1_246' title='bbox 1105 3905 1160 3976; x_wconf 89' lang='lat' dir='ltr'><strong>alii</strong></span> <span class='ocrx_word' id='word_1_247' title='bbox 1184 3904 1392 4004; x_wconf 85' lang='lat' dir='ltr'><strong>Geographi:</strong></span> <span class='ocrx_word' id='word_1_248' title='bbox 1420 3911 1582 4005; x_wconf 89' lang='lat' dir='ltr'><strong>sitamque</strong></span> <span class='ocrx_word' id='word_1_249' title='bbox 1654 3926 1676 3963; x_wconf 81' lang='lat'><strong>0·</strong></span> <span class='ocrx_word' id='word_1_250' title='bbox 1730 3946 1737 3960; x_wconf 95' lang='lat'><strong>·</strong></span> 
     </span>
     <span class='ocr_line' id='line_1_30' title="bbox 213 4020 1085 4119; baseline 0 -26"><span class='ocrx_word' id='word_1_251' title='bbox 213 4020 319 4094; x_wconf 85' lang='lat' dir='ltr'><strong>fuisse</strong></span> <span class='ocrx_word' id='word_1_252' title='bbox 347 4032 507 4095; x_wconf 85' lang='lat' dir='ltr'><strong>testantur</strong></span> <span class='ocrx_word' id='word_1_253' title='bbox 534 4023 574 4094; x_wconf 89' lang='lat' dir='ltr'><strong>ad</strong></span> <span class='ocrx_word' id='word_1_254' title='bbox 602 4021 850 4095; x_wconf 85' lang='lat' dir='ltr'><strong>Occidentelem</strong></span> <span class='ocrx_word' id='word_1_255' title='bbox 875 4024 943 4095; x_wconf 92' lang='lat' dir='ltr'><strong>Nili</strong></span> <span class='ocrx_word' id='word_1_256' title='bbox 968 4027 1085 4119; x_wconf 90' lang='lat' dir='ltr'><strong>ripam.</strong></span> 
     </span>
    </p>
   </div>
   <div class='ocr_carea' id='block_1_4' title="bbox 214 4137 1585 5051">
    <p class='ocr_par' dir='ltr' id='par_1_7' title="bbox 214 4137 1585 5051">
     <span class='ocr_line' id='line_1_31' title="bbox 319 4137 1584 4235; baseline 0.002 -25"><span class='ocrx_word' id='word_1_257' title='bbox 319 4140 442 4210; x_wconf 71' lang='lat' dir='ltr'><strong>Aaou</strong></span> <span class='ocrx_word' id='word_1_258' title='bbox 467 4142 624 4234; x_wconf 89' lang='lat' dir='ltr'><strong>sequitur,</strong></span> <span class='ocrx_word' id='word_1_259' title='bbox 651 4138 731 4212; x_wconf 88' lang='lat' dir='ltr'><strong>urbs</strong></span> <span class='ocrx_word' id='word_1_260' title='bbox 758 4138 1113 4235; x_wconf 86' lang='lat' dir='ltr'><strong>etiamEpiscopalis,</strong></span> <span class='ocrx_word' id='word_1_261' title='bbox 1150 4160 1236 4233; x_wconf 89' lang='lat' dir='ltr'><strong>quae</strong></span> <span class='ocrx_word' id='word_1_262' title='bbox 1271 4137 1409 4235; x_wconf 89' lang='lat' dir='ltr'><strong>duplicis</strong></span> <span class='ocrx_word' id='word_1_263' title='bbox 1434 4143 1584 4232; x_wconf 85' lang='lat' dir='ltr'><strong>regionis</strong></span> 
     </span>
     <span class='ocr_line' id='line_1_32' title="bbox 215 4252 1584 4352; baseline 0.001 -25"><span class='ocrx_word' id='word_1_264' title='bbox 215 4265 315 4351; x_wconf 87' lang='lat' dir='ltr'><strong>caput</strong></span> <span class='ocrx_word' id='word_1_265' title='bbox 340 4255 420 4346; x_wconf 84' lang='lat' dir='ltr'><strong>iuit3</strong></span> <span class='ocrx_word' id='word_1_266' title='bbox 449 4257 643 4352; x_wconf 88' lang='lat' dir='ltr'><strong>superioris,</strong></span> <span class='ocrx_word' id='word_1_267' title='bbox 669 4258 703 4325; x_wconf 95' lang='lat' dir='ltr'><strong>in</strong></span> <span class='ocrx_word' id='word_1_268' title='bbox 730 4278 794 4350; x_wconf 91' lang='lat' dir='ltr'><strong>qua</strong></span> <span class='ocrx_word' id='word_1_269' title='bbox 820 4259 899 4350; x_wconf 89' lang='lat' dir='ltr'><strong>pagi</strong></span> <span class='ocrx_word' id='word_1_270' title='bbox 927 4254 1118 4328; x_wconf 88' lang='lat' dir='ltr'><strong>duodecim:</strong></span> <span class='ocrx_word' id='word_1_271' title='bbox 1146 4252 1330 4343; x_wconf 84' lang='lat' dir='ltr'><strong>inferioris,</strong></span> <span class='ocrx_word' id='word_1_272' title='bbox 1364 4258 1397 4326; x_wconf 94' lang='lat' dir='ltr'><strong>in</strong></span> <span class='ocrx_word' id='word_1_273' title='bbox 1424 4278 1488 4350; x_wconf 90' lang='lat' dir='ltr'><strong>qua</strong></span> <span class='ocrx_word' id='word_1_274' title='bbox 1514 4279 1584 4328; x_wconf 92' lang='lat' dir='ltr'><strong>nn·</strong></span> 
     </span>
     <span class='ocr_line' id='line_1_33' title="bbox 214 4369 1585 4466; baseline 0.003 -24"><span class='ocrx_word' id='word_1_275' title='bbox 214 4371 323 4444; x_wconf 86' lang='lat' dir='ltr'><strong>decim</strong></span> <span class='ocrx_word' id='word_1_276' title='bbox 350 4373 580 4447; x_wconf 86' lang='lat' dir='ltr'><strong>censebantur.</strong></span> <span class='ocrx_word' id='word_1_277' title='bbox 632 4370 718 4443; x_wconf 82' lang='lat' dir='ltr'><strong>Eam</strong></span> <span class='ocrx_word' id='word_1_278' title='bbox 750 4393 829 4445; x_wconf 89' lang='lat' dir='ltr'><strong>esse</strong></span> <span class='ocrx_word' id='word_1_279' title='bbox 861 4369 1158 4464; x_wconf 80' lang='lat' dir='ltr'><strong>Aetieocupolim,</strong></span> <span class='ocrx_word' id='word_1_280' title='bbox 1194 4369 1400 4466; x_wconf 85' lang='lat' dir='ltr'><strong>Coptitarum</strong></span> <span class='ocrx_word' id='word_1_281' title='bbox 1435 4381 1585 4446; x_wconf 87' lang='lat' dir='ltr'><strong>veterum</strong></span> 
     </span>
     <span class='ocr_line' id='line_1_34' title="bbox 216 4486 1585 4584; baseline -0.001 -22"><span class='ocrx_word' id='word_1_282' title='bbox 216 4491 330 4584; x_wconf 93' lang='lat' dir='ltr'><strong>opinio</strong></span> <span class='ocrx_word' id='word_1_283' title='bbox 357 4498 421 4578; x_wconf 87' lang='lat' dir='ltr'><strong>est,</strong></span> <span class='ocrx_word' id='word_1_284' title='bbox 448 4493 503 4584; x_wconf 94' lang='lat' dir='ltr'><strong>qui</strong></span> <span class='ocrx_word' id='word_1_285' title='bbox 527 4510 648 4561; x_wconf 87' lang='lat' dir='ltr'><strong>vocem</strong></span> <span class='ocrx_word' id='word_1_286' title='bbox 674 4489 797 4560; x_wconf 74' lang='lat' dir='ltr'><strong>Ama</strong></span> <span class='ocrx_word' id='word_1_287' title='bbox 821 4486 961 4560; x_wconf 92' lang='lat' dir='ltr'><strong>reddunt</strong></span> <span class='ocrx_word' id='word_1_288' title='bbox 986 4510 1047 4584; x_wconf 86' lang='lat' dir='ltr'><strong>per</strong></span> <span class='ocrx_word' id='word_1_289' title='bbox 1072 4495 1245 4561; x_wconf 78' lang='grc' dir='ltr'><em>Αντινου.</em></span> <span class='ocrx_word' id='word_1_290' title='bbox 1296 4487 1359 4559; x_wconf 86' lang='lat' dir='ltr'><strong>Est</strong></span> <span class='ocrx_word' id='word_1_291' title='bbox 1385 4498 1495 4558; x_wconf 89' lang='lat' dir='ltr'><strong>autem</strong></span> <span class='ocrx_word' id='word_1_292' title='bbox 1522 4511 1585 4562; x_wconf 92' lang='lat' dir='ltr'><strong>se-</strong></span> 
     </span>
     <span class='ocr_line' id='line_1_35' title="bbox 215 4600 1585 4697; baseline -0.001 -19"><span class='ocrx_word' id='word_1_293' title='bbox 215 4605 359 4678; x_wconf 87' lang='lat' dir='ltr'><strong>cundum</strong></span> <span class='ocrx_word' id='word_1_294' title='bbox 384 4604 604 4694; x_wconf 86' lang='lat' dir='ltr'><strong>Abnliedam,</strong></span> <span class='ocrx_word' id='word_1_295' title='bbox 639 4608 672 4676; x_wconf 90' lang='lat' dir='ltr'><strong>in</strong></span> <span class='ocrx_word' id='word_1_296' title='bbox 707 4602 829 4676; x_wconf 86' lang='lat' dir='ltr'><strong>Sabide</strong></span> <span class='ocrx_word' id='word_1_297' title='bbox 849 4604 984 4696; x_wconf 85' lang='lat' dir='ltr'><strong>media,</strong></span> <span class='ocrx_word' id='word_1_298' title='bbox 1016 4603 1059 4676; x_wconf 94' lang='lat' dir='ltr'><strong>ad</strong></span> <span class='ocrx_word' id='word_1_299' title='bbox 1092 4603 1294 4676; x_wconf 85' lang='lat' dir='ltr'><strong>Orientalem</strong></span> <span class='ocrx_word' id='word_1_300' title='bbox 1320 4600 1387 4674; x_wconf 92' lang='lat' dir='ltr'><strong>Nili</strong></span> <span class='ocrx_word' id='word_1_301' title='bbox 1412 4605 1536 4697; x_wconf 88' lang='lat' dir='ltr'><strong>ripam,</strong></span> <span class='ocrx_word' id='word_1_302' title='bbox 1564 4627 1585 4676; x_wconf 91' lang='lat' dir='ltr'><strong>e</strong></span> 
     </span>
     <span class='ocr_line' id='line_1_36' title="bbox 216 4719 1585 4817; baseline 0 -25"><span class='ocrx_word' id='word_1_303' title='bbox 216 4725 358 4815; x_wconf 87' lang='lat' dir='ltr'><strong>regione</strong></span> <span class='ocrx_word' id='word_1_304' title='bbox 398 4721 609 4794; x_wconf 87' lang='lat' dir='ltr'><strong>Aschmonin.</strong></span> <span class='ocrx_word' id='word_1_305' title='bbox 663 4722 700 4793; x_wconf 92' lang='lat' dir='ltr'><strong>ln</strong></span> <span class='ocrx_word' id='word_1_306' title='bbox 741 4742 782 4792; x_wconf 88' lang='lat' dir='ltr'><strong>ea</strong></span> <span class='ocrx_word' id='word_1_307' title='bbox 824 4743 955 4816; x_wconf 90' lang='lat' dir='ltr'><strong>quoque</strong></span> <span class='ocrx_word' id='word_1_308' title='bbox 994 4741 1176 4817; x_wconf 89' lang='lat' dir='ltr'><strong>superesse</strong></span> <span class='ocrx_word' id='word_1_309' title='bbox 1215 4719 1326 4790; x_wconf 90' lang='lat' dir='ltr'><strong>dicunt</strong></span> <span class='ocrx_word' id='word_1_310' title='bbox 1363 4721 1585 4814; x_wconf 87' lang='lat' dir='ltr'><strong>antiquissima</strong></span> 
     </span>
     <span class='ocr_line' id='line_1_37' title="bbox 217 4835 1584 4933; baseline 0 -23"><span class='ocrx_word' id='word_1_311' title='bbox 217 4842 323 4911; x_wconf 91' lang='lat' dir='ltr'><strong>omnis</strong></span> <span class='ocrx_word' id='word_1_312' title='bbox 349 4841 485 4931; x_wconf 88' lang='lat' dir='ltr'><strong>generis</strong></span> <span class='ocrx_word' id='word_1_313' title='bbox 511 4847 739 4912; x_wconf 88' lang='lat' dir='ltr'><strong>monumenta:</strong></span> <span class='ocrx_word' id='word_1_314' title='bbox 766 4836 827 4911; x_wconf 89' lang='lat' dir='ltr'><strong>sed</strong></span> <span class='ocrx_word' id='word_1_315' title='bbox 853 4860 898 4909; x_wconf 85' lang='lat' dir='ltr'><strong>ex</strong></span> <span class='ocrx_word' id='word_1_316' title='bbox 913 4836 1064 4910; x_wconf 88' lang='lat' dir='ltr'><strong>Arabum</strong></span> <span class='ocrx_word' id='word_1_317' title='bbox 1091 4837 1254 4933; x_wconf 88' lang='lat' dir='ltr'><strong>imperitia</strong></span> <span class='ocrx_word' id='word_1_318' title='bbox 1279 4835 1326 4927; x_wconf 89' lang='lat' dir='ltr'><strong>fit,</strong></span> <span class='ocrx_word' id='word_1_319' title='bbox 1353 4846 1389 4907; x_wconf 90' lang='lat' dir='ltr'><strong>ut</strong></span> <span class='ocrx_word' id='word_1_320' title='bbox 1406 4838 1584 4927; x_wconf 87' lang='lat' dir='ltr'><strong>nesciatur,</strong></span> 
     </span>
     <span class='ocr_line' id='line_1_38' title="bbox 218 4951 1585 5051; baseline 0.001 -25"><span class='ocrx_word' id='word_1_321' title='bbox 218 4976 261 5026; x_wconf 87' lang='lat' dir='ltr'><strong>an</strong></span> <span class='ocrx_word' id='word_1_322' title='bbox 287 4958 413 5028; x_wconf 89' lang='lat' dir='ltr'><strong>veteris</strong></span> <span class='ocrx_word' id='word_1_323' title='bbox 439 4954 495 5028; x_wconf 91' lang='lat' dir='ltr'><strong>illa</strong></span> <span class='ocrx_word' id='word_1_324' title='bbox 522 4958 587 5028; x_wconf 90' lang='lat' dir='ltr'><strong>sint</strong></span> <span class='ocrx_word' id='word_1_325' title='bbox 610 4955 846 5051; x_wconf 74' lang='lat' dir='ltr'><strong>Aegyptiacae</strong></span> <span class='ocrx_word' id='word_1_326' title='bbox 871 4956 1124 5051; x_wconf 87' lang='lat' dir='ltr'><strong>superstitionis,</strong></span> <span class='ocrx_word' id='word_1_327' title='bbox 1150 4975 1193 5026; x_wconf 91' lang='lat' dir='ltr'><strong>un</strong></span> <span class='ocrx_word' id='word_1_328' title='bbox 1218 4973 1305 5027; x_wconf 84' lang='lat' dir='ltr'><strong>vero</strong></span> <span class='ocrx_word' id='word_1_329' title='bbox 1332 4951 1374 5024; x_wconf 91' lang='lat' dir='ltr'><strong>ad</strong></span> <span class='ocrx_word' id='word_1_330' title='bbox 1400 4951 1585 5028; x_wconf 84' lang='lat' dir='ltr'><strong>Christiana</strong></span> 
     </span>
    </p>
   </div>
   <div class='ocr_carea' id='block_1_5' title="bbox 217 5070 1585 5264">
    <p class='ocr_par' dir='ltr' id='par_1_8' title="bbox 217 5070 1585 5264">
     <span class='ocr_line' id='line_1_39' title="bbox 217 5070 1585 5168; baseline 0 -26"><span class='ocrx_word' id='word_1_331' title='bbox 217 5080 367 5167; x_wconf 89' lang='lat' dir='ltr'><strong>tempora</strong></span> <span class='ocrx_word' id='word_1_332' title='bbox 393 5076 588 5168; x_wconf 88' lang='lat' dir='ltr'><strong>pertineant</strong></span> <span class='ocrx_word' id='word_1_333' title='bbox 640 5073 761 5168; x_wconf 88' lang='lat' dir='ltr'><strong>Aeque</strong></span> <span class='ocrx_word' id='word_1_334' title='bbox 794 5073 880 5143; x_wconf 90' lang='lat' dir='ltr'><strong>enim</strong></span> <span class='ocrx_word' id='word_1_335' title='bbox 912 5070 1000 5145; x_wconf 85' lang='lat' dir='ltr'><strong>idola</strong></span> <span class='ocrx_word' id='word_1_336' title='bbox 1033 5081 1157 5145; x_wconf 91' lang='lat' dir='ltr'><strong>vocant</strong></span> <span class='ocrx_word' id='word_1_337' title='bbox 1190 5091 1306 5144; x_wconf 90' lang='lat' dir='ltr'><strong>sacras</strong></span> <span class='ocrx_word' id='word_1_338' title='bbox 1338 5073 1519 5165; x_wconf 83' lang='lat' dir='ltr'><strong>imagines,</strong></span> <span class='ocrx_word' id='word_1_339' title='bbox 1550 5079 1585 5143; x_wconf 90' lang='lat' dir='ltr'><strong>et</strong></span> 
     </span>
     <span class='ocr_line' id='line_1_40' title="bbox 243 5188 1375 5264; baseline 0.009 -11"><span class='ocrx_word' id='word_1_340' title='bbox 243 5209 356 5254; x_wconf 79' lang='lat' dir='ltr'><strong>sonmo</strong></span> <span class='ocrx_word' id='word_1_341' title='bbox 1326 5188 1375 5264; x_wconf 83' lang='lat'><strong>70</strong></span> 
     </span>
    </p>
   </div>
   <div class='ocr_carea' id='block_1_6' title="bbox 0 0 2269 6034">
    <p class='ocr_par' dir='ltr' id='par_1_9' title="bbox 0 0 2269 6034">
     <span class='ocr_line' id='line_1_41' title="bbox 0 0 2269 6034; baseline 0 0"><span class='ocrx_word' id='word_1_342' title='bbox 0 0 2269 6034; x_wconf 95' lang='lat' dir='ltr'><strong> </strong></span> 
     </span>
    </p>
   </div>
  </div>
 </body>
</html>
