4525 6034
604 574 635 650 S.
677 575 933 652 MARUTAE
978 575 1289 658 GATHOLICI.
1558 587 1637 662 267

259 754 442 847 gloriosum
469 761 603 831 omnino
631 769 665 830 et
689 758 911 852 benedictum,
937 770 973 835 ut
999 766 1098 836 etium
1121 767 1255 839 Domini
1274 770 1380 842 nostri
1396 769 1479 843 lesu
1500 765 1635 862 Christi,

261 881 296 942 01
321 873 463 969 Spiritus
491 878 615 957 sancti,
641 897 747 967 nunc,
773 886 837 947 etc.

363 990 525 1083 Populus.
579 989 632 1061 Ut.

288 1189 294 1198 ¹
362 1104 547 1176 Sacerdos.
600 1105 685 1179 Pax.

361 1220 524 1313 Populos.
577 1220 722 1293 Etcum
750 1226 866 1317 spiritu
893 1234 959 1294 tuo.

362 1333 547 1407 Sacerdos.
600 1336 856 1410 Misericordiae
882 1339 1016 1410 Domini
1043 1341 1117 1410 sint.

362 1450 538 1522 Sacerdos
560 1455 697 1544 sraapit
722 1458 758 1523 et
782 1457 906 1546 signat

361 1566 548 1640 Diaconos.
601 1568 723 1640 lterum
750 1579 850 1662 atque
878 1573 1007 1640 iterum.

497 1909 673 1983 Sacerdos
699 1911 785 1982 dicit
811 1910 1011 1982 Orationem
1036 1917 1117 1982 cale
1143 1908 1245 1983 Pater
1270 1923 1396 1985 noster.
1534 2003 1537 2008 .

360 2116 455 2190 Deus
481 2118 582 2189 Pater
607 2138 693 2189 vere
719 2114 793 2188 Filii
825 2120 919 2204 veri,
952 2120 1027 2211 ipse
1059 2121 1154 2210 cujus
1187 2116 1305 2189 laudes
1339 2119 1426 2191 coeli
1462 2133 1632 2212 enarrant,

255 2243 290 2304 et
316 2237 410 2327 cujus
436 2233 580 2326 gloriam
608 2255 726 2306 omnes
753 2243 928 2305 creaturae
953 2234 1160 2327 praedicant,
1188 2243 1331 2307 terrast
1350 2237 1632 2311 mariamirncula

256 2352 329 2442 ejus
357 2349 602 2423 demonstrant:
626 2348 752 2441 Angeli
779 2360 815 2420 01
840 2347 991 2421 homines
1017 2353 1200 2444 praeconia
1227 2354 1300 2442 ejus
1326 2362 1463 2425 canunt:
1497 2364 1530 2424 10
1556 2376 1632 2425 cum

254 2468 414 2557 majestas
441 2468 566 2538 tua-sit
591 2465 849 2538 inaccessibilis:
877 2468 1023 2536 essentia
1045 2475 1100 2536 tua
1118 2465 1407 2558 ininvestigabilis,
1436 2465 1632 2542 abscondita

253 2593 371 2653 natura
386 2589 441 2652 tua
457 2579 734 2675 impenetrabilis:
751 2580 941 2674 infinitaque
956 2579 1181 2654 manifestatio
1200 2591 1271 2654 tua:
1287 2591 1320 2653 te
1341 2581 1492 2680 exaltant
1511 2607 1629 2658 omnes

255 2696 390 2778 ordines
412 2707 446 2768 ct
465 2696 600 2768 militiae
624 2695 805 2783 coelestes,
832 2694 876 2766 illi
896 2716 980 2788 qnos
1001 2699 1124 2768 creasti
1145 2696 1188 2768 ad
1208 2699 1424 2770 ministerium
1445 2702 1628 2792 majestatis

253 2823 341 2898 tuae,
368 2822 401 2882 et
423 2815 549 2884 ornasti
575 2811 677 2884 radiis
693 2811 876 2907 praeclaris
893 2809 1071 2883 divinitatis
1092 2823 1185 2884 tune:
1214 2815 1336 2908 qnippe
1351 2836 1413 2909 per
1439 2825 1472 2885 10
1500 2817 1629 2904 vivunt,

253 2937 431 2999 moventur
458 2935 491 2998 et
516 2927 751 3000 illuminantur:
780 2937 880 3021 atque
906 2924 1069 3020 obsequio
1096 2936 1254 2999 accurato
1283 2940 1317 3000 et
1350 2928 1485 3018 sedulo,
1516 2941 1631 3004 nutum

221 3042 481 3116 ,mandatorum
510 3053 638 3116 tuorum
666 3066 753 3137 quae
780 3040 969 3134 transgredi
995 3039 1091 3115 nefas
1118 3053 1182 3130 001,
1211 3042 1404 3117 observant.
1440 3045 1513 3118 Nos
1537 3069 1629 3141 quo-
1724 3076 1733 3086 ·

255 3182 320 3254 que
346 3159 462 3230 infirmi
490 3169 524 3230 et
549 3168 749 3253 peccatores
777 3160 954 3245 servitui,
982 3160 1153 3230 orationes
1181 3169 1214 3229 et
1240 3159 1500 3255 supplicationes
1517 3160 1629 3232 effun-

255 3275 360 3347 dimus
386 3297 501 3347 coram
529 3284 577 3346 te:
605 3274 786 3347 secundum
812 3275 1041 3365 magisterium
1068 3282 1102 3343 et
1128 3276 1363 3347 institutionem
1379 3274 1454 3347 Filii
1477 3281 1521 3347 tui
1549 3280 1629 3348 uni-

252 3394 374 3482 geniti:
402 3394 558 3484 quicum
582 3394 617 3462 in
643 3412 746 3462 carne
774 3400 866 3461 esset
891 3408 993 3482 super
1023 3395 1166 3475 1000001,
1199 3392 1386 3462 orationem
1419 3390 1628 3481 dominicam,

251 3510 285 3577 in
312 3529 377 3601 qua
405 3516 473 3579 tota
501 3505 591 3577 salus
617 3509 709 3578 vitae
734 3515 871 3577 nostrae
897 3506 1007 3598 posita
1034 3512 1097 3592 001,
1125 3503 1237 3576 docuit
1262 3527 1335 3577 nos.
1371 3506 1512 3578 Praesta
1528 3506 1628 3581 nohis

253 3621 396 3694 Domine
422 3623 528 3709 Deus,
555 3630 590 3693 ut
615 3619 705 3693 illam
731 3621 871 3693 fidenter
898 3623 1075 3691 recitemus
1102 3642 1216 3692 coram
1237 3629 1288 3692 te:
1317 3619 1565 3715 clamemusque
1586 3622 1628 3693 ad

251 3746 298 3827 10,
324 3737 426 3809 Pater
452 3740 657 3824 misericors,
686 3745 719 3807 et
746 3736 902 3808 dicamus.
956 3735 1058 3806 Pater
1083 3745 1200 3808 noster
1227 3739 1282 3830 qui
1309 3759 1347 3808 es
1373 3737 1408 3806 in
1434 3735 1548 3810 coelis.

354 3853 516 3946 Populos.
570 3852 809 3923 Sanctificetur.

353 3969 537 4040 Sacerdos.
590 3968 722 4040 Exaudi
749 3970 891 4040 Domine
917 3967 1186 4062 deprecationem
1214 3966 1327 4062 populi
1354 3970 1399 4039 tui
1434 3967 1560 4058 fidelis,
1594 3977 1628 4039 01

250 4084 358 4158 libers
386 4107 493 4168 0000
520 4084 622 4172 malo,
649 4093 728 4155 010
755 4084 912 4155 ministris
940 4085 1012 4173 ejus
1040 4081 1257 4155 daemonibus
1292 4085 1484 4177 corporeis,
1516 4091 1550 4154 01
1583 4082 1625 4155 ab

250 4204 340 4272 omni
362 4205 542 4273 tentatione
565 4223 652 4295 quae
672 4200 765 4272 vires
790 4207 934 4292 superet.
961 4195 1093 4269 Perfice
1112 4197 1199 4286 illos,
1218 4220 1281 4293 per
1300 4196 1505 4270 voluntatem
1521 4208 1626 4269 tuam:

249 4320 337 4389 nutri
364 4316 439 4390 illos
466 4339 528 4411 per
554 4319 695 4409 gratiam
721 4325 827 4402 tuam3
861 4323 895 4385 01
928 4317 1012 4386 satia
1045 4312 1120 4385 illos
1153 4311 1354 4408 pinguedine
1387 4313 1505 4385 domus
1535 4322 1626 4384 tuae:

250 4435 327 4527 quia
355 4443 443 4504 tunm
471 4442 523 4505 est
548 4455 707 4525 regnum,
733 4439 884 4526 potestas
913 4440 946 4501 et
973 4429 1095 4522 gloria,
1114 4440 1156 4526 ,01
1182 4428 1240 4500 tibi
1267 4428 1408 4521 gloriam
1435 4439 1469 4501 01
1494 4427 1626 4500 laudem

249 4546 452 4636 referemus,
480 4558 514 4619 et
540 4550 730 4639 unigenito,
759 4555 823 4617 etc.

352 4664 515 4757 Papulas.
567 4665 687 4736 Amen.

214 4831 229 4859 .
352 4779 537 4850 Sacerdos.
590 4780 674 4850 Pax.

353 4894 515 4986 Papulas.
568 4893 712 4966 Etcum
740 4894 855 4987 spiritu
882 4902 949 4964 tuo.

351 5008 539 5082 Diaconos.
592 5009 752 5081 Inclinato
778 5011 888 5103 capita
916 5017 1041 5081 vestra.

273 5147 361 5190 'lomus
373 5147 397 5190 11.
414 5183 418 5188 .
