4525 6034
1416 595 1569 671 238
2421 599 3134 680 LITURGIA

1621 784 1985 857 Sacerdos.
2091 784 2422 880 Propitius
2475 789 2674 879 igitur
2726 799 2872 861 esto
2928 788 3229 862 omnibus
3282 790 3722 885 iniquitatibus
3771 792 3993 864 nostris
4037 803 4092 865 et

1413 901 1672 975 illorum
1726 902 2049 991 DomIne,
2101 922 2322 997 neque
2374 906 2441 973 in
2493 908 2875 977 memoriam
2929 927 3218 978 revoces
3271 909 3541 978 crimina
3609 930 3779 1002 quae
3838 931 3874 979 a
3932 907 4095 979 nohis

1413 1028 1483 1090 et
1533 1018 1615 1091 ab
1671 1016 1797 1090 illis
1851 1021 2206 1090 commissa
2262 1028 2446 1091 sunt:
2500 1041 2736 1093 verum
2789 1042 2955 1113 rege
3007 1044 3132 1094 nos
3185 1026 3251 1093 in
3304 1022 3436 1095 hoc
3469 1023 3741 1095 saeculo
3793 1020 4017 1094 liberos
4061 1046 4094 1094 a

1407 1133 1668 1226 judiciis
1723 1145 1789 1207 et
1841 1139 2158 1227 angustiis
2177 1188 2199 1225 ,
2255 1144 2323 1207 et
2388 1140 2452 1207 in
2520 1136 2740 1210 futuro
2810 1137 2918 1209 fac
2988 1160 3115 1210 nos
3180 1142 3536 1238 pervenire
3605 1138 3688 1211 ad
3759 1136 4094 1210 habitacula

1413 1250 1598 1339 lucis,
1653 1251 1875 1345 gaudii
1929 1261 1998 1322 et
2055 1252 2382 1324 laetitiae:
2437 1263 2508 1325 ut
2560 1252 2665 1324 hic
2717 1262 2784 1325 et
2816 1253 2948 1326 illic
2974 1254 3446 1346 glorificemus,
3495 1254 3855 1345 laudemuS,
3900 1276 4097 1326 vene-

1410 1389 1633 1439 remur
1686 1376 1754 1439 et
1805 1368 2201 1441 extollamus
2253 1392 2495 1442 nomen
2549 1379 2725 1442 tuum
2786 1369 2984 1443 valde
3047 1370 3499 1443 honorandum
3570 1380 3636 1443 et
3698 1369 4097 1451 benedictum.
4152 1436 4159 1446 .

1412 1484 1732 1580 simulque
1784 1485 2050 1555 Domini
2103 1487 2314 1557 nostri
2365 1484 2528 1557 Jesu
2582 1484 2864 1574 Christi,
2919 1497 2987 1559 et
3038 1486 3317 1582 Spiritus
3369 1489 3462 1558 tui
3515 1488 3742 1560 sancti.

1616 1600 1937 1694 Populus.
2044 1600 2247 1671 Sicut.

1614 1717 1983 1788 Sacerdos.
2088 1717 2253 1788 Pax.

1615 1833 1933 1926 Populus.
2036 1833 2125 1904 Et
2175 1856 2323 1904 cum
2377 1837 2606 1928 spiritu
2661 1844 2792 1906 tuo.

1616 1948 1983 2021 Sacerdos.
2088 1948 2591 2022 Misericordiae
2643 1952 2771 2022 Dei
2824 1952 2968 2022 sint.

1616 2064 1877 2137 Postea
1921 2068 2190 2158 sranqit
2244 2064 2555 2136 oblatam
2606 2072 2675 2137 et
2725 2069 2950 2161 siqnat
3001 2067 3268 2138 dicens.-
3320 2064 3686 2139 Credimus.

1614 2180 1973 2252 Diaconus
2025 2183 2193 2252 dicit
2247 2181 2684 2253 Catholicam.

1882 2542 2231 2614 Sacerdos
2282 2543 2451 2613 dicit
2505 2542 2897 2614 Orationem
2947 2547 3108 2612 ante
3159 2540 3356 2612 Pater
3406 2551 3653 2613 noster.

1610 2764 1927 2861 Princeps
1982 2787 2225 2857 magne
2279 2775 2346 2835 et
2395 2765 2596 2836 Pater
2645 2788 2812 2837 vere
2875 2768 3212 2859 utriusque
3276 2763 3561 2851 saeculi,
3626 2761 3954 2853 Domine,
4014 2764 4104 2857 qui

1403 2903 1530 2954 nos
1585 2904 1677 2952 ex
1728 2881 1926 2954 nihilo
1981 2881 2288 2969 eduxisti,
2342 2892 2411 2952 ut
2464 2903 2788 2971 essemus,
2842 2891 2910 2953 et
2959 2885 3108 2953 vias
3160 2891 3380 2952 rectas
3434 2878 3687 2968 salutiS,
3742 2902 3873 2975 per
3897 2878 4100 2950 Filium

1402 3008 1582 3070 tuum
1633 3001 2040 3090 unigenitum
2093 2997 2373 3069 docuisti
2425 3019 2582 3069 nos:
2636 3009 2704 3069 tu
2755 3021 2928 3070 nunc
2981 3001 3177 3069 etiam
3229 3019 3351 3092 per
3397 2998 3673 3088 gratiam
3711 3005 3896 3068 tuam
3932 3020 4101 3069 com-

1401 3118 1659 3211 patiens
1711 3114 2054 3188 nobiscum
2107 3114 2427 3198 Domine,
2498 3113 2832 3185 sanctifica
2886 3124 3140 3185 mentes
3206 3123 3276 3184 et
3334 3113 3593 3204 linguas
3663 3121 3969 3201 nostras,
4033 3132 4101 3182 eo

1398 3230 1531 3303 fine
1583 3243 1653 3305 ut
1703 3254 1868 3328 pure
1922 3234 2311 3302 invocemus
2366 3240 2430 3301 te
2458 3228 2669 3301 Deum
2700 3229 2963 3302 Patrem
2992 3232 3525 3323 omnipotentem,
3579 3238 3907 3315 sanctum,
3958 3249 4100 3298 ore-

1401 3369 1678 3443 musque
1731 3357 1797 3418 et
1848 3346 2172 3418 dicamus:
2226 3347 2426 3417 Pater
2476 3355 2705 3417 noster
2760 3350 2869 3440 qui
2923 3369 2997 3417 es
3051 3350 3115 3416 in
3169 3345 3397 3417 coelis

1607 3462 1927 3556 Populus.
2033 3460 2508 3533 Sanctificetur.

1603 3578 1969 3649 Sacerdos.
2074 3577 2358 3672 Semper
2411 3587 2559 3649 esto
2626 3586 2956 3649 armatura
3025 3587 3286 3664 nostra,
3355 3577 3667 3648 Domine:
3738 3574 4098 3655 auxiliator,

1402 3702 1470 3765 ct
1521 3693 1816 3787 adjutor3
1889 3704 1955 3765 et
2006 3717 2045 3765 a
2098 3693 2565 3766 tentationibus
2626 3704 3102 3788 praeservator
3171 3702 3240 3764 et
3299 3691 3653 3764 liberator:
3724 3696 3885 3785 quia
3951 3701 4099 3762 tuum

1401 3819 1874 3902 est‚regnum,
1938 3819 2007 3881 et
2069 3814 2397 3906 potestas
2434 3822 2501 3881 et
2550 3809 2724 3895 lauS,
2788 3812 3236 3903 unigenitique
3287 3807 3436 3880 Filii
3501 3811 3626 3896 tui,
3697 3817 3769 3878 et
3842 3808 4097 3904 Spiritus

1399 3928 1524 4015 tui,
1577 3936 1702 3997 etc.

1604 4042 1925 4135 Populus.
2030 4043 2267 4115 Amen.

1602 4159 1969 4230 Sacerdos.
2073 4161 2239 4231 Pax.

1604 4274 1924 4368 Populus.
2026 4273 2113 4346 Et
2164 4297 2312 4346 cum
2366 4277 2597 4372 spiritu
2650 4285 2780 4347 tuo.

1602 4391 1975 4463 Diacoans.
2083 4390 2420 4463 Inclinate.

1605 4507 1925 4601 Populus.
2036 4504 2281 4579 Coram
2335 4518 2401 4580 te
2452 4506 2755 4581 Domine.

1601 4625 1967 4695 Sacerdos.
2070 4623 2438 4697 Adorande
2504 4626 2615 4720 qui
2675 4634 2780 4695 ter
2855 4623 3154 4695 adoraris
3175 4674 3196 4711 ,
3268 4632 3335 4694 et
3397 4628 3627 4694 sancte
3698 4619 4096 4713 glorificaris,

1398 4740 1734 4812 sanctifica
1785 4739 2071 4812 DomIne
2124 4743 2375 4812 animas
2442 4750 2510 4811 et
2575 4760 2859 4836 corpora
2929 4760 3157 4811 eorum
3223 4740 3333 4833 qui
3402 4757 3631 4809 coram
3696 4748 3763 4809 te
3833 4734 4097 4809 inclinati

1397 4867 1571 4945 sunt,
1626 4868 1697 4929 ut
1747 4866 1978 4929 sancte
2032 4859 2366 4951 mysteriis
2416 4859 2560 4929 istis
2614 4858 3188 4943 communicemuS,
3242 4864 3310 4926 et
3361 4853 3727 4927 referemus
3781 4851 3905 4926 tihi
3954 4850 4097 4945 glo-

1395 4974 1559 5044 riam
1580 5024 1602 5061 ,
1657 4984 1782 5045 etc.

1601 5088 1920 5181 Populus.
2023 5089 2264 5163 Amen.
