4525 6034
699 555 776 630 624
1207 554 1566 633 LITURGIb

695 746 794 819 tionis
820 742 1012 834 illuminato,
1038 751 1072 813 et
1099 744 1303 836 cogitatione
1328 753 1471 840 purgata
1498 742 1718 818 obedientiae.
1751 743 1954 839 Aspiciamns
1976 747 2036 817 sin-
2155 747 2160 756 '

697 861 858 954 gulariter
884 870 916 932 et
943 859 1117 931 videamus
1142 857 1261 931 Filium
1287 861 1490 952 unigenitum
1508 860 1629 949 Patris,
1656 858 1787 931 ductum
1806 858 1848 929 ad
1874 863 2038 955 passionen

698 1001 855 1071 magnam
881 980 1001 1048 erneis.

704 1105 718 1134 ¹
802 1096 843 1166 lo
870 1092 1079 1186 Epiphanio.
1134 1093 1197 1179 Qui
1224 1090 1358 1164 inclinat
1384 1103 1483 1187 caput
1509 1115 1603 1165 suum
1628 1092 1828 1189 baptismati.

801 1211 989 1281 Dtucomu.
1044 1210 1185 1282 Oremus
1213 1230 1331 1304 pacem
1356 1206 1540 1281 nobiscum.

802 1326 850 1397 Et
876 1326 960 1397 dicit
985 1324 1162 1397 Sacerdos
1187 1324 1277 1395 banc
1304 1329 1503 1397 orationem.
1552 1325 1750 1399 ODomine
1776 1334 1809 1395 et
1836 1323 1926 1396 Dens
1950 1313 2043 1396 noster
2156 1391 2164 1408 ,

698 1452 823 1516 coerce
850 1446 1071 1536 cogitationes
1098 1464 1205 1531 meas,
1232 1464 1275 1513 ne
1303 1452 1490 1535 evagentur
1522 1445 1556 1513 in
1581 1442 1783 1514 vanitatibus
1808 1439 1905 1532 buius
1931 1443 2044 1515 saeculi

856 1718 1032 1790 Sacerdos
1056 1719 1143 1790 dicit
1169 1718 1367 1789 Orationem
1392 1718 1482 1789 bunc
1509 1718 1742 1790 inclinationis
1766 1723 1914 1788 secreto.

804 1909 877 1982 Nos
911 1931 1043 2004 quoqne
1075 1909 1219 1981 Domine
1257 1910 1351 1982 Deus
1385 1908 1487 1980 Pater
1520 1907 1634 1998 fortis,
1674 1929 1968 1980 commemoramus
1997 1908 2048 1980 boc

699 2035 932 2123 pracceptum,
968 2035 1003 2097 et
1033 2023 1171 2097 salutem
1202 2049 1290 2121 quae
1321 2027 1427 2098 nostri
1459 2047 1562 2098 causa
1595 2023 1686 2098 facta
1720 2035 1780 2097 est.
1833 2024 1927 2095 Ante
1958 2028 2049 2096 omnia

687 2142 877 2232 credimus,
904 2151 938 2213 et
964 2142 1158 2214 confitemur
1185 2153 1218 2214 te
1243 2142 1337 2214 Deus
1362 2142 1464 2214 Pater
1489 2163 1583 2229 vere,
1611 2152 1644 2214 et
1669 2140 1788 2213 Filium
1815 2149 1983 2212 aeternnm
2005 2139 2051 2212 di·

699 2262 845 2334 vinitatis
872 2261 1092 2350 unigenitum,
1125 2262 1181 2353 qni
1216 2282 1262 2330 ex
1295 2269 1328 2331 te
1362 2267 1435 2347 est,
1469 2280 1531 2354 per
1562 2257 1938 2331 consubstantialitatem
1963 2267 2052 2327 tecum

700 2378 917 2468 conjunctim:
946 2374 1227 2470 dispensationem
1253 2378 1326 2467 ejus
1354 2373 1601 2465 admirabilem,
1633 2398 1718 2470 quae
1752 2397 1813 2471 per
1839 2374 2054 2445 humanitatem

698 2502 847 2565 nostram
874 2489 1002 2579 effecta,
1029 2500 1063 2562 et
1088 2502 1226 2589 propter
1253 2492 1391 2564 salutem
1418 2500 1565 2564 nostram
1593 2490 1817 2562 administrata
1844 2499 1912 2562 est:
1939 2511 2055 2561 crucem

700 2618 735 2681 et
760 2610 966 2706 passionem,
992 2618 1145 2698 mortem,
1172 2609 1386 2704 sepulturam,
1413 2611 1692 2679 resurrectionem
1719 2610 1816 2679 tertia
1844 2607 1918 2687 die,
1946 2630 2056 2679 ascen·

702 2730 830 2800 sionem
857 2727 891 2796 in
917 2722 1058 2813 coelum,
1091 2728 1279 2798 sessionem
1311 2727 1354 2800 ad
1386 2727 1581 2815 dexteram,
1617 2738 1651 2799 et
1683 2727 1862 2799 secundum
1898 2726 2058 2797 adventum

701 2842 744 2915 ad
770 2863 834 2913 nos
862 2840 1047 2934 gloriosum
1073 2839 1207 2915 Domini
1233 2848 1340 2916 nostri
1365 2845 1447 2917 Jesu
1475 2844 1607 2932 Christi,
1636 2848 1669 2915 in
1696 2866 1761 2937 qno
1784 2842 1993 2934 judicaturus
2015 2847 2057 2910 est
2173 2904 2174 2907 ,

699 2962 800 3031 vivos
828 2967 862 3030 et
886 2966 1052 3045 mortuos,
1079 2968 1114 3030 et
1140 2958 1325 3032 redditurus
1344 2963 1521 3056 unicuique
1535 2960 1716 3036 secundum
1741 2981 1846 3056 opera
1869 2982 1942 3032 sua.
1975 2956 2059 3029 Cou-
2182 2982 2186 2999 =

699 3076 830 3148 litamur
856 3077 955 3146 etiarn
982 3074 1141 3170 Spiritum
1168 3086 1328 3163 sanetum,
1357 3080 1411 3172 qni
1438 3087 1490 3148 est
1517 3077 1559 3149 de
1586 3076 1767 3150 substantia
1800 3075 1955 3168 gloriosa
1980 3073 2059 3144 divi-

699 3195 811 3265 nitatis
842 3202 934 3264 tuae:
971 3195 1026 3286 qui
1061 3201 1170 3264 tecum
1202 3202 1236 3264 et
1262 3215 1337 3265 cum
1363 3196 1533 3296 unigenito
1560 3204 1628 3286 tuo,
1655 3192 1812 3265 adoratur
1838 3200 1875 3263 et
1901 3189 2060 3282 glorifiea-

700 3320 769 3382 tur:
804 3319 837 3380 et
872 3306 1040 3381 oderimus
1072 3306 1130 3379 tibi
1167 3308 1363 3384 sacrificium
1398 3310 1463 3383 boc
1495 3314 1628 3399 vivum,
1663 3319 1828 3396 sanctum,
1855 3303 2061 3403 acceptabile,

700 3425 928 3521 praeclarum,
963 3436 998 3497 et
1029 3429 1256 3516 incruentum,
1287 3449 1351 3520 pro
1387 3426 1539 3500 omnibus
1566 3428 1743 3498 creaturis:
1769 3437 1803 3498 et
1822 3413 1894 3520 'pro
1920 3422 2061 3495 Ecclesia

702 3555 827 3631 sancto,
855 3542 1053 3638 Apostolioa
1081 3553 1115 3615 et
1150 3541 1338 3631 Catholica,
1373 3565 1459 3637 quae
1492 3554 1544 3615 est
1575 3566 1595 3614 a
1623 3540 1742 3614 finibus
1774 3563 1885 3637 usque
1919 3539 1961 3611 ad
1990 3539 2061 3610 inea

701 3670 831 3747 terrae,
864 3669 899 3729 ut
931 3680 1117 3732 conserves
1154 3682 1229 3731 eam
1260 3658 1547 3756 imperturbatam,
1586 3667 1620 3730 et
1650 3658 1800 3732 illaesam
1841 3655 1885 3728 ab
1923 3653 2061 3728 omnibus

702 3775 886 3864 scandalis,
919 3787 953 3847 et
983 3797 1052 3848 non
1087 3779 1130 3847 sit
1156 3779 1189 3847 in
1217 3799 1258 3849 ea
1283 3775 1434 3864 macula,
1465 3798 1574 3870 neque
1606 3773 1723 3864 lobes,
1748 3795 1859 3867 neque
1886 3795 1991 3864 ruga,
2014 3777 2061 3840 aut

701 3894 877 3991 quidquam
904 3893 1020 3965 simile.
1073 3892 1125 3964 Tu
1152 3894 1238 3963 enim
1266 3892 1377 3965 dixisti
1410 3915 1472 3987 per
1498 3891 1614 3964 Filium
1642 3903 1730 3963 tuum
1763 3892 1971 3981 unigenitum
1994 3888 2061 3960 Do-

701 4013 824 4082 minum
850 4019 999 4082 nostrum
1026 4009 1142 4082 lesum
1170 4008 1353 4097 Christum,
1381 4009 1468 4104 quod
1495 4017 1613 4082 vectes
1645 4006 1763 4078 inlemi
1790 4027 1859 4077 non
1886 4003 2061 4102 praevale-

701 4124 782 4199 bunt
815 4127 977 4200 adversus
1013 4148 1097 4198 eam.
1149 4124 1194 4197 Et
1223 4149 1285 4222 pro
1322 4126 1474 4199 omnibus
1510 4124 1689 4220 Episcopis
1729 4126 1762 4195 in
1807 4125 1901 4193 omui
1933 4120 2062 4193 locoet

701 4247 853 4336 regione,
881 4246 936 4338 qni
961 4243 1156 4339 praedicant
1180 4253 1306 4314 rectum
1334 4241 1475 4315 verbnm
1500 4240 1577 4313 fidei
1603 4263 1718 4312 verae.
1762 4238 1806 4309 Et
1831 4259 1897 4333 pro
1926 4233 2064 4320 omnbus

702 4359 953 4447 Sacerdotibus,
981 4362 1036 4454 qui
1063 4358 1253 4433 sacerdotio
1280 4357 1460 4451 funguutur
1487 4381 1600 4431 coram
1625 4367 1679 4444 te,
1712 4360 1744 4427 in
1767 4357 1898 4448 justitia
1932 4361 1966 4424 et
1990 4372 2062 4422 san-

700 4480 812 4549 ctitate
838 4479 998 4549 veritatis.
1052 4476 1097 4547 Et
1128 4499 1191 4573 pro
1227 4475 1378 4549 omnibus
1412 4475 1572 4547 Diaconis
1608 4476 1664 4569 qui
1698 4480 1908 4546 conservant
1941 4478 2064 4565 myste-

664 4687 665 4694 ἵ
698 4596 782 4666 rium
808 4592 885 4665 fidei
912 4604 990 4666 tuae
1015 4595 1048 4664 in
1075 4589 1281 4667 conscientia
1316 4605 1407 4688 pura.
1460 4590 1517 4663 Et·
1535 4613 1597 4687 pro
1632 4591 1720 4662 omui
1755 4598 1843 4660 statu
1879 4584 1995 4683 populi
2022 4583 2062 4654 tui

698 4713 745 4806 pii
771 4721 804 4782 et
831 4712 936 4784 sancti
962 4712 995 4781 in
1024 4732 1231 4805 quocumque
1257 4708 1345 4782 loco.
1397 4707 1441 4780 Et
1467 4729 1531 4804 pro
1563 4706 1714 4781 omnibus
1748 4706 1802 4799 qni
1834 4707 1984 4775 scienter
2013 4696 2062 4770 rel

699 4832 895 4920 ignoranter
920 4836 1147 4923 peecaverunt
1172 4836 1206 4897 et
1231 4826 1438 4899 offenderunt
1463 4847 1578 4904 coram
1603 4834 1647 4897 te.
1699 4821 1742 4893 Et
1776 4842 1838 4918 pro
1874 4842 1981 4893 servo
2012 4828 2060 4889 tro

703 4955 885 5041 peccatore
911 4953 946 5016 et
971 4946 1142 5016 criminum
1169 4965 1251 5033 reo,
1278 4966 1373 5039 quem
1401 4964 1463 5039 per
1497 4945 1637 5035 gratiam
1671 4950 1758 5011 tuam
1794 4937 1934 5029 dignum
1966 4931 2064 5009 fausti

705 5062 864 5134 ollerendi
891 5084 1003 5136 eoram
1032 5071 1065 5133 te
1091 5060 1176 5132 banc
1208 5060 1418 5134 oblationem.
1469 5057 1515 5130 Et
1547 5081 1610 5155 pro
1642 5055 1792 5128 omnibus
1827 5058 1885 5150 qui
1916 5047 2062 5139 landabi-
