4525 6034
20 4192 52 4247 ti

20 4306 74 4368 5n⁸u

681 450 1307 588 sntculssnstutl.
1637 512 1687 585 23

208 784 214 803 ,
307 700 408 765 cram
433 697 470 764 in
496 701 626 766 terram
651 718 755 789 osmer
777 699 893 790 [acics
917 706 1016 768 mas:
1041 699 1262 792 amramis
1282 695 1459 769 Sacerdm
1476 696 1692 791 Daspetieon

304 812 341 879 in
367 814 584 903 meminens,
611 818 768 884 canem
792 816 847 884 rui
868 820 991 906 parte,
1014 813 1247 908 somaditqaa
1274 835 1407 885 carseo
1429 835 1565 885 macera
1590 837 1692 885 anm

302 927 341 994 in
366 928 554 1018 ronanam
580 933 649 998 tan
674 928 815 1016 ednod,
840 934 879 1000 et
904 953 946 1002 eo
979 927 1131 1021 donabit
1166 954 1292 1024 corpas
1325 936 1479 1001 sanction
1511 933 1548 1000 in
1583 929 1690 1018 disco,

303 1062 411 1112 eruce
437 1065 524 1113 aaa:
549 1048 617 1113 trun
641 1043 794 1137 donabit
819 1067 894 1117 emn
918 1049 1022 1119 sanet
1046 1052 1213 1145 sanquine
1226 1049 1383 1142 pretioso
1404 1049 1440 1116 in
1456 1046 1588 1117 modam
1603 1069 1689 1117 cra-

303 1158 372 1244 cis,
401 1162 438 1228 et
462 1161 515 1227 ita
537 1160 699 1251 perficiet
729 1166 801 1231 tres
832 1164 1044 1255 madianei
1074 1168 1236 1260 corporis
1267 1184 1371 1257 super
1404 1165 1620 1254 sanamacns,
1656 1168 1692 1233 et
1829 1168 1832 1175 ’

304 1277 378 1342 tres
404 1296 453 1343 aa
477 1277 644 1366 sanquine
669 1298 773 1369 maer
800 1300 933 1371 carpas
986 1282 1151 1354 Peractis
1176 1302 1261 1353 aero
1286 1275 1536 1371 aenatoribus
1569 1276 1689 1365 tribas,

306 1391 417 1460 mittet
442 1388 658 1483 Despoticon
685 1395 721 1461 in
747 1398 961 1485 sanaainern,
989 1401 1083 1469 intra
1110 1398 1254 1469 wdicem
1280 1395 1416 1466 dicens:

361 1560 366 1568 .
411 1504 612 1579 Benedictus
639 1506 801 1581 Dominus
827 1506 927 1584 Jesus
955 1510 1106 1589 Christus
1132 1513 1238 1586 Filius
1252 1513 1316 1584 Dei
1336 1520 1371 1583 et
1385 1508 1528 1606 Spiritus
1543 1519 1689 1583 sanctus.

313 1618 427 1691 Amen.

416 1736 497 1806 Tam
518 1741 670 1831 accipiet
682 1739 859 1815 Sacerdtm
884 1748 1020 1815 tertiam
1042 1753 1178 1840 partem
1204 1747 1241 1816 in
1267 1766 1336 1839 aaa
1362 1747 1440 1813 erat
1464 1740 1689 1834 Daspeticom

317 1852 502 1946 dicidctw
531 1856 568 1924 in
602 1860 674 1926 tres
703 1863 842 1949 partes:
876 1861 967 1953 quad
991 1865 1023 1933 si
1044 1866 1179 1956 fremat
1202 1881 1363 1956 manae,
1394 1861 1536 1951 francet
1562 1880 1624 1929 eas
1654 1862 1690 1928 in

318 1968 421 2056 disco,
448 1974 485 2039 et
510 1976 582 2041 tres
604 1979 726 2065 partes
750 1977 865 2044 manni
891 1976 1039 2048 destrae
1064 1982 1228 2071 impona,
1256 1998 1356 2070 qaas
1380 1973 1543 2045 retinebit
1568 1972 1690 2044 cleva-

318 2089 398 2154 tan:
424 2084 557 2156 Deam
581 2109 666 2158 acro
693 2092 788 2160 intra
814 2091 941 2162 disarn
967 2100 1003 2164 ct
1028 2093 1128 2164 dicet.

414 2199 546 2298 Corpus
573 2213 786 2278 sanonum-et
807 2212 946 2300 sanguis
961 2210 1148 2303 pretiosus,
1168 2229 1289 2302 purus,
1316 2224 1438 2294 venus,
1464 2200 1547 2275 Jesu
1566 2204 1689 2278 Christi

318 2313 386 2386 Filii
409 2314 474 2388 Dei
499 2321 614 2391 nosti.
641 2320 763 2393 Amen.
818 2321 952 2418 Corpus
985 2332 1019 2395 et
1051 2325 1188 2415 sanguis
1214 2320 1442 2395 Emmanuelis
1476 2319 1541 2390 Dei
1570 2326 1690 2414 nostri,

319 2429 378 2503 doc
397 2440 448 2504 cst
463 2435 498 2504 in
511 2437 562 2505 rei
577 2438 730 2508 veritate.
755 2436 877 2511 Amen.
908 2436 1035 2530 Credo,
1056 2438 1172 2529 credo,
1199 2439 1303 2512 credo
1323 2446 1358 2510 et
1381 2435 1555 2525 condimur,
1582 2461 1690 2533 usque

321 2546 358 2618 sd
374 2558 555 2621 extr-emam
568 2554 661 2624 vitae
675 2555 837 2649 spiritum,
864 2553 929 2628 hoc
956 2577 1034 2628 esse
1062 2576 1184 2649 corpus
1210 2555 1379 2627 vivificum
1405 2550 1480 2625 Filii
1497 2555 1543 2623 tui
1563 2557 1690 2646 unige-

319 2664 370 2733 uiti
394 2663 525 2736 Domini
550 2666 616 2738 Dei
642 2678 677 2739 et
702 2667 893 2743 Salvatoris
928 2675 1036 2745 nostri
1066 2671 1152 2745 Jesu
1188 2670 1328 2744 Christi:
1365 2673 1496 2766 accepit
1529 2669 1609 2742 illud
1644 2694 1690 2743 ex

321 2782 451 2851 omnium
477 2791 627 2854 nostrum
653 2784 814 2877 Domina,
839 2787 1011 2884 Deipara‚
1037 2788 1127 2859 Diva
1155 2796 1189 2859 et
1221 2797 1336 2861 sancta
1360 2786 1490 2876 Maria,
1521 2796 1556 2857 et
1588 2806 1687 2857 unum

320 2891 389 2966 illud
412 2894 493 2968 iecit
518 2920 593 2970 cum
621 2899 793 2973 divinitate
821 2924 900 2991 sua,
928 2907 1002 2975 sine
1028 2902 1247 2994 confusione,
1274 2906 1523 2991 commistione,
1550 2910 1606 2973 aut
1633 2900 1689 2972 al-

320 3014 480 3084 teratione.
535 3012 720 3089 Confessus
751 3027 805 3090 est
830 3018 1078 3093 confessionem
1108 3019 1234 3092 bonam
1265 3040 1381 3090 coram
1415 3018 1536 3089 Pontio
1568 3017 1689 3105 Pilato,

321 3136 350 3197 et
371 3127 498 3201 tradidit
524 3152 564 3204 se
590 3135 699 3229 ipsum
724 3156 787 3230 pro
814 3133 913 3208 nobis
941 3158 1042 3231 super
1067 3136 1193 3227 lignum
1221 3137 1330 3207 crucis
1357 3143 1507 3221 sanctae,
1535 3130 1609 3206 sola
1636 3136 1689 3207 sni

321 3244 421 3337 ipsius·
438 3246 633 3337 voluntate,
659 3271 722 3345 pro
749 3250 849 3324 nobis
877 3249 1039 3325 omuibus.
1092 3250 1185 3322 Vere
1212 3249 1315 3323 credo
1347 3250 1451 3344 ipsius
1484 3247 1690 3321 divinitatem

320 3371 499 3454 separatam
525 3362 743 3453 narrasse,
771 3364 813 3438 ab
841 3368 946 3463 ipsius
978 3365 1201 3457 humanitate,
1235 3387 1279 3438 ne
1310 3368 1407 3437 unico
1441 3363 1574 3459 quidem
1606 3364 1689 3438 hora

320 3485 370 3547 ant
400 3481 488 3550 nictu
530 3480 632 3553 oculi:
672 3480 805 3554 tradidit
838 3481 918 3555 illud
955 3503 1018 3579 pro
1051 3482 1151 3556 nobis
1186 3480 1229 3554 ad
1264 3480 1421 3570 salutem,
1456 3481 1690 3552 remissionem

318 3602 519 3684 peecatorum
547 3605 582 3667 et
607 3599 711 3669 vitam
738 3608 909 3671 aeternam
936 3600 969 3670 ei
995 3602 1052 3693 qui
1077 3597 1157 3670 illud
1183 3600 1354 3694 percipiet.
1409 3594 1521 3669 Credo
1556 3594 1622 3669 hoc
1654 3599 1688 3667 in

318 3709 363 3779 rei
386 3714 528 3783 veriats
553 3714 599 3784 ita
627 3734 715 3784 esse.

410 3826 548 3897 Deinde
573 3826 750 3902 Sacerdos
776 3836 867 3925 teqet
893 3851 1019 3923 corpas
1044 3836 1197 3903 sanctina
1222 3827 1298 3899 celo
1329 3831 1482 3916 sericeo,
1516 3827 1588 3899 atio
1614 3827 1690 3900 'ob-

318 3939 421 4011 naiact
449 3965 568 4013 manas
593 3967 694 4032 raas,
727 3945 886 4016 similiter
917 3944 1098 4017 Diaconos
1128 3945 1272 4016 codicem
1306 3942 1505 4037 baabycina
1544 3947 1690 4036 operiet,

319 4058 380 4123 ran
402 4038 579 4130 Saeua
604 4065 709 4152 cans
733 4059 931 4151 raanan,
958 4068 993 4132 ec
1019 4060 1120 4133 atat.

415 4172 530 4246 Dmuis
556 4173 676 4265 honor,
703 4176 812 4268 gloria
840 4186 874 4248 et
900 4176 1051 4249 adoratio
1079 4175 1218 4248 debetur
1245 4175 1396 4246 Trinitati
1423 4184 1559 4248 emotae
1585 4175 1690 4268 Patri,

328 4289 398 4359 “o
425 4298 459 4360 et
484 4289 621 4386 Spiritui
648 4301 775 4364 sancto.

415 4403 552 4476 Deinde
577 4405 754 4478 Sacerdos
780 4407 991 4479 oscadaditar
1022 4409 1152 4496 altare,
1189 4413 1357 4502 caputque
1392 4405 1572 4477 inclinabit
1602 4410 1688 4499 fra-

204 4516 421 4632 sibus
444 4524 516 4591 sais
541 4520 805 4611 Sacerdotibus,
833 4531 869 4596 et
890 4525 1018 4618 poncio
1045 4526 1264 4596 mauronis
1289 4531 1325 4596 et
1343 4526 1593 4609 anisaorsarn,
1621 4523 1688 4593 de-

77 4651 86 4665 “
208 4640 405 4721 reyes
427 4637 517 4708 latas
543 4638 632 4709 disci
658 4661 776 4710 conara
801 4634 855 4730 se,
882 4647 1072 4736 canentque
1097 4664 1145 4712 ea
1164 4640 1308 4733 asaiam,
1336 4645 1371 4710 et
1395 4638 1488 4708 dicet
1512 4636 1688 4709 Sacerdos

217 4759 455 4826 secreto

414 4859 541 4964 Dignos
568 4870 622 4943 iac
648 4870 791 4945 Domine
817 4893 881 4947 nos
909 4895 1026 4947 omnes
1052 4883 1089 4944 nt
1114 4893 1237 4968 corpus
1263 4880 1354 4943 tuum
1386 4879 1535 4944 sancum
1566 4873 1686 4968 perci-

239 4971 459 5079 viamus,
501 4997 535 5060 et
568 4992 763 5080 sanguinem
798 4999 887 5062 tuum
921 4994 1104 5087 pretiosum
1141 4987 1182 5059 ad
1218 4985 1461 5060 mundationem
1496 5009 1687 5083 corporum,

302 5108 450 5168 '¹‘me
1428 5103 1476 5175 19
