4525 6034
577 559 1264 640 mtumunncotttulttsssasuu.
1526 560 1604 636 257

239 764 299 810 non
319 744 409 808 modo
432 763 449 808 a
471 745 596 828 populo,
619 748 670 829 qui
692 746 837 827 quaedam
861 745 980 829 vulgari
1007 763 1062 810 sua
1084 746 1187 831 lingua
1211 747 1403 827 acclamabat,
1427 747 1482 812 sed
1505 750 1604 826 etiam,

238 855 272 909 ut
292 865 364 910 mox
385 853 473 909 antea
495 846 686 910 observatum
709 853 766 924 est,
789 846 826 908 ab
849 848 922 928 ipsis
945 846 1158 910 Sacerdotibus
1181 855 1212 909 et
1233 847 1404 930 Episcopis,
1429 866 1497 910 curn
1519 848 1605 911 ordi-

238 954 397 1024 narentur,
426 953 459 1008 ιιι
487 946 608 1028 publico
638 945 718 1028 apud
747 945 867 1028 plebem
888 948 974 1010 vocis
996 964 1100 1010 eorum
1122 948 1292 1011 testimonio
1315 955 1485 1026 constaret,
1515 967 1604 1029 quam

237 1053 322 1108 recte
346 1044 385 1108 de
407 1048 544 1127 corporis
567 1054 598 1109 et
620 1046 775 1129 sanguinis
797 1045 944 1109 Dominici
966 1045 1160 1110 Sacramenta
1183 1048 1338 1109 sentirent.

325 1145 359 1207 ln
388 1153 451 1207 toto
473 1146 773 1223 lluhamedanonrm,
803 1164 891 1226 quam
921 1145 1062 1210 latissime
1085 1145 1207 1228 patabat
1228 1146 1375 1228 lmperio,
1397 1145 1603 1211 hlelchitarum

236 1263 293 1308 seu
316 1243 572 1331 orthodoxorum,
594 1244 856 1325 Jacobitarumque
878 1244 984 1308 iisdem
1006 1248 1037 1308 in
1058 1246 1133 1309 locis
1155 1264 1264 1330 magna
1291 1256 1357 1309 erat
1382 1246 1550 1310 multitudo:
1573 1255 1604 1310 et

236 1346 374 1425 quamvis
402 1346 594 1410 acerbissima
622 1353 726 1410 essent
755 1348 834 1408 inter
862 1354 965 1427 partes
988 1347 1073 1426 odia,
1097 1365 1137 1409 ex
1160 1348 1308 1409 communi
1329 1354 1428 1410 nmen
1450 1347 1604 1428 quotidia-

236 1462 340 1525 noque
364 1448 561 1524 commercio,
584 1463 644 1509 non
667 1445 755 1508 modo
778 1444 959 1510 familiaritas
982 1448 1061 1509 inter
1082 1446 1220 1509 homines
1242 1453 1345 1509 sectae
1367 1445 1522 1526 diversae,
1546 1447 1603 1510 sed

237 1547 329 1607 etiam
356 1544 516 1626 aliquando
544 1545 698 1609 affinitates
728 1545 954 1625 coalescebant,
984 1533 1119 1629 quamvis
1149 1546 1249 1608 multis
1271 1545 1507 1609 Patriarobarum
1530 1564 1600 1609 san·

235 1643 389 1707 ctionibus
422 1645 452 1706 id
480 1644 547 1707 heri
575 1645 796 1727 prohiberetur.
840 1644 873 1707 ln
902 1664 1015 1709 smnma
1042 1663 1180 1727 quoque,
1210 1645 1305 1726 qualis
1342 1645 1605 1710 afflictissimorum

236 1743 295 1806 sub
318 1742 459 1807 Barbarie
486 1743 612 1808 dominis
640 1764 711 1808 esse
741 1744 835 1824 solet,
863 1745 1019 1809 doctrinae
1048 1753 1079 1808 et
1100 1743 1229 1822 consilii,
1251 1745 1507 1827 spiritualiumque
1528 1746 1605 1808 sub-

236 1844 383 1908 sidiorum
405 1846 516 1927 inopia,
538 1845 604 1908 fieri
626 1844 714 1908 facile
735 1845 841 1927 potuit,
863 1854 896 1909 ιιι
918 1844 1078 1908 Christiani
1099 1843 1272 1923 llelehitae,
1302 1846 1354 1926 qui
1375 1863 1468 1926 saepe
1496 1852 1527 1908 et
1554 1845 1605 1907 diu

235 1960 297 2006 nec
319 1942 508 2006 Patriarcbas
530 1943 714 2024 hahuerunt,
744 1962 802 2007 nec
829 1943 1015 2027 Episcopus,
1046 1942 1146 2006 furtim
1169 1943 1206 2006 ad
1228 1942 1430 2007 Jacobitarum
1451 1943 1604 2007 Ecclesias

237 2041 432 2120 accederent,
461 2062 501 2105 ne
526 2045 719 2108 Sacramenta
741 2046 880 2125 corporis
903 2050 934 2106 et
954 2044 1108 2127 sanguinis
1131 2041 1243 2106 Christi
1264 2043 1382 2124 penitus
1405 2043 1605 2123 privarentur.

236 2143 272 2205 ld
295 2144 374 2205 enim
395 2161 456 2205 non
479 2142 686 2225 infrequenter
714 2143 860 2207 accidisse
883 2151 915 2206 ut
938 2144 1158 2221 existimemus,
1187 2141 1298 2205 faciunt
1326 2140 1440 2205 diversi
1467 2143 1606 2207 Canones

1668 1163 1748 1234 Origo
1770 1162 1926 1221 additionum

1650 1265 1717 1319 qnae
1764 1248 1926 1307 Confessioui

1650 1334 1733 1388 factae
1756 1346 1822 1392 sunt.

234 2242 481 2324 poenitentiales,
504 2244 651 2307 adversus
668 2262 722 2307 eos
745 2247 796 2326 qui
818 2244 897 2327 apud
919 2242 1097 2306 Haereticos
1112 2242 1304 2307 Sacramenta
1327 2242 1511 2324 acciperent,
1526 2260 1607 2324 quo-
1709 2304 1712 2311 ,
1806 2275 1808 2288 ι

240 2353 318 2405 rum'
331 2343 466 2405 nonnulli
489 2344 631 2427 leguntur
653 2345 683 2405 in
706 2343 891 2408 Collectione
913 2343 1074 2420 Barsalibi,
1097 2343 1146 2406 alii
1162 2342 1192 2403 in
1214 2342 1312 2404 multis
1335 2328 1539 2418 ἀδεσπότοις.
1568 2341 1608 2405 Ut

239 2443 335 2524 igitur
355 2441 510 2506 Jacobitae
533 2451 677 2506 caverent
708 2463 725 2506 a
755 2445 1021 2507 communicatione
1048 2442 1099 2504 illa
1121 2443 1381 2506 sacramentorum
1403 2463 1470 2507 cum
1492 2441 1607 2507 Ortho-

239 2543 329 2604 doxis
351 2540 510 2621 llelchitis,
532 2561 589 2605 seu
611 2550 643 2605 ut
665 2562 720 2606 eos
748 2551 858 2605 vocant
881 2542 1192 2620 Calchedonensibus,
1223 2559 1299 2623 quos
1327 2541 1499 2606 haereticos
1522 2542 1608 2625 jndi-

240 2641 359 2717 cabant,
382 2640 522 2704 videntur
544 2642 718 2721 instituisse,
741 2651 774 2705 ut
796 2644 826 2704 in
848 2644 914 2724 ipsa
944 2641 1159 2705 communionis
1187 2638 1277 2716 hora,
1298 2658 1360 2703 non
1381 2640 1471 2705 modo
1495 2643 1607 2725 exige-

239 2747 326 2803 retur
348 2739 387 2803 de
410 2743 547 2822 corporis
570 2743 785 2824 sanguinisque
808 2742 946 2804 domiaiei
969 2743 1096 2804 veritate
1117 2738 1288 2816 Confessio,
1311 2741 1366 2803 sed
1390 2743 1479 2805 etiam
1502 2750 1534 2805 ut
1556 2743 1607 2806 illa

240 2858 309 2901 cum
331 2839 524 2921 professione
545 2840 729 2905 Jacobiticae
760 2841 828 2903 fidei
852 2841 1103 2923 conjungeretur,
1135 2857 1174 2901 ne
1202 2839 1251 2900 cui
1281 2838 1473 2904 Sacramenta
1501 2842 1608 2905 distri-

239 2938 382 3017 buerent,
405 2942 456 3020 qui
478 2960 544 3003 eam
574 2941 653 3022 apud
675 2940 854 3004 Sacerdotes
884 2957 943 3003 non
974 2939 1160 3021 protulisset.
1204 2937 1250 3000 Eo
1279 2940 1357 3001 enim
1383 2943 1508 3022 proprie
1530 2959 1608 3023 per-

240 3041 338 3101 tinent
361 3039 455 3102 verba
477 3040 526 3103 illa
549 3057 628 3120 quae
650 3043 800 3120 posterius
823 3039 923 3102 additu
946 3039 1040 3102 fuisse
1063 3038 1301 3116 observavimus,
1322 3038 1398 3117 fecit
1424 3039 1498 3101 illud
1518 3061 1609 3103 mum

241 3157 310 3199 mon
331 3139 489 3201 dicturae
510 3158 577 3217 nro,
601 3140 631 3201 in
654 3140 761 3220 quibus
784 3141 841 3201 sita
864 3147 911 3202 est
934 3138 1093 3202 Confessio
1116 3137 1236 3199 unitatis
1259 3145 1440 3216 naturarum,
1464 3139 1609 3220 quaele-

241 3236 411 3300 cobitarum
433 3231 597 3320 praecipua
619 3238 754 3301 doctrina
777 3247 840 3301 est:
864 3257 941 3319 quae
964 3237 1056 3300 verba
1078 3254 1139 3300 non
1161 3238 1218 3299 nisi
1239 3244 1308 3317 post
1326 3237 1514 3301 undecimum
1536 3258 1608 3303 sae-

242 3334 344 3398 culum
372 3338 510 3418 antiquae
541 3336 686 3400 formulae
714 3340 881 3400 accessisse
911 3336 1254 3406 admodumsverisimile
1277 3343 1333 3401 est.
1377 3336 1451 3399 Nam
1473 3339 1500 3400 si
1522 3346 1609 3402 antea

241 3436 273 3496 in
296 3453 353 3498 usu
375 3436 453 3517 apud
476 3436 628 3500 Ecclesias
652 3436 790 3512 fuissent,
812 3439 946 3519 ignorari
969 3455 1028 3499 non
1051 3443 1192 3518 poterant
1214 3455 1231 3498 a
1253 3434 1407 3498 llonachis
1430 3439 1526 3499 saneti
1540 3437 1609 3500 lla-

240 3536 327 3612 earii,
350 3535 380 3597 in
403 3553 529 3616 quorum
551 3536 698 3613 Ecclesia,
721 3555 805 3599 more
824 3537 887 3618 jam
909 3557 926 3598 a
949 3536 1047 3599 multis
1070 3535 1200 3598 saeculis
1223 3534 1400 3614 observato,
1431 3555 1527 3600 novus
1549 3538 1609 3600 Pa-

240 3633 373 3696 triareha
395 3634 586 3716 proclamari,
610 3643 641 3699 et
662 3635 826 3719 Liturgiam
849 3635 1006 3698 celebrare
1029 3634 1204 3713 tenebatur,
1232 3636 1261 3697 in
1285 3652 1343 3715 qna
1366 3634 1526 3699 Confessio
1550 3638 1609 3700 alta

241 3751 321 3795 voce
343 3734 537 3812 recitabatur,
560 3734 780 3817 audiebantque
802 3755 868 3798 eam
890 3735 1042 3798 adstantes
1065 3753 1178 3797 omnes.
1208 3734 1282 3797 Cum
1304 3735 1397 3816 igitur
1418 3736 1529 3800 additio
1558 3737 1608 3800 illa

239 3833 405 3898 llonacbos
427 3834 492 3897 solu
515 3837 648 3897 novitate
661 3835 836 3917 perculerit,
859 3835 938 3898 forte
961 3853 1020 3898 noo
1041 3835 1142 3898 fuerat
1155 3834 1358 3897 Alexandriae
1380 3843 1523 3918 usurpata
1539 3844 1608 3899 ante

241 3931 414 3996 Gabrielem
436 3932 526 3995 filium
549 3934 668 4012 Tarich,
692 3934 746 3998 sed
768 3943 802 3997 ut
823 3936 890 4016 ipse
913 3933 1076 3997 excusandi
1098 3934 1145 3997 sui
1159 3952 1250 3997 causa
1270 3935 1398 4013 dicebat,
1420 3936 1609 4017 praescripta

240 4031 342 4095 fuerat
371 4032 408 4095 ab
438 4033 597 4114 Episcopis
628 4034 679 4114 qui
702 4053 770 4097 eum
791 4035 1021 4112 ordinaverant,
1046 4052 1063 4095 a
1086 4034 1211 4114 quihus,
1234 4054 1271 4097 ea
1299 4053 1386 4116 qnam
1415 4038 1609 4117 exposuimus

241 4133 370 4211 ratione,
394 4133 567 4196 necessaria
586 4133 718 4214 judicata
741 4132 849 4211 fuerat,
872 4142 905 4196 ιιι
926 4151 944 4195 a
965 4132 1110 4195 tacebitis
1132 4132 1290 4197 llelehitao
1314 4134 1451 4216 dignosci
1473 4144 1608 4216 possent.

241 4231 275 4293 ld
306 4250 380 4294 vero
410 4249 470 4293 non
500 4231 658 4294 videbatur
687 4241 745 4295 tam
773 4234 978 4297 necessarium
1009 4234 1038 4294 in
1066 4233 1249 4296 Monasterio
1279 4235 1375 4297 saneti
1396 4234 1535 4313 Macarii,
1560 4237 1610 4316 ubi

241 4331 311 4393 talis
334 4348 502 4393 concursus
525 4350 678 4395 essenon
701 4339 838 4414 poterat,
867 4335 938 4414 quin
961 4333 1024 4395 noti
1054 4339 1157 4394 essent
1179 4332 1438 4396 Archimandritae
1472 4342 1503 4396 et
1524 4333 1610 4396 Reli-

242 4430 350 4512 giosiS,
374 4447 478 4492 omnes
501 4432 552 4510 qni
575 4447 613 4493 co
636 4430 704 4493 loco
728 4430 765 4494 ad
788 4434 1024 4494 communionem
1047 4431 1238 4494 accederent.
1269 4432 1417 4513 Quidquid
1440 4435 1488 4508 sit,
1512 4451 1611 4516 neque

242 4531 322 4592 enim
345 4537 522 4612 argumenta
544 4538 627 4593 certa
651 4540 823 4612 suppetunt,
847 4533 955 4613 quibus
978 4531 1052 4593 haec
1076 4540 1180 4593 nostra
1208 4533 1381 4613 conjectura
1410 4532 1610 4597 demonstrari

243 4637 345 4710 queat,
375 4645 442 4691 eam
472 4630 664 4692 verisimilem
695 4631 890 4709 arbitramur,
913 4641 944 4695 et
973 4631 1197 4695 Alexandrinae
1226 4632 1426 4695 Jacobitarum
1454 4630 1611 4696 Ecclesiae

243 4728 377 4791 moribus
401 4728 490 4809 plane
513 4738 756 4796 consentaneam.
802 4733 908 4814 Neque
931 4733 1009 4794 enim
1032 4731 1121 4814 objici
1146 4731 1292 4794 adversus
1321 4751 1388 4794 eam
1409 4739 1527 4813 potest,
1554 4731 1608 4794 la·

244 4826 361 4890 cohitas
391 4845 510 4908 quoque
540 4828 719 4893 Antiochiae
747 4840 778 4895 et
810 4833 907 4896 multis
942 4833 1008 4895 aliis
1038 4833 1067 4893 in
1095 4830 1219 4894 urbibus
1251 4838 1281 4893 et
1310 4833 1474 4912 provinciis
1505 4832 1612 4895 eadem

243 4926 336 5007 plane
358 4927 475 4991 ratione
498 4947 565 4991 cum
586 4928 734 4993 Melchitis
758 4935 945 5010 commistos,
977 4951 1075 5013 neque
1105 4941 1203 4993 tamen
1226 4929 1321 4994 simile
1351 4931 1508 5012 quidquam
1533 4930 1611 5013 apud

243 5024 315 5087 illos
338 5033 425 5088 extra
448 5026 622 5110 Aegyptum
646 5029 816 5096 observari.
861 5033 973 5095 Verum
1003 5030 1033 5093 id
1055 5048 1145 5106 sane,
1172 5049 1229 5093 nec
1259 5040 1358 5142 tamen
1391 5032 1503 5095 ideirco
1534 5048 1612 5094 oon-
