4525 6034
522 633 569 709 IN
598 633 853 710 titubatis
887 633 1299 713 NESTORIANORUM.
1514 637 1594 712 607

222 815 280 879 dos
300 817 499 897 opprebmdtt
518 837 640 881 manum
661 821 725 899 ejus
747 821 890 882 dextram
904 827 935 882 et
946 819 1040 900 infert
1050 822 1081 882 in
1097 830 1211 901 patemo
1228 822 1342 899 dicens,
1359 821 1462 886 Gloria
1472 822 1592 887 Domini

221 916 329 978 nostri.
359 917 495 980 Diacono
518 917 645 980 traditur
667 917 745 980 calix
767 927 800 981 ιιι
822 920 1059 981 communionem
1070 918 1171 982 Laicis
1186 918 1385 997 administret;
1408 921 1592 988 sedmanum

221 1013 307 1078 disco
330 1034 391 1080 non
413 1016 514 1094 infert,
537 1035 604 1080 cum
625 1018 844 1081 Eucharistiam
867 1035 928 1081 noa
949 1025 1061 1100 tangat.

708 1280 768 1352 19.
810 1279 944 1351 Sancto
969 1283 1108 1353 salectis.

318 1470 377 1551 To}
399 1471 477 1567 ἅγια
498 1483 570 1556 τοῖς
590 1472 703 1567 ἁγίοις.
726 1483 825 1567 Vulgo
849 1483 958 1547 dicitur
974 1484 1091 1548 Graeca
1114 1487 1250 1549 oratione
1263 1495 1383 1550 servata
1396 1487 1592 1550 adhonorem

221 1587 402 1667 antiquitatis
425 1589 456 1649 in
469 1587 606 1650 Ecclesia
629 1587 846 1668 Alexandrina,
870 1588 900 1649 in
923 1607 981 1670 quo
1004 1589 1092 1650 etiam
1114 1591 1241 1652 maxima
1264 1591 1400 1654 brevium
1422 1591 1590 1654 orationum

221 1703 302 1766 pars,
325 1705 402 1768 quae
416 1686 729 1750 dicunturaDiacono
753 1696 784 1750 et
806 1706 823 1750 a
845 1686 970 1768 populo,
994 1686 1111 1750 Graeca
1132 1689 1376 1770 pronuntiantur.
1399 1689 1432 1752 ln
1443 1689 1588 1772 Syriacis,

220 1785 392 1867 aliquando,
414 1795 446 1849 ut
468 1787 516 1851 bio
539 1788 742 1868 explicantur,
766 1806 872 1874 nempe
895 1795 929 1848 ut
951 1787 1137 1869 significetur
1160 1789 1351 1853 Sacramenta
1374 1807 1430 1852 seu
1447 1791 1592 1873 mysteria

219 1903 280 1949 non
303 1885 368 1948 aliis
391 1886 535 1950 tradenda
558 1906 627 1950 esse
650 1906 738 1970 quam
761 1888 889 1965 sanctis,
920 1887 978 1948 hoo
1006 1894 1052 1948 est
1079 1887 1139 1950 illis
1170 1890 1222 1969 qui
1250 1888 1360 1951 nullius
1389 1890 1446 1953 sibi
1472 1893 1592 1971 peccati

220 1986 335 2047 conscii
357 1995 437 2063 sunt,
460 1995 512 2050 aut
534 1989 690 2050 commissa
714 2006 771 2069 per
793 1986 1014 2050 confessionem
1037 1994 1067 2049 et
1089 1989 1303 2069 poenitentiam
1326 1991 1534 2070 expiaverunt.
1558 1989 1592 2052 la

218 2087 287 2147 istis
309 2087 404 2148 tribus
426 2086 677 2151 Nestorianorum
699 2087 843 2171 liturgiis
866 2087 1046 2168 adjiciuntur
1067 2087 1170 2150 ultima
1193 2088 1244 2150 illa
1264 2089 1375 2161 verbm
1398 2088 1439 2149 ita
1461 2095 1494 2150 ut
1516 2107 1592 2151 sen-

219 2203 272 2248 sus
295 2187 334 2249 sit
356 2194 492 2249 sonabam
514 2194 637 2249 sanctos
658 2188 745 2249 decet
765 2189 797 2249 in
814 2186 1011 2267 perfectione.
1056 2185 1116 2250 lllis
1139 2187 1265 2265 scilicet,
1288 2194 1441 2263 sonetum,
1464 2187 1523 2251 hoc
1545 2195 1593 2250 est

218 2284 452 2364 Eucharistiam,
474 2285 538 2348 dari
562 2286 636 2349 solis
660 2294 803 2368 oportere
826 2289 878 2368 qui
900 2284 1116 2367 perfectionem
1139 2288 1219 2349 vitae
1243 2286 1430 2350 Christianae
1453 2304 1591 2367 sequun-

221 2391 285 2463 tur,
316 2403 375 2448 nec
397 2385 434 2448 ab
459 2404 495 2448 ea
518 2385 668 2450 deliciunt.
713 2385 747 2448 ln
770 2387 911 2449 versione
934 2386 1044 2449 Missae
1066 2376 1267 2449 llalabrioaa:
1311 2385 1454 2448 Sanctum
1476 2388 1593 2448 sanctis

219 2485 306 2547 decet
325 2486 453 2548 Domine
474 2487 531 2562 mi,
561 2488 594 2548 im
615 2489 892 2560 scommaticum
925 2504 1002 2565 quae
1031 2486 1126 2548 verba
1158 2485 1386 2548 obscuriusculo
1417 2494 1504 2563 sunt,
1533 2502 1592 2547 neo

219 2586 397 2647 sententiam
428 2585 584 2649 commode
613 2587 794 2666 exprimunt.
845 2584 1015 2670 significari
1042 2602 1117 2647 vero
1146 2583 1363 2667 perfectionem
1389 2585 1469 2647 vitae
1499 2583 1592 2649 Chri-

219 2682 345 2762 stianac,
368 2702 429 2746 uon
452 2702 558 2748 sacrae
582 2685 708 2748 actionis
727 2685 1022 2762 consummationem,
1046 2690 1223 2765 argumento
1237 2692 1283 2747 est
1296 2685 1432 2766 ejusdem
1444 2684 1592 2748 formulae

218 2780 321 2860 lectio,
345 2791 378 2845 ut
400 2784 431 2846 in
452 2784 624 2847 Jacobiticis
647 2785 791 2866 liturgiis
814 2784 970 2846 sehabet.
1015 2782 1059 2844 lta
1080 2801 1189 2863 nempe
1212 2784 1390 2864 exprimitur
1412 2783 1590 2867 inLiturgia

218 2879 325 2945 Jacobi
341 2890 372 2946 et
390 2883 468 2945 aliis:
498 2884 614 2946 Sancto
626 2885 742 2946 sanctis
756 2883 999 2964 inperfectione,
1018 2884 1154 2963 paritate
1176 2890 1206 2944 et
1226 2885 1389 2945 sanctitate
1411 2885 1591 2947 mudantur:

217 2998 327 3062 nempe
357 2981 436 3044 idem
466 2991 513 3044 est
542 2979 640 3064 quod,
670 2983 760 3046 decet
786 2991 889 3045 sancta
917 2983 1047 3060 sanctis,
1078 2983 1129 3063 qui
1153 2983 1183 3044 in
1207 2980 1392 3063 perfectione
1416 2991 1486 3045 sunt
1507 2984 1589 3047 dari:

218 3081 284 3143 sive
306 3082 469 3162 perfectis,
492 3084 593 3163 puris,
624 3085 746 3146 sanctis.
791 3081 833 3145 At
854 3065 884 3144 in
907 3080 1124 3162 antiquioribus
1147 3080 1301 3143 codicibus
1324 3081 1513 3145 diversarum
1535 3083 1590 3145 Li-

128 3203 138 3222 ·
219 3182 388 3263 turgiarum
418 3181 567 3262 Syriacis,
596 3189 630 3244 ιιι
659 3183 689 3243 in
720 3180 948 3244 Commentariis
975 3179 1139 3258 Barsalibi,
1170 3188 1200 3242 et
1229 3179 1342 3261 aliquot
1365 3181 1590 3265 Theologorum

222 3280 272 3358 qui
296 3277 373 3342 hanc
395 3282 562 3342 orationem
584 3280 732 3363 allegant,
761 3280 873 3363 legitur
901 3280 1077 3360 simpliciter
1100 3288 1210 3342 sonato
1231 3281 1366 3342 eomodo:
1395 3280 1490 3343 verba
1512 3282 1589 3344 sub-

218 3379 376 3459 sequentia
399 3380 588 3459 postmodum
611 3381 751 3462 adjuncta
774 3378 904 3444 fuerunt.
949 3379 1035 3442 Ratio
1058 3378 1189 3442 fortasse
1217 3385 1280 3456 est,
1311 3378 1391 3460 quod
1419 3398 1486 3442 cum
1516 3381 1589 3462 pri-

218 3480 308 3540 mitus
331 3477 479 3541 formulae
501 3480 571 3541 illae
594 3480 711 3542 Graece
732 3480 1014 3560 pronuntiarentur,
1045 3487 1077 3541 ut
1103 3479 1180 3541 aliae
1209 3496 1270 3540 non
1300 3496 1432 3559 paucae,
1456 3483 1588 3561 quaein

219 3577 406 3658 Coptitarum
436 3576 548 3641 Officiis
577 3578 634 3642 huc
661 3597 759 3660 usque
789 3588 986 3642 conservatae
1008 3587 1094 3654 sunt,
1122 3596 1175 3640 eas
1205 3577 1325 3641 tandem
1353 3578 1477 3661 Syriaca
1510 3581 1590 3643 verti

217 3677 339 3759 placuit.
370 3677 446 3738 Nam
461 3677 566 3741 eodem
589 3679 678 3742 modo
701 3695 761 3758 quo
784 3677 864 3759 apud
885 3680 961 3741 istos
974 3678 1119 3759 quaedam
1132 3679 1330 3760 pronunciata
1351 3677 1468 3740 Graece
1482 3679 1588 3759 fuisse,

216 3777 347 3858 probant
361 3775 482 3838 codices
497 3777 643 3854 nonnulli,
657 3785 689 3840 et
701 3777 899 3858 fragmentum
916 3777 989 3841 illud
1007 3778 1087 3860 quod
1100 3785 1168 3860 post
1182 3777 1289 3841 Severi
1300 3776 1436 3840 Officium
1445 3777 1589 3860 baptismi

218 3876 309 3938 edidit
332 3875 429 3938 Guido
452 3875 608 3939 Fabricius
622 3876 825 3940 Boderianus:
847 3877 898 3940 ubi
919 3865 962 3939 τοὶ
986 3866 1064 3961 ἅγια
1084 3876 1154 3952 τοῖς
1175 3867 1288 3959 ἁγίοις.
1312 3874 1447 3953 ardna
1468 3874 1586 3951 καλῶς.

216 3967 326 4061 Κύριε
348 3969 481 4059 ἐλέησον
503 3985 676 4040 occurrunt.

303 4076 348 4137 Eo
377 4074 445 4156 ipso
476 4082 612 4157 tempore
643 4093 703 4157 quo
731 4075 933 4158 proclamatur
958 4082 1067 4139 sancto
1095 4079 1212 4138 coactas
1233 4076 1370 4139 elevatur
1392 4082 1423 4139 et
1446 4076 1588 4140 adoratur

217 4174 296 4255 apud
319 4173 489 4238 Orientales
512 4175 714 4256 Eucharistia,
742 4194 803 4239 non
833 4178 868 4238 iis
891 4175 1045 4257 liturgiae
1068 4175 1143 4238 locis
1167 4176 1275 4257 quibus
1299 4175 1505 4238 adorationem
1526 4193 1587 4239 no-

215 4281 355 4337 taverunt
366 4275 601 4358 Diamperenses
613 4278 840 4356 reformatores,
863 4278 920 4339 rati
933 4276 1048 4338 scilicet
1062 4274 1259 4356 disciplinam,
1281 4282 1315 4336 ut
1337 4282 1367 4337 et
1389 4273 1478 4337 fidem
1500 4274 1587 4337 aliam

216 4392 276 4435 non
290 4393 381 4456 posse
396 4376 528 4453 tolerari,
553 4395 641 4458 quam
654 4376 811 4440 Ecclesiae
830 4376 982 4438 Romanae
999 4369 1203 4456 propriam,'a
1225 4374 1310 4455 cujus
1333 4380 1432 4435 tomen
1454 4375 1587 4437 moribus

215 4472 343 4535 alienum
365 4493 487 4557 semper
508 4474 562 4538 fuit
583 4479 722 4539 severius
745 4476 818 4539 illud
840 4475 878 4538 de
901 4473 1096 4538 Orientalium
1118 4473 1274 4553 disciplina
1299 4471 1454 4553 judicium.
1499 4473 1586 4537 Ritus

217 4572 286 4635 fuse
316 4573 496 4637 describitur
525 4575 621 4656 qualis
647 4576 733 4659 viget
758 4577 837 4638 inter
863 4573 999 4656 Coptitas
1028 4592 1045 4636 a
1074 4572 1215 4638 Gabriele
1236 4572 1408 4634 Patriarcha
1435 4579 1466 4634 et
1493 4575 1586 4636 variis

217 4674 387 4736 autoribus:
411 4692 448 4735 an
460 4692 536 4737 vero
560 4682 702 4738 accurate
717 4674 916 4737 Nestorianae
939 4673 1116 4755 disciplinae
1138 4671 1334 4753 respondeat,
1356 4671 1502 4735 affirmare
1524 4691 1587 4737 non

217 4790 388 4853 possumus,
410 4791 477 4835 cum
500 4773 751 4837 omniRitualium
772 4774 861 4855 hujus
884 4781 987 4837 sectae
1008 4773 1161 4854 praesidio
1185 4789 1350 4836 careamus.
1377 4771 1586 4836 lllorumvero

216 4871 362 4934 librorum
388 4874 574 4955 exemplaria
601 4876 632 4937 in
653 4875 869 4955 Mesopotamia
896 4874 976 4956 apud
998 4874 1195 4936 Nestorianos
1218 4880 1324 4934 extare
1346 4870 1504 4953 probabile
1527 4879 1585 4951 est,

216 4979 250 5034 ut
273 4974 414 5036 extabant
434 4974 466 5036 in
488 4975 677 5038 llalabaricis
699 4974 845 5038 Ecclesiis
852 4994 861 5052 3
884 4993 920 5037 ea
943 4991 1020 5055 quae
1041 4972 1146 5036 Alexii
1166 4971 1293 5046 Menesii
1315 4971 1475 5034 autoritate
1497 4987 1586 5032 com-

216 5067 307 5136 busta
328 5081 407 5139 sunt.
451 5074 495 5138 Ea
517 5092 610 5157 porro
633 5076 660 5137 si
683 5074 859 5138 Christianis
886 5073 944 5137 illis
973 5073 1012 5135 ad
1033 5073 1176 5135 unitatem
1197 5069 1354 5135 Ecclesiae
1376 5069 1585 5151 redeuntibus,
