4525 6034
704 1289 884 1343 Lectio
935 1291 1325 1358 Scripturarum.

704 1656 997 1708 Sermones.

711 2498 902 2555 entus
932 2500 1262 2554 Psalmorum.

719 3348 985 3400 [lt-uttan&
1037 3368 1129 3416 pm
1162 3351 1329 3403 omni-

1352 578 1574 652 XVIII
2348 582 3108 662 DISSERTATIO

1353 769 1655 843 homines
1709 769 1851 843 fieri
1877 770 2144 843 vellent.
2198 773 2313 844 An
2359 771 2443 844 ab
2482 795 2566 843 ea
2606 772 3018 867 simplicitate
3054 769 3355 845 Christus
3394 776 3764 846 mcessisse
3806 773 4086 865 dicatur,

1354 887 1507 980 quia
1558 885 1846 959 ultimum
1901 887 2158 960 Pascha
2227 891 2826 984 institutionemque
2885 886 3344 962 Eucharistiae
3414 889 3908 981 celebraturuS,
3976 892 4090 986 qui

1356 1001 1473 1075 ubi
1525 1014 1725 1099 caput
1773 1004 2131 1077 reclinaret
2178 1027 2316 1077 non
2365 1002 2676 1094 habebat,
2729 1005 3160 1077 caenaculum
3231 1007 3487 1100 grande
3558 1016 3856 1096 sta-atum,
3913 1007 4092 1102 apud

1349 1119 1677 1215 hospitem
1728 1123 2117 1216 quaesivit?
2268 1135 2280 1145 ·

1557 1267 1793 1340 Lectio
1848 1267 2335 1364 Scripturarum
2389 1277 2459 1338 ut
2523 1269 2591 1338 in
2645 1265 3034 1363 Synaxihus
3088 1265 3478 1341 Christianis
3545 1267 3721 1341 facta
3775 1266 3894 1340 fuit
3944 1290 4086 1341 an-

1353 1386 1660 1478 tiquituS,
1731 1388 1821 1457 ita
1892 1387 1960 1456 in
2029 1383 2334 1457 omnibus
2396 1384 2714 1477 Liturgiis
2782 1384 3257 1480 praescrihitm·
3322 1407 3415 1457 ex
3474 1395 3758 1480 utroque
3825 1382 4087 1456 Testa-

1352 1509 1597 1571 mento.

1558 1631 1923 1706 Sermones
1976 1632 2060 1707 ab
2113 1633 2470 1729 Episcopis
2524 1643 2637 1706 aut
2666 1632 3090 1729 Presbyteris
3142 1634 3402 1707 habitos
3459 1634 3543 1706 de
3596 1632 3827 1722 iisdem
3881 1633 4085 1706 Scri-

1351 1760 1688 1846 pturarum
1740 1752 1905 1823 locis
1948 1750 2184 1840 fuisse,
2224 1751 2528 1845 quamvis
2574 1751 2643 1820 in
2685 1749 3002 1843 Liturgiis
3041 1773 3175 1822 non
3220 1751 3739 1846 praescribatur,
3795 1749 4086 1845 probant

1357 1877 1457 1938 tot
1510 1890 1680 1963 quae
1733 1868 1818 1940 ad
1870 1890 1996 1941 nos
2048 1877 2502 1962 pervenerunt
2554 1876 2939 1939 sanctorum
3007 1868 3276 1940 Patrum
3345 1867 3694 1939 Homiliae.
3802 1865 4084 1939 Graecis

1355 1993 1424 2056 et
1476 1982 1920 2057 Orientalibus
1975 1984 2252 2057 solenne
2306 1993 2446 2073 est,
2498 1992 2570 2054 ut
2622 1983 2877 2078 aliquas
2942 1984 3195 2055 illarum
3260 1983 3486 2077 lingua
3549 1985 3815 2076 vulgari
3865 2006 4083 2078 prae-

1346 2097 1601 2191 legant,
1656 2123 1805 2172 cum
1857 2103 2051 2196 pauci
2121 2103 2189 2171 in
2259 2108 2441 2172 tanta
2490 2097 2942 2172 Ecclesiamm
3011 2100 3386 2172 calamitate
3451 2123 3606 2172 eam
3670 2099 3927 2171 dicendi
3996 2099 4082 2170 de

1350 2215 1560 2290 rebus
1614 2219 1826 2290 sacris
1879 2217 2257 2290 facultatem
2297 2214 2607 2308 habeant,
2659 2237 2831 2312 quae
2883 2220 2948 2286 in
2980 2239 3321 2289 sacrarum
3362 2220 3829 2313 scripturarum
3883 2216 4081 2288 docto

1353 2334 1716 2428 interprete
1766 2336 2137 2429 requiritur.

1561 2485 1977 2559 Psalmorum
2030 2493 2262 2557 cantus
2318 2484 2806 2578 antiquissimus
2862 2494 2989 2574 est,
3042 2494 3110 2555 et
3151 2481 3395 2577 ubique
3448 2491 3905 2555 conservatus.
3957 2481 4083 2554 In-

1350 2611 1584 2694 tegros
1638 2601 1889 2696 aliquot
1941 2598 2187 2672 Graeci
2253 2610 2322 2672 et
2377 2599 2752 2673 Orientales
2826 2622 3071 2671 canere
3137 2599 3385 2672 solent:
3438 2599 3506 2669 id
3577 2601 3774 2670 etiam
3824 2600 3891 2669 in
3943 2621 4083 2671 ve—

1358 2721 1551 2799 tustis
1587 2718 1812 2790 officiis
1859 2717 2114 2790 Latinis
2155 2715 2649 2812 praescribitur.
2706 2715 2902 2802 Quod
2942 2719 3094 2788 siin
3131 2714 3465 2787 hodiernis
3511 2714 3733 2787 Missis
3765 2716 4087 2787 versiculi

1354 2845 1606 2907 tantum
1677 2834 1925 2929 aliquot
1989 2835 2388 2923 recitantur,
2452 2833 2520 2903 id
2582 2855 2716 2904 non
2800 2855 2892 2903 ex
2959 2834 3225 2926 antiqua
3292 2830 3639 2925 disciplina
3706 2839 3844 2919 est,
3912 2853 4084 2925 quae

1355 2955 1555 3025 etiam
1606 2956 1676 3024 in
1728 2948 2107 3024 solennibus
2180 2949 2568 3044 quibusdam
2615 2946 2847 3020 diebus
2910 2950 3168 3041 integre
3217 2946 3548 3020 subsistit:
3612 2958 3681 3019 ut
3742 2949 3810 3017 in
3874 2946 4084 3019 Missa

1355 3070 1750 3142 Dominicae
1802 3067 2179 3140 Palmarum
2233 3076 2303 3139 et
2353 3070 2418 3138 in
2473 3066 2702 3139 officiis
2753 3063 3231 3137 Hebdomadae
3285 3074 3598 3152 sanctae,
3651 3062 3764 3135 ubi
3840 3063 4085 3135 Psalmi

1353 3189 1597 3280 integri
1649 3187 2104 3258 decantantur.

1566 3337 1920 3410 Orationes
1977 3336 2061 3406 de
2114 3333 2445 3423 omnibuS,
2501 3343 2568 3405 et
2617 3355 2741 3429 pro
2796 3331 3122 3422 omnibuS,
3192 3340 3263 3402 ut
3327 3330 3573 3404 Graeci
3641 3339 3710 3401 et
3760 3328 4085 3403 Orienta-

1353 3454 1457 3526 les
1508 3454 1884 3549 loquuntur,
1935 3460 2171 3522 extant
2236 3454 2303 3522 in
2367 3450 2684 3541 Liturgiis
2740 3448 3078 3536 omnibuS,
3146 3459 3213 3520 et
3263 3447 3517 3519 illarum
3583 3455 3883 3519 vetustas
3949 3470 4087 3521 non

1359 3573 1643 3643 omnium
1696 3569 1896 3641 modo
1927 3566 2253 3656 codicum,
2308 3568 2430 3639 sed
2462 3575 2840 3639 sauctorum
2891 3565 3158 3637 Patrum
3203 3567 3588 3636 testimoniis
3643 3562 4085 3635 confirmatur.

1354 3686 1544 3758 Haec
1597 3690 1816 3759 omnia
1870 3679 2633 3782 προπαρασκευαστικὰ
2686 3693 2865 3772 sunt,
2932 3682 3017 3755 ad
3080 3682 3366 3753 fidelium
3429 3680 3951 3753 consolationem
4019 3694 4088 3754 et

1362 3802 1752 3892 doctrinam,
1822 3800 2144 3895 simulque
2215 3800 2523 3871 decorem
2596 3800 2829 3872 domus
2882 3800 3047 3889 Dei,
3119 3798 3469 3894 praeclare
3538 3796 3622 3869 ab
3675 3798 4086 3892 Apostolicis

1358 3941 1571 4015 usque
1623 3917 2029 4015 temporibus
2081 3919 2409 4007 instituta,
2481 3919 2546 3987 in
2617 3916 2849 4012 quibus
2899 3919 3202 3988 accusari
3263 3914 3419 3985 nihil
3488 3925 3733 4009 potest,
3806 3913 3963 3984 nihil
4012 3916 4081 3985 in

1358 4035 1666 4108 Ecclesia
1717 4034 2024 4107 Romana
2075 4044 2301 4105 natum
2372 4036 2689 4128 reperiri,
2772 4056 2943 4127 quae
3010 4041 3229 4103 tamen
3298 4032 3756 4136 lJrotestantes
3822 4033 4083 4124 penitus

1359 4151 1783 4240 sustulerunt,
1837 4152 2067 4245 paucis
2121 4153 2443 4245 exceptis.
2497 4149 2669 4221 Nam
2704 4148 3009 4221 Psalmos
3062 4150 3490 4236 retinuerunt,
3546 4147 3667 4220 sed
3700 4168 3866 4241 quos
3900 4167 4086 4218 novo

1359 4266 1671 4363 exemplo
1756 4267 2071 4363 rhythmis
2149 4265 2536 4361 plerumque
2608 4268 3019 4337 inconcinnis
3082 4263 3657 4337 deformaverunt:
3737 4263 4088 4334 lectionem

1360 4407 1625 4481 quoque
1677 4381 2200 4481 Scripturarum:
2253 4385 2545 4454 maxime
2606 4405 2775 4455 vero
2830 4403 3174 4453 sermones
3236 4384 3303 4451 in
3376 4379 3610 4475 quibus
3660 4383 4092 4476 praecipuam

1355 4500 1662 4593 religiosi
1728 4502 1937 4572 cultus
1999 4509 2254 4595 partem
2325 4498 2631 4571 videntur
2684 4502 3139 4588 constituisse,
3193 4521 3340 4569 cum
3400 4497 3744 4589 Liturgiae
3818 4498 4090 4590 proprie

1361 4616 1578 4691 dictae
1630 4642 1790 4714 pars
1815 4638 2147 4711 nunquam
2199 4613 2459 4687 fuerint.
2514 4615 2867 4688 Orationes
2922 4614 3242 4709 quasdam
3283 4613 3681 4705 adjungunt:
3735 4611 3855 4683 sed
3882 4610 4091 4703 Angli

1361 4732 1488 4805 soli
1542 4745 1610 4806 et
1656 4735 2019 4808 Lutherani
2071 4742 2341 4806 veteres
2393 4731 2543 4804 illas
2599 4730 2936 4804 Collectas
3003 4738 3468 4820 servaverunt,
3532 4730 3765 4824 plenas
3818 4727 3971 4798 fidei
4023 4738 4092 4799 et

1363 4852 1662 4945 pietatis:
1716 4875 1879 4947 quas
1935 4850 2346 4924 calvinistae
2403 4851 2547 4921 aliis
2602 4873 2641 4920 a
2695 4871 2772 4922 se
2825 4851 3226 4941 excogitatis
3270 4854 3864 4934 commutaverunt,
3916 4865 4091 4915 ver-

1374 4965 1586 5057 bosiS,
1638 4979 1709 5039 ut
1757 4970 2100 5063 plurimum
2154 4971 2651 5062 novitatemque
2715 4952 3203 5038 redolentibus:
3258 4963 3510 5036 scilicet
3571 4971 3641 5032 ut
3689 4961 3845 5032 nihil
3897 4982 4095 5032 com-

1369 5106 1571 5155 mune
1662 5082 1983 5156 haberent
2063 5107 2213 5155 cum
2288 5083 2595 5158 Romana
2657 5081 2992 5174 Ecclesia,
3059 5103 3267 5177 quae,
3333 5089 3404 5151 ut
3469 5101 3561 5150 ex
3630 5080 4095 5151 vetustissimis
