4525 6034
637 584 767 661 '326
1203 587 1564 664 Ll'lllllGlh

690 773 893 847 domesticos
920 772 992 861 iac,
1021 785 1119 870 atque
1147 769 1188 845 'ad
1221 775 1371 845 timorem
1403 783 1494 847 tuum
1522 794 1585 845 eos
1612 771 1735 862 adduc,
1771 786 1805 848 et
1838 777 1980 850 incende
2007 800 2065 851 eos
2185 755 2189 763 ¹

688 889 764 962 zelo
791 889 867 961 lidei
895 889 1129 962 Orthodoxae:
1163 899 1199 960 ut
1234 910 1309 960 cum
1344 888 1579 983 tranquillitate
1611 886 1786 961 Ecclesias
1822 901 1895 962 tuas
1931 900 2064 982 regant:

688 1009 767 1099 quia
795 1015 828 1077 tu
856 1004 949 1077 Deus
976 1028 1014 1077 es
1040 1005 1161 1078 volens
1188 1002 1468 1076 misericordiam:
1496 1013 1530 1075 et
1557 1002 1614 1075 tibi
1641 1003 1785 1095 gloriam
1813 1004 2009 1078 referemus.

790 1120 967 1192 Sacerdos
993 1122 1185 1192 inclinatae.
1240 1119 1410 1192 Memento
1438 1120 1580 1192 Domine
1607 1128 1641 1190 et
1674 1118 1806 1192 illorum
1839 1124 1895 1216 qui
1922 1145 1943 1192 a
1969 1125 2064 1217 prin-

687 1237 776 1330 cipio
803 1258 919 1308 coram
945 1246 978 1308 te
1004 1237 1149 1309 illustres
1177 1235 1326 1325 luerunt,
1352 1237 1499 1323 Patrum,
1526 1234 1784 1330 Prophetarum,
1811 1236 2061 1332 Apostolorum,

687 1350 895 1447 Martyrum,
923 1351 1181 1441 Confessorurn,
1208 1354 1348 1426 loannis
1371 1352 1561 1447 Baptistae,
1587 1351 1747 1447 Stephani
1773 1353 1939 1444 Diaconi,
1972 1353 2062 1425 San-

688 1477 764 1538 ctae
792 1468 970 1540 Gcnitricis
997 1467 1078 1553 Dei,
1107 1479 1142 1540 et
1168 1473 1313 1540 omnium
1340 1470 1468 1563 piorum
1496 1476 1530 1538 et
1552 1469 1727 1557 justorum.

792 1583 943 1654 Elaeam
969 1606 1094 1656 cocere.
1148 1585 1200 1656 lia
1227 1582 1325 1655 nobis
1351 1583 1495 1655 Domine
1521 1603 1633 1654 mores
1661 1586 1716 1677 qui
1744 1585 1948 1655 conveniant
1980 1607 2060 1656 san-

687 1701 765 1784 ctis,
802 1702 918 1771 amicis
944 1702 1026 1788 tuis,
1067 1710 1101 1771 et
1137 1699 1257 1792 dignos
1293 1696 1385 1769 ellice
1419 1719 1482 1769 nos
1514 1708 1610 1793 parte
1636 1697 1767 1770 illorum
1802 1701 1858 1792 qui
1893 1703 2058 1794 mysteriis

686 1816 752 1885 tuis
779 1811 900 1885 divinis
928 1817 1041 1885 initiati
1077 1814 1217 1886 luerunt.
1271 1812 1391 1886 Proler
1417 1811 1514 1884 nobis
1541 1810 1681 1884 verbum
1707 1812 1942 1908 Apostolicum
1976 1814 2058 1909 quod

686 1927 890 2022 spiritualem
906 1928 1094 2002 alimoniam
1120 1927 1261 2025 praebet
1286 1927 1449 2017 fidelibus,
1476 1932 1553 2022 quia
1580 1938 1614 1998 tu
1642 1951 1679 1999 es
1700 1931 1833 2022 inopum
1847 1940 2056 2015 sustentator,

686 2052 722 2112 et
747 2043 964 2135 indigentium
990 2044 1151 2140 repletor,
1178 2047 1233 2139 qui
1260 2044 1419 2137 figmento
1447 2053 1503 2115 tuo
1529 2066 1591 2138 per
1618 2042 1812 2139 multiplices
1840 2044 1957 2116 salutis
1975 2044 2056 2116 ede-

685 2167 778 2244 otus,
805 2157 865 2230 das
892 2182 1012 2233 causas
1039 2163 1146 2232 vitae:
1174 2161 1321 2255 quotidie
1348 2163 1434 2230 enim
1463 2160 1573 2254 aperis
1599 2168 1635 2230 tu
1660 2180 1792 2231 manum
1824 2168 1916 2230 tuam
1950 2163 2057 2231 omni-

684 2271 748 2345 bus
782 2275 1013 2364 subicientem,
1057 2287 1090 2346 et
1127 2275 1245 2371 imples
1281 2274 1511 2370 quodcumque
1543 2277 1629 2346 vivit
1667 2273 1755 2348 bona
1790 2273 1966 2347 retonare
1998 2284 2056 2346 hta.

684 2388 808 2461 Libera
836 2394 935 2463 etiarn
962 2413 1024 2464 nos
1051 2391 1195 2463 Domine
1222 2390 1263 2463 ab
1293 2388 1446 2463 omnibus
1472 2388 1587 2479 malis,
1614 2398 1648 2461 et
1679 2388 1908 2461 communibus
1937 2389 2057 2462 saeculi

685 2504 852 2596 cladibus,
881 2519 915 2578 et
941 2517 1058 2579 averte
1085 2529 1217 2578 omnem
1242 2511 1326 2579 iram
1353 2517 1387 2578 et
1412 2504 1531 2602 plagas
1559 2504 1601 2577 ab
1629 2508 1718 2578 omni
1745 2517 1913 2595 creatura,
1941 2516 1975 2577 et
1999 2529 2055 2577 re-

685 2620 832 2694 feremus
860 2622 918 2694 tibi
944 2622 1084 2714 gloriam
1112 2634 1176 2695 etc.

792 2735 969 2809 Sacerdos
1001 2738 1193 2811 inclinatos.
1246 2741 1415 2811 Memento
1450 2737 1593 2810 Domine
1629 2740 1770 2810 omnium
1804 2737 2053 2833 Episcopomm,

685 2862 720 2923 et
744 2853 930 2925 Doctorum
957 2857 1012 2947 qui
1039 2864 1202 2926 steterunt
1231 2858 1264 2925 in
1291 2853 1446 2925 Ecclesia
1474 2865 1528 2924 tua
1556 2863 1590 2924 et
1616 2853 1773 2926 doctrinis
1799 2857 1870 2926 suis
1896 2864 2054 2948 pavenmt

684 2989 770 3039 oves
797 2978 871 3039 tuas
904 2968 1109 3063 spirituales,
1143 2981 1177 3042 et
1209 2967 1414 3040 errabundas
1448 2967 1489 3039 ad
1524 2979 1556 3039 te
1592 2978 1843 3041 converterunt:
1878 2974 2053 3064 praecipue

683 3105 770 3155 vero
797 3082 838 3153 lt.
859 3081 980 3155 Jacobi
1007 3088 1166 3180 principis
1181 3084 1427 3181 Episcoporum
1440 3094 1475 3156 et
1489 3082 1691 3178 reliquorum
1706 3095 1898 3157 sanctorum
1918 3086 2052 3156 Petrum.

788 3198 938 3271 Eleooos
964 3221 1090 3271 socero.
1144 3200 1322 3296 Sapientes
1350 3211 1383 3271 et
1410 3204 1548 3272 nuncios
1576 3203 1811 3295 mysteriorum
1837 3222 1948 3272 verae
1973 3200 2051 3290 idei,

681 3313 805 3387 lumina
841 3325 875 3387 et
910 3314 1025 3417 stellas
1059 3339 1146 3410 quae
1182 3315 1339 3412 populum
1374 3316 1522 3388 tenebris
1556 3315 1767 3388 obscuratum
1798 3315 2053 3403 illustraverunt,

683 3429 880 3502 fundatores
905 3429 1083 3503 Ecclesiae
1110 3441 1267 3521 sanctae,
1303 3430 1511 3524 Theologiae
1544 3431 1671 3503 electae
1704 3434 1925 3524 interpretes,
1956 3453 2051 3503 cura-

682 3556 776 3617 tores
803 3549 920 3638 gregis
947 3551 1047 3642 empti
1075 3551 1238 3640 sanguine
1264 3549 1422 3638 unigeniti
1447 3545 1522 3618 Filii
1549 3550 1594 3618 tui
1613 3540 1779 3618 ⁷laetihoa
1808 3565 1870 3640 per
1891 3547 2051 3615 visionem

683 3659 794 3732 vultus
823 3665 887 3750 tui,
915 3684 936 3755 o
964 3672 1080 3758 pastor
1106 3671 1141 3732 et
1167 3661 1307 3755 largitor
1334 3665 1494 3734 scientiae
1521 3661 1663 3734 divinae.
1714 3659 1758 3733 Et
1783 3681 1847 3732 nos
1862 3663 1919 3753 qui
1947 3662 2050 3730 vesti-

683 3778 740 3866 gia
767 3798 883 3848 eorum
910 3780 1095 3871 sequimur,
1123 3789 1157 3850 et
1184 3781 1359 3873 passiones
1386 3798 1501 3849 eorum
1518 3777 1732 3865 aemulamur,
1758 3775 1889 3848 custodi
1911 3777 1946 3845 in
1971 3797 2049 3847 san-

682 3893 807 3962 ctitate.
858 3889 981 3963 Emitte
1016 3893 1113 3965 nohis
1150 3894 1275 3964 iontem
1306 3914 1487 3987 perennem
1524 3891 1692 3963 doctrinae
1714 3904 1857 3977 eorum,
1895 3900 1931 3962 et
1963 3889 2049 3962 effice

680 4029 744 4079 nos
771 4006 892 4098 dignos
918 4012 1120 4095 vocatione,
1148 4007 1190 4081 ad
1221 4032 1319 4103 quam
1345 4012 1457 4080 vocati
1484 4031 1606 4080 sumus.
1659 4006 1764 4079 Salva
1791 4028 1853 4079 nos
1889 4005 1932 4077 ab
1967 4009 2048 4078 omni

681 4145 799 4194 errore
825 4122 1008 4212 haeretico,
1036 4135 1069 4196 et
1096 4125 1138 4197 ab
1167 4127 1256 4197 omni
1282 4124 1386 4196 lovea
1412 4135 1447 4196 et
1462 4123 1582 4219 laqueo
1606 4123 1786 4195 alienorum
1803 4146 1824 4193 a
1842 4124 1963 4195 timore
1981 4134 2047 4207 tuo;

679 4246 715 4305 ut
741 4238 775 4306 in
807 4235 861 4307 die
897 4236 953 4311 illo
986 4239 1100 4313 ultimo
1137 4243 1371 4313 sententiarum
1406 4237 1635 4325 ferendarum,
1669 4241 1703 4309 in
1738 4236 1889 4310 coetibus
1924 4250 2047 4334 patnrm

678 4362 869 4425 nostrorum
896 4352 1004 4426 locum
1031 4355 1232 4443 habeamus,
1260 4365 1294 4427 et
1319 4358 1404 4426 inter
1437 4358 1571 4447 agmina
1608 4377 1721 4426 eorum
1755 4376 1985 4441 numeremur,
2017 4363 2047 4423 et

677 4467 862 4539 referemus
889 4467 946 4539 tibi
971 4470 1124 4563 gloriam.
1188 4450 1195 4466 ’

782 4581 958 4677 Sacerdos
982 4587 1175 4659 inclinatas.
1228 4586 1397 4660 Memento
1424 4585 1566 4658 Domine
1601 4584 1838 4673 Sacerdotmn,
1874 4588 2044 4660 Diacono-

678 4722 768 4790 rum,
795 4699 1103 4791 Suhdiaconorum,
1128 4703 1328 4793 Lectorum,
1355 4700 1557 4791 Psaltarum,
1591 4702 1829 4798 lnterpretum,
1858 4698 2044 4773 Confessa-

677 4836 771 4903 rum,
811 4816 1074 4908 Monachorum,
1117 4821 1343 4911 virginitatem
1383 4826 1576 4914 perpetuam
1619 4818 1850 4913 profitentium
1914 4818 2043 4890 Fortem

677 4932 838 5021 animum,
866 4944 900 5004 et
926 4933 1121 5008 modestiam
1149 4956 1235 5030 quae
1262 4933 1325 5006 illis
1353 4935 1511 5006 convenit
1538 4932 1664 5023 tribue,
1699 4941 1734 5005 et
1766 4935 1909 5004 omniurn
1936 4930 2042 5003 homi-
