4525 6034
521 622 562 697 ΙΝ
587 619 793 699 LITURGth
819 617 994 697 diodoli
1018 618 1281 697 ABULFARdGll.
1503 622 1580 696 469

210 809 327 871 sionem
349 806 454 868 eadem
475 806 578 888 lingua
607 807 637 868 in
660 805 839 890 Polyglottis
868 802 1085 898 Parisiensibus
1108 804 1231 882 editam,
1261 822 1339 884 quae
1368 806 1520 886 reperitur
1547 810 1578 869 in

212 907 286 972 Cod.
309 905 370 969 hlS.
393 903 578 985 Colbertino‚
601 924 639 968 ea
662 907 758 988 ipsum
780 902 992 986 Abullergium
1022 910 1157 966 autorem
1187 901 1300 965 babere
1329 902 1447 966 dicitur.
1492 907 1580 969 Alius

211 1008 299 1070 etiam
322 1007 442 1069 omnino
466 1004 519 1067 luit
541 1008 578 1082 is,
602 1025 691 1086 quem
713 1003 896 1082 liba-Ethai
912 1011 1031 1066 vocant.

298 1104 387 1177 Quod
402 1124 447 1182 vex
469 1104 535 1167 Ebn
559 1105 701 1169 chalican
729 1102 824 1167 refert
851 1100 1029 1178 Pococlrius,
1052 1102 1090 1164 de
1114 1101 1180 1183 ejus
1203 1100 1280 1163 lama
1302 1101 1467 1182 doctrinae,
1492 1103 1582 1165 etiam

211 1199 291 1286 apud
313 1202 559 1283 bluhamedenos,
582 1213 699 1268 constat
722 1222 762 1266 ex
783 1204 875 1265 variis
906 1210 1043 1264 autorum
1066 1201 1260 1263 testimoniis:
1294 1200 1332 1263 de
1363 1203 1428 1283 ejus
1452 1202 1489 1264 ad
1512 1202 1582 1264 hlu-

210 1303 406 1368 hamedanam
441 1303 595 1383 perfidiam
626 1304 778 1387 apostasia
814 1293 971 1365 censemus
1007 1300 1193 1363 mendacium
1230 1319 1301 1363 esse
1337 1301 1581 1385 nugacissimum,

212 1404 292 1487 quod
325 1404 415 1466 unico
445 1413 623 1486 argumento
654 1406 727 1466 satis
757 1401 912 1466 refellitur.
964 1399 1105 1481 Sepultus
1137 1408 1184 1462 est
1214 1402 1292 1462 enim
1321 1402 1353 1462 in
1381 1401 1580 1463 Monasterio:

212 1522 299 1585 quam
321 1502 517 1584 sepulturam,
546 1512 578 1566 ut
609 1503 769 1567 Christiani
792 1508 947 1584 apostatae
977 1518 1038 1563 non
1069 1500 1312 1579 concessissent,
1342 1500 1382 1563 ita
1411 1498 1580 1563 infidelibus

211 1605 368 1666 maximam
404 1602 557 1666 habuisset
589 1603 779 1685 turpitudinis
811 1610 920 1664 notam.
977 1598 1038 1663 Sed
1067 1601 1156 1663 etiam
1189 1600 1215 1662 si
1246 1601 1286 1662 ita
1314 1600 1488 1682 scripsisset
1515 1598 1581 1660 libn

212 1703 364 1783 Chalican,
388 1704 499 1786 exigua
524 1704 604 1766 eirca
626 1722 678 1765 res
709 1701 943 1765 Christianorum
977 1699 1051 1762 fides
1082 1701 1148 1786 ejus
1178 1700 1236 1762 erit
1269 1700 1349 1781 apud
1379 1719 1500 1777 omnes,
1531 1699 1582 1780 qui

214 1822 338 1866 crassae
362 1810 393 1865 et
416 1802 572 1884 plusquam
595 1802 680 1865 anilis
703 1803 733 1865 in
756 1820 810 1865 sua
832 1806 917 1863 secta
940 1800 1164 1881 superstitionis
1175 1800 1305 1882 vestigia
1327 1799 1357 1860 in
1370 1800 1436 1880 ejus
1458 1800 1582 1862 historia

212 1904 324 1984 passim
346 1901 557 1963 observarunt.
586 1900 666 1963 Nihil
689 1921 729 1963 ex
751 1899 964 1963 titulo‘Patris
985 1899 1100 1976 Sancti,
1123 1899 1314 1961 etAatistitis
1331 1898 1581 1973 Christianorum,

212 2001 314 2085 colligi
339 2008 454 2081 posset,
477 2002 504 2063 si
527 1998 692 2062 calumniae
715 1999 800 2062 istius
824 1998 911 2061 color
933 1999 1039 2080 aliquis
1062 1998 1157 2061 foret:
1181 1999 1374 2078 nequeenim
1398 1998 1455 2061 illis
1478 1997 1581 2060 verbis
1703 2037 1705 2042 -

211 2101 287 2164 fides
310 2109 361 2163 aut
383 2117 483 2162 mores
506 2099 634 2162 hominis
657 2099 953 2179 commendabantur,
976 2099 1030 2162 sed
1053 2098 1183 2183 dignitas
1210 2116 1297 2178 quam
1324 2099 1355 2160 in
1366 2098 1502 2161 Ecclesia
1525 2116 1581 2159 sua

212 2201 365 2265 obtinebat
388 2198 620 2282 significabatur.

298 2299 391 2363 Multa
420 2316 512 2380 porro
542 2296 757 2380 hbullarngius
787 2298 924 2379 scripsit;
959 2305 1082 2378 praeter
1112 2296 1339 2360 Grammaticam
1365 2295 1488 2377 linguae
1520 2293 1581 2375 Sy-

211 2402 330 2477 riacae,
362 2407 392 2461 et
421 2397 583 2460 Historiam
613 2414 690 2479 quae
720 2396 785 2459 sola
817 2396 981 2459 Pocochius
1015 2394 1143 2461 viderat.
1188 2396 1232 2458 Ea
1262 2403 1360 2458 autem
1390 2396 1455 2476 ejus
1485 2410 1580 2476 opera

212 2501 351 2567 vidimus

298 2598 505 2660 Grammatico
526 2596 657 2679 Syriaca
679 2594 871 2677 amplissima,
895 2597 943 2659 eui
966 2596 1103 2677 adjuncta
1128 2602 1175 2657 est
1196 2594 1257 2656 Ars
1280 2596 1422 2674 metrica,
1455 2594 1589 2675 Syrisce

211 2696 248 2759 ab
272 2683 376 2759 ¹autore
399 2698 523 2777 scripta,
547 2703 578 2758 et
599 2695 730 2758 Arabiae
754 2695 791 2758 ab
814 2696 895 2777 ipso,
925 2702 956 2757 ut
980 2693 1144 2757 existimari
1166 2701 1278 2775 potest,
1302 2703 1408 2757 autore
1431 2710 1581 2756 conversa

212 2805 309 2860 extat:
332 2798 362 2859 in
384 2796 460 2860 Bibl.
484 2793 658 2858 Colbertina
681 2795 765 2857 etin
788 2794 934 2858 bledicea.

298 2896 522 2959 Grammatiaac
543 2895 750 2974 compendium
771 2895 845 2958 satis
874 2893 1036 2975 prolixum,
1059 2892 1224 2956 secundum
1246 2892 1414 2956 Dialectum
1443 2891 1588 2954 Edessa·

211 3014 292 3075 nam,
315 3014 392 3077 quae
414 2995 559 3057 Nisibena
582 2994 688 3075 purior
711 2992 805 3057 inisse
829 2993 951 3056 dicitur:
976 2993 1100 3074 Syriaco
1123 2993 1154 3055 in
1175 2992 1320 3056 hledioea.

299 3093 511 3176 compendium
545 3093 758 3172 Philosophiae
791 3092 1003 3156 Aamtamlicoe
1030 3091 1195 3155 secundum
1228 3090 1370 3155 librorum
1405 3089 1578 3154 Aristotelis

212 3193 348 3256 ordinem
371 3212 437 3257 cum
460 3211 563 3256 eorum
586 3192 724 3273 Epitome
747 3189 883 3273 Syriaco,
905 3191 1022 3254 ibidem.

299 3292 510 3373 Compendiam
532 3291 667 3372 logicae
690 3290 826 3372 Syriaco,
848 3293 878 3353 in
901 3289 1007 3353 eadem
1028 3290 1174 3354 lledioea.

298 3393 494 3472 Philosophia
515 3394 635 3472 intepra
658 3391 782 3473 Syriaca
806 3390 826 3454 2
848 3391 921 3468 vol,
943 3391 974 3453 in
996 3391 1111 3454 eadem.

299 3490 510 3571 compendium
532 3490 746 3553 Astrmiomiee
767 3498 798 3552 et
820 3490 1076 3570 Comaopraphiae
1098 3491 1223 3572 Syrince
1245 3489 1275 3550 in
1297 3489 1403 3572 Regia.

298 3592 460 3654 Sermones
482 3589 585 3652 Ethici
605 3599 636 3652 et
655 3590 862 3670 Philosophiai
883 3591 1008 3671 Syriaco
1030 3591 1060 3651 in
1082 3588 1228 3653 Medicea.

300 3690 384 3763 Quae
406 3686 444 3750 ad
467 3689 664 3753 Christianam
686 3687 874 3772 Religionem
896 3696 1036 3770 spectant
1057 3696 1137 3754 sunt.
1189 3688 1468 3750 Demonstratiaaes
1489 3687 1579 3747 intet-

212 3793 365 3868 lectuales,
388 3808 444 3852 seu
467 3790 616 3870 expositio
640 3797 670 3851 et
694 3788 909 3852 demonstratio
932 3788 1096 3871 Religionis
1115 3787 1312 3852 Christianae.
1335 3786 1425 3848 Extat
1447 3785 1578 3848 Arabiae

213 3888 389 3952 charactere
413 3888 539 3970 Syriaco
560 3889 591 3951 in
613 3887 689 3952 Bibl.
712 3887 818 3970 Regia.
1403 3964 1408 3974 Ι

300 3989 470 4051 lhesaaras
490 3988 709 4071 Mysteriaram,
733 3988 763 4049 in
786 4007 845 4070 quo
868 3989 951 4051 multi
974 4006 1080 4051 sacrae
1099 3987 1273 4068 Scripturae
1296 3985 1355 4049 loci
1377 3985 1577 4067 explicantur,

212 4107 272 4151 non
302 4087 390 4151 modo
421 4089 583 4150 secundum
605 4088 722 4150 literam
752 4107 792 4150 ex
813 4088 903 4153 Lxx.
927 4088 1145 4168 interpretum,
1173 4086 1319 4165 Aquilae,
1350 4083 1517 4165 Symmachi
1548 4091 1578 4144 et

212 4188 339 4250 aliorum
359 4188 567 4264 versionibus,
597 4186 651 4250 sed
675 4188 763 4249 etiam
784 4188 949 4252 secundum
972 4187 1136 4250 doctrinam
1163 4184 1216 4248 SS.
1248 4185 1365 4246 Patrem
1394 4184 1579 4246 Graecorum

212 4295 243 4350 et
265 4289 419 4368 Syrorum,
443 4305 518 4367 quos
542 4288 620 4349 inter
647 4285 836 4350 adducuntur
862 4288 964 4351 hloses
993 4285 1166 4367 barcepha,
1192 4285 1326 4347 loannes
1354 4283 1517 4360 Darensis,
1548 4290 1578 4343 et

212 4384 375 4470 Dionysius
397 4388 566 4451 Barsalibi.·
597 4366 689 4450 lixtat
711 4389 741 4450 in
764 4387 828 4451 Bib.
851 4386 987 4450 Medieea
1009 4386 1140 4449 Arabiae
1164 4384 1338 4447 charactere
1362 4384 1497 4465 Syriaco.

299 4487 440 4552 Colteeta‘a
464 4489 619 4553 Caaoaam
641 4499 670 4552 et
692 4488 941 4553 Constitutioaam
970 4485 1075 4549 Ciuilis
1095 4485 1182 4547 daris
1203 4501 1259 4564 per
1280 4482 1367 4546 locos
1396 4499 1577 4556 communes,

213 4607 291 4671 opus
314 4590 464 4656 eximium.
509 4590 599 4654 Extat
622 4591 746 4671 Syriaca
776 4589 1001 4674 elegantissime
1029 4588 1142 4666 scripta
1172 4585 1201 4646 in
1231 4583 1296 4646 Bib.
1316 4580 1516 4660 ’Colbertina,
1544 4589 1577 4643 ut

213 4687 320 4750 ibidem
345 4692 434 4752 totius
456 4691 559 4772 operis
580 4691 682 4753 versio
704 4687 845 4752 Arabica.
889 4688 1051 4770 Reperitur
1073 4686 1163 4749 etiam
1185 4686 1214 4747 in
1237 4682 1381 4746 Medicea.

298 4787 435 4852 Historia
455 4791 672 4873 Dyrmstiaram
695 4796 776 4852 extat
799 4790 828 4850 in
855 4790 946 4851 variis
969 4785 1170 4862 bibliothecis,
1193 4784 1303 4865 etjam
1325 4790 1371 4845 est
1393 4784 1423 4843 in
1446 4781 1575 4843 omnium
1688 4828 1690 4840 .

213 4887 348 4950 manibus
370 4906 427 4969 per
449 4889 617 4951 editionem.
644 4888 717 4950 Eam
740 4896 828 4950 autor
850 4888 974 4969 Syriaca
997 4886 1087 4948 etiam
1108 4886 1283 4966 scripserat,
1306 4890 1339 4943 ut
1360 4889 1431 4944 nota
1454 4881 1574 4945 Codicis

213 4986 341 5050 lledicei
364 4987 460 5050 docet.
505 4988 577 5070 Ejus
600 4988 702 5070 operis
724 4987 881 5068 Epitomen
904 4985 995 5049 habet
1016 4987 1093 5048 alter
1122 4982 1228 5047 Codex
1254 4981 1331 5044 illius
1361 4980 1575 5045 Bibliothecae.

215 5086 290 5150 Sunt
311 5085 369 5149 aha
391 5106 469 5168 quae
491 5088 529 5151 ad
551 5089 684 5152 notitiam
705 5095 838 5151 nostram
859 5105 920 5150 non
942 5092 1156 5169 pervenerunt.

1288 5237 1363 5312 62*
1444 5271 1449 5284 i
