4525 6034
694 575 772 656 584
1196 579 1556 660 tttttttett

694 772 833 844 ministri
861 772 948 863 iguis
975 779 1009 842 et
1035 772 1189 866 spiritus3
1221 791 1298 842 cum
1324 766 1504 844 Cbembim
1531 772 1674 860 senode,
1700 779 1735 850 el
1760 768 1929 867 Seraphim
1952 776 2037 870 spiri-

695 884 849 977 tualibus,
875 908 998 960 nomen
1024 897 1113 960 tuum
1140 884 1347 960 sanctificant
1373 897 1407 960 et
1429 885 1613 978 celebrant,
1641 888 1833 979 clamantes,
1859 899 1894 961 et
1915 890 2038 965 laudan-

696 1011 760 1095 tes‚
786 1003 1012 1076 indesinenter
1037 1003 1213 1076 clamando
1241 1003 1325 1076 alter
1352 1002 1396 1076 ad
1422 1003 1573 1076 alterurn.

799 1118 930 1190 Dicant
954 1119 1028 1190 ulto
1052 1141 1149 1192 noce.
1201 1119 1357 1208 Sanetus,
1383 1120 1548 1208 Sanctus,
1583 1121 1742 1208 Sanetus,
1777 1123 1936 1196 Dominus
1963 1125 2039 1196 bers

695 1245 827 1332 potens,
853 1234 943 1333 pleni
970 1245 1046 1307 sunt
1072 1236 1162 1308 coeli
1188 1246 1223 1308 et
1248 1245 1338 1308 terra
1364 1236 1474 1329 gloria
1500 1242 1584 1332 ejus.

799 1350 976 1424 Sacerdos
1000 1359 1146 1424 secreto.
1192 1353 1348 1441 Sanetus,
1375 1353 1532 1442 Sanetus,
1558 1355 1702 1430 Sanctus
1728 1379 1777 1444 es,
1804 1357 1944 1429 Domine
1965 1358 2041 1429 beas

694 1478 828 1567 potens,
854 1470 949 1560 eujus
975 1467 1084 1561 gloria
1111 1468 1201 1564 plani
1233 1481 1311 1543 sunt
1343 1469 1431 1544 eoeli
1457 1480 1493 1542 et
1517 1481 1619 1560 terra
1644 1483 1679 1546 et
1709 1482 1828 1546 natura
1861 1472 2043 1547 substantiae

696 1590 787 1680 eJ'us:
814 1594 850 1657 ut
874 1584 1005 1657 bonore
1032 1584 1220 1681 splendoris
1248 1588 1321 1679 ejus
1348 1586 1504 1678 gloriosi:
1532 1589 1641 1678 (sieut
1663 1592 1821 1685 seriptum
1846 1590 1916 1680 est)
1934 1588 2043 1662 ωθίιιιιι

696 1714 730 1776 et
756 1713 846 1776 terra
872 1700 971 1798 plena
997 1704 1062 1774 mei
1090 1710 1178 1790 sunt,
1206 1701 1285 1775 dioit
1307 1701 1473 1776 Dominus
1498 1715 1628 1801 potens.
1655 1704 1798 1780 Sanetus
1825 1727 1865 1778 es
1882 1705 1971 1779 Deus
1985 1707 2043 1778 Pa·

695 1832 759 1908 ter,
784 1841 869 1892 vere
895 1818 998 1905 solus,
1026 1842 1046 1890 a
1075 1839 1142 1913 quo
1170 1822 1278 1891 omnis
1297 1821 1480 1915 paternitas
1495 1823 1529 1891 iu
1545 1820 1645 1895 coelo
1672 1831 1707 1894 et
1731 1824 1881 1896 interra
1906 1826 2045 1895 nomina·

695 1946 758 2010 tur.
810 1934 953 2007 Sanctus
980 1956 1019 2008 es
1044 1935 1110 2009 Fili
1137 1945 1290 2026 aeterne,
1325 1957 1387 2030 per
1413 1957 1511 2030 quern
1537 1942 1648 2010 omnia
1673 1937 1763 2011 laeta
1789 1950 1874 2012 sunt.
1923 1939 2046 2012 Sauetm

695 2076 735 2128 es
765 2053 910 2152 Spiritus
942 2065 1076 2144 sancte,
1115 2065 1271 2143 aeterne,
1316 2078 1378 2151 per
1410 2076 1509 2151 quem
1542 2058 1653 2127 omnia
1686 2055 1941 2129 sanctificantur.
1986 2055 2047 2126 Vae

694 2171 783 2260 mibi,
809 2194 876 2244 vae
903 2170 991 2261 mibi,
1019 2175 1075 2267 qui
1110 2171 1283 2267 obstupui,
1317 2174 1393 2267 quuia
1427 2176 1481 2244 vir
1515 2170 1660 2267 pollutus
1693 2171 1792 2245 labiis
1824 2194 1895 2264 ego
1927 2180 2049 2244 annet

535 2383 539 2392 Ι
694 2291 781 2360 inter
806 2286 964 2386 populum
992 2286 1153 2385 pollutum
1185 2286 1284 2362 labiis
1315 2286 1441 2375 habito,
1468 2297 1504 2360 et
1525 2287 1656 2380 Regem
1689 2287 1867 2361 Dominum
1898 2298 2050 2383 potentem

696 2404 854 2478 viderunt
880 2403 968 2478 ocull
994 2408 1070 2476 mei.
1106 2404 1214 2491 Quam
1240 2403 1397 2477 terribilis
1424 2415 1477 2478 est
1490 2401 1589 2475 bodie
1615 2387 1709 2477 loeus
1735 2408 1816 2494 iste;
1840 2427 1913 2478 non
1938 2414 1988 2476 est
2008 2402 2051 2474 bie

697 2519 786 2593 aliud
811 2522 876 2594 nisi
903 2520 1020 2595 domus
1047 2520 1112 2593 Dei
1141 2531 1176 2594 et
1202 2531 1300 2617 porta
1326 2519 1423 2610 obeb,
1450 2524 1527 2616 quia
1554 2519 1653 2593 oeulo
1680 2520 1724 2592 ad
1749 2520 1884 2594 oeulum
1909 2524 1998 2594 visus
2019 2541 2050 2592 as

694 2638 849 2712 Domine.
901 2637 999 2711 Nunc
1024 2659 1110 2711 vero
1138 2638 1225 2710 adsit
1249 2637 1425 2711 nobiseum
1455 2640 1565 2730 gratia
1590 2646 1659 2726 tua
1681 2635 1837 2727 Domine,
1863 2661 1973 2735 purga
1995 2641 2052 2707 iru-

695 2754 871 2827 munditias
897 2764 1046 2842 nostras,
1072 2765 1107 2827 et
1134 2752 1306 2830 munifica
1332 2752 1422 2826 labia
1448 2763 1573 2828 nostra.
1632 2754 1743 2847 longe
1767 2776 1877 2827 voees
1903 2756 2051 2827 tenuitab's

696 2877 852 2959 nostrae,
891 2893 965 2944 cum
999 2871 1262 2946 sanctificatione
1292 2870 1468 2968 Seraphim
1512 2881 1546 2942 et
1583 2869 1883 2964 Archangelorum.
1953 2869 2051 2944 Gloria

695 2985 963 3063 miserationibus
992 2990 1067 3077 tuis,
1095 2992 1173 3083 quia
1200 2997 1350 3059 terrenos
1377 2990 1512 3060 sociasti
1539 3011 1614 3060 eum
1640 2985 1876 3083 spiritualibus.

790 3264 854 3335 -Et
876 3257 1097 3359 monopolim
1122 3270 1258 3336 aeonem
1285 3262 1404 3334 dicem
1429 3261 1613 3335 inclinatae
1637 3262 1728 3334 bone
1755 3263 1964 3336 Orationem.

800 3453 945 3529 Etcum
970 3452 1035 3526 illis
1061 3451 1288 3527 Potestatibus
1320 3451 1522 3526 eoelestibus
1556 3451 1750 3526 eonfitemur
1775 3454 1853 3543 tibi,
1878 3476 1944 3528 nes
1969 3457 2053 3526 etian

697 3574 875 3662 servitui,
902 3581 1031 3661 tenuas,
1057 3567 1208 3643 imbelles
1235 3580 1270 3642 et
1295 3570 1431 3659 infirmi,
1463 3572 1540 3665 quia
1567 3573 1759 3666 praestitisti
1793 3570 1896 3644 nobis
1928 3575 2052 3663 gradun

696 3700 786 3762 tuam
813 3710 979 3781 magnam,
1007 3709 1094 3783 quae
1118 3686 1258 3782 rependi
1283 3707 1353 3758 non
1379 3695 1500 3782 potest
1563 3685 1695 3784 Nempe
1728 3686 1865 3758 induisti
1895 3686 2052 3759 humanm

696 3815 848 3880 naturam
874 3814 1038 3879 nostram:
1071 3815 1108 3877 ut
1139 3806 1243 3876 vitam
1275 3801 1373 3875 nobis
1405 3813 1597 3898 praestares
1629 3826 1692 3900 per
1721 3803 1929 3876 divinitatem
1962 3814 2053 3876 man:

698 3921 856 3997 exaltasti
882 3916 1096 3994 bumilitatem
1129 3929 1294 3993 nostram:
1330 3922 1470 3991 erexisti
1501 3922 1630 3991 ruinam
1662 3930 1828 3994 nostram:
1863 3923 2053 3994 monetet

697 4039 930 4113 mortalitatem
955 4047 1121 4112 noemam:
1155 4037 1305 4109 dimisisti
1335 4046 1474 4133 peccata
1503 4046 1634 4110 nostra:
1669 4047 1705 4109 et
1726 4037 1918 4130 justificasti
1942 4048 2052 4111 renum

697 4166 915 4255 peecatorum
940 4165 1147 4228 noseorum:
1182 4152 1373 4227 illuminasti
1399 4153 1648 4247 intelligentiam
1673 4167 1840 4246 nostram,
1877 4167 1913 4228 et
1937 4153 2053 4230 conde·

697 4277 817 4348 moesti
832 4275 975 4347 Domine
989 4270 1083 4343 Deus
1104 4279 1222 4343 noster
1246 4271 1429 4343 inimicum:
1457 4279 1490 4342 et
1516 4269 1717 4368 triumphare
1741 4271 1852 4345 iecisti
1878 4277 2054 4345 tenuitatem

698 4400 839 4463 naturae
871 4386 1014 4461 imbellis
1045 4396 1194 4460 nostae.
1252 4385 1320 4457 Per
1345 4389 1576 4461 miserationes
1611 4387 1735 4461 effusas
1766 4392 1900 4481 gratiae
1932 4402 2053 4476 tunae

568 4521 572 4526 ·
698 4506 859 4595 alemans,
885 4507 1015 4579 remitte
1042 4502 1163 4575 delicta
1189 4511 1224 4574 et
1258 4511 1415 4600 peecata:
1452 4502 1576 4576 dimitte
1608 4502 1728 4576 delicta
1760 4527 1848 4593 mea,
1875 4509 1911 4578 in
1933 4504 2052 4599 judicio.

698 4622 742 4696 ldt
767 4631 905 4721 propter
932 4624 1043 4696 omnia
1069 4617 1193 4692 auxilia
1220 4629 1289 4711 tua,
1315 4630 1350 4693 et
1383 4625 1511 4713 malias
1537 4630 1611 4694 tuias
1645 4642 1729 4714 erga
1763 4643 1849 4709 nos,
1882 4621 2052 4695 referemus

698 4740 756 4813 tibi
782 4739 952 4836 hymnum,
977 4737 1150 4825 bonoram,
1176 4734 1437 4828 confessionem,
1467 4746 1502 4811 et
1528 4736 1770 4829 adorationem,
1796 4760 1885 4810 nume
1911 4747 1948 4811 et
1970 4757 2052 4810 sem-

697 4879 772 4953 per,
799 4866 834 4929 et
858 4860 891 4929 in
918 4854 1054 4930 saecula
1070 4851 1300 4952 ‚saeculorum

803 4973 981 5045 &andos
1004 4975 1119 5065 aipuat
1143 4969 1381 5043 Sacramenta.
1434 4972 1683 5065 Respondebam
1736 4972 1858 5045 Amen.

802 5090 991 5184 moeonas.
1043 5088 1081 5163 In
1106 5087 1271 5162 mentibus
1299 5091 1431 5164 vestris.
1485 5086 1591 5162 Orate
1614 5111 1732 5187 paoem
1759 5089 1944 5164 nobiseum
