4525 6034
745 500 798 577 46
1242 500 1604 578 LlTllllGll

846 689 1009 785 Populos.
1060 689 1181 762 Amen.

848 806 1032 880 Sacerdos.
1085 806 1129 878 Et
1156 805 1374 878 sanctificavit
1391 805 1501 905 illum.

848 922 1011 1016 Populos.
1064 924 1184 995 Amen.
1933 961 1936 965 ·

850 1040 1035 1112 Sacerdos.
1088 1039 1133 1112 Et
1157 1039 1260 1132 fregit
1284 1039 1386 1129 illum,
1413 1048 1447 1111 et
1473 1035 1561 1110 dedit
1587 1035 1676 1110 illum
1704 1040 1773 1110 suis
1798 1036 1965 1132 discipulis
1981 1043 2104 1131 sanctis,

746 1168 781 1228 et
806 1156 980 1253 Apostolis
1014 1159 1105 1252 puris
1139 1156 1270 1228 dicens:
1305 1156 1477 1252 Accipite,
1508 1154 1704 1226 manducate
1739 1177 1785 1226 ex
1820 1176 1861 1226 eo
1898 1175 1964 1227 vos
1990 1179 2106 1247 omnes,

746 1271 822 1344 Hoc
849 1283 902 1345 est
928 1294 1050 1367 corpus
1076 1294 1185 1344 meum
1213 1271 1302 1367 quod
1335 1292 1397 1365 pro
1432 1268 1532 1344 vobis
1558 1269 1731 1362 frangitur,
1759 1279 1793 1343 et
1819 1292 1880 1366 pro
1907 1270 2013 1342 multis
2039 1282 2105 1343 tra·

747 1389 842 1461 detur
868 1393 902 1460 in
928 1391 1158 1461 remissionem
1186 1397 1417 1484 peccatorum3
1451 1385 1516 1459 hoc
1547 1385 1648 1458 facite
1675 1388 1709 1458 in
1735 1410 1843 1458 meam
1870 1408 2105 1459 commemora-

745 1508 879 1577 tionem.

849 1621 1011 1715 Poprdur.
1064 1621 1184 1692 Amen.

850 1736 1034 1808 Sacerdos.
1087 1735 1244 1809 Similiter
1278 1748 1312 1808 ct
1345 1737 1482 1809 calicem
1516 1746 1593 1832 post
1624 1757 1783 1827 coenam,
1817 1738 1949 1809 miscuit
1980 1738 2055 1807 vino
2079 1745 2109 1805 et

746 1876 845 1949 aqua:
873 1863 907 1924 et
932 1856 1059 1946 gratias
1088 1855 1167 1944 egit.

848 1969 1009 2063 Populos.
1049 1969 1171 2058 Amen.

848 2085 1033 2158 Sacerdos.
1084 2084 1129 2156 Εἰ
1154 2085 1326 2158 benedixit
1353 2108 1437 2158 eum.

849 2202 1011 2296 Populos.
1051 2203 1172 2274 Amen.

805 2337 809 2359 ¹
849 2317 1033 2390 Sacerdos.
1086 2317 1130 2390 m
1157 2319 1374 2391 sanctificavit
1400 2341 1484 2390 eum.

848 2435 1023 2529 Populos.-
1058 2434 1178 2506 Amen.
1782 2521 1786 2540 ⁵

851 2551 1035 2623 Sacerdos.
1088 2550 1132 2623 m
1164 2553 1332 2643 gustavit,
1368 2551 1522 2647 deditque
1556 2574 1631 2623 eum
1657 2555 1744 2643 suis,
1771 2552 1968 2648 praeclaris,
1995 2556 2106 2626 sanclis

748 2666 934 2764 discipulis,
971 2678 1005 2739 et
1032 2666 1206 2764 Apostolis
1240 2667 1372 2740 dicens:
1407 2668 1581 2764 Accipite,
1617 2667 1719 2740 bibite
1747 2691 1793 2740 ex
1819 2690 1862 2740 eo
1890 2691 1956 2742 vos
1983 2693 2107 2743 omnes:

744 2782 808 2854 Hic
835 2794 887 2856 est
913 2788 1050 2876 sanguis
1083 2806 1177 2856 meus
1212 2788 1293 2856 novi
1328 2789 1532 2875 testamenti,
1572 2788 1626 2879 qui
1658 2807 1722 2881 pro
1756 2783 1857 2857 vobis
1884 2786 2055 2858 effunditur
2078 2796 2108 2859 et

745 2923 807 2995 pro
835 2902 943 2973 multis
971 2899 1100 2973 dabitur
1125 2905 1158 2971 in
1185 2904 1416 2973 remissionem
1442 2911 1669 2996 peccatorum:
1708 2900 1784 2975 Hoc
1815 2899 1918 2973 lacite
1951 2905 1984 2975 in
2010 2925 2107 2974 meam

746 3022 1106 3090 commemorationem.

850 3134 1010 3228 Populos.
1051 3135 1172 3209 Amen.

847 3250 1030 3323 Sacerdos.
1072 3250 1355 3347 Quotiescumque
1389 3255 1477 3323 enim
1508 3249 1745 3323 manducabitis
1781 3273 1827 3322 ex
1854 3250 1920 3322 hoc
1947 3274 2050 3347 pane,
2075 3258 2105 3321 et

742 3366 863 3441 bibetis
891 3391 936 3439 ex
963 3366 1027 3440 lroc
1053 3366 1171 3458 calice,
1199 3371 1396 3440 annunciate
1428 3376 1567 3441 mortem
1594 3390 1721 3458 meam,
1757 3378 1791 3439 et
1824 3366 2023 3439 confitemini
2047 3390 2103 3438 re-

744 3488 986 3557 surrectionem
1012 3507 1134 3577 meam,
1162 3494 1196 3557 et
1221 3489 1415 3556 memoriam
1440 3488 1506 3555 mei
1533 3487 1634 3575 agite,
1661 3485 1768 3555 donec
1795 3489 1940 3556 veniam.

847 3600 1007 3694 Populos.
1048 3600 1193 3672 Mortem
1219 3610 1307 3673 tuam
1335 3604 1582 3691 annunciamus,
1608 3601 1761 3672 Domine.

848 3716 1031 3788 Sacerdos.
1077 3716 1193 3807 Nunc,
1223 3717 1317 3790 Deus
1348 3719 1451 3790 Pater
1484 3719 1713 3812 omnipotens,
1744 3721 1983 3790 annunciamus
2017 3739 2105 3789 mor-

744 3845 813 3905 tem
848 3836 1008 3924 unigeniti
1041 3833 1118 3904 Filii
1159 3838 1203 3905 tui
1244 3833 1395 3923 Domini,
1437 3833 1518 3923 Dei,
1557 3833 1763 3924 Salvatoris,
1802 3844 1836 3905 et
1874 3839 1970 3927 regis
2007 3836 2105 3907 nostri

745 3926 890 4022 omnidm
915 3950 997 4022 Jesu
1021 3948 1163 4024 Christi:
1202 3961 1236 4022 et
1266 3951 1462 4023 confitemur
1489 3953 1767 4023 resurrectionem
1790 3953 1863 4042 ejus
1888 3959 2047 4037 sanctam,
2077 3959 2107 4021 et

745 4068 977 4141 ascensionem
1004 4070 1075 4159 eJus
1104 4088 1233 4139 sursum
1259 4071 1292 4138 in
1319 4066 1448 4158 coelos,
1475 4072 1728 4163 sessionemque
1764 4069 1836 4159 ejus
1869 4067 1911 4138 ad
1939 4067 2105 4139 dexteram

687 4174 694 4198 '
743 4195 845 4275 tuam,
873 4206 893 4254 0
921 4183 1032 4274 Pater,
1060 4193 1094 4254 et
1128 4194 1363 4278 exspectamus
1392 4184 1569 4255 adventum
1600 4187 1672 4276 ejus
1705 4182 1898 4273 secundum,
1926 4208 1993 4278 quo
2020 4204 2105 4254 uren-

744 4312 835 4373 tnrus
862 4309 985 4372 estex
1012 4300 1128 4391 coelis,
1154 4300 1335 4372 terribilem
1363 4310 1397 4372 et
1421 4300 1530 4393 gloria
1563 4301 1708 4396 plenum,
1738 4302 1771 4370 in
1804 4300 1870 4372 linc
1896 4298 1994 4392 lruJ'us
2027 4322 2108 4401 sae-x

744 4416 824 4488 culi:
850 4420 884 4488 in
912 4440 976 4513 quo
1003 4419 1117 4489 veniet
1144 4417 1186 4488 ad
1209 4417 1419 4509 judicandum
1446 4418 1561 4490 orbem
1589 4420 1826 4512 inaequitate:
1854 4426 1887 4487 et
1913 4416 2005 4489 dabit
2030 4420 2103 4488 uni-

744 4537 861 4629 cuique
889 4532 1071 4608 secundum
1098 4556 1202 4629 opera
1229 4556 1289 4606 sua
1316 4537 1390 4607 sive
1416 4532 1551 4626 bonum,
1578 4537 1651 4606 sive
1677 4532 1807 4604 malum,

846 4650 1007 4744 Populos.
1047 4648 1236 4722 Secundum
1271 4651 1532 4723 misericordiam
1568 4661 1675 4741 tuam,
1702 4650 1861 4741 Domine,
1890 4660 1923 4721 et
1948 4670 2016 4721 uon
2043 4667 2102 4716 se-

744 4766 885 4838 cundum
910 4774 1048 4862 peccata
1075 4777 1200 4838 nostra.

849 4882 1032 4954 Sacerdos.
1072 4882 1124 4955 Tu
1157 4904 1194 4954 es
1222 4906 1336 4956 coram
1372 4887 1464 4977 cujus
1497 4884 1605 4976 gloria
1637 4884 1719 4956 laec
1754 4893 1870 4957 sancta
1902 4882 1989 4954 dona
2022 4899 2102 4975 pro-

743 5002 907 5094 ponimus,
934 5022 981 5071 ex
1005 5000 1067 5072 illis
1094 5023 1181 5095 quae
1207 5010 1262 5072 trra
1289 5011 1376 5092 sunt,
1400 5001 1502 5073 Pater
1528 5012 1654 5076 sancte.
