4525 6034
563 608 604 685 ΙΝ
627 606 834 684 LITURGIbbl
850 604 1045 684 structu
1060 608 1092 685 S.
1108 605 1263 684 ututt
1529 609 1608 684 297

671 879 866 974 Anapbcra
890 883 1004 951 macti
1031 879 1160 973 Cprilli.

312 1091 377 1169 Hic
399 1103 525 1183 proprie
549 1100 717 1182 loquendo,
747 1100 853 1181 incipit
881 1099 1067 1181 deaptare,
1098 1100 1164 1163 sive
1192 1118 1287 1164 sacra
1307 1099 1414 1178 Actio,
1444 1108 1476 1165 et
1504 1104 1606 1166 statim

225 1207 414 1289 agnoscitur,
438 1204 655 1287 praefationem
678 1203 815 1266 eamdem
836 1220 917 1281 esse,
941 1221 977 1266 ac
999 1220 1065 1266 ean
1087 1220 1166 1285 quae
1188 1203 1300 1287 legitur
1321 1202 1352 1265 in
1374 1203 1468 1267 llarci
1489 1205 1605 1270 Graeca

224 1306 381 1388 liturgia,
404 1305 461 1367 nisi
483 1304 565 1385 quod
588 1306 618 1365 in
641 1305 698 1365 ista
722 1302 808 1383 plura
830 1310 1010 1365 occurrant:
1033 1320 1142 1383 nempe
1165 1302 1241 1365 baec
1269 1302 1379 1366 verba:
1410 1302 1469 1367 Osci
1496 1306 1605 1369 Para·

226 1407 289 1468 disi
308 1422 426 1485 qaoque
448 1404 577 1465 delicias
598 1403 728 1483 lacqincs
749 1420 798 1477 er,
821 1409 877 1465 etc.
901 1400 1004 1480 Usque
1026 1400 1064 1462 ad
1088 1401 1154 1464 illa:
1188 1401 1275 1477 Oeae
1302 1405 1404 1464 omnio
1423 1403 1529 1482 fecisti
1544 1424 1605 1486 per

226 1511 310 1566 mam
331 1504 531 1582 sapientiam,
554 1509 609 1564 etc.
633 1500 760 1581 Reliqua
782 1499 887 1562 iisdem
909 1516 1008 1580 prope
1031 1499 1134 1562 verbis
1157 1517 1305 1581 expressa
1327 1506 1415 1578 sunt;
1439 1502 1496 1564 nisi
1520 1503 1604 1584 qued

226 1603 257 1664 in
288 1601 406 1663 Graeca
443 1600 530 1682 plura
562 1606 687 1677 extant,
717 1599 786 1680 quie
814 1598 845 1659 in
875 1595 1001 1678 Coptica
1040 1597 1131 1660 molta
1160 1598 1292 1679 petenda
1322 1598 1523 1682 designantur
1561 1621 1603 1665 ex

225 1699 363 1780 Liturgia
387 1698 417 1763 S.
441 1698 560 1777 Basilii,
583 1716 663 1780 quae
685 1698 868 1779 reliquarum
893 1695 998 1760 Canen
1026 1704 1082 1761 est.
1128 1697 1169 1760 Αι
1196 1697 1361 1761 verisimile
1392 1699 1513 1763 omnino
1543 1709 1602 1780 est,

225 1816 282 1862 eos
305 1799 357 1880 qui
370 1797 465 1861 blanci
481 1795 599 1861 Graeca
615 1798 786 1874 utebantur,
810 1814 877 1858 cum
900 1795 973 1857 alins
996 1813 1058 1858 non
1080 1794 1238 1876 baberent,
1262 1796 1313 1859 illa
1335 1797 1401 1860 sola
1424 1815 1499 1861 usus
1520 1818 1602 1879 esse,

226 1916 286 1980 qua
309 1899 428 1961 ratione
450 1897 555 1979 plures
578 1906 649 1960 ante
671 1894 814 1959 Osculum
829 1895 915 1975 pacis
932 1893 1094 1958 Orationes
1117 1902 1150 1957 et
1170 1897 1378 1959 caeremonias
1398 1895 1501 1976 babet,
1524 1914 1604 1978 quse

225 1998 256 2059 in
279 1997 350 2059 Ritu
372 1995 579 2059 Alexandrino
603 1995 732 2076 Coptica
754 1994 950 2057 sunrebantar
972 2010 1013 2056 en
1034 1992 1194 2058 Βιειιιιιιι.

315 2095 392 2159 lllad
415 2095 525 2159 deinde
548 2092 846 2158 animadvertendum
868 2100 932 2171 est,
962 2100 1102 2175 tunquam
1124 2094 1194 2157 buic
1216 2102 1249 2157 et
1270 2091 1407 2159 Graecae
1428 2094 1524 2159 Marci
1546 2092 1601 2160 tt-

226 2197 347 2279 turgiee
371 2197 538 2276 proprium,
563 2193 645 2275 qued
667 2193 822 2256 orationes
843 2209 901 2272 pre
923 2189 1061 2255 omnibus
1084 2199 1115 2255 et
1138 2192 1177 2255 de
1191 2193 1339 2273 omnibns,
1362 2193 1527 2258 recitentur
1543 2195 1603 2275 bic,

225 2295 299 2357 satis
323 2295 444 2375 prolixe
466 2295 546 2356 ieter
568 2290 788 2355 Praelatienem
810 2299 841 2354 et
863 2289 1089 2354 conclusionem
1117 2290 1256 2373 ejusdem
1277 2310 1334 2374 per
1354 2294 1496 2376 bymnum
1519 2293 1604 2361 Clue-

224 2393 365 2456 rabicum
384 2392 526 2475 Samias.
548 2391 581 2453 ln
605 2390 689 2468 aliis,
711 2398 745 2453 ut
767 2391 797 2453 in
819 2388 981 2470 Basiliam,
1005 2389 1038 2451 bt
1060 2391 1190 2453 omnium
1212 2395 1355 2456 memoria
1377 2393 1548 2475 generalis,
1569 2402 1604 2457 ut

227 2495 257 2555 ‘nt
281 2492 406 2555 Canone
429 2488 564 2554 Romano
587 2498 618 2554 et
641 2489 707 2553 aliis
722 2488 983 2565 Occidentalibos3
1005 2488 1061 2552 sed
1084 2506 1144 2552 non
1166 2490 1390 2555 interseruntur
1411 2492 1601 2574 subjunctae,

225 2593 276 2655 rel
298 2591 496 2672 interpositae
518 2591 698 2653 monitiones
721 2590 924 2653 Diaconorum
952 2595 983 2650 et
1009 2588 1241 2653 acclamationes
1268 2588 1330 2655 τοῦ
1358 2591 1452 2673 llyrie
1479 2592 1601 2656 eleison

223 2689 257 2753 ln
280 2692 351 2753 Ritu
373 2688 502 2753 Gotbico
524 2690 644 2752 nomina
667 2706 773 2752 eorum
803 2704 860 2769 pro
888 2685 996 2769 quibus
1026 2687 1173 2751 orandam
1201 2698 1268 2753 erat
1297 2690 1503 2755 recitabantur
1532 2701 1602 2756 ante

224 2790 354 2867 Pacem,
382 2807 461 2869 quae
483 2787 687 2869 praecedebat
715 2785 954 2863 Praelatiouem,
985 2787 1050 2849 sive
1078 2786 1332 2868 minutionem,
1362 2792 1443 2872 quod
1473 2792 1504 2853 ia
1533 2791 1603 2855 Ritu

226 2907 350 2969 queque
374 2887 528 2950 Gallicano
551 2894 582 2949 et
603 2888 750 2951 Rmuoioe
774 2887 965 2950 observatur.
988 2884 1048 2949 Sed
1070 2886 1147 2949 ordo
1169 2888 1227 2950 iste
1249 2888 1321 2950 nibil
1343 2889 1434 2953 babet
1450 2890 1530 2953 unde
1546 2908 1602 2954 ac-

228 2988 330 3049 cusari
352 2987 461 3049 merite
485 2988 594 3069 possit:
618 3004 685 3048 cum
707 3004 794 3049 sacra
817 2986 897 3048 actio
926 2984 984 3047 illis
1012 2985 1239 3065 precationibus
1268 2988 1433 3069 interrupta
1463 3007 1523 3053 non
1552 2991 1602 3054 sit.

226 3088 370 3167 Sequitur
392 3086 527 3167 llymnus
550 3085 738 3150 Cberubicus
762 3086 813 3168 qui
835 3085 961 3163 dicitur,
984 3092 1017 3146 ut
1039 3086 1069 3146 in
1093 3086 1231 3149 omnibus
1254 3087 1319 3150 aliis
1341 3088 1498 3153 Ecclesiis.

223 3346 332 3441 lapte
358 3347 424 3419 bec
455 3318 664 3441 rcmificiam
689 3352 798 3433 taem,
830 3348 995 3433 Domine,
1031 3347 1269 3419 benedictione
1302 3370 1392 3442 qaae
1422 3371 1446 3419 a
1471 3355 1506 3420 te
1539 3354 1600 3437 ccl,

465 3486 533 3557 per
558 3464 714 3557 illapsam
739 3485 843 3556 seper
868 3462 962 3533 illam
986 3461 1141 3557 Spiritus
1167 3467 1217 3535 toi
1241 3467 1364 3536 carecti.
1424 3491 1430 3504 ·

306 3673 512 3764 Basrrssme,
543 3692 576 3746 ut
605 3684 751 3762 diximus,
780 3690 851 3763 post
873 3683 945 3746 istas
967 3685 1122 3747 orationes
1151 3685 1296 3747 transitur
1323 3685 1361 3748 ad
1391 3687 1602 3750 consecratio-

223 3808 296 3852 nem
319 3789 467 3852 donorum
490 3790 729 3870 propositorum,
752 3805 831 3867 quae
852 3793 923 3849 nete
951 3794 999 3849 est
1028 3788 1211 3868 antiquitatis
1242 3805 1260 3850 a
1287 3787 1475 3870 simplicitate
1504 3791 1601 3852 minus

224 3896 372 3952 remotae.
395 3888 429 3950 ln
453 3887 566 3951 Codice
589 3887 707 3951 Graece
729 3888 823 3949 Marci
846 3885 1002 3969 liturgiae
1024 3886 1101 3949 idem
1124 3895 1262 3965 netatm,
1288 3889 1367 3950 circa
1391 3890 1601 3972 consignatio-

223 4006 295 4050 nem
317 3987 435 4050 illerum
457 3981 634 4073 σφραγιζει
654 3974 697 4048 τοὶ
720 3974 816 4070 ἅγια,
846 3985 885 4048 ita
908 3988 988 4048 enbn
1010 3992 1158 4048 vocantur
1179 3974 1222 4049 roi
1242 3984 1350 4071 odeo,
1378 3995 1449 4070 post
1475 3990 1599 4070 primam

222 4087 346 4151 ullorum
369 4087 406 4149 ad
430 4086 526 4149 altare
547 4086 720 4165 illationem,
743 4103 811 4148 cum
830 4086 891 4167 jam
907 4085 1036 4166 aliquam
1050 4087 1239 4148 sanctitatem
1256 4087 1419 4166 obtineant,
1443 4107 1483 4150 ex
1499 4087 1600 4151 lutura

222 4205 331 4250 eorum
354 4186 602 4249 transmutatione
623 4187 653 4248 in
676 4203 788 4267 cerpus
811 4192 842 4247 et
865 4186 1040 4266 sangumem
1064 4183 1177 4248 Christi
1198 4184 1325 4249 Domini.
1366 4185 1452 4250 Unde
1473 4186 1600 4268 deposi-

222 4295 288 4348 tum
311 4286 441 4368 legimus
462 4285 645 4366 Episcopum
669 4284 844 4367 quemdam,
868 4285 949 4365 qued
971 4280 1101 4368 Δῶρον,
1124 4284 1154 4346 in
1178 4285 1273 4348 altare
1291 4287 1353 4368 jam
1375 4285 1505 4364 illatum,
1533 4286 1600 4350 lre·

222 4384 325 4465 gisset
347 4393 378 4447 et
401 4385 621 4448 conculcasset.
644 4383 677 4445 ln
696 4401 732 4447 ee
751 4390 851 4446 autem
865 4385 1002 4448 eratione
1018 4383 1190 4465 postuletur
1206 4384 1330 4466 illapsus
1347 4384 1475 4467 Spiritus
1491 4386 1598 4463 sancti,

223 4485 263 4545 iis
286 4485 505 4565 propemodum
526 4484 629 4547 verbis
652 4483 759 4565 quibus
781 4491 888 4565 postea
912 4483 941 4545 in
957 4482 1151 4546 lanceatione
1167 4483 1295 4565 Spiritus
1313 4485 1420 4563 sancti,
1444 4485 1485 4548 ita
1500 4493 1598 4547 tamen

119 4616 122 4621 ·
223 4589 260 4644 ut
282 4583 388 4646 eadem
404 4584 557 4647 lnvocutio
575 4601 631 4648 suo
646 4583 715 4645 loce
737 4584 894 4662 recitetur,
913 4601 979 4645 curn
997 4582 1035 4646 de
1057 4590 1208 4646 momento
1230 4584 1467 4647 consecrationis
1487 4582 1599 4646 Orien-

223 4681 304 4745 tales
327 4682 481 4763 disputare
504 4699 565 4745 non
587 4682 668 4745 soliti
693 4684 769 4760 sint,
800 4682 855 4746 sed
886 4691 957 4745 tunc
985 4682 1118 4759 demum,
1150 4699 1216 4744 com
1246 4684 1346 4745 omnia
1374 4684 1432 4745 rite
1462 4682 1600 4763 perlecta

224 4788 314 4856 sunt,
338 4782 376 4844 de
400 4784 648 4845 transmutatione
670 4789 873 4845 consummata
897 4800 958 4845 non
981 4782 1126 4846 dubitent.
1169 4779 1299 4844 Similem
1322 4781 1429 4845 eodem
1452 4782 1521 4846 loce
1545 4782 1599 4844 ln·

224 4879 420 4943 vocationem
444 4881 555 4944 babent
576 4880 763 4958 Nestoriani,
793 4883 824 4944 in
847 4883 941 4963 prima
964 4898 1018 4943 sna
1048 4881 1204 4962 liturgia,
1233 4880 1287 4942 sed
1315 4880 1515 4960 posteriorem
1538 4898 1599 4944 non

225 4987 392 5059 usurpant,
417 4998 496 5060 qnae
519 4987 618 5043 tamen
641 4981 671 5042 in
694 4978 846 5044 'lbeodori
870 4990 900 5044 et
922 4980 1056 5044 Nestorii
1077 4979 1222 5061 Litorgiis
1250 4981 1411 5059 reperitur.
1454 4979 1600 5062 Reliquae
1656 4966 1662 4971 ’

224 5078 381 5141 annones
405 5086 435 5140 et
458 5097 525 5141 cum
548 5078 665 5142 Graeca
687 5079 796 5158 Marci,
821 5088 851 5143 et
875 5099 942 5143 cum
965 5080 1030 5143 aliis
1052 5087 1192 5143 accurate
1216 5080 1409 5145 conveniunt.
