4525 6034
707 506 835 634 aaa
1200 539 1511 635 “ucula

704 743 839 825 passioni
861 748 908 804 est
930 742 1109 822 obnoxium,
1132 741 1211 805 idem
1233 759 1355 824 corpus.
1398 741 1442 806 lta
1464 741 1637 807 Nestoriani
1664 742 1695 805 in
1716 740 1860 827 Liturgiis
1881 742 1944 807 suis
1966 744 2067 825 dicunt,

705 841 893 904 oblationem
905 843 1006 904 vivom
1024 850 1056 904 et
1075 842 1253 904 rationalem
1271 843 1479 922 primitiarum
1500 851 1686 919 sathanan,
1707 843 1919 923 cicamcmqac
1938 863 1996 907 non
2014 848 2067 908 irt-

593 937 599 949 '
703 942 856 1021 molowm,
879 940 945 1001 Deo
967 938 1080 1021 offeri.
1125 938 1216 1021 ltem,
1238 940 1356 1022 Aquam
1377 941 1437 1002 Dei
1457 942 1510 1022 qui
1529 941 1663 1022 mmtidie
1684 942 1881 1020 sacrificatur
1900 960 2067 1005 comemm-

703 1041 813 1116 tctiter‚
836 1047 867 1102 et
882 1041 959 1101 eicit
973 1041 1006 1101 in
1025 1040 1167 1102 racadu:
1190 1048 1221 1103 et
1243 1040 1353 1103 eliade
1376 1039 1484 1121 quibtts
1506 1039 1655 1104 videndae
1675 1047 1768 1103 notae
1791 1039 1830 1102 ad
1852 1039 2001 1104 'l'heodori
2019 1041 2067 1105 li-

703 1140 840 1223 turgiam.
884 1139 952 1201 Pari
975 1138 1131 1202 intellectu
1154 1138 1261 1203 Graeci
1283 1139 1440 1214 dixerunt,
1469 1138 1620 1203 Christum
1643 1155 1714 1203 esse
1736 1140 1766 1201 in
1790 1140 1982 1203 Sacramenta
2002 1159 2062 1203 eun

703 1242 754 1320 qui
778 1238 878 1318 ollert,
902 1240 1005 1319 etqui
1029 1237 1172 1316 oliertur,
1196 1224 1294 1301 secuti
1318 1237 1498 1321 Gregorium
1522 1238 1726 1321 Theologum,
1755 1239 1806 1320 qui
1828 1238 1868 1300 ita
1890 1238 2005 1303 locutas
2025 1248 2066 1303 est

702 1341 734 1401 in
747 1337 962 1421 Apologetico.
986 1326 1057 1400 Ὅτι
1071 1333 1189 1423 μηδεὶς
1210 1325 1303 1415 ἄξιος
1323 1335 1386 1401 τοῦ
1405 1332 1552 1421 μεγάλου
1572 1333 1629 1401 καὶ
1649 1333 1746 1415 θεοῦ,
1763 1333 1820 1400 καὶ
1845 1325 1999 1415 θύματος,
2018 1333 2067 1400 xci

703 1427 896 1523 ἀρχιερέως,
926 1425 1014 1510 ὅςτις
1040 1425 1087 1520 μῆ
1116 1424 1275 1523 πρότερον
1301 1423 1420 1500 ἑαυτὸν
1447 1432 1635 1523 παρέστησε
1655 1434 1702 1520 τῷ
1723 1435 1795 1519 θεῷ
1815 1432 1942 1500 θυσίαν
1961 1433 2066 1514 ζῶσαν,

705 1527 808 1618 ἁγίαν.
850 1536 981 1617 menan
1003 1555 1070 1599 erse
1089 1539 1239 1599 meten
1259 1556 1369 1618 mayaco
1389 1536 1466 1613 Deo,
1488 1538 1590 1600 hostia
1612 1542 1643 1599 et
1662 1536 1817 1616 Pontifice,
1839 1538 1893 1618 qui
1911 1556 1971 1600 noa
1987 1539 2066 1618 priate

694 1636 876 1705 ‚exhibuerit
896 1654 929 1696 re
950 1634 1016 1696 Deo
1036 1634 1169 1697 hosdem
1189 1636 1301 1715 cicant,
1324 1646 1356 1700 et
1375 1644 1521 1701 sanctam
1548 1636 1594 1700 Ea
1616 1638 1777 1700 occasione
1800 1636 1907 1701 turhae
1929 1652 1989 1699 non
2008 1653 2105 1707 mea

703 1735 824 1798 diceres
847 1734 997 1797 excitatae
1024 1741 1093 1796 sunt
1115 1733 1146 1796 in
1168 1733 1308 1797 Ecclesia
1324 1735 1654 1819 Constantinopolitana
1677 1752 1755 1798 anno
1779 1734 1890 1799 Christi
1913 1736 1953 1801 ll.
1976 1733 2064 1799 chtt„

703 1835 765 1899 Sub
794 1832 934 1896 hlanuelc
964 1830 1137 1910 comneno,
1167 1833 1205 1896 de
1235 1834 1343 1915 quibus
1371 1837 1533 1900 Cinnamus
1563 1837 1582 1900 l.
1604 1835 1634 1899 l.
1656 1836 1777 1899 Nicetes
1805 1835 1825 1900 l.
1850 1839 1880 1901 7.
1904 1845 1935 1899 et
1956 1843 2065 1897 autores

703 1934 752 1996 alii
775 1931 843 1996 inse
864 1933 1063 2013 scripserunt.
1092 1931 1208 2014 Nempe
1231 1951 1299 1997 cum
1320 1933 1448 1999 Basilius
1458 1936 1611 1999 Diaconus
1633 1934 1859 2016 interpretando
1870 1933 2065 2017 Evangeliun,
2171 1992 2175 2003 ,

701 2032 822 2115 publice
845 2032 925 2094 hanc
948 2031 1116 2095 doctrinam
1139 2052 1179 2094 ex
1195 2033 1313 2115 pulpito
1330 2035 1548 2117 praedicasset,
1571 2033 1698 2097 Michael
1714 2033 1910 2098 Protecdicus
1922 2032 2065 2096 Ecclesiae

703 2116 1066 2212 Constantinopolitanae,
1090 2129 1282 2213 Nicephorus
1304 2131 1489 2214 Basilacius,
1518 2142 1549 2197 et
1572 2134 1639 2211 alii,
1662 2152 1744 2212 eam,
1775 2142 1917 2214 anquam
1938 2130 2065 2194 haeresin

700 2229 913 2292 Nestorianam
927 2229 1110 2309 induceret,
1133 2230 1400 2315 impugnaverunt,
1425 2233 1534 2316 quihus
1557 2232 1726 2296 adhaesere
1747 2231 1924 2296 Soterichus
1946 2232 2065 2293 Peuma-

701 2346 800 2412 genus
822 2328 997 2392 Patriarcha
1025 2327 1235 2393 Antiochenus
1263 2330 1455 2415 designatus,
1481 2332 1655 2396 Eustathius
1682 2331 1875 2413 Metropolita
1909 2329 2065 2412 Dyrrachii,

703 2436 733 2491 et
755 2428 805 2490 alii
819 2427 964 2490 nonnulli.
1010 2427 1135 2510 Synodo
1157 2426 1257 2492 habita
1281 2431 1389 2495 eodem
1411 2450 1501 2509 anno,
1524 2430 1680 2499 anathema
1702 2433 1935 2513 pronunciatum
1956 2430 1985 2492 iu
2005 2417 2064 2490 ilos

625 2606 627 2611 ‚
704 2534 762 2604 est,
785 2527 836 2609 qui
859 2526 1067 2607 explicatama
1082 2525 1193 2591 Basilio
1207 2527 1373 2594 doctrinam
1385 2532 1604 2617 impugnarent.
1629 2530 1734 2594 Totam
1749 2529 1836 2592 istius
1849 2528 2065 2593 conuenersiae

430 2623 542 2676 &aaa
564 2621 609 2677 26.
632 2622 689 2675 aaa.
703 2627 859 2690 historiam
882 2633 1024 2690 accurate
1047 2646 1088 2690 ex
1111 2628 1235 2691 Graecis
1259 2630 1415 2694 autoribus
1437 2630 1602 2712 explicavit
1628 2628 1691 2692 Leo
1720 2627 1865 2704 Allatius3
1897 2635 1958 2690 tum
1985 2625 2066 2688 multa

379 2706 515 2778 Μ
537 2727 563 2779 Ρ·
585 2709 647 2761 ⁵²²·
666 2717 691 2761 ι’
703 2725 927 2809 Theologorum
948 2734 1086 2790 veterum
1109 2734 1141 2790 et
1162 2730 1365 2793 recentiorum
1387 2730 1555 2794 testimonia
1579 2728 1713 2813 collegit,
1735 2745 1797 2790 non
1818 2725 1910 2791 modo
1933 2746 1972 2790 ex
1992 2725 2065 2788 libris
2221 2800 2222 2809 ἵ

377 2812 428 2864 ⁸⁶⁹·
477 2882 484 2895 .
700 2825 806 2903 editis,
829 2825 884 2889 sed
906 2826 997 2889 etiam
1018 2845 1059 2890 ex
1080 2827 1303 2909 manuscriptis.
1347 2828 1392 2892 Ea
1421 2830 1520 2892 omnia
1541 2827 1703 2891 Dositheus
1725 2826 1899 2889 Patriarcha
1929 2825 2065 2888 llieroso·
2221 2826 2222 2865 l

400 2881 503 2936 mic.
519 2900 546 2954 μ’
562 2884 608 2940 '³⁷‘
626 2892 650 2938 ⁶⁸
665 2901 687 2937 ⁸'
699 2926 870 3009 lymitanus,
892 2924 1045 2990 transtulit
1064 2926 1302 2991 hrEnchiridion
1323 2946 1421 3007 suum,
1443 2946 1500 2992 seu
1523 2926 1685 2991 editionem
1695 2926 1853 2989 Tractatus
1868 2944 1968 3007 quem
1988 2922 2064 2987 titulo

698 3027 785 3090 Scatti
802 3026 876 3107 fidei
897 3025 1108 3105 orthodoxae,
1132 3028 1316 3109 scripserat,
1339 3029 1451 3110 quique
1474 3026 1589 3109 synodi
1610 3025 1904 3108 hierosolymitanae
1917 3023 2065 3088 seuBeth-

699 3126 886 3202 leemiticae,
910 3126 980 3207 quia
1003 3125 1035 3187 in
1058 3145 1095 3188 ea
1118 3109 1267 3207 probatus
1290 3134 1321 3191 et
1344 3128 1535 3192 confirmatus
1558 3126 1673 3206 luerat,
1701 3127 1822 3189 nomine
1842 3124 1983 3189 Lutetiae
2003 3122 2064 3187 olim

699 3225 798 3289 editus
820 3233 877 3288 est.
900 3225 1027 3288 'lantum
1050 3224 1137 3288 abest
1158 3243 1264 3307 porro,
1287 3233 1321 3290 ut
1342 3227 1423 3306 quod
1447 3244 1527 3290 anno
1542 3225 1582 3289 hl.
1597 3222 1769 3289 DCLXXll.
1790 3225 1970 3307 scripserat,
1992 3222 2064 3304 Syn-

700 3323 820 3405 odoque
830 3330 1044 3405 proposuerat,
1067 3327 1290 3406 retractaverit,
1314 3325 1386 3406 quin
1402 3327 1503 3407 potius
1525 3342 1562 3389 ea
1584 3324 1672 3388 novis
1686 3331 1717 3387 et
1733 3322 1853 3405 quidem
1866 3323 1966 3386 multis
1980 3339 2065 3404 ugnu-

699 3425 808 3486 mentis
831 3424 1029 3487 confirmavit.
1052 3421 1142 3497 Quod
1164 3423 1201 3486 ah
1214 3422 1327 3488 Allatio
1350 3424 1513 3507 descripsit
1534 3440 1674 3506 magnam
1695 3423 1935 3486 testimoniorum
1949 3428 2064 3503 partem

698 3520 729 3583 id
752 3538 821 3584 eum
842 3508 1059 3609 λατινόφρσνα
1080 3520 1175 3587 luisse
1194 3540 1257 3587 non
1278 3522 1398 3606 prohat,
1421 3541 1488 3586 cum
1509 3524 1541 3586 in
1563 3521 1634 3588 odio
1646 3521 1799 3585 Romanae
1817 3520 1976 3585 Ecclesiae
1998 3537 2064 3582 con-

699 3620 839 3683 senuisse
861 3639 930 3683 eum
952 3622 1049 3685 sciant
1071 3638 1187 3702 omnes,
1211 3622 1263 3704 qui
1284 3621 1545 3705 Constantinopoli
1567 3629 1618 3685 aut
1640 3621 1859 3703 Hierosolymis
1880 3620 1965 3684 illum
1985 3616 2063 3681 vide-

698 3725 780 3796 runt,
803 3727 834 3782 et
847 3721 920 3783 satis
935 3720 1122 3784 demonstret
1135 3720 1278 3803 Nectarii,
1301 3724 1387 3806 cujus
1404 3722 1570 3805 discipulus
1582 3721 1648 3801 luit,
1663 3721 1741 3785 liber
1753 3721 1903 3784 adversus
1917 3720 2063 3783 Primatum

612 3840 615 3845 ’
699 3815 824 3880 Romani
847 3818 1023 3897 Pontificis3
1045 3821 1131 3902 cujus
1155 3821 1273 3902 operis,
1303 3830 1440 3886 autorem
1461 3822 1545 3884 illum
1565 3823 1666 3903 potius
1690 3838 1779 3903 quam
1802 3819 1950 3885 editorem
1970 3817 2063 3895 iussa,

701 3916 779 3979 lama
802 3919 833 3981 in
854 3917 981 3981 Oriente
1011 3917 1076 3982 luit.
1120 3920 1233 3983 Verum
1260 3938 1327 3984 cum
1356 3920 1429 3984 illud
1458 3920 1659 4002 publicaverit
1687 3927 1718 3984 et
1744 3923 1775 3983 in
1804 3919 1993 3983 Praelatione
2013 3933 2062 3997 qut

699 4015 836 4079 Nectarii
857 4018 947 4080 vitam
969 4018 1106 4082 breviter
1128 4018 1304 4099 complanas
1327 4006 1385 4099 est,
1406 4019 1490 4083 illum
1512 4020 1549 4083 ah
1572 4019 1732 4084 inimicitiis
1746 4037 1821 4102 quas
1834 4027 1942 4083 cenna
1951 4017 2062 4081 Latinos

700 4122 850 4197 perpetuo
873 4124 1063 4196 exercuerat,
1086 4118 1222 4199 impense
1244 4115 1422 4195 laudaverit,
1444 4135 1504 4181 non
1526 4120 1624 4181 minus
1647 4136 1737 4200 quam
1752 4115 1909 4182 Meletium
1922 4116 2062 4198 Syrigum

701 4214 786 4296 cujus
809 4213 1021 4279 refutationem
1044 4215 1253 4280 contessionis
1277 4215 1383 4299 cyrilli
1405 4217 1531 4282 Luearis
1553 4218 1641 4282 simul
1663 4218 1771 4298 edidit,
1801 4216 1916 4281 instra
1944 4212 2063 4279 illiusin

699 4312 823 4378 Latinos
846 4317 1013 4396 propensio
1036 4316 1203 4398 quaeritur,
1227 4334 1244 4378 a
1267 4335 1326 4398 qua
1347 4316 1525 4401 longissime
1548 4327 1682 4382 remotus
1705 4317 1768 4381 luit
1803 4315 1879 4380 Cum
1893 4334 1970 4380 vero
1984 4312 2062 4376 Alla-

701 4413 811 4476 tianam
834 4415 1072 4478 testimoniorum
1097 4415 1453 4479 exGraecisAutorihus
1468 4416 1687 4481 collectionem
1709 4418 1740 4480 in
1762 4435 1840 4499 opus
1861 4433 1949 4479 suum
1970 4421 2061 4475 trans·

699 4511 785 4592 ludit,
809 4513 915 4577 eadem
938 4532 1032 4596 opera
1054 4515 1165 4578 nullam
1180 4517 1259 4579 inter
1271 4515 1406 4579 Graecos
1425 4514 1610 4598 Latinosque
1629 4516 1667 4579 de
1680 4515 1889 4579 Eucharistiae
1912 4513 1972 4578 lide
1992 4528 2061 4576 con·

700 4614 879 4676 troversiam
904 4632 973 4677 esse
994 4613 1153 4696 professus
1168 4624 1231 4694 est,
1254 4617 1438 4701 agnovitque
1451 4615 1525 4678 nihil
1539 4614 1696 4679 ahhllatio
1710 4613 1829 4694 referri,
1850 4613 1933 4696 quod
1948 4608 2061 4675 Graecia

699 4713 837 4795 ignotum
860 4713 940 4777 leret
962 4722 1013 4776 aut
1035 4715 1245 4796 improbatum
1288 4715 1335 4779 De
1362 4715 1470 4779 eadem
1497 4716 1707 4778 conhoversia
1729 4712 1859 4777 videnda
1881 4712 1970 4776 etiam
1992 4724 2060 4791 quae

699 4813 824 4893 scripsit
846 4811 926 4875 idem
946 4813 1075 4877 Allatius
1098 4816 1129 4877 in
1152 4815 1341 4880 Praefatione
1364 4815 1402 4879 ad
1425 4820 1572 4897 excerpta
1593 4815 1677 4877 varia
1689 4813 1854 4877 Rhetorum
1867 4821 1898 4877 ct
1911 4810 2059 4894 Sophiste-

698 4912 820 5010 rurn,in
843 4929 902 4993 qua
924 4912 1033 4976 multos
1056 4922 1087 4977 et
1109 4914 1229 4996 quidem
1251 4916 1449 5001 gravissimos
1463 4914 1609 4996 Wotphii,
1632 4913 2059 4994 dumNicetaminterpretatus

700 5015 765 5089 est,
788 5027 911 5074 errores
935 5012 1081 5076 emendat.
