4525 6034
663 568 779 641 194-
836 658 841 663 ,
1128 562 1569 643 aonlrnnrnmus

660 753 774 833 pluris,
805 760 837 814 et
860 754 1012 813 orationes
1041 769 1119 832 qnae
1149 751 1211 813 suis
1234 749 1309 812 locis
1338 751 1531 828 inseruntur,
1554 749 1671 832 reliqua
1696 770 1736 812 ex
1764 751 1913 812 communi
1942 752 2037 831 ipsius

660 853 719 913 diei
743 850 845 914 alticio
869 852 1089 913 continuentur.
1134 850 1178 910 Ea
1202 851 1323 912 occasio
1347 848 1401 911 fnit
1430 848 1582 910 nonnullis
1611 851 1801 912 existimandi
1832 851 1942 912 lllissas
1970 850 2037 911 illos

659 968 721 1013 non
744 950 903 1012 celebrare
925 968 981 1030 pro
1004 949 1145 1027 mortuis,
1170 949 1239 1028 qnia
1262 948 1381 1029 qualem
1404 947 1434 1008 in
1450 946 1596 1009 Ecclesiis
1611 949 1733 1027 uostris,
1758 947 1917 1031 lugubrem
1942 965 2039 1029 appa-

658 1057 757 1112 ratum
779 1048 892 1111 nullum
915 1047 1066 1110 videbant.
1112 1046 1274 1110 Orationes
1298 1047 1354 1108 etsi
1378 1047 1550 1127 pertineant
1573 1046 1610 1108 ad
1633 1047 1794 1127 petendam
1818 1065 1874 1128 pro
1888 1045 2038 1110 defunctis

660 1149 869 1221 remissionem
881 1155 1087 1227 peccatorum,
1110 1146 1178 1226 plus
1202 1154 1302 1208 tamen
1318 1144 1506 1207 Christianae
1530 1146 1597 1224 spei
1619 1144 1657 1207 de
1671 1148 1897 1208 resurrectione
1914 1153 1947 1208 et
1961 1145 2038 1208 bea-

659 1247 803 1325 titudine,
827 1264 916 1328 quam
939 1246 1037 1308 luctus
1061 1254 1092 1308 et
1116 1247 1244 1307 terroris
1267 1244 1379 1307 ollerre
1402 1243 1510 1307 solent.
1541 1242 1706 1307 lllndvero
1720 1246 2040 1325 praecipuencnsinc

661 1348 855 1409 admiratione
879 1346 997 1408 inistis
1021 1345 1126 1407 officiis
1150 1346 1262 1425 ubique
1284 1342 1380 1406 ierme
1403 1342 1666 1417 animadvertitur,
1696 1361 1782 1423 spem
1804 1344 1964 1405 maximam
1986 1362 2040 1405 re-

660 1447 877 1523 surrectionis,
901 1453 931 1507 et
953 1445 1139 1507 liberationis
1164 1461 1181 1504 a
1204 1442 1343 1526 gehenna
1367 1441 1508 1503 collocari
1531 1443 1562 1503 in
1584 1442 1822 1504 sanctificatione
1845 1460 1935 1523 quam
1966 1461 2039 1506 cor-

660 1562 737 1625 pora
760 1542 890 1605 fidelium
917 1552 1151 1622 contraxerunt,
1184 1548 1240 1623 per
1269 1543 1494 1622 susceptionem
1522 1539 1740 1603 Eucharistiae.
1786 1539 1818 1601 ln
1846 1541 2038 1626 Euchologio

660 1643 827 1706 Jacobitico
857 1641 945 1723 Syro.
1000 1642 1134 1704 Praesta
1163 1641 1291 1702 Domine
1324 1641 1369 1720 fili
1396 1638 1456 1700 Dei
1460 1686 1471 1715 ‚
1500 1640 1632 1718 requiem
1662 1649 1691 1701 et
1721 1642 1898 1702 memoriam
1927 1641 2040 1703 bonam

556 1810 558 1815 Α
659 1743 804 1815 mortuis,
827 1744 880 1820 qni
901 1743 1093 1803 comederunt
1114 1759 1227 1820 corpus
1249 1748 1347 1814 taam,
1370 1747 1403 1800 et
1420 1738 1562 1799 biberant
1581 1740 1758 1818 sanquinem
1779 1747 1861 1800 tunm
1883 1758 1953 1801 cam
1969 1740 2039 1818 fide,

659 1838 926 1921 dormitionemque
958 1849 1155 1920 acceperunt:
1179 1848 1210 1901 et
1231 1846 1349 1920 postea.
1392 1836 1604 1921 Arrbalronem
1623 1839 1733 1917 <qnippe
1755 1839 1837 1899 ritae
1858 1858 1960 1901 novae
1983 1841 2040 1900 de-

660 1937 706 1999 dit
730 1937 876 2000 Salvator
908 1948 1012 2000 noster
1037 1939 1192 2018 fidelibus,
1228 1936 1409 1999 trameandi
1440 1936 1478 1997 de
1506 1944 1603 1997 morte
1631 1936 1674 1997 ad
1702 1938 1813 2012 citam,
1843 1957 1902 2019 per
1928 1957 2041 2018 carpam

658 2044 688 2098 et
709 2037 900 2117 commanem,
923 2056 1001 2118 qaae
1023 2038 1237 2100 beatimdinem
1260 2035 1415 2114 conserent
1434 2037 1577 2110 marbais,
1607 2038 1659 2116 qni
1686 2036 1740 2096 illa
1764 2044 1984 2115 perceperam,
2012 2044 2042 2097 et

658 2154 785 2216 quoram
807 2135 950 2216 beneficio
973 2136 1206 2199 suscitabuntur.
1252 2135 1285 2196 ln
1319 2132 1421 2197 ollicio
1449 2132 1597 2197 Paschali.
1649 2132 1739 2196 Beati
1763 2137 1850 2196 eritis
1878 2154 1897 2197 o
1926 2136 2042 2197 morari

658 2235 691 2295 in
713 2236 763 2296 die
791 2236 1032 2313 resurrectionis,
1056 2254 1169 2314 carpas
1191 2237 1269 2296 enim
1290 2235 1392 2295 vinnm
1414 2234 1495 2313 qaod
1522 2233 1643 2309 edicbr,
1672 2240 1702 2294 et
1730 2235 1856 2313 sunpnis
1879 2236 2041 2313 propitia-

659 2334 755 2394 tarr‘as
776 2334 1013 2413 combibistis,
1038 2332 1527 2395 consa'taetvosoddeateram.
1578 2332 1612 2392 ln
1638 2331 1774 2415 Liturgia
1797 2334 1927 2413 quaein
1959 2332 2040 2395 edito

657 2429 771 2493 Rornae
794 2431 908 2494 Missali
931 2432 1026 2515 Syro,
1049 2431 1137 2513 Xysti
1161 2450 1288 2510 nomen,
1313 2429 1407 2509 aliud,
1438 2448 1495 2493 nec
1524 2448 1615 2492 unum
1640 2431 1671 2492 in
1700 2432 1913 2513 manuscriptis
1942 2450 2039 2512 prae-
2097 2486 2102 2492 .

658 2529 733 2608 lert,
758 2538 897 2613 tanquam
921 2551 960 2594 ex
982 2549 1115 2612 persona
1139 2529 1301 2592 Christiani
1324 2529 1449 2593 dicitur:
1474 2529 1599 2591 liniebat
1619 2532 1700 2610 ipris
1713 2530 1849 2591 membra
1863 2549 1942 2606 mea,
1969 2535 2041 2612 qaia

657 2629 781 2707 repellet
801 2649 868 2690 enm
890 2632 968 2692 ader
991 2632 1131 2710 corporis
1161 2638 1192 2691 et
1219 2631 1377 2710 sanpm'nis
1407 2626 1528 2690 Christi.
1574 2627 1607 2689 ln
1636 2629 1693 2691 alia
1723 2629 1845 2692 loannis
1873 2630 2039 2693 Barsnsan.

655 2727 785 2789 Domine
806 2726 881 2789 decu
903 2726 1022 2790 Christe
1044 2730 1096 2809 qai
1112 2722 1150 2790 'es
1172 2748 1269 2809 apnns
1291 2730 1357 2790 sine
1377 2727 1498 2789 macaria
1515 2747 1576 2807 pro
1598 2728 1686 2789 mdis
1707 2730 1892 2805 imarolahrs,
1916 2749 1960 2803 ea:
1983 2748 2041 2810 qno

657 2827 770 2905 epulati
790 2846 908 2904 marus,
932 2828 1052 2889 custodi
1073 2846 1207 2907 corpora
1228 2833 1336 2889 rmstra
1357 2845 1434 2907 qaae
1457 2827 1583 2905 corpori
1603 2833 1654 2887 hro
1667 2834 1773 2890 saneto
1786 2829 1944 2889 commata
1961 2832 2040 2902 sunt,

656 2933 687 2987 et
707 2926 835 3006 abelmea
862 2927 946 2988 labia
972 2935 1098 3001 nostra,
1126 2943 1204 3007 qaae
1232 2928 1378 3006 sanquine
1405 2931 1455 2988 ino
1485 2932 1591 2987 sancto
1617 2934 1767 3004 peruncta
1797 2934 1874 2988 sunt.
1918 2926 2040 3008 Nempe

655 3027 742 3105 quia,
777 3033 809 3087 ut
843 3027 874 3088 in
904 3025 1040 3109 Litnrgia
1070 3024 1203 3088 Mathaei
1232 3025 1366 3087 Pastoris
1397 3032 1428 3087 ct
1454 3024 1553 3086 moltis
1584 3023 1650 3086 aliis
1687 3024 1875 3086 orationihus
1912 3024 2040 3108 legitur,

654 3123 852 3187 Eucharistia
876 3125 1056 3204 sementum
1085 3133 1133 3186 eat
1158 3125 1259 3187 oilae.-
1284 3126 1452 3204 pipnnsqne
1478 3123 1586 3185 beatae
1613 3124 1856 3185 resurrectionis·
1901 3124 2040 3189 Severus

653 3222 825 3304 Episcopus
847 3222 1047 3302 Ascbmonin,
1071 3223 1151 3286 idem
1174 3223 1307 3304 explieat
1329 3225 1360 3284 in
1383 3222 1538 3303 Opnscnlo
1563 3221 1601 3284 dc
1623 3222 1714 3305 Agna
1737 3221 1893 3299 Paschali,
1928 3223 2038 3287 dicens

655 3324 834 3404 sanguinem
857 3322 970 3385 Christi
991 3325 1022 3384 in
1044 3321 1234 3385 Eucharistia
1256 3329 1451 3402 perceptum,
1482 3323 1599 3400 siquam
1627 3340 1694 3382 ease
1716 3340 1808 3399 saper
1835 3324 1916 3383 ostia
1938 3326 2041 3402 spiri-

656 3423 752 3483 tualia
787 3422 895 3483 domas
925 3422 1074 3500 fideliam,
1108 3422 1190 3501 qaod
1223 3440 1291 3484 cnm
1325 3422 1429 3482 vident
1461 3418 1570 3499 Armati
1603 3421 1871 3495 eatemninatores,
1905 3421 2039 3501 fucatae.

655 3519 768 3597 Nempe
791 3521 897 3583 eadem
922 3521 1042 3583 omnino
1065 3520 1204 3583 doctrina
1227 3528 1276 3582 est
1297 3537 1385 3600 quarn
1413 3520 1519 3599 paucis
1548 3518 1604 3581 sed
1634 3519 1753 3580 eximiis
1782 3517 1886 3581 verbis
1916 3520 2038 3601 Martyr

656 3617 800 3682 lrenaeus
824 3619 1002 3700 complexus
1024 3626 1086 3681 est:
1110 3638 1244 3699 corpora
1263 3625 1371 3680 nostra
1392 3618 1597 3697 percipienda
1625 3616 1854 3679 Eucharistiam
1874 3622 1947 3697 jam
1977 3640 2039 3683 narr

656 3738 723 3779 esre
746 3718 972 3797 corrnptilrib'a,
994 3738 1079 3798 spem
1099 3719 1335 3781 resurrectionis
1356 3717 1508 3779 habentia.
1554 3715 1614 3778 Sed
1638 3714 1676 3778 de
1700 3713 1846 3778 Oratione
1869 3736 1927 3798 pro
1952 3739 2039 3783 mor-

657 3817 715 3878 tuis
738 3816 818 3881 alibi.
863 3815 983 3880 interea
1006 3817 1068 3900 legi
1091 3834 1153 3880 non
1175 3816 1322 3878 inutiliter
1344 3822 1488 3895 possunt,
1511 3833 1589 3896 qnae
1613 3813 1651 3875 de
1673 3813 1732 3876 hoc
1747 3823 1927 3897 argumento
1949 3836 2038 3882 com-

657 3917 803 3978 mentario
836 3934 892 3977 suo
926 3918 955 3978 in
989 3916 1206 3979 bibliothecam
1242 3914 1396 3996 Syriacam
1425 3912 1531 3976 llebad
1566 3913 1642 3976 Jesn
1678 3914 1806 3977 inseruit
1843 3915 2038 3981 Abrahamus

656 4012 860 4078 Echellensis:
884 4034 962 4096 quae
985 4016 1121 4078 auctiora
1144 4016 1281 4095 reposuit
1302 4015 1333 4076 in
1354 4013 1505 4094 Eutychio
1527 4012 1679 4076 vindicato
1710 4014 1857 4078 adversus
1885 4015 2039 4080 Joannem

658 4113 838 4192 Saldennm,
861 4122 923 4176 tum
945 4114 1010 4195 ejus
1033 4116 1062 4176 in
1086 4113 1280 4176 Proiessione
1302 4112 1434 4175 Romana
1464 4129 1627 4174 successor
1649 4112 1777 4175 Faustus
1808 4114 1979 4194 Naironus,
2004 4117 2037 4178 in

656 4212 784 4295 Evoplia
801 4211 972 4290 Catholica,
997 4231 1074 4294 quae
1097 4213 1189 4275 multa
1204 4213 1339 4276 continet
1361 4213 1438 4274 scitu
1462 4212 1652 4293 dignissima:
1676 4220 1737 4274 tum
1753 4212 1860 4275 Obicio
1883 4216 2038 4295 exequia-

657 4330 724 4373 rum
748 4311 875 4392 Coptica
898 4319 929 4374 et
951 4311 1093 4393 Syriaca,
1117 4320 1149 4374 et
1175 4330 1215 4374 ex
1237 4313 1302 4374 istis
1331 4311 1463 4374 odicium
1493 4311 1619 4392 Syriaca
1648 4311 1762 4375 Romae
1792 4313 1920 4391 editum,
1952 4314 2037 4394 quod

658 4411 870 4492 manuscriptis
892 4412 1047 4474 codicibus
1070 4412 1226 4503 conforme
1250 4417 1306 4474 est.
1866 4412 1874 4428 ⁸

1234 4602 1355 4673 Oratio
1382 4602 1459 4674 oeli.

736 4794 831 4871 Hanc
854 4805 958 4869 Oratio
981 4807 1022 4867 ita
1045 4804 1231 4886 appellatur,
1254 4805 1324 4885 quia
1348 4804 1407 4867 dici
1429 4805 1509 4868 solet
1531 4823 1597 4868 cum
1612 4805 1765 4870 Sacerdos
1787 4806 1959 4890 ingreditur
1980 4809 2034 4870 in-

656 4915 704 4970 tra
727 4906 837 4991 Βῆμα,
859 4910 926 4972 sive
948 4908 1056 4971 solium
1079 4908 1198 4987 altaris,
1222 4909 1302 4971 circa
1326 4908 1408 4990 qnod
1430 4908 1530 4971 velum
1553 4910 1776 4991 praetenditur,
1807 4909 1887 4992 apud
1917 4908 2034 4973 Orien·

656 5006 748 5086 tales,
772 5016 804 5069 ut
826 5009 916 5071 ctiam
944 5007 1024 5089 apud
1054 5006 1206 5085 Graecos3
1235 5026 1275 5071 ne
1301 5008 1387 5091 vulgi
1416 5009 1512 5072 oculis
1535 5027 1623 5072 sacra
1653 5012 1796 5091 mysteria
1826 5016 2033 5090 exponantur.
