4525 6034
689 631 739 704 34
1200 627 1567 704 ttruuttn

683 818 949 903 sanctissimum,
992 815 1175 908 gloriosum
1210 825 1244 886 et
1277 813 1506 906 benedictum,
1546 837 1620 886 cum
1655 815 1756 887 Patre
1793 824 1849 886 tuo
1883 813 1993 907 bono,
2029 824 2064 886 et

681 932 804 1030 Spiritu
832 940 960 1006 sancto.

784 1049 861 1120 Pax
888 1045 1050 1119 omnibus.

786 1165 951 1254 Domine,
979 1162 1139 1235 Salvator
1164 1172 1301 1252 nostem
1336 1171 1464 1232 amator
1490 1159 1657 1234 bominum
1683 1161 1791 1252 bone,
1826 1167 1881 1258 qui
1907 1164 2062 1237 vivificas

683 1283 810 1354 animas
845 1288 998 1370 nostrast,
1035 1281 1090 1372 qui
1122 1278 1283 1351 tradidisti
1315 1286 1348 1348 te
1380 1280 1486 1372 ipsum
1521 1299 1584 1372 pro
1619 1276 1736 1368 nobis,
1771 1282 1805 1349 in
1832 1280 1970 1351 salutem
1997 1304 2061 1376 pro

682 1401 830 1493 pcccatis
856 1396 998 1468 nostris:
1027 1398 1082 1489 qui
1108 1396 1139 1463 in
1167 1391 1371 1464 multitudine
1398 1392 1647 1466 misericordiae
1667 1403 1743 1465 tuae
1762 1394 1893 1468 solvisti
1913 1399 2061 1470 iuimici-

683 1517 747 1587 tias
773 1513 956 1584 bominum:
983 1509 1181 1602 Unigenitus
1208 1509 1319 1600 Deus,
1347 1513 1402 1604 qui
1429 1532 1467 1583 es
1494 1514 1527 1581 in
1555 1513 1627 1583 sinu
1653 1512 1773 1584 Patris.

786 1629 892 1723 Kyrie
920 1626 1057 1701 cleison.
1111 1625 1268 1698 Benedic.
1321 1627 1441 1705 Amen

789 1744 973 1815 Sacerdos.
1028 1743 1094 1830 Qui
1119 1741 1320 1814 benedixisti
1346 1742 1403 1813 illo
1429 1752 1600 1839 temporo,
1626 1742 1768 1816 benedic
1793 1766 1891 1818 nunc

786 1860 948 1954 Populus.
998 1860 1119 1932 Amen.

786 1976 973 2048 Sacerdos.
1029 1974 1094 2061 Qui
1121 1974 1333 2049 sanctificasti
1358 1973 1415 2046 illo
1443 1984 1614 2072 tempore,
1641 1977 1811 2049 sanctifica
1837 2000 1936 2051 nunc.

789 2090 951 2187 Populus.
1004 2092 1125 2164 Amen.

789 2209 977 2280 Sacerdos.
1034 2208 1098 2295 Qui
1126 2206 1267 2280 divisisti
1294 2205 1351 2279 illo
1378 2216 1554 2303 tempore,
1581 2206 1693 2278 divide
1718 2230 1814 2280 nunc

788 2324 950 2416 Populus.
1003 2323 1123 2394 Arnen.

792 2439 979 2511 Sacerdos.
1035 2438 1101 2525 Qui
1128 2437 1247 2511 dedisti
1273 2440 1337 2508 tuis
1364 2436 1533 2533 discipulis
1560 2440 1682 2509 sanctis
1709 2448 1742 2510 et
1769 2440 1942 2537 Apostolis
1969 2448 2066 2538 puris

684 2557 741 2629 illo
769 2567 940 2653 tempore,
966 2577 1073 2650 nunc,
1100 2555 1264 2647 Domine,
1292 2551 1477 2643 danobis,
1504 2563 1539 2625 et
1564 2559 1652 2625 omni
1677 2555 1801 2651 populo
1829 2569 1884 2631 tuo
1902 2564 2066 2655 omnipo-

685 2685 759 2746 tens
785 2674 929 2745 Domine
956 2672 1050 2743 Deus
1076 2680 1203 2742 noster.

787 2791 975 2861 Diaconos.
1030 2787 1144 2859 Orata.

1092 3046 1213 3116 Oratio
1238 3045 1424 3137 fractionis
1450 3044 1497 3114 ad
1521 3045 1653 3117 Filium.

787 3255 986 3327 Benedictus
1006 3273 1062 3340 es,
1092 3249 1225 3324 Christe
1240 3249 1334 3320 Deus
1348 3251 1576 3347 omnipatrem,
1603 3252 1762 3326 Salvator
1775 3251 1953 3326 Ecclesiae
1969 3266 2067 3330 tuae:

687 3371 835 3444 Verbum
867 3369 1074 3463 intelligibile
1108 3377 1141 3440 et
1175 3367 1274 3439 bomo
1306 3365 1466 3457 visibilis,
1502 3371 1556 3461 qui
1589 3391 1651 3463 per
1682 3371 1942 3442 incarnationem
1977 3383 2069 3445 tuam

684 3487 1073 3584 incomprehensibilem,
1099 3485 1309 3580 praeparasti
1336 3481 1433 3553 nobis
1460 3506 1580 3577 panem
1608 3486 1810 3573 coelestem,
1845 3509 1969 3583 carpus
2002 3486 2070 3558 boc

685 3616 776 3677 tuum
803 3615 953 3676 sanctum
979 3606 1013 3673 in
1039 3603 1220 3697 mysterio‚
1247 3597 1398 3670 omnibus
1427 3599 1534 3696 modis
1562 3612 1721 3672 sanctum.
1774 3601 1935 3677 Miscuisti
1967 3604 2070 3676 nobis

686 3720 825 3792 calicem
853 3743 899 3791 ax
924 3719 1032 3790 fructu
1058 3720 1137 3791 vitis
1163 3737 1289 3804 verae,
1317 3736 1403 3807 quae
1432 3723 1484 3787 est
1510 3715 1596 3788 latus
1625 3718 1771 3789 divinum
1804 3729 1895 3790 tuum
1929 3730 1964 3789 et
1998 3723 2070 3791 im-

685 3835 906 3924 maculatum,
935 3858 981 3906 ex
1009 3856 1074 3928 quo
1101 3844 1275 3929 postquam
1303 3829 1463 3901 tradidisti
1491 3834 1658 3927 spiritum,
1686 3837 1834 3905 manavit
1859 3834 1957 3907 nobis
1981 3858 2070 3907 sau-

687 3954 761 4044 guis
789 3963 956 4047 stoque,
984 3973 1069 4045 quae
1096 3949 1251 4021 mundum
1277 3948 1471 4018 universum
1496 3948 1764 4042 purificaverunt.
1817 3951 1968 4043 Aequine
2005 3974 2071 4023 uos

686 4066 766 4159 tibi,
794 4091 815 4140 o
843 4067 951 4157 bone,
978 4088 1100 4139 servos
1129 4076 1222 4136 tuos:
1249 4085 1312 4135 nos
1340 4062 1495 4154 indignos
1522 4062 1577 4133 iac
1605 4063 1661 4135 tibi
1688 4063 1844 4160 populum
1866 4088 2073 4160 congrega·

686 4195 775 4278 tum,
802 4206 968 4275 regnum,
997 4182 1220 4254 sacerdotium
1248 4189 1282 4249 et
1307 4178 1465 4279 populum
1493 4176 1644 4250 electum.
1697 4180 1839 4252 Puriiica
1873 4204 1954 4269 nos,
1989 4182 2073 4255 Do-

687 4303 793 4390 mine,
821 4304 906 4372 sicut
933 4299 1146 4372 sanctificasti
1172 4295 1232 4367 has
1261 4292 1447 4367 oblationes
1475 4299 1686 4389 propositas,
1715 4306 1749 4368 et
1774 4295 1881 4370 iecisti
1908 4298 1984 4369 illas
2012 4303 2074 4371 in-

685 4414 838 4488 visibiles
866 4437 913 4487 ex
940 4412 1145 4503 visibilibuS‚
1182 4422 1215 4483 et
1242 4413 1402 4509 mysteria
1429 4408 1488 4479 tibi
1515 4410 1579 4482 soli
1606 4415 1757 4504 cognita,
1793 4415 1937 4485 Domine
1975 4413 2073 4485 Deus

687 4541 720 4600 ct
747 4528 907 4603 Salvator
932 4541 1049 4602 noster
1074 4530 1158 4602 lesu
1186 4526 1328 4599 Christe.
1382 4527 1434 4597 Tu
1461 4548 1523 4621 per
1549 4526 1756 4600 clementiam
1788 4539 1875 4602 tuam
1911 4553 2075 4623 magnam

688 4645 798 4719 fecisti
824 4669 886 4720 nos
915 4646 1035 4738 dignos
1062 4646 1221 4717 filiatione
1247 4658 1310 4738 per
1335 4640 1533 4736 baptismum
1562 4654 1730 4733 sanctum7
1765 4656 1798 4716 et
1830 4645 1971 4718 docuisti
2008 4668 2074 4721 uos

686 4760 829 4833 formam
857 4766 1017 4834 orationis
1046 4765 1231 4858 mysticae,
1262 4768 1298 4830 ut
1330 4780 1392 4853 per
1418 4779 1493 4828 eam
1526 4760 1763 4832 invocaremus
1798 4762 1932 4833 Patrem
1967 4773 2074 4836 tuum.

688 4875 740 4946 Ta
766 4900 875 4968 nunc,
902 4878 1066 4967 Domine,
1092 4877 1148 4949 iac
1174 4899 1237 4949 nos
1264 4876 1404 4966 dignos,
1431 4882 1467 4943 ut
1493 4878 1696 4946 conscientia
1722 4877 1843 4948 mimda
1870 4887 1904 4948 et
1931 4883 2075 4972 cogita-

688 4995 779 5065 tione
796 4992 907 5086 bonn,
931 4994 1208 5090 quemadmodum
1222 4993 1319 5063 dccet
1334 4991 1438 5081 finos,
1466 5011 1539 5059 cum
1555 4989 1721 5065 desiderio
1736 5003 1770 5064 et
1785 4993 1922 5081 liduciaa
1937 4996 2075 5068 audea-
