4525 6034
675 593 750 667 502
1052 587 1673 677 exsultationis

674 778 824 858 suspicari
847 777 985 858 proclive
1006 776 1100 855 foret,
1130 775 1250 837 turbata
1277 771 1372 835 fuisse
1399 790 1456 853 per
1484 774 1642 854 imperitos
1669 772 1824 835 Librarius
1846 773 2041 854 exemplaria,

674 876 845 958 exquibus
874 875 967 939 editio
989 875 1123 939 Romana
1151 873 1231 937 facta
1258 871 1327 935 fuit:
1360 872 1451 953 idque
1479 890 1517 935 ee
1548 871 1666 934 facibus
1694 873 1849 954 conjicere
1878 889 2041 954 possumus,

674 974 755 1057 quod
778 975 870 1038 multe
893 975 983 1039 hahet
1005 977 1069 1039 suis
1093 974 1168 1037 locis
1191 989 1252 1035 nen
1273 973 1382 1053 posita,
1406 972 1575 1054 mendaque
1597 970 1720 1034 infinita.
1766 971 1842 1032 Nam
1866 988 2042 1036 commemo-

674 1076 809 1136 rationes
831 1082 1017 1137 mortuorum
1041 1074 1115 1136 duas
1139 1080 1280 1135 accurate
1303 1071 1458 1134 distinctas
1482 1072 1744 1152 animadvertimus
1768 1071 1798 1132 in
1821 1070 1968 1133 Orientali
1988 1089 2043 1135 non

673 1175 782 1249 minus,
806 1192 894 1254 quarn
916 1174 947 1235 in
970 1172 1158 1235 Occidentali
1180 1170 1328 1248 Ecclesia,
1353 1177 1383 1233 et
1405 1171 1435 1232 in
1452 1169 1569 1234 Graeca
1583 1189 1623 1233 ex
1645 1187 1704 1250 qua
1719 1169 1821 1232 officia
1843 1187 1931 1232 sacra
1953 1171 2044 1233 omnia

676 1270 832 1352 Syrorum,
857 1272 1052 1353 Coptitarum,
1082 1270 1276 1351 Aethiopum,
1300 1269 1496 1351 aliorumque,
1519 1278 1643 1351 praeter
1665 1269 1801 1346 Latinos,
1824 1270 1970 1351 originem
1991 1271 2044 1331 ha-

675 1370 817 1435 buerunt.
864 1370 1042 1435 Sanctorum
1065 1364 1186 1433 nemina
1208 1378 1489 1443 commemorantur,
1512 1377 1546 1431 ut
1568 1369 1651 1432 Deus
1674 1386 1731 1449 per
1752 1368 1872 1431 illerum
1894 1370 2044 1431 interven-

675 1471 788 1532 tionem
811 1478 842 1533 et
863 1471 1030 1545 orationes,
1053 1470 1140 1531 nobis
1163 1469 1291 1552 gratiam
1313 1468 1433 1531 illorum
1450 1470 1578 1531 virtutes
1601 1476 1632 1531 et
1656 1468 1797 1548 exempla
1819 1468 1953 1531 imitandi
1973 1486 2044 1531 con-

678 1567 778 1648 cedat,
801 1576 832 1632 et
854 1569 1011 1632 nobiscum
1034 1566 1271 1630 misericorditer
1300 1575 1381 1650 agat.
1431 1566 1538 1630 Altera
1569 1568 1813 1631 commemoratio
1843 1565 2044 1630 defunctorum

676 1686 715 1731 ec
739 1669 868 1731 consilio
893 1668 1075 1744 celebretur,
1098 1674 1130 1729 ut
1152 1666 1235 1729 Deus
1257 1668 1332 1748 ipsis
1355 1674 1481 1748 peccata
1504 1667 1640 1743 dimittat,
1662 1668 1799 1748 requiem
1821 1663 1882 1727 illis
1904 1674 2043 1748 praestet,

679 1774 711 1830 et
733 1767 763 1828 in
786 1766 999 1830 beatitudinem
1022 1765 1152 1828 inducat.
1198 1765 1281 1828 llaec
1303 1765 1363 1828 due
1385 1775 1444 1829 tam
1475 1766 1606 1844 diversa,
1630 1773 1661 1829 et
1689 1774 1831 1847 separata
1855 1766 1887 1826 in
1915 1766 2044 1829 omnihus

675 1866 829 1949 liturgiis,
852 1868 883 1928 in
904 1868 961 1930 ista
985 1865 1218 1943 confunduntur,
1242 1883 1349 1928 errore
1371 1865 1472 1946 potius
1502 1865 1694 1928 librariorum
1716 1875 1747 1929 et
1768 1866 1936 1948 imperitia,
1963 1883 2045 1945 quam

403 1995 479 2066 pm,
506 1996 531 2049 p,
556 1998 582 2049 ⁵.
600 1996 617 2049 p,
636 1996 663 2048 3,
676 1984 716 2029 ex
738 1984 774 2028 ea
798 1966 940 2045 opinione
963 1967 995 2028 in
1017 1983 1105 2046 quarn
1128 1964 1237 2028 Graeci
1258 1965 1407 2047 sequioris
1430 1966 1499 2027 aevi
1520 1964 1600 2046 lapsi
1626 1973 1706 2044 sunt,
1729 1984 1797 2028 cum
1821 1968 1967 2030 adversus
1988 1965 2044 2026 La-

370 2099 393 2136 e.
411 2085 438 2136 5.
456 2092 546 2151 etseq.

675 2064 755 2126 tinus
778 2063 955 2147 Theologos
979 2066 1078 2127 acrius
1102 2072 1134 2127 et
1155 2066 1303 2127 incautius
1326 2063 1364 2125 de
1387 2064 1569 2146 Purgatcrio
1594 2063 1793 2144 disputarent.
1817 2067 1863 2129 De
1885 2065 1938 2128 illa
1957 2082 2045 2145 quac-

675 2163 775 2225 stione
797 2162 907 2226 dictum
931 2171 979 2225 est
1001 2164 1071 2225 alibi
1094 2170 1124 2226 et
1153 2181 1231 2245 quae
1261 2163 1343 2225 circa
1371 2161 1452 2225 illam
1483 2162 1711 2226 observavimus
1741 2173 1885 2247 repetere
1915 2182 1975 2226 non
2003 2170 2045 2224 est

675 2261 763 2343 hujus
786 2261 855 2323 loci.
900 2262 976 2324 Nam
997 2261 1166 2343 Aethiopes
1190 2262 1280 2324 talem
1301 2259 1556 2345 Theologicarum
1579 2279 1681 2324 rerum
1704 2260 1878 2328 facultatem
1901 2264 2044 2339 habuisse,

674 2368 708 2422 ut
737 2361 777 2441 in,
797 2361 855 2423 iste
883 2381 919 2423 se
949 2368 1148 2439 exercerent,
1184 2378 1272 2423 nemo
1301 2358 1390 2421 facile
1430 2359 1611 2421 existimabit
1618 2380 1628 2435 3
1663 2362 1721 2423 nisi
1756 2363 1808 2444 qui
1837 2361 1956 2425 Ludolh
1983 2379 2044 2423 cum

674 2458 826 2541 Aethiope
848 2477 904 2522 suo
927 2459 1065 2541 dialogos
1089 2459 1201 2540 aliquid
1229 2459 1341 2521 serium
1372 2458 1528 2520 continere
1547 2457 1702 2539 judicabit.
1747 2459 1952 2524 Introducitur
1973 2462 2045 2523 enim

675 2557 823 2621 adversus
846 2559 1056 2642 Purgatorium
1078 2556 1252 2640 disputans,
1284 2565 1315 2620 et
1337 2573 1454 2637 negans
1477 2557 1573 2619 simile
1601 2557 1762 2639 quidquam
1784 2578 1802 2621 a
1824 2562 1889 2623 suis
1918 2561 2045 2643 agnosci,

675 2675 750 2719 vere
772 2654 922 2739 fortassis,
946 2676 1012 2722 cum
1034 2664 1068 2719 ιιι
1090 2677 1131 2720 ex
1152 2657 1252 2719 multis
1275 2656 1350 2718 locis
1373 2663 1517 2736 apparet,
1548 2673 1588 2718 ne
1616 2653 1789 2720 Catholicus
1820 2660 1944 2742 quidem
1972 2660 2043 2722 ullus

675 2756 765 2819 fidem
792 2775 877 2820 suam
904 2756 956 2819 tali
983 2758 1151 2838 interprete
1181 2757 1367 2840 agnovisset.
1426 2753 1487 2818 Sed
1524 2754 1595 2834 quid
1625 2754 1699 2818 illud
1725 2757 1847 2821 tandem
1875 2765 1958 2834 erat,
1985 2776 2045 2821 cum

674 2855 843 2936 Aethiopes
866 2873 957 2943 orare
979 2865 1009 2919 et
1031 2856 1197 2938 Liturgiam
1219 2854 1331 2918 cllerre
1353 2871 1411 2936 pro
1441 2853 1568 2916 mortuis
1599 2855 1797 2918 certissimum
1826 2859 1881 2919 sit:
1912 2857 1991 2939 qued
2016 2859 2045 2920 in

675 2954 899 3019 deformatione
921 2955 1072 3037 piaculum
1090 2954 1254 3037 judicatur.
1303 2952 1337 3015 ln
1368 2972 1405 3015 ea
1428 2959 1515 3034 parte
1538 2951 1714 3035 disciplinae
1740 2957 1892 3020 servanda
1920 2957 2043 3038 reliquas

675 3055 828 3118 Ecclesias
851 3055 955 3118 imitati
977 3062 1057 3131 sunt,
1080 3063 1110 3118 et
1132 3055 1164 3117 in
1186 3053 1347 3116 traditione
1368 3054 1467 3115 veteri
1489 3060 1730 3133 permanserunt.
1784 3054 1859 3118 Cum
1882 3056 1923 3118 ad
1945 3058 2042 3119 beatos

675 3162 706 3217 et
734 3161 855 3217 sanctos
878 3154 1033 3236 pertinere
1056 3156 1145 3216 etiam
1168 3153 1328 3217 voluerunt
1349 3151 1425 3214 haec
1454 3151 1576 3232 pietatis
1607 3151 1718 3231 cilicia,
1748 3156 1932 3235 gravissime
1960 3173 2042 3218 erra-

675 3261 795 3331 verunt,
817 3273 875 3317 neo
897 3254 958 3317 ulla
980 3255 1099 3318 ratione
1120 3260 1250 3335 possunt
1272 3251 1428 3330 excusari,
1459 3251 1486 3312 si
1509 3249 1629 3330 quidem
1658 3252 1699 3313 ita
1728 3255 1863 3316 sensisse
1896 3271 1950 3318 eos
1979 3272 2043 3316 cer·

675 3361 736 3416 tum
759 3355 825 3416 erit.
1640 3376 1645 3385 ·

763 3452 875 3514 Vemm
905 3460 939 3516 ut
967 3454 1009 3515 ita
1040 3451 1077 3514 de
1114 3451 1173 3514 illis
1204 3451 1411 3527 existimetur,
1448 3448 1630 3513 firmioribus
1668 3453 1855 3530 argumentis
1886 3470 1965 3534 opus
1991 3458 2041 3531 est,

676 3569 764 3632 quam
787 3557 856 3613 sunt
879 3568 915 3612 ea
938 3568 1015 3630 quae
1039 3568 1079 3612 ex
1100 3551 1158 3613 ista
1180 3549 1325 3612 Oratione
1354 3548 1520 3626 ducuntur,
1553 3550 1584 3610 in
1613 3566 1673 3629 qua
1704 3547 1907 3613 describenda
1937 3552 2041 3615 facibus
2108 3589 2111 3599 ι

676 3657 725 3712 est
753 3667 901 3730 peccasse
928 3648 1079 3727 librarios,
1104 3668 1194 3731 quam
1223 3647 1392 3729 Aethiopas
1416 3664 1433 3708 a
1457 3648 1606 3709 communi
1634 3646 1862 3712 Alexandrinae
1893 3650 2042 3715 Ecclesiae

677 3746 835 3828 disciplina
865 3745 1026 3826 defecisse,
1055 3748 1253 3827 praesertim,
1277 3764 1344 3809 cum
1375 3747 1402 3807 si
1429 3746 1471 3807 ita
1497 3744 1587 3822 foret,
1615 3744 1869 3811 contradixissent
1898 3752 1956 3830 ipsi
1982 3750 2040 3813 sibi.

675 3845 827 3907 Nemees
850 3863 907 3925 pro
931 3861 1058 3927 quorum
1080 3845 1270 3908 absolutione
1293 3863 1382 3908 orare
1405 3843 1563 3922 videntur,
1586 3843 1737 3923 invocant,
1760 3852 1793 3907 ut
1816 3864 1926 3909 eorum
1946 3846 2041 3928 preci·-

675 3944 733 4006 bus
756 3943 835 4024 apud
857 3944 954 4006 Deum
976 3945 1171 4027 adjuventur:
1194 3945 1270 4008 haec
1293 3952 1391 4007 autem
1415 3951 1485 4005 sunt
1506 3931 1687 4006 α’σύστατα.

761 4042 864 4125 Reges
893 4044 945 4124 qui
971 4044 1022 4106 illa
1045 4045 1076 4106 in
1106 4045 1244 4107 oratione
1266 4050 1538 4107 commemorantur
1565 4030 1673 4124 partim
1702 4046 1784 4122 noti,
1817 4048 1927 4126 partim
1955 4044 2041 4129 ignoti

675 4150 756 4220 sunt,
780 4161 846 4205 cum
868 4143 1067 4224 Aethiopicae
1088 4143 1234 4207 historiae
1265 4150 1347 4206 tanta
1377 4142 1417 4205 sit
1447 4141 1636 4221 obscuritas,
1664 4149 1698 4203 ut
1726 4162 1766 4205 ue
1788 4147 1903 4207 seriem
1932 4143 2039 4225 quidem

675 4240 793 4323 Regum
815 4251 929 4307 certam
952 4242 1104 4323 exhibeat,
1128 4251 1160 4306 et
1182 4259 1271 4324 quam
1292 4259 1398 4323 parum
1421 4241 1451 4302 in
1474 4258 1511 4302 ea
1531 4240 1717 4321 praestiterit
1741 4240 1897 4320 Ludollus,
1920 4243 2039 4307 adhibita

676 4347 776 4402 tamen
798 4357 912 4402 summa
934 4358 1109 4421 perennes
1131 4342 1242 4404 multos
1265 4341 1430 4422 diligentia,
1454 4339 1553 4402 sciunt
1575 4338 1693 4402 eruditi.
1732 4339 1857 4403 Abraha
1879 4351 1912 4405 et
1932 4342 2039 4405 Atzbaa

675 4438 872 4518 antiquissimi
900 4439 1056 4519 videntur,
1085 4441 1235 4522 iidemque
1263 4438 1390 4503 forsitan
1420 4439 1557 4518 fuerunt,
1587 4457 1715 4520 quorum
1744 4441 1824 4520 apud
1853 4440 2038 4505 Athanasium

675 4538 789 4599 mentio
812 4545 869 4616 est,
894 4540 1005 4620 quique
1035 4540 1244 4603 Axumitarum
1273 4540 1393 4620 tyranni
1425 4539 1624 4623 appellantur.
1676 4537 1803 4602 Nomina
1830 4549 1930 4604 tamen
1957 4540 2037 4621 plane

677 4634 797 4699 diversa
826 4643 914 4713 sunt,
947 4638 1030 4720 quod
1061 4640 1166 4701 mirum
1195 4657 1265 4702 esse
1295 4656 1356 4701 non
1379 4637 1487 4718 dehet,
1518 4657 1585 4700 cum
1612 4636 1741 4699 barbara
1769 4640 1869 4702 omnia
1899 4654 2038 4719 nunquam

676 4751 785 4814 prope,
809 4734 918 4798 Graeci
941 4737 1004 4798 suis
1027 4737 1123 4800 literis
1153 4736 1283 4800 fideliter
1311 4738 1535 4818 expresserint,
1567 4746 1598 4799 et
1627 4736 1804 4817 saepissime
1833 4739 1864 4801 id
1894 4744 2036 4821 praestare

675 4851 738 4895 non
756 4841 911 4922 poterant.
958 4835 1157 4900 Consentiunt
1184 4845 1282 4899 autem
1304 4834 1488 4916 Aethiopum
1509 4836 1600 4917 pauci
1620 4835 1708 4910 libri,
1739 4836 1820 4899 circa
1849 4838 1951 4919 Reges
1977 4834 2035 4896 illos

676 4951 760 5012 suos,
784 4933 865 5014 quod
887 4932 1053 4999 Athanasio
1077 4935 1221 5018 aequales
1243 4933 1354 4997 fuerint
1377 4942 1408 4997 et
1429 4935 1620 5014 Frumentio,
1643 4943 1829 5017 quapropter
1857 4935 1948 4999 iidem
1974 4947 2035 4995 esse

675 5029 817 5097 videntur
839 5033 875 5095 ad
900 5051 977 5114 quos
999 5036 1122 5117 scripsit
1144 5034 1348 5099 Constantius.
1396 5032 1554 5097 Axumitas
1578 5034 1689 5115 quippe
1712 5041 1839 5100 vocatos
1860 5033 1954 5099 fuisse
1974 5030 2034 5093 obn
