4525 6034
359 597 407 674 DE
420 590 674 673 hllURGldRUll
688 588 941 669 ORIENTALIUE
951 589 1100 672 ORlGlNE
1111 594 1160 670 ET
1174 592 1418 673 AUTORlTATE.
1482 592 1561 666 htx

229 785 382 860 tedam
413 784 573 856 Domini:
604 801 722 854 verum
753 780 852 853 etiam
885 780 1063 878 particulas
1094 790 1307 856 consecratas
1340 780 1560 879 servantibus,

227 924 291 977 esse
311 922 428 997 corpus
453 912 489 973 et
520 902 713 992 sanguinem
740 894 872 970 Christi.
922 899 961 971 ln
992 900 1106 996 primis
1130 897 1314 973 Ritualihus
1339 897 1399 971 suh
1424 899 1561 972 Eduar-

226 1020 262 1093 do
283 1018 332 1090 vt
362 1020 534 1113 institutis,
560 1014 807 1089 consuehadinis
834 1022 986 1087 vetustae
1011 1014 1097 1089 illins
1121 1018 1243 1088 mentio
1273 1018 1475 1108 interjicitur,
1501 1015 1576 1090 sed.

225 1146 255 1208 nt
275 1133 436 1206 aboleatur
460 1142 615 1229 tauquam
641 1131 683 1204 ad
708 1133 974 1229 superstitionem
989 1131 1208 1225 degenerans.
1239 1130 1462 1205 Ohsoleverat
1482 1135 1562 1227 qui-

226 1253 287 1325 dem
314 1250 431 1322 dadum
455 1251 489 1321 in
516 1249 739 1339 Occidentali,
770 1269 838 1320 non
868 1249 975 1320 minus
1010 1270 1107 1343 quam
1137 1249 1171 1320 in
1203 1247 1360 1321 Orientali
1394 1247 1561 1338 Ecclesia,

225 1369 274 1443 sed
293 1366 462 1463 utrobique
487 1390 534 1439 ex
558 1389 680 1460 magna
706 1388 789 1459 erga
806 1373 1048 1438 sacramentum
1067 1364 1250 1457 religione,
1274 1367 1470 1462 praesertim
1487 1388 1560 1437 cum

225 1483 390 1580 inpuhlica
405 1481 582 1555 Christiani
608 1483 714 1556 cultus
739 1481 890 1556 libertate
915 1502 981 1552 uon
1007 1480 1177 1553 videretur
1203 1485 1405 1555 necessaria.
1433 1481 1481 1553 At
1497 1480 1562 1552 alia
1707 1562 1712 1569 ,

225 1622 340 1698 prorsas
364 1603 448 1672 ratio
473 1598 728 1672 Protestantium
754 1597 834 1691 iuit,
861 1620 907 1670 ex
933 1619 1072 1692 quorum
1098 1597 1270 1689 decana,
1302 1620 1369 1671 non
1395 1600 1564 1694 supersti-

230 1722 296 1790 tiosa
320 1716 434 1808 modo,
467 1716 528 1789 sed
559 1719 666 1789 mauis
700 1726 734 1789 et
764 1714 887 1787 frivola
920 1713 1040 1788 fuisset
1070 1716 1277 1806 reservatio,
1313 1737 1379 1787 non
1412 1717 1564 1810 corporis

233 1834 339 1921 Christi,
365 1832 468 1929 quod,
493 1840 529 1905 ut
553 1835 617 1928 ipsi
642 1832 836 1928 toquentur,
862 1836 912 1921 in,
941 1852 1031 1919 caea,
1059 1839 1094 1902 et
1118 1831 1179 1904 aad
1203 1854 1295 1925 puae
1322 1852 1399 1906 esse
1425 1839 1562 1922 negant,

234 1950 278 2024 scd
297 1954 383 2045 panis
408 1947 582 2045 simplicis,
609 1972 675 2044 quo
702 1952 758 2045 qui
783 1958 997 2038 vesceretur,
1023 1946 1102 2018 nihil
1126 1958 1261 2045 praeter
1287 1970 1406 2044 panem
1423 1950 1564 2043 accipe-

234 2077 285 2157 ret,
306 2068 374 2160 pria
400 2086 467 2137 non
491 2073 687 2137 vesceretur
712 2070 748 2137 in
775 2065 892 2137 Coeno
916 2065 1065 2136 Domini.
1415 2112 1420 2125 .

310 2183 342 2254 ln
374 2180 533 2274 Liturgiis
566 2180 726 2273 Graecis,
761 2202 847 2277 qnae
882 2179 1054 2273 adjunctas
1088 2178 1280 2276 disciplinae
1314 2180 1564 2255 sacramentalis
1578 2184 1883 2255 etevasoeucna‘anae.

233 2295 338 2390 aguas
362 2296 510 2388 hahent,
536 2296 640 2390 vulgo
665 2297 835 2389 rubricas,
860 2305 897 2368 ιιι
922 2308 998 2371 sunt
1023 2318 1138 2370 omues
1164 2297 1270 2370 ierme
1296 2320 1382 2394 quae
1403 2298 1446 2371 ah
1469 2302 1564 2372 annis

233 2417 400 2507 cingentis
418 2424 475 2485 aut
493 2412 632 2510 amplius
650 2414 837 2511 descriptae
858 2422 951 2505 sunt,
977 2413 1077 2509 paulo
1095 2425 1171 2487 ante
1188 2417 1467 2504 communionem,
1488 2413 1563 2485 dum

229 2531 396 2603 inclamatur
419 2530 552 2603 Sancte
577 2530 735 2623 Sanctia,
761 2531 912 2604 elevatur
936 2529 1162 2622 Eucharistia,
1189 2540 1224 2602 et
1250 2531 1302 2603 hic
1328 2534 1410 2603 ritus
1426 2538 1565 2603 vocatur

224 2644 307 2746 {tyto
334 2646 496 2745 hewse,
530 2647 663 2720 Scitote
696 2648 863 2721 elevatio:
898 2669 1014 2721 omnes
1037 2650 1071 2719 in
1093 2668 1202 2739 genua
1220 2646 1448 2744 procumbunt,
1474 2645 1563 2720 ado-

222 2774 341 2860 rantque
368 2774 629 2855 sacramentum,
662 2786 770 2860 neque
801 2764 843 2836 ad
868 2763 1053 2837 testandam
1079 2763 1176 2837 iidem
1202 2785 1297 2837 mam
1323 2764 1449 2853 dicato,
1481 2784 1563 2833 cre-

220 2878 286 2952 dere
315 2903 353 2954 se
386 2902 507 2977 corpus
534 2880 654 2955 Christi
686 2880 795 2952 datum
827 2879 930 2955 iuuisse
962 2901 1023 2976 pro
1055 2880 1162 2953 salute
1189 2902 1268 2971 sua,
1300 2889 1334 2952 et
1367 2881 1561 2972 sanguinem

218 2999 279 3089 ejus
304 2998 461 3072 effusum:
487 3019 605 3070 verum
632 2997 675 3070 ad
703 3020 779 3070 eum
803 3006 956 3093 anquam
981 3018 1065 3071 vere
1089 3007 1300 3093 praesentem
1333 3017 1452 3093 preces
1485 3016 1562 3068 suas

215 3113 370 3207 din‘gunt,
405 3137 480 3187 eam
504 3118 699 3212 praesertim
728 3137 825 3210 ιιιιιιιιι
849 3114 934 3187 latro
961 3116 994 3185 in
1021 3135 1120 3185 cruce
1146 3113 1313 3209 pendens,
1351 3112 1448 3187 indit:
1480 3115 1562 3186 Me-

212 3238 310 3303 mio
335 3235 403 3304 mei
428 3232 575 3303 Domine
599 3232 675 3303 don
699 3234 834 3305 cetera
858 3234 895 3303 in
919 3253 1058 3327 repausa
1084 3236 1192 3301 tana.-
1221 3228 1366 3320 seilicet,
1392 3239 1428 3301 nt
1447 3229 1562 3326 expli-

212 3360 279 3421 cant
296 3348 487 3422 Orientales
506 3346 692 3441 Theologi,
718 3346 992 3444 quemadmodum
1017 3347 1101 3419 latro
1126 3350 1161 3419 in
1187 3368 1307 3438 eruce,
1333 3348 1417 3443 turpi
1438 3346 1563 3421 scilicet

211 3473 240 3537 et
261 3463 401 3558 meabili
426 3464 603 3560 supplicio,
630 3462 886 3538 omnihusmalis
900 3482 1094 3560 oppressum
1114 3461 1300 3555 Christum,
1324 3462 1431 3535 Deum
1448 3485 1561 3557 agno·

209 3586 269 3673 vit,
302 3587 351 3654 ita
379 3590 414 3653 et
433 3578 611 3654 Christiani
638 3583 784 3677 inpane
810 3603 884 3653 eum
911 3589 1104 3674 agnoscunt
1144 3579 1269 3653 Multae
1290 3582 1325 3652 in
1345 3579 1561 3667 Graecorum,

208 3698 388 3794 Syrorum,
423 3706 457 3769 et
489 3693 694 3793 Coptitarum
727 3696 852 3770 Officiis
886 3716 928 3769 eo
961 3707 1110 3793 tempore
1143 3696 1291 3769 dicuutur
1321 3697 1365 3769 ad
1397 3696 1561 3770 Christum

207 3837 343 3911 preces,
370 3835 456 3908 quae
480 3835 548 3886 non
572 3815 636 3885 nisi
662 3812 704 3885 ad
728 3812 836 3885 Deum
867 3812 930 3884 dici
962 3823 1121 3909 possunt,
1155 3823 1253 3908 atque
1284 3812 1369 3885 adeo
1401 3830 1561 3887 summum

208 3930 405 4004 adorationis
430 3929 550 4000 cultim
577 3930 760 4004 meinent:
794 3929 882 4001 nulla
915 3929 1028 4002 similis
1059 3932 1093 4001 in
1117 3928 1373 4002 Protestantium
1404 3926 1560 4001 iomnulis.

206 4048 305 4141 lgitnr
319 4068 367 4119 ex
382 4043 570 4119 elevatione
592 4056 626 4119 et
647 4045 840 4119 adoratione
866 4044 1111 4137 Eucharistiae,
1138 4068 1223 4141 (prae
1248 4043 1432 4119 Ritaralihus
1453 4066 1561 4142 prae-

207 4163 377 4255 senhitur,
403 4173 470 4235 tum
496 4185 544 4235 ex
568 4162 741 4258 precihus,
767 4172 860 4234 certo
887 4162 1127 4252 concludimus,
1156 4161 1341 4235 Orientales
1363 4184 1478 4235 omnes
1506 4165 1560 4257 qui

205 4279 286 4352 tales
311 4283 396 4352 ritus
422 4290 456 4352 et
479 4300 601 4375 preces
626 4276 767 4369 hahent,
791 4279 889 4353 fidem
916 4283 989 4353 sine
1015 4301 1079 4374 qua
1103 4277 1183 4351 nihil
1209 4278 1315 4353 simile
1342 4277 1464 4350 admitti
1489 4300 1559 4375 po-

206 4406 284 4489 test,
309 4395 452 4486 hahere,
478 4405 515 4467 ut
539 4418 585 4469 ex
610 4398 776 4469 carih-aria
802 4418 952 4492 prorsus·
975 4395 1231 4470 Protestantium
1261 4394 1447 4490 disciplina,
1480 4416 1559 4466 ma-

207 4534 338 4608 gnaque
363 4510 492 4586 illorum
518 4512 560 4584 ad
586 4515 695 4585 omnia
727 4510 783 4584 illa
817 4510 978 4586 abolenda
1004 4515 1182 4586 attentione
1208 4511 1447 4602 concludimus,
1482 4511 1561 4585 nihil

207 4631 309 4702 ninus
340 4628 416 4702 illos
451 4628 610 4720 medere,
643 4651 741 4725 quam
771 4628 859 4726 quod
885 4629 1073 4703 Odentales
1107 4628 1269 4720 credunt,
1300 4650 1374 4701 cum
1406 4627 1559 4704 Ecclesia

305 4862 413 4936 Erunt
444 4861 617 4955 fortassis,
641 4864 697 4959 qui
722 4864 811 4935 circa
836 4865 919 4937 ritus
943 4860 1018 4937 illos
1044 4862 1135 4935 litem
1160 4858 1361 4953 movebunt,
1388 4864 1464 4958 quia
1484 4872 1559 4940 sunt
1588 4880 1754 4938 mumma
1772 4888 1875 4939 noma-

211 4977 340 5052 codices
373 4980 496 5076 antiqui
525 4983 561 5053 in
592 4978 709 5075 prihus
741 5000 809 5054 non
840 4988 989 5052 exstant:
1022 4987 1120 5073 atque
1154 4977 1239 5050 adeo
1265 4976 1368 5050 veluti
1392 4970 1756 5071 recentius‘³”'3⁸i'icione
1772 4977 1875 5042 aspergi

212 5095 394 5187 introducti,
419 5118 467 5168 ax
493 5117 557 5193 quo
583 5098 717 5171 mutatio
743 5096 913 5172 doetrinae
938 5098 1071 5170 invecta
1097 5104 1167 5189 est,
1193 5094 1381 5187 rejicientur
1398 5118 1557 5195 asaper-
1570 5064 1675 5126 ''⁰⁸¹¹'‘

1295 5210 1320 5285 8
1335 5212 1357 5255 ἢ
