4525 6034
699 603 728 675 8
1225 606 1584 683 Ltuuttutn

700 796 796 881 cios,
827 793 875 863 od
901 815 997 887 qoem
1023 799 1095 885 ep‘ue
1117 798 1269 887 pertinet
1294 798 1472 884 recitatio,
1500 796 1550 866 ibi
1571 796 1679 885 odeit,
1706 795 1802 866 debit
1823 800 1857 867 ei
1875 796 2070 872 thuribulum

699 916 737 978 et
762 916 837 1004 ipse
863 933 938 980 eom
959 910 1130 981 recitabit.

981 1170 1101 1240 Oratio
1123 1176 1205 1263 poet
1231 1169 1452 1264 Eooopeliom
1476 1178 1611 1245 secreto
1639 1173 1793 1246 dicendo.

802 1376 1038 1469 Longauimis,
1075 1376 1198 1448 multae
1224 1377 1472 1448 misericordiae
1499 1389 1533 1449 et
1563 1401 1690 1467 verax,
1724 1383 1858 1476 suscipe
1893 1385 2067 1473 orationes,

697 1493 957 1591 deprecationes
985 1501 1018 1564 et
1045 1494 1301 1589 supplicationes
1328 1504 1480 1584 nostras,
1506 1498 1808 1593 poenitentiamque
1825 1508 1859 1569 et
1882 1495 2068 1569 confessio-

701 1634 777 1683 nem
804 1620 950 1682 nostram
979 1630 1079 1705 super
1109 1610 1215 1682 altare
1242 1621 1333 1681 tuum
1358 1621 1526 1702 sanetum,
1553 1621 1716 1707 purumet
1735 1613 1906 1705 coeleste,
1932 1623 1968 1685 ut
1983 1613 2068 1706 digni

701 1726 880 1798 efficiamur
908 1725 1077 1799 auditores
1103 1724 1367 1819 Evangeliorum
1394 1737 1523 1799 tuorum
1550 1739 1740 1801 sanctorum
1766 1740 1800 1801 et
1825 1741 2008 1827 praecepta
2038 1739 2069 1804 et
2120 1787 2122 1799 ,

700 1841 855 1914 mandata
897 1851 950 1913 tua
984 1840 1224 1933 observemus,
1261 1852 1294 1914 et
1328 1846 1361 1914 in
1395 1846 1436 1916 iis
1470 1848 1704 1933 centesimum,
1736 1850 2005 1938 sexagesimum,
2038 1860 2068 1920 et

700 1962 904 2052 trigesimum
936 1957 1078 2031 fructum
1104 1959 1331 2054 proferamus,
1358 1963 1392 2031 io
1417 1956 1549 2033 Christo
1572 1961 1809 2034 JesuDomino
1837 1974 1966 2037 nostro.
1992 1964 2066 2036 Me-

596 2082 602 2092 '
699 2085 832 2167 mento,
858 2076 1023 2166 Domine,
1049 2075 1251 2147 infirmorum
1278 2076 1392 2172 populi
1419 2081 1481 2171 tui,
1507 2080 1639 2173 respice
1666 2101 1727 2151 eos
1744 2103 1816 2150 cum
1840 2080 2064 2153 misericordia

700 2204 734 2265 et
760 2193 953 2281 clementia,
990 2214 1119 2288 eosque
1147 2216 1239 2265 sana.
1266 2192 1455 2283 Memento,
1489 2193 1650 2284 Domine,
1685 2204 1833 2289 potrum,
1870 2195 2081 2289 fratrumque¹

698 2319 889 2382 nostrorum
915 2332 1061 2406 peregre
1088 2307 1291 2399 absentium,
1325 2309 1429 2383 reduc
1461 2333 1522 2382 eos
1557 2314 1589 2381 in
1624 2312 1740 2384 domos
1774 2336 1854 2386 suas
1890 2312 2005 2385 salvos
2036 2321 2065 2384 et

697 2426 890 2498 incolumes.
1201 2404 1205 2417 „

756 2530 792 2619 Γ
808 2542 973 2636 Tempore
1000 2542 1074 2614 Nili
1100 2544 1343 2615 exundationis
1369 2551 1403 2614 et
1425 2544 1563 2636 placide
1590 2545 1731 2615 dicetur.

802 2659 991 2748 Memento,
1023 2659 1191 2749 Domine,
1228 2682 1386 2754 aquarum
1421 2658 1561 2732 fluminis
1598 2672 1631 2732 et
1657 2658 1796 2732 benedic
1830 2661 1909 2752 iltis,
1945 2684 2063 2754 augens

641 2758 651 2781 ³
685 2777 772 2849 'illas
796 2779 893 2868 juxta
919 2799 1107 2849 mensurum
1138 2798 1241 2847 suom.

806 2894 971 2987 Tempore
997 2898 1155 2966 sementis
1181 2895 1313 2964 dicetur
1341 2917 1364 2963 a
1385 2896 1500 2987 primo
1525 2893 1664 2987 Puopbi
1698 2895 1746 2964 od
1775 2897 1923 2988 primum
1955 2895 2062 2966 Boioi.

801 3010 991 3099 Memento,
1019 3009 1181 3100 Domine,
1210 3013 1385 3098 seminum,
1413 3008 1684 3106 plantarumque,
1710 3021 1746 3082 ut
1760 3023 1917 3083 crescant
1932 3020 1966 3082 et
1979 3009 2062 3079 mul-

696 3127 892 3223 tiplicentur.
1400 3120 1405 3133 ’

801 3244 858 3317 Ab
886 3243 1086 3338 Epipdeoio
1112 3244 1160 3313 ud
1171 3247 1316 3337 primam
1335 3243 1481 3335 &nedem
1505 3248 1637 3316 menes.

800 3360 990 3452 Memento,
1016 3359 1178 3449 Domine,
1206 3363 1293 3431 airis
1321 3359 1407 3431 coeli
1434 3372 1467 3432 et
1492 3360 1654 3433 fruetuum
1689 3371 1818 3449 terrae,
1858 3366 1975 3457 eisque
1998 3361 2060 3432 be-

697 3477 805 3550 nedic.
864 3477 1033 3549 Memento
1068 3477 1211 3548 Domine
1247 3476 1361 3549 solutis
1395 3476 1461 3549 loci
1493 3475 1589 3570 hujus
1621 3483 1726 3551 sancti
1758 3480 1825 3568 tui,
1860 3482 2059 3573 omniumque

697 3596 846 3667 locomm
875 3604 908 3666 et
933 3594 1232 3684 Monasteriorum,
1260 3603 1448 3666 sanctorum
1475 3604 1605 3688 patrum
1630 3604 1816 3667 nostrorum
1846 3593 2059 3666 Orthodoxo-

696 3733 778 3782 rum
841 3711 1009 3783 Memento
1043 3709 1187 3781 Domine
1223 3711 1338 3782 salutis
1372 3710 1538 3781 hominum
1573 3720 1608 3782 et
1642 3710 1837 3785 animalium.
1900 3712 2058 3783 Memento

697 3828 840 3899 Domine
867 3831 959 3901 servi
985 3830 1030 3898 tui
1055 3827 1162 3918 Regis
1190 3836 1300 3898 terrae
1327 3836 1485 3917 nostrae,
1516 3838 1616 3922 atque
1651 3827 1739 3899 illum
1773 3831 1806 3898 in
1837 3852 1924 3923 pace
1950 3838 1983 3898 et
2007 3825 2057 3895 di-

697 3948 824 4036 gnitate
850 3965 1024 4015 conserva.
1077 3942 1246 4016 Memento
1279 3944 1420 4015 Domine
1447 3953 1597 4038 patrum,
1630 3942 1832 4039 fratrumque
1867 3955 2057 4028 nostrorum,
2107 3966 2111 3970 ·

698 4063 753 4154 qui
781 4058 1047 4151 obdormierunt,
1075 4063 1339 4155 quieveruntque
1364 4064 1396 4130 in
1423 4060 1488 4132 lide
1524 4058 1728 4132 Drtbodoxa.
1788 4060 1956 4132 Memento
1984 4058 2056 4148 Dee

697 4178 785 4247 mine
813 4176 1050 4249 sacrificiorum
1077 4174 1364 4271 oblationnmque,
1391 4186 1425 4247 et
1450 4179 1490 4246 iis
1517 4176 1663 4248 retribue
1690 4175 1895 4267 mercedem,
1926 4177 1978 4270 qui
2003 4171 2056 4242 has

698 4293 759 4365 tibi
785 4292 971 4366 oblationes
999 4291 1205 4382 obtulerunt,
1232 4314 1358 4388 easque
1385 4292 1426 4363 ad
1460 4301 1493 4363 te
1526 4295 1668 4387 suscipe.
1721 4290 1890 4366 Memento
1926 4291 2056 4362 Domine

695 4414 905 4506 captivorum
940 4412 993 4504 qui
1032 4412 1065 4480 iu
1102 4400 1297 4481 seruitutem
1331 4406 1463 4479 abducti
1498 4418 1594 4495 sunt,
1637 4408 1805 4503 reducque
1840 4411 2054 4508 captivitatem

697 4526 822 4599 eorum.
875 4526 1044 4598 Memento
1071 4525 1215 4597 Domine
1242 4547 1358 4597 eorum
1385 4530 1439 4619 qui
1466 4524 1725 4615 calamitatibus,
1752 4535 1786 4596 et
1812 4526 1971 4617 angustiis
1992 4544 2054 4616 op-

696 4648 886 4739 primuntur.
931 4643 1099 4715 Memento
1131 4641 1275 4713 Domine
1309 4639 1628 4714 Cutecbumenorum
1663 4641 1775 4738 populi
1808 4644 1872 4731 tui,
1904 4644 2053 4712 miserere

697 4783 833 4852 eorum,
859 4758 1017 4833 confirmo
1045 4781 1105 4833 eos
1133 4763 1167 4829 iu
1192 4757 1256 4829 ude
1284 4768 1357 4848 tua,
1385 4768 1419 4828 et
1443 4757 1599 4853 reliquias
1627 4779 1742 4829 omnes
1769 4757 1875 4829 cultus
1902 4756 2052 4828 idolorum

698 4876 792 4947 aufer
819 4875 860 4948 ab
889 4900 1004 4949 eorum
1031 4873 1343 4967 eordibus31egem
1370 4885 1477 4966 uram,
1503 4878 1655 4948 timorem
1671 4884 1775 4964 tuum,
1802 4881 2050 4970 praeceptatua,

696 4995 856 5065 veritates
883 5003 956 5064 tuos
983 5002 1017 5064 et
1041 4991 1195 5064 mandata
1222 5002 1278 5062 tua
1304 5001 1412 5063 statue
1437 4994 1471 5062 in
1497 4990 1651 5063 cordibus
1679 5014 1816 5064 eorum:
1844 4990 1885 5063 da
1911 4989 1972 5061 illis
1993 4986 2048 5056 tir-

697 5131 785 5179 mam
812 5111 1033 5201 cognitionem
1058 5108 1156 5181 verbi
1182 5132 1246 5205 quo
1273 5131 1336 5206 per
1362 5109 1551 5182 catechesiu
1577 5110 1711 5183 instituti
1737 5118 1829 5199 sunt3
1859 5118 1955 5203 utque
1980 5112 2048 5215 sta·
