4525 6034
577 636 618 711 111
643 631 850 709 tltutctltt
876 631 1008 708 SEVERI
1034 627 1276 707 anulocultro.
1531 630 1604 703 331

233 819 389 882 evanescit
417 819 543 880 maxima
571 817 687 880 illarum
715 814 939 897 ambiguitatum
969 832 1056 895 pars,
1087 811 1195 894 quibus
1223 812 1302 875 illam
1331 812 1497 876 obscurare
1524 810 1609 874 multi

234 916 334 980 conati
363 925 449 995 sunt,
478 935 545 979 cum
572 925 671 979 tamen
701 914 782 977 nulla
810 916 905 996 magis
933 915 1096 995 perspicue
1124 918 1155 972 et
1177 912 1272 974 minus
1296 912 1427 975 obscure
1450 912 1607 974 veritatem

234 1015 303 1078 lidei
326 1015 461 1079 devera
484 1016 700 1078 elementorum
729 1013 977 1076 transmutatione
1006 1011 1146 1074 stabiliat.
1190 1011 1224 1073 ln
1253 1012 1318 1074 aliis
1341 1011 1487 1092 Litargiis
1509 1013 1608 1073 inter-

232 1114 337 1195 jicitur
359 1115 533 1178 acclamatio
556 1114 660 1177 Amen.
706 1112 759 1175 llla
781 1121 880 1175 tamen
904 1111 1034 1175 fortasse
1056 1109 1242 1191 subintelligi
1264 1110 1366 1186 debet,
1389 1113 1459 1190 quia
1481 1111 1513 1172 111
1533 1109 1607 1173 Cod.

233 1211 311 1277 blS⁰.
335 1214 434 1276 omnia
456 1211 522 1276 lere
546 1228 624 1294 quae
646 1212 776 1293 populus
799 1211 880 1289 dicit,
905 1212 1013 1274 omissa
1027 1216 1112 1287 sunt,
1136 1227 1213 1290 quae
1236 1210 1381 1290 supplere
1404 1228 1445 1272 cx
1467 1208 1531 1271 aliis
1554 1208 1609 1270 Li-

234 1313 342 1392 turgiis
365 1310 454 1373 110110
477 1319 532 1374 est.

235 1605 270 1674 d.
313 1604 433 1674 ornnes
459 1604 506 1674 ud
532 1603 653 1675 bonam
678 1603 886 1674 volantatem
919 1608 1010 1672 taam
1045 1607 1206 1672 conuerte
1233 1607 1268 1671 cl
1294 1602 1436 1694 dispone
1463 1604 1546 1694 qaia
1573 1606 1609 1669 111

341 1742 378 1789 es
404 1723 462 1812 qai
485 1722 588 1812 fucis,
616 1721 788 1790 convertis
814 1725 849 1788 01
875 1718 1017 1788 ordinas
1043 1718 1273 1810 quodcumque
1300 1715 1347 1785 ud
1373 1715 1503 1787 bonum.

339 1909 480 1986 Sraeuux
509 1919 585 1984 baec
614 1929 661 1984 est
690 1929 722 1982 et
743 1919 912 1983 orthodoxa
934 1921 1086 2002 expositio
1109 1919 1264 1983 doctrinae
1288 1918 1326 1980 de
1348 1919 1466 1998 gratiae
1490 1917 1609 1979 divinae

237 2024 275 2086 ad
306 2024 384 2087 bona
416 2040 509 2104 opera
538 2024 669 2101 auxilio,
698 2022 787 2086 nullis
817 2022 992 2106 ambagibus
1021 2023 1163 2086 obnoxia.
1208 2020 1378 2084 Orientales
1407 2019 1445 2081 de
1477 2018 1611 2102 Pelagio,

236 2123 329 2186 multo
352 2124 448 2185 minus
471 2121 509 2184 de
531 2122 761 2204 Pelagianorum
783 2121 918 2203 reliquiis
941 2123 993 2184 vix
1015 2121 1175 2203 quidquam
1199 2119 1375 2197 audierunt,
1407 2118 1524 2181 tametsi
1553 2118 1611 2179 ba·

237 2222 328 2285 beant
350 2222 381 2282 in
409 2222 471 2283 suis
508 2219 745 2284 Collectionibus
781 2220 921 2283 Canones
951 2220 1162 2284 Africanorum
1192 2217 1411 2295 Consiliorum,
1442 2218 1474 2278 in
1502 2217 1610 2297 quibus

237 2321 399 2401 Pelagiana
421 2319 557 2381 haeresis
580 2318 718 2382 damnata
741 2327 799 2396 est,
822 2328 912 2400 atque
935 2320 1012 2383 adeo
1036 2318 1074 2383 de
1097 2327 1224 2400 peccato
1244 2316 1394 2398 originali,
1419 2316 1456 2378 de
1468 2313 1612 2397 Bapdsmi

237 2419 430 2495 necessitate,
454 2425 485 2480 et
507 2418 679 2498 praecipuis
701 2417 1060 2481 doctrinanrtbodoxae
1083 2417 1229 2497 articulis,
1253 2417 1309 2479 bac
1332 2419 1362 2480 iu
1385 2424 1471 2497 parte
1494 2432 1612 2477 conae-

237 2516 321 2577 niuut
334 2533 400 2578 cum
412 2515 552 2579 Ecclesia
567 2514 732 2581 catholica.
762 2516 845 2578 llaec
867 2535 942 2580 vero
958 2519 1055 2580 oratio
1076 2519 1164 2580 etiam
1181 2516 1209 2579 id
1224 2516 1383 2598 significat,
1408 2514 1489 2596 quod
1509 2514 1608 2577 omnia

238 2614 322 2676 Deus
346 2623 501 2697 operatur,
525 2616 672 2677 convertit
695 2622 725 2676 et
748 2613 849 2697 dirigit
871 2615 909 2677 ad
932 2615 1054 2694 bonum,
1077 2634 1155 2697 quae
1177 2617 1327 2679 sententia
1349 2614 1437 2677 alteri
1461 2613 1612 2676 contraria

238 2721 379 2791 nonest,
403 2713 457 2777 sed
481 2731 547 2775 eam
570 2712 735 2789 confirmat,
759 2723 790 2776 et
815 2713 958 2794 explieat.

352 3026 388 3094 5.
426 3022 534 3115 Dipnt‘
556 3026 648 3119 [aeti
673 3045 785 3093 samus
807 3025 1025 3115 perfectione
1052 3021 1238 3096 oblationis
1264 3025 1402 3095 (11011100
1429 3031 1493 3095 010.

348 3213 384 3291 111
408 3224 453 3286 bis
476 3225 578 3287 verbis
602 3240 662 3285 11011
684 3223 757 3286 nibil
779 3223 971 3287 obscuritatis
1001 3231 1065 3302 est,
1095 3242 1183 3304 quam
1214 3223 1384 3302 discutere,
1413 3226 1509 3288 itaut
1538 3228 1614 3288 sirn-

239 3329 309 3410 plici
333 3329 474 3389 versione
497 3327 659 3389 verborum
683 3327 875 3406 syriacorum
897 3328 944 3389 vis
967 3327 1172 3407 exprimatur,
1195 3324 1256 3387 nori
1279 3334 1326 3389 est
1348 3326 1448 3391 laeile.
1493 3328 1612 3393 Dictum

240 3435 287 3490 est
309 3426 379 3489 alibi
401 3433 432 3487 et
454 3443 577 3505 semper
599 3426 629 3486 in
652 3426 749 3487 animo
779 3425 965 3505 babendum,
998 3425 1105 3487 multas
1139 3443 1217 3504 quae
1246 3425 1276 3486 in
1307 3424 1438 3506 Syriacis
1468 3427 1613 3508 liturgiis

241 3524 424 3606 usurpantur
446 3541 540 3587 voces
564 3544 603 3586 ex
626 3523 743 3585 Graeca
765 3525 866 3605 potius
889 3527 1019 3609 origine,
1042 3541 1131 3605 quam
1153 3544 1194 3586 011
1210 3526 1309 3586 nativa
1324 3542 1379 3586 sua
1393 3524 1614 3609 intelligendas.

241 3625 393 3703 Perseetio
423 3624 517 3706 igitur
538 3622 611 3684 uibil
634 3623 729 3684 minus
753 3623 800 3685 1110
821 3624 988 3707 significat,
1018 3642 1107 3705 quam
1135 3624 1284 3686 actionem
1306 3641 1366 3704 qua
1388 3624 1538 3688 Sacerdos
1561 3643 1615 3687 sa·

242 3731 426 3784 crementum
450 3722 568 3803 perficit
590 3740 648 3784 seu
670 3730 845 3784 consecrat:
876 3723 931 3786 sed
959 3721 1125 3803 respondet
1148 3739 1280 3805 graecae
1302 3723 1371 3784 voci
1392 3710 1515 3807 τελετή.
1561 3721 1615 3785 llla

242 3829 341 3884 autem
364 3837 425 3882 non
448 3819 537 3883 modo
561 3819 641 3900 apud
662 3820 827 3904 scriptores
851 3820 1054 3900 Christianos,
1078 3839 1183 3884 verum
1207 3820 1286 3901 apud
1309 3820 1403 3899 alios,
1427 3822 1614 3899 sacrificium,

242 3920 427 3999 mysterium,
450 3926 481 3980 et
504 3936 591 3980 sacra
614 3917 772 4000 significat.
817 3919 862 3982 Eo
885 3937 989 3995 sensu,
1012 3918 1092 3982 nulla
1116 3926 1165 3981 est
1187 3918 1352 3982 difficultas.
1398 3918 1518 3983 Gratiae
1540 3936 1615 3982 vero

242 4026 372 4097 aguntur
393 4015 463 4078 Deo
487 4033 545 4078 uon
569 4015 607 4078 de
629 4019 866 4080 consecrationis
897 4018 1024 4095 ellectu,
1052 4017 1107 4080 sed
1138 4017 1177 4080 de
1206 4016 1308 4080 divino
1337 4016 1504 4094 benelicio,
1534 4018 1615 4099 quod

240 4133 299 4195 per
322 4117 495 4195 mysterium
519 4116 693 4195 suscipitur.

626 4402 660 4472 6.
708 4403 837 4496 Regum
866 4402 1142 4473 Oalbodoeorum
1168 4409 1232 4473 ete.

337 4592 390 4669 De
412 4603 464 4666 illa
486 4602 611 4666 formula
633 4605 755 4686 saepius
778 4604 887 4666 dictum
910 4612 968 4679 est,
991 4604 1288 4686 demonstratumque
1311 4604 1424 4667 nullum
1437 4622 1528 4666 exea
1550 4604 1617 4683 capi

245 4725 340 4786 posse
362 4707 522 4768 vetustatis
545 4705 701 4769 indicium:
731 4710 865 4787 quamvis
896 4708 974 4769 enim
1002 4725 1020 4769 a
1048 4709 1152 4790 primis
1181 4707 1339 4771 Ecclesiae
1368 4707 1497 4770 sacculis
1524 4725 1620 4787 repe-

214 4839 225 4852 .
245 4804 336 4867 tenda
360 4803 439 4867 illius
462 4804 550 4887 origo
573 4806 622 4883 sit,
645 4824 712 4867 cum
734 4805 968 4886 imperatoribus
989 4806 1166 4869 Christianis
1190 4806 1363 4869 conveniat:
1387 4806 1619 4869 0110101111-

244 4902 347 4963 stituto
370 4906 400 4964 iu
423 4903 522 4966 multis
547 4903 692 4985 biturgiis
714 4912 836 4965 servata
858 4911 915 4982 est,
939 4905 1028 4967 etiam
1050 4924 1090 4966 ex
1112 4921 1173 4985 quo
1195 4903 1332 4968 infideles
1344 4903 1476 4967 Orientis
1492 4904 1618 4985 imperio

246 5000 332 5080 potiti
343 5008 423 5062 sunt.
460 5000 537 5063 Olim
551 5001 671 5083 quidem
683 5001 911 5064 nominabantur
933 5003 974 5083 pii
996 5010 1028 5064 et
1049 5001 1186 5083 religiosi
1207 4996 1426 5084 Imperatores:
1450 5001 1620 5066 Ortbodoxi

245 5096 304 5160 dici
327 5107 495 5180 coeperunt
519 5118 537 5161 a
558 5099 703 5163 Jacobitis
730 5100 772 5162 illi
799 5098 932 5176 demum,
962 5102 1014 5181 qui
1042 5110 1075 5163 ut
1104 5101 1188 5164 Zeno
1216 5108 1247 5163 et
1275 5101 1472 5183 Anastasius,
1501 5101 1620 5165 illorum

269 5220 393 5265 10111111.
1361 5204 1411 5279 45
