4525 6034
645 554 722 628 aos
808 504 813 513 ’
1216 556 1447 636 noris

643 738 682 800 Et
709 745 836 820 postea,
865 741 967 819 npiiat
992 740 1045 802 illa
1076 759 1184 817 marin,
1219 740 1333 806 dionis.
1388 741 1471 806 Eece
1503 745 1727 824 sanctificatus,
1762 755 1792 809 et
1824 757 2021 813 coriiecratiir

644 845 691 898 est
713 837 797 898 calin
819 838 938 915 σαίνιίσ,
961 846 991 899 et
1012 839 1116 901 discus
1137 841 1221 901 uitae
1241 842 1316 903 noui
1336 841 1518 904 Testamenti
1537 845 1570 904 in
1591 845 1711 907 nomine
1732 845 1853 923 Pali-ir,
1886 856 1942 912 etc.
1986 848 2019 911 lu

644 936 704 998 isto
738 935 833 999 adicio
856 937 1003 999 unctionis
1026 938 1137 1000 mentio
1159 938 1242 1000 nulla
1264 947 1327 1018 est,
1350 940 1405 1004 sed
1435 941 1604 1023 supplenda
1632 943 1740 1023 procul
1770 942 1861 1006 dubio
1884 947 2018 1011 videtur:

643 1043 676 1098 ut
705 1036 736 1097 in
765 1035 879 1098 Latinis
912 1035 1068 1099 codicibus
1095 1057 1136 1099 ex
1163 1038 1220 1100 alia
1250 1041 1490 1104 consecrationis
1521 1040 1667 1121 formula,
1696 1060 1784 1123 quain
1818 1042 1913 1107 refert
1942 1047 2018 1111 idern

645 1136 785 1200 Goarius.
808 1122 1185 1247 Kaec'irsppoinipis‘
1168 1155 1186 1198 ο
1207 1124 1334 1211 θεὸς“
1313 1137 1412 1221 ημῶν,
1435 1133 1493 1202 ἐπὶ
1513 1127 1570 1202 cdi
1591 1135 1702 1204 δίσκον
1723 1137 1840 1204 τοῦτον
1859 1139 1902 1228 τῇ
1923 1138 2019 1230 ἁγια-

643 1231 739 1319 arim}
766 1251 828 1297 σου
857 1220 996 1313 δυνάμει
1024 1254 1084 1298 σου
1070 1230 1271 1320 ”mcicylov
1292 1225 1495 1316 πνεύματος,
1514 1231 1614 1300 ἵνα’
1596 1259 1631 1302 σν
1652 1226 1743 1321 αὐτῷ
1769 1256 2020 1326 opouyioompsi

643 1322 699 1396 τὸν
720 1321 828 1412 ἀμνόν,
850 1329 907 1395 καὶ
880 1327 1154 1446 πμοςφὲροιμεν
1174 1324 1213 1398 τὸ
1235 1332 1334 1414 σῶμα
1355 1332 1416 1400 τοῦ
1434 1336 1588 1423 Χριστοῦ
1608 1354 1685 1414 σου,
1706 1336 1769 1402 τοῦ
1791 1328 1937 1425 αἴροντος
1961 1334 2019 1430 τήν

643 1423 820 1546 ἁμαρτίαν
833 1431 896 1498 τοῦ
924 1449 1055 1511 κοσμου,
1084 1452 1123 1496 το
1152 1420 1349 1513 διαδόμενον
1376 1435 1448 1510 τοῖς
1468 1436 1617 1514 πιστοῖς,
1647 1427 1737 1514 ὅπως
1765 1437 2001 1521 μεταβῶσιν
1983 1463 2018 1505 εκ

642 1531 706 1596 τοῦ
727 1520 881 1597 θανάτου
904 1525 952 1605 εἰς
972 1519 1032 1617 τήν
1053 1518 1155 1616 ζωήν,
1185 1542 1242 1597 etc.
1284 1535 1411 1612 Emitte,
1438 1536 1568 1598 Domine
1594 1536 1678 1599 Deris
1698 1546 1816 1618 noster,
1844 1559 1937 1621 sirper
1955 1560 2019 1621 pa-

641 1644 741 1697 tenam
762 1634 853 1695 istam
875 1634 940 1694 sice
961 1633 1089 1710 rincum,
1112 1634 1299 1696 aamtiisinii
1319 1636 1365 1696 iiii
1384 1634 1516 1715 Spiritui
1542 1637 1681 1698 cirtaitem
1710 1654 1806 1698 sacra
1834 1648 2018 1720 operantem,

640 1741 675 1797 iit
693 1733 727 1793 in
748 1749 788 1793 ec
808 1751 919 1811 aptium
939 1731 1136 1809 immolemus,
1171 1740 1201 1793 et
1223 1731 1338 1795 Clirioti
1358 1735 1404 1796 tui
1420 1740 1581 1813 pecentino
1601 1734 1707 1796 mnndi
1733 1735 1877 1815 tollentis,
1908 1757 2020 1817 corpur

638 1830 777 1911 fidelidm
812 1851 853 1892 ec
886 1838 984 1893 morte
1017 1830 1060 1891 ad
1093 1833 1188 1892 citam
1215 1834 1391 1894 tranninirissr
1428 1833 1591 1908 traditinn,
1629 1831 1802 1913 offeramur.
1848 1834 1892 1899 lta
1929 1838 2018 1900 Goa-

639 1932 718 1995 rius:
748 1931 919 1993 accuratius
949 1936 1065 1993 vertas:
1096 1949 1207 2011 corpur
1229 1931 1374 1994 medinam
1392 1931 1541 2011 fidelibus,
1562 1940 1596 1994 ut
1617 1940 1776 1995 conseant
1796 1934 1835 1995 de
1855 1945 1953 1999 morte
1975 1938 2018 2000 nd

638 2036 741 2097 ailam

725 2131 775 2194 nt
797 2130 932 2209 calicem,
950 2114 1146 2191 Ἐκπέτασον
1167 2115 1269 2211 κύριε,
1290 2117 1407 2191 ἐπὶ
1369 2150 1408 2191 co
1429 2114 1584 2214 ποσίριον
1612 2127 1719 2205 τοῦτο,
1740 2123 1777 2191 ἐκ
1804 2130 1869 2193 τῶν
1889 2120 2014 2218 ἀπερι-

638 2217 792 2315 ypii'ririov
813 2245 874 2294 nov
896 2219 1039 2303 κόλπων,
1062 2213 1253 2306 σόπνσῦμοί
1274 2215 1396 2290 occid
1417 2218 1523 2311 ἅγιον,
1544 2216 1584 2289 cd
1605 2225 1736 2307 πνεῦμα
1762 2228 1823 2313 τῆς
1844 2216 2018 2314 ἀληθείας,

638 2319 678 2393 τὸ
699 2317 843 2440 κύριον
834 2322 891 2391 καί
912 2313 1119 2403 ζωαποιόν·
1110 2317 1166 2388 ίνα
1186 2321 1419 2411 προσφέρομεν
1442 2312 1612 2408 ἐντούτῳ,
1644 2314 1684 2389 τὸ
1710 2313 1793 2405 αἷμά
1816 2344 1878 2390 σου
1898 2349 1938 2394 σο
1961 2327 2019 2395 τί-

639 2447 714 2505 μιον
736 2416 779 2489 δι’
803 2446 842 2489 ου
828 2411 998 2504 ἐξέχεας
1019 2416 1159 2499 ἐλεος,’
1141 2419 1199 2486 επὶ
1219 2420 1266 2505 τῷ
1288 2420 1336 2505 σῷ
1356 2417 1514 2507 ποιμνίῳ,
1536 2415 1584 2497 εἷς
1607 2413 1728 2508 limeum
1750 2416 1920 2512 ἁμαρτιῶν
1947 2428 2018 2504 τοῖς

640 2513 855 2604 πιστειᾞοοσι,
877 2519 933 2586 καί
954 2515 1156 2605 ὁμολογοῦσι
1177 2510 1220 2586 ccl
1242 2508 1434 2607 παθήματά
1453 2539 1526 2600 σου,
1550 2532 1609 2586 etc
1637 2524 1789 2604 Ecpancle
1810 2525 1939 2589 Donii'rie
1960 2547 2017 2590 su·

636 2645 694 2705 per
715 2624 842 2687 calicem
864 2624 953 2683 istum
973 2622 1247 2702 incircumscriptis
1265 2622 1377 2702 {iniciis
1398 2624 1467 2698 titia,
1489 2623 1634 2703 Spiritum
1660 2631 1742 2686 tuum
1771 2633 1919 2705 sananim,
1942 2625 2017 2706 Spi-

641 2726 732 2785 ritum
754 2723 903 2796 veniatis,
922 2722 1121 2800 principalem
1144 2729 1174 2782 et
1194 2721 1361 2801 vivificum,
1382 2725 1449 2783 al
1436 2742 1468 2784 in
1490 2742 1526 2784 eo
1553 2723 1729 2803 aaripuinem
1753 2726 1937 2804 pretiorum,
1959 2744 2018 2804 pei·

638 2840 725 2903 quem
747 2838 838 2899 snper
859 2819 937 2881 οοίίσ
958 2827 1040 2880 tunm
1061 2820 1305 2882 misericordiam
1328 2818 1469 2900 effudisti,
1492 2818 1690 2902 offeramus
1677 2841 1709 2883 in
1722 2824 2018 2903 νσπλιιίοιιοαιμσσ-

641 2928 789 2995 catorum,
812 2918 1019 2994 credentiam,
1053 2925 1084 2980 et
1101 2921 1277 2999 passionen
1298 2927 1381 2981 nium
1403 2918 1625 2999 omisitentidiia,
1648 2929 1703 2985 etc.
1749 2910 1835 2984 Είσα
1863 2915 1948 3007 χρίει
1976 2940 2011 2982 ci

642 3038 735 3103 αγιον
756 3016 858 3103 μῦρον
880 3008 988 3099 λέγων.
1032 3009 1091 3091 Εἷς
1117 3038 1155 3082 το
1184 3004 1290 3095 ὄνομα
1316 3015 1378 3081 τοῦ
1403 3005 1550 3107 πατρός,
1573 3027 1630 3081 otc.
1675 3020 1793 3082 Deinde
1822 3029 1928 3083 auriota
1953 3039 2018 3082 riri-

639 3128 749 3200 9nento
771 3120 846 3193 linit,
870 3119 985 3192 dicens,
1015 3118 1046 3177 in
1067 3118 1189 3179 nomine
1210 3117 1331 3197 Patria,
1355 3125 1411 3181 etc
1457 3116 1538 3179 Talis
1567 3126 1615 3181 est
1644 3118 1830 3182 Graecorum
1859 3118 2018 3199 disciplina

641 3217 786 3281 Orientali
809 3217 936 3279 maxime
960 3214 1137 3293 conformis,
1160 3223 1191 3277 et
1212 3234 1339 3297 prorsus
1362 3216 1477 3283 eadem.

726 3316 772 3378 Oe
795 3317 937 3378 versione
961 3314 1042 3377 edita
1064 3313 1136 3376 nihil
1158 3314 1381 3379 observandum
1403 3317 1546 3396 occurrit,
1570 3334 1639 3379 cum
1660 3311 1739 3379 'satis
1773 3323 1915 3380 accurate
1945 3315 2019 3378 ori-

640 3415 733 3497 ginali
756 3413 951 3495 respondeat.
995 3413 1029 3474 ln
1053 3412 1167 3475 Codice
1189 3431 1278 3494 quein
1306 3414 1403 3476 secuti
1423 3433 1538 3494 sumus,
1566 3422 1598 3477 et
1625 3416 1657 3479 iu
1687 3416 1800 3480 Rituali
1824 3413 2018 3479 Patriarchae

641 3514 800 3594 Gabrielis,
823 3531 884 3577 nou
907 3513 1019 3596 legitur
1041 3514 1073 3573 in
1095 3530 1158 3574 nnn
1175 3530 1319 3591 perraria.
1363 3512 1399 3575 lu
1420 3512 1528 3576 eodem
1550 3512 1660 3578 Rituali
1681 3517 1785 3579 titulus
1807 3516 1896 3598 liuJ'us
1917 3513 2014 3575 benc·
2101 3584 2107 3593 ι

642 3612 780 3675 dictionis
804 3621 850 3675 est
872 3612 1050 3687 benedictio,
1073 3630 1127 3673 iem
1146 3614 1337 3673 corirecrati'o
1351 3613 1458 3675 calicis
1479 3621 1510 3675 et
1530 3615 1691 3694 mappulae
1712 3617 1788 3695 σιίιι,
1816 3617 1846 3678 in
1868 3612 2019 3697 singulari

566 3722 575 3739 ·
641 3711 693 3773 ubi
716 3711 859 3792 Copticus
886 3710 993 3774 Codex
1014 3727 1122 3774 vocem
1146 3709 1292 3773 Graecam
1313 3711 1435 3775 retinet.
1467 3712 1612 3796 οουευχη
1633 3712 1719 3793 ailla
1740 3731 1937 3797 πιποτηριον
1956 3730 2020 3789 νεμ

550 3835 553 3849 ·
642 3828 836 3896 τεφμαππα.
876 3811 964 3885 Quod
987 3810 1151 3873 discrimen
1174 3810 1278 3893 exigui
1299 3811 1442 3873 momenti
1463 3819 1521 3874 cst.
1566 3812 1670 3875 Mirari
1700 3821 1801 3876 autem
1828 3813 1903 3877 satis
1925 3829 2016 3873 nemo

641 3909 757 3991 possit,
795 3910 825 3971 in
854 3910 1049 3991 praecedenti
1078 3908 1290 3971 bencdictione
1323 3927 1430 3973 vocem
1457 3908 1591 3974 eamdem
1625 3913 1800 3993 interpreti,
1833 3913 2017 3994 quicumque

642 4010 743 4088 luerit,
767 4009 873 4072 oculos
896 4028 957 4073 nou
979 4008 1149 4089 aperuisse,
1171 4025 1211 4070 nc
1234 4027 1276 4070 ex
1296 4008 1391 4072 Disco
1412 4017 1444 4073 et
1464 4010 1579 4092 llappa
1601 4010 1725 4075 Graecis
1755 4010 1882 4077 vocibus
1910 4010 2018 4073 notis-

640 4111 734 4188 simis,
757 4109 924 4173 laceratom
950 4115 1063 4171 oerum
1085 4107 1323 4172 consarcinaret.

1119 4457 1241 4528 Oratio
1264 4478 1333 4551 pro
1361 4455 1546 4528 coclilecri.

734 4664 787 4743 [lu
810 4677 965 4740 cochleari
988 4678 1051 4759 jam
1079 4676 1223 4741 nonnulla
1246 4675 1326 4740 dicta
1357 4687 1445 4758 sunt,
1476 4676 1507 4739 in
1536 4679 1616 4741 notis
1643 4677 1681 4739 ad
1708 4674 1809 4740 sisini
1838 4673 2016 4758 liturgiam.

638 4777 819 4842 Numeratur
850 4786 949 4842 autem
972 4778 1066 4838 inter
1094 4794 1169 4838 vasa
1205 4792 1314 4855 sacra,
1351 4778 1420 4858 quia
1455 4777 1619 4839 communis
1650 4778 1698 4839 est
1727 4775 1806 4856 apud
1842 4773 2015 4837 Orientalos

639 4896 744 4941 omnes
769 4878 974 4963 consuetudo,
997 4894 1085 4958 quiam
1107 4874 1243 4938 Graecos
1264 4875 1368 4938 imitati
1391 4876 1554 4958 antiquitus
1577 4877 1754 4953 observant,
1767 4883 1811 4937 -ut
1833 4893 1870 4938 σο
1893 4880 2018 4938 utantur

640 4977 678 5040 ad
701 4979 936 5041 communionem
960 4975 1213 5040 distribuendam:
1236 4972 1459 5039 Ecclesiasticis
1483 4975 1601 5059 quidem
1617 4973 1743 5037 secundi
1763 4973 1895 5049 Ordinis,
1918 4988 2015 5057 prae-
