4525 6034
668 607 744 682 336
1239 604 1473 683 ddunt

666 792 777 870 cificm
798 809 833 852 es
851 809 910 870 pro
932 790 1030 867 nodia,
1053 806 1143 871 quam
1172 789 1280 852 Petrus
1303 788 1466 871 Gnaplreus
1496 789 1630 869 induxit,
1661 788 1858 856 orthodoxae
1885 787 2040 853 doctrinae

666 890 786 973 signum
809 897 874 966 est,
908 889 1057 970 simulque
1085 890 1278 970 antiquitatis.
1329 889 1487 952 lacebitae
1518 892 1630 972 quippe
1660 890 1821 974 Aegyptii,
1855 905 1917 951 non
1944 889 2039 951 miuus

667 1006 757 1070 quana
779 987 850 1070 Syri
871 988 920 1051 illa
944 988 1039 1051 verba
1061 987 1263 1072 subjungunt:
1292 988 1373 1051 unde
1401 995 1519 1051 constat
1540 989 1618 1052 lanc
1639 988 1804 1072 liturgiam
1827 985 1865 1049 ad
1888 987 1956 1049 illos
1978 1004 2040 1049 non

665 1088 860 1169 pertinuisse,
882 1106 989 1150 verum
1010 1086 1047 1150 ad
1061 1086 1270 1151 orthodoxos:
1293 1088 1385 1169 idque
1407 1106 1445 1151 eo
1467 1088 1657 1153 verisimilius
1681 1096 1739 1166 est,
1762 1087 1844 1169 quod
1866 1086 1896 1150 in
1918 1084 1968 1148 illa
1990 1086 2040 1148 ni-

665 1185 708 1248 hil
732 1187 865 1249 occurrit
887 1185 969 1268 quod
990 1185 1269 1269 Menophysitarum
1291 1185 1433 1250 haeresin
1454 1186 1504 1250 vel
1526 1186 1636 1251 leviter
1658 1186 1806 1251 redoleat.

1261 1442 1447 1544 Συνάπτη.

762 1653 836 1733 Nou
860 1672 907 1728 est
928 1664 1053 1747 proprie
1075 1663 1228 1745 loquendo
1252 1665 1400 1745 collecta,
1423 1684 1484 1749 quo
1507 1682 1601 1729 sensu
1623 1666 1676 1729 illa
1698 1684 1761 1729 vox
1783 1665 1815 1728 in
1836 1664 1949 1728 Latinis
1964 1665 2041 1729 llis-

665 1770 778 1833 salibus
808 1774 987 1849 usurpatur,
1017 1767 1072 1830 sed
1106 1769 1204 1832 oratio
1238 1785 1316 1849 quae
1350 1767 1474 1832 lectioni
1508 1769 1668 1851 Evangelii
1704 1769 1803 1832 statim
1838 1769 2039 1852 subjungitur.

666 1867 808 1932 Continet
830 1873 930 1931 autem
953 1884 1063 1947 preces
1086 1884 1143 1947 pro
1167 1866 1304 1930 omnibus
1331 1869 1490 1949 personis,
1513 1875 1543 1930 et
1565 1868 1695 1949 publicis
1718 1868 1960 1949 necessitatibus,
1986 1886 2041 1950 pro

665 1969 774 2049 quibus
797 1973 901 2030 oratur
923 1974 994 2029 ante
1016 1966 1165 2046 inceptam
1188 1965 1382 2049 Anaphoram
1405 1974 1436 2030 et
1458 1974 1528 2048 post
1552 1967 1825 2030 consecrationem.
1859 1964 1942 2030 lnter
1965 1966 2038 2030 alias

664 2064 929 2129 animadvertenda
952 2072 999 2128 est
1021 2065 1118 2127 oratio
1138 2083 1198 2144 pro
1225 2067 1315 2147 aquia
1332 2063 1481 2145 maia,
1507 2065 1567 2128 Nili
1597 2067 1733 2144 scilieet,
1762 2065 1801 2129 de
1829 2066 1937 2148 quilius
1966 2065 2041 2129 solis

663 2165 741 2229 haec
762 2163 857 2228 verba
878 2163 1004 2248 intelligi
1025 2171 1155 2249 possunt
1178 2151 1321 2248 ἀνάγαγε
1350 2156 1398 2237 εἷς
1425 2151 1464 2230 sd
1490 2159 1625 2251 μέτροις
1653 2164 1751 2228 Eleum
1778 2184 1833 2227 eoa
1861 2166 1905 2228 od
1921 2167 2042 2245 juctan

663 2282 858 2339 mosenum
880 2263 962 2344 quod
985 2271 1100 2326 certum
1122 2263 1264 2326 indicium
1287 2270 1334 2327 est
1350 2263 1535 2345 pertinuisse
1556 2263 1813 2349 illamLiturgiam
1836 2264 2040 2328 adlicclesias

663 2362 890 2445 Aegyptiacas3
927 2380 989 2425 non
1015 2364 1113 2425 minus
1145 2381 1234 2445 quarn
1263 2362 1405 2445 Coptieas
1432 2365 1463 2427 in
1491 2364 1599 2445 quibus
1627 2363 1706 2428 idem
1732 2365 1855 2448 legitur.
1907 2365 1954 2428 De
1985 2363 2041 2425 hac

663 2463 800 2525 oratione
823 2461 903 2525 dieta
925 2469 995 2527 sunt
1015 2461 1104 2544 plura
1125 2464 1158 2525 in
1179 2464 1292 2527 nostris
1316 2462 1354 2526 ad
1376 2463 1499 2526 easdem
1521 2464 1610 2527 notis.
1654 2462 1758 2527 Oratio
1782 2480 1904 2545 quoque
1925 2462 1956 2525 iit
1982 2478 2039 2544 pro

663 2560 810 2642 Regibus,
834 2579 910 2643 quos
939 2561 1008 2624 dnm
1037 2562 1115 2624 lraec
1137 2561 1273 2645 Liturgia
1301 2564 1413 2643 scripta
1444 2571 1509 2639 est,
1539 2560 1727 2627 Christianos
1751 2562 1849 2627 luisse
1875 2561 2041 2626 versimile

664 2667 725 2723 est:
748 2678 817 2723 uam
839 2660 1011 2725 infidelibus
1033 2660 1130 2724 verba
1152 2677 1214 2722 non
1236 2661 1461 2725 convenissent.

1095 2916 1271 3005 Arduenna
1296 2926 1388 3022 λέγει
1413 2919 1477 3007 τὰς
1501 2931 1601 3023 τρεῖς.

675 3150 680 3156 ’
759 3130 817 3210 Au
840 3142 917 3205 hanc
939 3142 1092 3205 rubricam
1112 3139 1190 3205 haec
1211 3141 1328 3206 notavit
1348 3141 1483 3206 loannes
1510 3161 1528 3205 a
1558 3149 1664 3206 sancto
1686 3140 1819 3205 Andrea.
1868 3141 1962 3204 Forte
1982 3141 2042 3204 Li·

660 3245 764 3307 lanias
786 3254 850 3308 tres
871 3246 1018 3325 miellipit,
1041 3262 1170 3326 waram
1192 3252 1292 3306 tamen
1315 3248 1421 3325 prima
1447 3254 1519 3309 ante
1547 3245 1764 3326 &angelium
1791 3244 1928 3325 reliquae
1950 3247 2040 3324 dane,

659 3345 789 3407 recitato
809 3343 979 3425 Evangelio
1001 3344 1143 3406 dicacatur
1162 3344 1195 3404 iat
1215 3341 1254 3406 l).
1277 3342 1390 3407 Basilii
1414 3345 1520 3409 Missa
1570 3343 1650 3407 Nihil
1673 3343 1770 3409 simile
1792 3343 1841 3406 hic
1863 3343 2040 3429 intelligen-

660 3441 730 3504 dum
752 3450 810 3508 est.
856 3445 934 3507 'lres
957 3442 1113 3507 orationes
1137 3441 1355 3524 significantur,
1385 3461 1460 3524 quas
1492 3442 1615 3506 exhibet
1642 3446 1739 3524 prima
1769 3440 1959 3524 Coptitarnm
1987 3444 2040 3507 Li-

660 3544 775 3624 turgia:
798 3550 969 3624 quaesunt
992 3542 1097 3605 Oratio
1119 3537 1182 3604 τοῦ
1204 3526 1513 3621 καταπετάσματοςε
1543 3542 1574 3607 2.
1599 3543 1657 3605 Pro
1680 3560 1766 3623 pace.
1804 3539 1835 3604 3.
1855 3541 1915 3605 Pro
1938 3543 2039 3606 Patri-

659 3640 752 3702 archa
782 3650 813 3704 et
843 3641 957 3706 Ordine
978 3641 1214 3718 Ecclesiastico,
1250 3648 1281 3704 et
1303 3642 1446 3705 universa
1474 3642 1636 3721 Ecclesia,
1670 3659 1765 3723 quae,
1799 3647 1833 3703 ut
1861 3641 2037 3706 nemsinnae

660 3739 846 3821 omittuntur,
870 3741 1021 3823 petendae
1043 3740 1162 3803 scilieet
1183 3758 1223 3802 ex
1245 3740 1304 3802 alio
1323 3740 1438 3805 codice.
1461 3741 1614 3818 Limnias,
1636 3747 1743 3803 nostro
1765 3757 1850 3803 mere
1872 3739 2037 3822 loquendo,

659 3836 759 3900 nullae
782 3840 812 3900 in
840 3840 899 3902 ritu
923 3838 1068 3903 Orientali
1089 3844 1175 3914 sunt3
1205 3840 1322 3901 etiamsi
1351 3840 1445 3923 llpric
1466 3842 1579 3904 elsim
1600 3840 1716 3922 pluries
1738 3846 1906 3920 repetatur,
1936 3855 1955 3899 a
1978 3855 2037 3919 qua

661 3936 789 3999 loranula
811 3937 946 4002 litaniae
969 3947 1093 4002 nostrae
1115 3937 1272 4017 incipiunt,
1294 3946 1330 4001 et'
1348 3938 1454 4002 eadem
1477 3938 1706 4003 concluduntur.
1731 3937 1790 4001 Sed
1813 3956 1913 4019 neque
1926 3938 2037 4001 Graeci

339 4039 401 4110 «Ερ.
414 4041 575 4096 addacem
589 4042 648 4095 Vet—
661 4037 728 4100 illas
751 4046 912 4105 noverunt.
957 4039 1042 4103 llauc
1065 4040 1239 4120 opinionem
1260 4037 1363 4100 habuit
1377 4038 1529 4119 losephus
1551 4037 1700 4120 Scaliger,
1722 4037 1852 4101 litanias
1875 4055 1946 4101 esse
1970 4038 2036 4101 illas

335 4141 426 4180 mum.

659 4138 825 4219 orationes,
850 4139 901 4201 ubi
922 4140 1017 4222 lsprie
1039 4141 1152 4201 eleison
1174 4138 1297 4219 saepius
1320 4138 1478 4219 repetitur,
1502 4146 1533 4200 et
1555 4138 1737 4201 exisdnaavit
1759 4136 1947 4218 alliptychis
1969 4156 2037 4199 ma-

658 4254 766 4300 nasse:
789 4238 961 4323 ingeniose,
984 4237 1122 4301 sednon
1145 4236 1399 4319 vereliiptyclra
1429 4236 1528 4299 adhue
1550 4245 1771 4300 conservantur
1801 4237 1831 4298 in
1860 4235 1928 4298 ltita
1958 4234 2037 4300 Ale·

658 4335 817 4415 nandrino,
845 4345 879 4400 ut
909 4341 997 4401 etiarn
1027 4339 1093 4419 ipsa
1123 4353 1199 4399 vox:
1234 4353 1334 4418 neque
1364 4352 1522 4398 commune
1550 4335 1712 4417 quidquam
1739 4334 1851 4399 habent
1880 4353 1948 4397 curn
1978 4337 2037 4398 ista

658 4436 805 4515 oratione,
829 4456 917 4519 quam
939 4436 1095 4499 Litcniam
1123 4436 1245 4499 vocavit
1272 4434 1361 4519 hujus
1390 4434 1546 4517 liturgiae
1574 4435 1736 4517 interpres.
1789 4434 1938 4500 Sacerdos
1970 4440 2037 4496 orat

656 4549 714 4613 pro
738 4536 888 4615 omnibus,
919 4543 951 4599 et
978 4535 1016 4598 de
1047 4534 1195 4598 omnibus.
1240 4532 1394 4599 Diaconos
1422 4535 1506 4598 initio
1537 4535 1685 4618 qu'usque
1715 4534 1878 4610 orationis,
1909 4548 2036 4613 quanm

657 4631 786 4713 aliquam
808 4643 838 4697 et
860 4636 1006 4717 majorem
1027 4641 1144 4715 partem
1168 4633 1319 4697 Sacerdos
1342 4640 1464 4696 secreto
1488 4633 1568 4713 dicit,
1595 4632 1653 4696 alta
1676 4650 1755 4696 voce
1778 4641 1881 4696 monet
1902 4633 2035 4694 circum-

656 4737 782 4812 stantes,
805 4741 839 4796 ut
862 4742 961 4811 orent,
991 4733 1157 4797 secundant
1186 4730 1360 4795 Sacerdotis
1393 4733 1599 4798 intentionenr.
1650 4732 1744 4795 ome
1768 4751 1826 4811 pro
1852 4750 1947 4811 pace,
1972 4747 2034 4809 pro

656 4828 755 4909 Papa,
774 4852 833 4912 pau
853 4833 1006 4910 Ecclesia,
1030 4840 1089 4898 etc.
1113 4830 1247 4912 Populus
1270 4830 1432 4910 acclamat,
1459 4830 1553 4914 lipsiae
1574 4833 1703 4908 elaeon,
1730 4838 1778 4893 ter
1805 4836 1839 4892 ut
1865 4830 2033 4912 plurimum,

656 4926 816 5010 aliquando
839 4932 963 5013 pluries.
1008 4931 1096 4994 Nulla
1126 4936 1310 5010 sanctorum,
1339 4937 1374 4992 ut
1403 4931 1433 4992 in
1460 4929 1587 4993 Litaniis
1617 4932 1749 5008 nostris,
1778 4928 2031 5005 commemoratio.

658 5026 819 5093 Orationes
842 5049 936 5112 porro
959 5049 1038 5114 quae
1059 5030 1109 5093 hic
1131 5027 1287 5112 leguntur,
1312 5029 1447 5112 Copticis
1478 5029 1649 5112 persimiles
1675 5037 1757 5110 sunt,
1787 5037 1820 5092 ut
1847 5029 1939 5092 etiam
1965 5026 2031 5089 aliis
