4525 6034
694 583 770 658 436
939 584 1067 663 NOTAE
1093 585 1135 660 lu
1160 584 1368 662 ltluuollu
1393 584 1821 665 toluuublsotuttsu.

960 857 998 929 8.
1034 857 1201 928 Euudm
1227 859 1263 927 iu
1287 857 1499 949 sacrificium
1525 856 1589 928 tibi
1616 860 1796 952 offeremus.

783 1047 856 1127 Non
887 1067 1009 1141 poterat
1038 1061 1210 1123 accuratius
1241 1068 1271 1122 et
1299 1059 1516 1141 significantius
1544 1060 1693 1143 explicari
1722 1060 1861 1123 doctrina
1886 1065 1971 1122 ‹vetrrs
1999 1059 2058 1123 Ec-

692 1163 805 1227 clesiae
828 1164 909 1226 cbca
931 1162 1112 1226 sacrificium
1131 1163 1386 1239 Eucharisticum,
1409 1181 1497 1245 quam
1527 1164 1574 1227 his
1603 1163 1723 1226 verbis:
1757 1161 1864 1225 offerri
1891 1161 2003 1224 scilicet
2029 1163 2058 1224 iu

692 1279 731 1326 eo
756 1261 906 1325 Christum
936 1263 966 1324 in
1002 1261 1182 1325 sacrificium
1212 1270 1243 1325 et
1271 1262 1453 1326 oblationem
1475 1262 1708 1326 immaculatam:
1741 1262 1800 1324 etsi
1828 1279 1889 1323 non
1914 1261 2058 1342 ignorant,

690 1362 791 1442 ipsum
813 1361 907 1424 semel
930 1360 1078 1423 obtulisse
1100 1362 1257 1442 seipsum
1278 1362 1345 1425 Deo
1368 1362 1448 1424 Patri
1473 1360 1601 1425 bustim
1621 1362 1874 1443 propitiatoriam,
1897 1379 1964 1422 cum
1984 1359 2060 1422 idem

691 1460 723 1521 in
745 1459 802 1523 bac
824 1458 960 1543 [liturgia
984 1459 1112 1541 legatur.
1157 1459 1236 1522 Nihil
1266 1461 1359 1543 igitur
1380 1479 1399 1524 a
1420 1461 1533 1523 sanctis
1555 1460 1710 1538 Patribus,
1737 1466 1788 1523 aut
1809 1461 1861 1540 qui
1888 1476 1942 1522 eos
1970 1460 2061 1522 secati

691 1567 722 1620 ct
744 1558 864 1621 illorum
887 1556 974 1619 iidem
1005 1558 1108 1621 imitati
1138 1568 1208 1622 sunt
1237 1559 1352 1622 Latinis
1382 1558 1564 1643 Theologis‚
1595 1559 1634 1622 de
1663 1574 1738 1622 veru
1768 1566 1799 1621 et
1827 1557 1903 1620 reali
1929 1558 2060 1639 corporis

692 1655 803 1719 Christi
826 1664 857 1718 et
879 1655 1034 1737 sanguinis
1058 1657 1087 1717 in
1109 1655 1298 1721 Eucharistiae
1327 1659 1499 1740 praesentia
1522 1659 1634 1721 dictum
1670 1666 1734 1736 est,
1765 1658 1902 1739 quamvis
1923 1656 2059 1719 sensibus

690 1771 877 1837 repugnans,
901 1761 932 1817 et
954 1753 1100 1817 humanae
1123 1755 1348 1838 intelligentiae,
1371 1756 1452 1838 quod
1476 1774 1536 1820 uon
1549 1756 1724 1837 simpliciter
1736 1755 1943 1818 intellexerint
1953 1754 2062 1818 Orien·

690 1852 785 1916 tales:
809 1859 922 1914 tanuun
945 1853 1032 1915 abest
1053 1860 1085 1914 ut
1100 1854 1332 1917 Protestuutium
1354 1856 1494 1937 exemplo
1516 1856 1592 1918 baec
1614 1857 1714 1918 omnia
1735 1854 1773 1917 ad
1796 1852 1989 1934 metaphoras
2012 1872 2062 1915 re-

691 1952 761 2015 duci
791 1949 924 2028 debere,
953 1952 1199 2015 existimaverint.
1254 1953 1330 2016 Nam
1365 1972 1477 2035 eorpus
1513 1954 1626 2020 Christi
1659 1956 1691 2016 in
1720 1953 1806 2015 altari
1836 1954 1968 2034 positum
1995 1969 2060 2014 esse

691 2050 804 2129 dicmtt,
828 2050 950 2132 qaroda
974 2049 1192 2132 chrysostomo
1215 2062 1247 2116 et
1269 2053 1336 2116 aliis
1364 2053 1550 2117 didicerunt:
1580 2056 1619 2116 ita
1649 2053 1777 2116 credere
1805 2070 1857 2131 se,
1881 2069 1948 2115 uon
1977 2050 2061 2112 modo

690 2150 854 2231 perspicue
868 2156 1037 2228 testantur,
1060 2149 1129 2212 dum
1152 2150 1265 2215 similes
1287 2152 1455 2232 locutiones
1488 2171 1559 2217 suas
1581 2151 1712 2229 faciunt,
1734 2170 1841 2215 verum
1862 2152 1953 2215 etiam
1976 2150 2061 2213 vans

691 2248 871 2331 disciplinae
890 2247 1127 2312 Ecclesiasticus
1141 2248 1271 2332 legibus
1294 2251 1482 2316 confirmant.

1041 2507 1079 2581 9.
1123 2510 1259 2603 Aponon
1285 2515 1433 2584 occisum
1457 2534 1561 2606 super
1588 2510 1711 2583 ultore.

792 2695 896 2776 ‘Imm
919 2711 1070 2793 estquod
1094 2709 1329 2794 chrysostomus
1359 2723 1390 2777 et
1419 2715 1469 2778 alii
1490 2715 1612 2796 saepius
1633 2714 1799 2778 inculcant:
1829 2720 1920 2793 atque
1949 2711 1990 2773 ita
2016 2710 2043 2772 lo

652 2871 656 2879 .
689 2820 824 2896 quuntur
847 2814 980 2878 Seremus
998 2814 1174 2897 Episcopus
1197 2815 1392 2898 Aschmonln,
1422 2818 1655 2898 Echmimeusis‚
1685 2817 1783 2897 llutor
1811 2814 2006 2879 Homiliaruru
2025 2812 2059 2875 de

690 2913 804 2977 circulo
828 2914 908 2991 aunt,
930 2913 1089 2991 Barsalibi‚
1112 2914 1329 3000 Abtdlaragius
1357 2926 1388 2981 et
1409 2918 1460 2981 alii
1480 2917 1578 2981 multi:
1606 2924 1642 2982 nt
1663 2934 1740 2999 quae
1763 2922 1928 2978 occurrunt
1957 2913 2058 2976 mmiu

688 3011 845 3095 liturgiis,
869 3029 957 3094 mam
978 3013 1009 3075 in
1031 3013 1116 3076 libris
1135 3013 1340 3097 Theologicis,
1363 3034 1424 3080 uon
1446 3016 1600 3080 rhetorice
1620 3015 1700 3079 dicta
1722 3014 1878 3078 autoribus
1903 3013 2056 3089 excidisse,

689 3110 745 3173 sed
768 3130 809 3174 ex
831 3117 916 3174 certa
937 3112 1139 3193 persuasione
1162 3113 1241 3176 dicta
1264 3133 1335 3179 esse
1357 3114 1546 3178 manifestum
1569 3117 1619 3179 sit.

884 3387 947 3458 10.
989 3388 1119 3459 Εοηηη
1145 3392 1203 3484 poi
1227 3394 1264 3460 in
1289 3413 1376 3461 uera
1401 3391 1585 3486 Relipionc
1611 3392 1760 3460 instituti
1784 3395 1871 3460 assat.

785 3591 840 3668 Ds
864 3601 1096 3667 catechumenis
1117 3605 1215 3667 verba
1237 3623 1308 3668 esse
1324 3606 1398 3668 satis
1413 3614 1554 3687 apparet:
1578 3605 1714 3685 moravis
1735 3610 1770 3666 ut
1792 3603 1971 3666 observavit
1991 3599 2059 3662 bar·

688 3703 787 3784 sallbi‚
809 3705 884 3768 uulli
908 3705 1018 3769 dudrrm
1039 3707 1101 3769 siut
1122 3707 1154 3768 in
1175 3707 1313 3770 Ecclesia
1337 3707 1502 3771 Orientali:
1527 3706 1622 3770 sedid
1646 3705 1824 3768 translatum
1846 3723 1887 3768 ex
1910 3704 2056 3785 disciplina

687 3805 801 3866 veteri:
823 3812 858 3867 ut
879 3803 960 3886 apud
982 3821 1040 3867 uos
1062 3822 1186 3887 quoque
1205 3813 1326 3869 retenta
1348 3815 1397 3870 est
1417 3808 1448 3869 in
1470 3807 1574 3870 Officio
1597 3804 1721 3870 Sabbati
1743 3804 1847 3869 Sancti
1867 3802 1990 3884 publica
2009 3819 2054 3883 pro

686 3901 746 3964 illis
768 3902 886 3980 orah03
909 3904 1044 3984 quamvis
1067 3905 1098 3966 in
1121 3904 1287 3968 Occidente
1311 3923 1432 3988 quoque
1461 3903 1732 3969 catechumenatus
1754 3903 1944 3966 obliteratus
1968 3901 2053 3965 luerit

686 4000 721 4064 ln
744 4000 870 4064 (triente
891 4000 1122 4086 multomagis:
1150 4005 1249 4068 statim
1276 4004 1388 4087 quippe
1418 4002 1594 4082 Christianis
1623 4002 1783 4065 infantibus
1814 4002 1980 4083 baptismus
2005 3999 2053 4062 ad·

686 4100 850 4162 ministrari
872 4101 966 4164 solet:
1000 4106 1063 4164 tum
1084 4121 1124 4165 ne
1147 4103 1262 4186 absque
1285 4103 1409 4167 salutari
1431 4103 1554 4166 lavacro
1584 4109 1731 4183 pereant,
1761 4109 1823 4164 tum
1851 4118 1932 4168 nea
1953 4099 2050 4161 bluha·

686 4197 821 4262 medenis
842 4201 1008 4282 rapiantur.

834 4459 896 4529 11.
934 4459 985 4530 Et
1009 4462 1099 4532 sicul
1124 4460 1191 4532 boc
1217 4466 1345 4531 statura
1371 4466 1423 4532 cst
1447 4464 1640 4554 mysterium
1663 4462 1834 4553 unipeaili
1861 4460 1922 4529 lui.

778 4649 940 4728 Oescunus
964 4662 1062 4739 locus,
1084 4662 1137 4743 qui
1159 4669 1259 4725 tamen
1281 4662 1432 4745 explicata
1461 4664 1578 4728 ratione
1601 4664 1677 4742 stili,
1705 4663 1756 4745 qui
1784 4670 1817 4724 ut
1840 4658 2043 4723 monuimusiu

684 4762 743 4827 illis
767 4763 884 4827 mediae
906 4765 1014 4828 aetatis
1036 4764 1180 4848 liturgiis
1203 4764 1394 4831 affectatione
1416 4767 1588 4851 elegantiae
1610 4766 1727 4830 laborat
1739 4764 1911 4847 aliquando,
1933 4769 2043 4825 senteu-

685 4863 756 4924 tiam
779 4863 868 4926 talem
891 4863 992 4928 habet.
1017 4864 1055 4926 Ut
1077 4864 1136 4927 boc
1158 4867 1343 4946 mysterium,
1366 4867 1455 4947 quale
1479 4874 1527 4929 est
1548 4873 1619 4948 post
1641 4864 1779 4948 illapsum
1802 4863 1930 4946 Spiritus
1951 4856 2040 4926 sancti,

688 4962 887 5045 omnibusque
909 4964 1004 5028 modis
1028 4973 1262 5028 consummatam
1285 4974 1316 5030 et
1340 4964 1513 5048 perlectam
1542 4965 1820 5043 consecrationem,
1849 4968 1897 5025 est
1924 4975 1993 5022 rere
2016 4957 2039 5014 el

686 5061 852 5125 secundum
873 5062 905 5125 id
927 5063 1008 5145 quod
1038 5072 1096 5144 est,
1119 5066 1295 5146 mysterium
1317 5081 1335 5126 a
1356 5063 1431 5128 Filio
1460 5071 1512 5128 tuo
1541 5064 1616 5128 lesu
1638 5062 1758 5128 Christo
1781 5061 1953 5139 institutum,
1973 5047 2038 5136 qnod
