4525 6034
618 556 621 565 ’
681 560 754 633 178
1153 560 1586 642 COMMENTARIUS

677 746 747 807 vino
772 747 980 809 consecrando
1004 765 1109 829 aquam
1133 765 1194 810 non
1217 746 1410 812 admisceant.
1456 748 1650 812 Consuetudo
1666 757 1765 812 autem
1779 750 1905 815 omnium
1922 753 2027 817 illarum

677 846 882 908 Ecclesiarum
905 855 968 925 est,
992 856 1025 910 ut
1047 866 1118 928 pars
1143 866 1238 928 aquae
1261 847 1478 926 admisceatur,
1509 866 1547 911 ea
1574 851 1773 929 proportione
1802 869 1888 931 quarn
1915 853 1953 913 ita
1977 854 2028 916 de-
2146 925 2150 931 ,

678 943 781 1006 scribit
802 944 1028 1012 Echmimensis.
1072 947 1178 1027 Aquae
1200 948 1243 1008 ad
1263 947 1364 1008 cinam
1381 948 1552 1027 proportio,
1575 950 1615 1011 ait
1636 968 1657 1010 a
1679 951 1768 1011 tertia
1785 959 1974 1032 partemque
1993 952 2029 1015 od

677 1043 840 1120 decimam,
867 1049 911 1107 ita
939 1054 972 1108 at
993 1049 1022 1108 si
1041 1049 1143 1109 cinam
1163 1049 1339 1127 amerosius
1368 1048 1487 1109 omnino
1510 1048 1564 1123 sit,
1591 1049 1636 1109 ita
1662 1055 1858 1127 temperetur,
1886 1059 1917 1113 at
1942 1069 2029 1131 cquae

388 1146 496 1197 limam·
508 1144 605 1196 Erotes·
622 1142 665 1195 Gr·
678 1147 768 1205 tertio
786 1164 864 1224 para
886 1147 1105 1209 admisceatur:
1127 1148 1157 1208 si
1176 1146 1352 1209 imbecillius
1373 1148 1525 1208 mmaatar
1546 1165 1638 1227 usqae
1660 1148 1704 1209 ad
1729 1148 1890 1225 decimam,
1916 1151 1944 1210 si
1971 1169 2029 1211 nte-

357 1231 382 1283 T·
400 1232 420 1283 ¹·
438 1251 464 1302 ι’·
481 1233 526 1284 ⁸²·
678 1244 761 1305 diam
782 1247 843 1305 aim
864 1245 990 1322 babeat,
1013 1246 1193 1308 adhibeatur
1214 1247 1377 1308 secandam
1398 1247 1533 1308 eamdem
1551 1248 1784 1326 proportionem.
1817 1246 1906 1309 Extat
1926 1248 1955 1309 iu
1971 1248 2030 1310 No·

565 1377 567 1379 ·
677 1360 845 1405 mocauone
868 1344 986 1407 Graeco
1011 1344 1203 1408 coteleriana
1235 1332 1414 1408 Constitutio
1444 1344 1591 1425 quaedam
1620 1346 1693 1407 satis
1722 1345 1852 1407 absurda
1881 1364 1955 1427 quae
1978 1347 2029 1410 buc

675 1442 785 1505 reterri
807 1450 917 1523 potest·
963 1443 1056 1521 Dum,
1079 1445 1190 1524 inquit,
1213 1445 1380 1505 aeremitae
1400 1462 1461 1505 aaa
1483 1452 1544 1520 eat,
1566 1444 1719 1506 Sacerdos
1740 1464 1808 1506 cam
1830 1454 1915 1508 aceto
1934 1444 2030 1508 Lita-

674 1545 757 1622 aiam
777 1562 815 1603 ae
837 1543 973 1606 celebret.
1018 1543 1080 1604 Sed
1100 1551 1135 1604 at
1154 1544 1267 1605 dicitur
1291 1542 1361 1621 selle
1388 1550 1419 1605 et
1444 1550 1531 1605 aceto
1555 1550 1682 1623 propter
1706 1562 1753 1604 me
1778 1552 1900 1622 potetate
1926 1564 1971 1620 co,
1995 1564 2029 1606 ea
2070 1618 2073 1624 ,
2098 1540 2100 1543 ’

676 1643 806 1723 quadum
828 1647 965 1705 aradam
986 1644 1172 1722 deprecatam
1192 1643 1320 1706 videtur.
1365 1641 1428 1704 Sed
1447 1661 1539 1704 avam
1560 1643 1712 1722 exprim,
1734 1643 1763 1703 ai
1781 1641 1864 1721 [orte
1880 1645 2031 1705 accersitor

671 1745 782 1821 prerait
803 1751 833 1805 ct
853 1744 897 1804 ita
919 1743 1102 1821 sacrificium
1121 1742 1194 1820 liat,
1216 1744 1288 1822 qaia
1310 1749 1379 1802 tanc
1401 1742 1526 1802 mamtia
1545 1743 1580 1820 fit
1601 1741 1683 1821 iccio.
1729 1740 1810 1802 Haec
1833 1741 1977 1803 attulimus
1995 1758 2030 1803 ne

675 1842 865 1903 existimetur
887 1839 1133 1903 coasuetudinem
1155 1858 1229 1902 uvas
1253 1838 1290 1901 ad
1313 1839 1490 1919 sacrificium
1521 1837 1708 1902 offerendum
1737 1840 1939 1920 exprimendi,
1966 1839 2030 1902 solis

676 1939 877 2002 Orientalibus
900 1947 1071 2020 usurpatam
1094 1956 1180 2002 esse:
1204 1939 1352 2021 simulque
1374 1939 1555 2001 observetur
1576 1940 1672 2000 minus
1696 1939 1792 2002 adhuc
1820 1958 1925 2002 errare
1953 1939 2031 2017 istos,

676 2039 833 2102 Graeculis
856 2038 1091 2114 recentioribus;
1115 2057 1182 2100 cum
1205 2046 1337 2118 acetum,
1361 2045 1392 2100 et
1413 2039 1513 2101 vinum
1536 2038 1618 2119 quod
1641 2056 1784 2103 acescere
1805 2039 1957 2120 coeperit,
1977 2054 2030 2099 non

674 2140 814 2219 usurpari
837 2156 930 2220 posse
953 2138 991 2200 ad
1014 2138 1108 2201 altare
1131 2146 1279 2217 statuant,
1309 2138 1418 2200 Graeci
1445 2155 1519 2199 vero
1542 2138 1732 2218 permittant,
1766 2141 1824 2202 etsi
1854 2154 1954 2200 omnes
1981 2136 2031 2198 bac

676 2239 819 2320 opinione
840 2238 1006 2318 implicatos
1028 2256 1089 2301 non
1112 2236 1207 2301 fuisse
1230 2238 1358 2300 maxime
1380 2237 1542 2299 verisimile
1565 2239 1613 2303 sit.
1656 2237 1731 2298 Nam
1758 2238 1950 2301 Nomooanon
1975 2235 2030 2311 illc,

675 2346 706 2401 et
728 2337 840 2400 similes
863 2336 999 2418 quidam,
1022 2345 1081 2399 tam
1104 2338 1177 2400 editi
1199 2356 1288 2419 quam
1310 2336 1521 2418 blanuscripti,
1545 2335 1675 2400 absurda
1691 2345 1749 2399 tam
1768 2338 1860 2401 multa
1877 2336 2030 2413 continent,

676 2445 709 2500 ut
730 2457 770 2500 eu
791 2436 849 2498 illis
872 2454 946 2499 vera
968 2435 1144 2516 disciplinae
1167 2436 1263 2500 torma
1285 2437 1432 2500 delineari
1453 2435 1533 2499 nulla
1556 2438 1663 2518 possit.

387 2544 478 2599 Discus
497 2563 543 2598 seu
560 2554 661 2615 patena.
764 2536 802 2599 Ut
823 2534 911 2599 Calix
931 2536 1021 2614 vino,
1044 2536 1085 2596 ita
1108 2537 1211 2598 dismas
1233 2555 1288 2600 seu
1310 2545 1421 2617 patena
1442 2537 1513 2617 pani
1534 2536 1741 2599 Eucharistiae
1765 2536 1951 2618 adjungitur,
1972 2541 2031 2596 est·

676 2655 735 2718 que
757 2645 791 2699 ut
811 2637 949 2714 nomine,
972 2637 1013 2697 ita
1036 2642 1067 2697 et
1088 2635 1202 2711 torma,
1225 2636 1408 2699 Graecorum
1431 2635 1516 2697 disco
1539 2634 1659 2713 similis,
1681 2653 1748 2697 nam
1772 2653 1840 2698 eam
1855 2650 2031 2697 vocemoum

675 2737 741 2800 aliis
763 2735 984 2799 Ecclesiasticis
1007 2735 1105 2797 multis
1129 2735 1267 2816 Coptitaa
1289 2736 1487 2797 retinuerunt.
1524 2733 1627 2797 Latiar
1644 2742 1707 2814 est,
1730 2733 1886 2813 multoque
1901 2734 2031 2813 capacior

675 2855 764 2918 quam
785 2835 958 2898 Latinorum
980 2842 1104 2915 patena,
1127 2836 1168 2897 ita
1190 2842 1223 2896 ιιι
1245 2834 1325 2896 calix
1347 2844 1378 2898 et
1400 2833 1499 2897 oblata
1521 2834 1551 2894 in
1575 2851 1613 2895 eo
1636 2832 1723 2895 simul
1745 2831 1892 2895 collocari
1914 2832 2030 2912 possint.

676 2935 878 2999 Consecratur
899 2934 978 3016 apud
1001 2934 1137 3017 Coptitas
1169 2935 1205 2997 ab
1227 2935 1380 3016 Episcopo
1410 2932 1556 3015 sinfflrlari
1590 2931 1819 3006 benedictione,
1850 2939 1881 2994 et
1910 2932 1947 2993 ad
1972 2947 2031 2993 eam

674 3034 889 3119 perficiendam
911 3043 995 3098 extat
1015 3036 1112 3099 oratio
1135 3037 1166 3098 in
1188 3035 1287 3098 multis
1309 3034 1464 3117 liturgiae
1487 3032 1650 3096 codicibus.
1694 3032 1728 3093 ln
1751 3051 1787 3094 ea
1809 3039 1936 3114 rogatur
1947 3030 2030 3108 Deus,

673 3145 706 3198 at
727 3137 871 3198 eatertdot
892 3136 1047 3197 bracbiam
1068 3155 1155 3197 coam
1176 3144 1329 3210 sanctam,
1352 3143 1381 3196 et
1397 3134 1563 3213 aaacdficet
1576 3134 1691 3194 diacum
1704 3131 1823 3211 plemam
1838 3131 1943 3206 bacis,
1963 3147 2032 3211 miae

668 3236 868 3316 praeparavit
888 3235 1079 3315 diliqcmtibua
1098 3254 1206 3297 acmen
1235 3253 1321 3295 cuam
1346 3240 1499 3307 sanctam,
1529 3232 1645 3293 scilicet
1671 3227 1781 3310 colpus
1811 3237 1841 3291 et
1868 3231 2032 3309 sumamma

670 3337 836 3415 pretiosam
865 3332 979 3396 Obriati
998 3336 1055 3397 aad.
1100 3334 1215 3413 Nempe
1238 3334 1279 3394 ita
1301 3332 1463 3413 loquuntur
1491 3347 1552 3392 non
1581 3329 1670 3392 modo
1697 3331 1728 3392 in
1757 3329 1900 3408 precibus
1929 3325 2032 3390 Eccle-

676 3434 820 3511 siasticis,
844 3432 1010 3495 sedetiam
1032 3434 1063 3494 in
1085 3432 1261 3495 tractatibus
1285 3431 1494 3512 Theologicis,
1521 3438 1551 3492 et
1573 3438 1765 3511 praesentem
1793 3427 1932 3491 localiter
1960 3442 2032 3507 quo·

673 3531 849 3610 dammodo,
873 3530 1023 3596 Christum
1046 3534 1075 3595 in
1099 3533 1184 3595 disco
1206 3531 1414 3594 Eucharistico
1437 3532 1547 3593 intueri
1565 3531 1682 3613 jubent.
1714 3530 1848 3594 Severus
1871 3527 2032 3608 Episcopus

672 3631 873 3709 Asclomonin,
897 3632 938 3692 ait
960 3652 1026 3694 cam
1047 3632 1174 3693 medeae
1194 3629 1252 3693 boc
1275 3638 1322 3692 cst
1343 3630 1413 3693 velo
1436 3650 1496 3711 quta
1518 3633 1631 3713 tegitur
1653 3638 1890 3707 sacramentum,
1918 3625 2033 3698 amabi,

672 3740 703 3794 et
722 3750 789 3793 esse
809 3732 939 3809 positam
959 3732 992 3792 ia
1013 3732 1114 3807 disca,
1136 3733 1216 3792 aiem
1235 3733 1268 3792 in
1289 3731 1464 3810 sepulcbra,
1487 3739 1517 3793 et
1536 3734 1568 3793 ia
1587 3732 1747 3810 praesepia
1776 3730 1942 3792 codocatas
1970 3729 2033 3790 olm

669 3830 738 3909 fait.
783 3829 927 3892 llomiliae
958 3830 989 3891 in
1010 3830 1149 3893 Ecclesia
1170 3829 1376 3891 Alexandrina
1405 3828 1467 3913 legi
1489 3829 1597 3893 solitae
1624 3830 1741 3909 dicunt,
1769 3830 1904 3910 paaddie
1924 3827 2035 3889 emoriri

670 3930 759 3992 mobis
780 3927 930 3991 Obriotam
950 3932 1141 3992 incantatam
1163 3932 1195 3991 im
1216 3931 1302 3992 diaco
1325 3929 1524 3992 catamare
1547 3937 1577 3992 et
1596 3932 1629 3991 in
1651 3930 1764 3991 calice:
1786 3929 1889 3990 cidari
1909 3946 1930 3988 a
1949 3925 2033 3988 Clari-

671 4030 780 4090 atiaaio
798 4038 969 4108 porrectam
991 4049 1102 4110 carpas
1124 4031 1189 4109 ejus
1209 4030 1242 4090 ia
1264 4030 1368 4104 disca,
1390 4030 1469 4092 sicat
1495 4030 1528 4091 ia
1549 4030 1716 4109 sepulchro.
1766 4025 1810 4089 Ea
1838 4045 1917 4089 vcro
1945 4026 2032 4089 verba

671 4145 733 4190 noa
754 4127 848 4190 semel
871 4137 1048 4207 occurrunt,
1072 4128 1127 4191 scd
1150 4129 1342 4209 reperiuntur
1364 4127 1493 4191 diversis
1515 4129 1611 4206 locis,
1640 4147 1680 4191 ne
1709 4128 1774 4209 quis
1803 4129 1972 4203 existimet,
1999 4140 2032 4185 ea

670 4229 791 4291 incauto
814 4230 928 4291 oratori
951 4227 1124 4307 excidisse,
1147 4246 1207 4291 non
1231 4227 1267 4289 ab
1291 4235 1405 4290 attento
1430 4226 1587 4310 theologo
1610 4246 1680 4291 csse
1702 4226 1884 4308 perscripta.
1926 4225 1959 4287 ln
1979 4222 2032 4286 alia

670 4328 806 4391 oratione
829 4326 867 4389 ad
888 4327 1129 4391 benedictionem
1153 4327 1236 4391 disci.
1277 4327 1417 4390 Extende
1445 4347 1566 4391 mnam
1587 4336 1669 4391 taam
1690 4329 1825 4390 dcimam
1846 4346 1940 4407 asper
1959 4325 2032 4386 maa

401 4431 463 4484 lter.
487 4431 556 4483 Patr.
581 4430 656 4483 sae.
670 4427 786 4489 dacum
808 4427 1010 4503 baaedimam,
1031 4429 1084 4507 qai
1103 4428 1269 4507 implendas
1290 4436 1337 4489 est
1354 4427 1495 4507 partibas
1515 4428 1656 4508 caparis
1678 4428 1722 4489 tat
1732 4426 1845 4502 coacti,
1867 4425 1948 4507 meod
1959 4420 2033 4503 offe-

345 4535 372 4598 ι·
390 4517 452 4569 378.
668 4535 736 4590 rent
755 4546 847 4607 caper
866 4528 965 4589 adare
986 4528 1173 4603 casamarii,
1203 4527 1290 4607 bajm
1318 4534 1444 4589 sanctae
1473 4527 1614 4589 civitatis.
1658 4525 1692 4587 ln
1719 4524 1843 4587 historia
1877 4522 2031 4586 Ecclesiae

669 4625 894 4689 Alexandrinae
917 4643 956 4688 eo
978 4625 1047 4689 loco
1065 4625 1117 4687 ubi
1131 4633 1271 4689 namatur
1288 4625 1461 4688 masculum
1474 4625 1645 4706 apparentis
1658 4624 1732 4686 lesu
1746 4622 1857 4687 Christi
1869 4624 1902 4684 in
1912 4619 2032 4685 Eucha-

670 4726 773 4788 ristiae
797 4725 1001 4789 celebratione
1023 4724 1079 4788 sub
1103 4726 1198 4788 torma
1219 4726 1323 4806 pueri,
1352 4725 1434 4806 quod
1461 4725 1532 4787 alibi
1554 4724 1724 4804 retulimus,
1753 4722 1862 4786 dicitur
1890 4723 1923 4785 in
1951 4721 2031 4783 disco

671 4826 859 4906 apparuisse.
903 4824 952 4887 nd
982 4844 1050 4888 eum
1079 4832 1198 4907 spectat
1228 4825 1397 4889 benedictio
1425 4844 1504 4907 quae
1533 4827 1629 4907 prima
1650 4828 1730 4887 inter
1753 4823 1826 4886 alias
1848 4820 2033 4886 occumitin

671 4923 795 4988 Conone
817 4924 957 4987 Generali
978 4924 1171 5006 Aethiopum.
1194 4926 1318 4987 Paratur
1340 4926 1419 4988 sicut
1439 4933 1470 4988 et
1492 4924 1572 4988 calix
1594 4945 1634 4988 ex
1657 4942 1750 5004 auro,
1774 4931 1921 5007 argento,
1945 4929 2031 5001 atque

669 5022 727 5085 alia
748 5025 883 5107 pretiosa
904 5026 1050 5104 materia,
1073 5024 1132 5088 nisi
1154 5025 1274 5088 obstent
1297 5023 1556 5089 altlictissimarum
1577 5025 1783 5089 Ecclesiamm
1805 5023 1976 5106 angustiae.
