4525 6034
706 531 784 606 594
1276 532 1508 610 notun

705 723 767 782 ost:
789 725 850 781 tum
873 736 940 782 oum
962 718 1088 782 verbum
1111 716 1206 782 verbo
1228 719 1345 782 curavit
1365 716 1498 781 reddere
1520 717 1668 781 obscurus
1692 725 1750 796 est,
1772 724 1822 781 aut
1835 718 2041 802 latigatseinu·

703 815 805 880 tiliter.
849 818 924 882 Nam
947 817 1119 882 Orientales
1142 824 1174 882 et
1196 818 1266 900 Syri
1287 818 1516 900 praecaeteris
1538 816 1690 881 abundant
1718 834 1946 899 synonymorum
1963 821 2042 900 copis,

704 924 738 980 ut
760 918 892 999 exempli
914 931 1006 982 causa
1028 935 1137 981 vocem
1159 909 1260 998 ἔλεος,
1283 935 1361 999 quae
1383 917 1618 980 misericordiam
1640 918 1789 1000 significat
1810 917 1902 980 tribus
1916 916 2045 981 admodum

705 1017 756 1079 vel
783 1025 912 1099 quatuor
938 1018 1126 1097 exprimunt,
1156 1034 1234 1098 quae
1264 1016 1389 1081 totidem
1416 1015 1529 1078 Latinis
1551 1016 1638 1079 reddi
1660 1025 1823 1098 noqueunt.
1866 1016 1927 1079 Nos
1945 1018 2045 1079 msere

703 1117 843 1180 comeam
861 1126 892 1181 et
909 1119 1131 1193 miserationes,
1154 1134 1233 1199 quae
1254 1133 1348 1180 voces
1370 1116 1401 1178 in
1416 1114 1639 1179 Ecclesiasticis
1660 1114 1769 1179 Officiis
1785 1117 1879 1199 vulgo
1891 1123 2045 1197 usurpantur

702 1214 892 1296 interpretati
913 1234 1031 1294 sumus,
1059 1223 1091 1297 et
1116 1216 1334 1299 simplicissima
1362 1231 1500 1297 quaeque
1529 1213 1624 1277 verba
1645 1214 1846 1297 praeferenda
1866 1234 1962 1279 sumus
1981 1215 2047 1279 uhi-

704 1316 784 1379 trati.
829 1314 990 1378 Lusitanus
1012 1314 1181 1397 interpres,
1209 1334 1330 1378 amores
1350 1332 1448 1395 prope
1470 1314 1582 1395 ubique
1607 1317 1714 1377 vertit:
1742 1333 1816 1378 sane
1838 1332 1899 1377 non
1918 1313 2002 1394 bene,
2022 1321 2047 1375 ut

704 1412 796 1476 multa
819 1413 977 1496 ejusmodi.

1048 1674 1084 1746 3.
1125 1674 1185 1747 Ad
1209 1674 1384 1748 lectiones.
1438 1676 1497 1749 Ad
1522 1676 1731 1771 Apostolum.

803 1865 921 1945 Pmms
944 1879 1047 1944 verbis
1070 1879 1268 1963 significatur,
1291 1887 1454 1962 sequentes
1484 1881 1635 1942 orationes
1664 1878 1808 1943 dicendas
1837 1898 1926 1957 esse,
1954 1877 2051 1958 quaudo

701 1981 776 2045 liunt
798 1981 945 2046 lectiones
968 2001 1075 2046 sacrae
1097 1984 1284 2065 scripturae,
1312 2003 1351 2046 ex
1378 1984 1484 2047 Veteri
1506 1982 1710 2062 Testamento,
1733 1991 1794 2046 tum
1816 2002 1858 2046 ex
1879 1981 1962 2045 Actis
1981 1980 2053 2062 ltpo·

702 2080 861 2159 stolorum,
881 2082 1036 2164 Epistolis,
1058 2083 1142 2147 Pauli
1164 2089 1195 2145 at
1216 2082 1393 2146 Catholicis:
1416 2089 1486 2147 eunt
1507 2089 1608 2145 autem
1629 2081 1740 2145 multae
1762 2085 1918 2147 orationes
1938 2098 1990 2143 sou
2007 2081 2052 2142 be-

703 2180 894 2246 nedictiones
916 2181 1004 2264 hujus
1026 2184 1152 2268 generis
1173 2183 1205 2244 in
1226 2182 1362 2245 omnibus
1385 2181 1529 2264 Liturgiis
1558 2182 1773 2263 cujuscumque
1801 2183 1886 2243 ritus.
1930 2179 1961 2242 ln
1980 2179 2054 2242 llissa

702 2277 886 2344 Malabarica
911 2280 984 2343 nihil
1013 2283 1146 2345 occurrit
1175 2282 1257 2344 circa
1280 2280 1427 2345 lectiones
1449 2280 1671 2361 Epistularum,
1694 2282 1753 2344 imo
1775 2299 1834 2344 nec
1856 2280 1894 2342 ad
1917 2278 2054 2341 lectionem

702 2378 872 2463 Evangelii,
889 2379 976 2462 ,quod
997 2383 1071 2444 satis
1093 2383 1210 2459 mirum,
1234 2398 1301 2444 eum
1323 2401 1364 2444 ex
1386 2381 1452 2444 aliis
1476 2378 1586 2442 Officiis
1609 2387 1740 2455 constet,
1762 2389 1881 2462 partem
1896 2376 2055 2442 illasLitur-

702 2479 772 2562 giae
802 2477 912 2559 luisse,
943 2499 1044 2562 neque
1072 2482 1138 2544 sina
1168 2482 1368 2544 caeremoniis
1398 2489 1429 2543 et
1457 2479 1545 2543 thure
1576 2487 1753 2572 peractam!
1783 2478 1858 2540 Eam
1881 2476 2055 2558 disciplinam,

702 2577 775 2641 licet
796 2577 920 2642 brevius
943 2597 1032 2661 ιιιιιιιι
1055 2579 1217 2662 optandum
1239 2579 1356 2659 luisset,
1381 2580 1541 2662 designant
1564 2587 1662 2642 tamen
1684 2579 1779 2641 nostri
1803 2577 1940 2640 codices.
1979 2577 2008 2639 ln
2027 2595 2057 2638 ea

704 2676 944 2758 orationequam
957 2686 1026 2742 ante
1036 2679 1224 2760 Apostolum,
1245 2678 1306 2741 hoc
1322 2687 1370 2742 est
1380 2678 1536 2760 Epistulae
1556 2677 1716 2742 lectionem
1737 2678 1797 2741 dici
1820 2678 1924 2757 debet,
1946 2675 2058 2739 occurrit

709 2793 781 2857 una,
805 2796 883 2859 quaa
906 2778 995 2842 aliter
1017 2778 1128 2862 legitur
1150 2781 1180 2843 in
1203 2778 1296 2842 Missa
1317 2778 1516 2858 llalalmrica,
1538 2785 1569 2841 et
1591 2778 1630 2841 de
1652 2796 1710 2860 qua
1733 2777 1895 2841 dicendum
1916 2784 1971 2840 est.

913 3057 948 3128 l.
986 3056 1146 3148 Sanctae,
1173 3057 1374 3147 landandus,
1397 3064 1532 3152 polens,
1559 3056 1769 3145 immortalis,
1803 3063 1871 3130 etc.

815 3248 851 3327 ln
863 3260 1044 3325 llalabariea
1057 3263 1189 3326 Sanctam
1202 3262 1296 3338 Deus,
1319 3269 1444 3324 senodes
1454 3261 1557 3343 lmtis,
1579 3269 1703 3323 sunctae
1723 3261 1915 3336 imnmrtadis,
1937 3262 2059 3321 masmae

671 3382 675 3391 ’
704 3365 812 3428 nodas:
834 3365 940 3429 eadem
963 3368 1183 3448 propemodum
1205 3367 1355 3431 sententia
1378 3375 1442 3445 est,
1463 3383 1565 3446 neque
1586 3363 1828 3445 interpolationis
1851 3363 1984 3444 suspicio
2004 3380 2059 3424 esse

704 3464 805 3530 debet.
850 3465 985 3547 Hymnus
1014 3468 1125 3548 quippe
1154 3466 1225 3545 ille,
1259 3484 1348 3547 quem
1377 3466 1471 3550 vulgo
1502 3464 1672 3546 'trisagium
1694 3462 1865 3545 appellant,
1889 3464 1921 3526 in
1940 3459 2060 3525 Eccles'a

704 3563 1037 3645 constantinopolitana
1059 3566 1174 3628 initium
1196 3564 1307 3644 habuit,
1330 3565 1420 3648 idque
1443 3572 1573 3629 testatur
1594 3581 1772 3628 exsuorunr
1785 3563 1950 3626 traditione
1967 3561 2058 3622 Amnu

704 3662 832 3727 Mathaei
855 3664 949 3739 lilius3
972 3673 1004 3727 et
1027 3663 1065 3728 de
1088 3666 1155 3747 ejus
1177 3682 1234 3727 usu
1256 3666 1335 3727 inter
1352 3683 1439 3728 sacra
1456 3664 1558 3727 Officia
1582 3664 1668 3725 testis
1691 3669 1748 3727 est.
1777 3662 1977 3744 ‚additionem
1997 3673 2059 3738 oute

703 3763 823 3825 Petrum
847 3763 1040 3845 Gnaplreum,
1064 3771 1098 3827 ut
1118 3764 1212 3849 vulgo
1236 3764 1383 3844 creditur,
1407 3773 1542 3828 autorem
1565 3763 1682 3838 habuit,
1704 3762 1757 3842 pai
1777 3763 1947 3841 crucifixus
1968 3777 1999 3819 es
2012 3772 2059 3836 pru

702 3862 806 3943 modis,
830 3871 886 3928 etc.
917 3865 1059 3945 ignorant
1088 3874 1119 3927 et
1142 3872 1320 3927 aversantur
1342 3864 1530 3942 Nestoriani,
1560 3880 1622 3924 non
1649 3862 1746 3923 minus
1775 3879 1868 3943 quam
1899 3853 2058 3922 otthonum.

705 3961 780 4025 Eam
803 3962 912 4045 adjecit
934 3962 973 4027 nd
995 3981 1078 4025 oram
1102 3962 1223 4027 Codicis
1247 3961 1413 4025 Colbertini
1435 3961 1554 4044 quidam
1575 3960 1722 4024 Jacobita.

1017 4244 1054 4314 5.
1095 4242 1319 4315 Descendens
1344 4239 1508 4313 salutabit
1532 4238 1765 4332 annpelimn.

648 4515 652 4520 ,
803 4433 898 4513 Nunc
920 4446 1065 4527 praesidii
1086 4446 1146 4510 hoc
1168 4448 1198 4509 in
1219 4447 1290 4511 loco
1312 4445 1440 4509 habetur
1462 4442 1607 4507 exllissa
1621 4441 1819 4505 llalabarica:
1843 4440 1903 4504 sed
1925 4434 2058 4519 expausis

705 4549 771 4612 istis
795 4549 895 4612 verbis
911 4550 1040 4633 intelligi
1051 4558 1153 4631 potest
1167 4550 1204 4613 ad
1215 4550 1373 4633 Evangelii
1386 4549 1557 4626 lectionem,
1579 4563 1640 4609 non
1661 4547 1759 4608 minus
1781 4545 1974 4608 reverentiae
1995 4536 2057 4620 apud

704 4647 902 4713 Nestorianos
918 4667 1006 4732 quam
1022 4649 1103 4729 alibi,
1124 4649 1219 4713 luisse
1242 4650 1418 4713 adhibitum:
1440 4665 1549 4729 nempe
1571 4647 1731 4710 salutatum
1752 4644 1860 4720 luisse,
1883 4645 2056 4713 incensatus,

705 4758 737 4811 et
759 4737 827 4811 cum
848 4747 964 4812 honore
985 4748 1239 4831 praecedentibus
1262 4750 1361 4813 cereis
1385 4747 1423 4811 ad
1444 4747 1602 4810 ambonem
1624 4745 1765 4809 dolatum.
1809 4742 2058 4807 Proclamationen

705 4841 820 4928 autem,
845 4851 930 4932 cujus
953 4848 1011 4912 hoc
1034 4848 1102 4912 loco
1124 4851 1237 4912 mentio
1260 4857 1323 4923 est,
1344 4848 1549 4912 existimamus
1571 4863 1642 4910 esse
1664 4845 1760 4927 ipsam
1780 4843 1945 4927 Evangelii
1963 4838 2058 4902 secie·

704 4948 818 5011 tionem
840 4967 917 5030 quae
940 4947 972 5010 fit
994 4946 1052 5011 alta
1074 4966 1153 5013 voce
1174 4949 1206 5010 in
1228 4949 1365 5011 omnibus
1386 4947 1545 5012 Ecclesiis.
1583 4944 1687 5016 Oratio
1710 4961 1789 5027 quae
1810 4935 2056 5025 interponitur‚in

704 5064 763 5127 qua
785 5048 862 5110 haec
883 5048 978 5111 verba
1000 5055 1087 5128 sunt,
1115 5050 1168 5129 qai
1187 5048 1339 5111 revelatus
1359 5065 1393 5109 es
1414 5045 1502 5109 modis
1523 5047 1556 5108 im
1577 5063 1703 5126 corpore
1725 5044 1926 5106 humanitatis
1945 5046 2056 5110 noscat,
