4525 6034
519 678 523 691 Ι
630 524 730 653 'aa
1057 577 1677 657 oasuavxrrorus

680 762 718 824 ad
741 769 917 825 ornamenta
939 762 1084 827 sumenda
1107 762 1234 825 eaedem
1255 770 1341 824 sunt:
1365 763 1459 826 scitur
1487 779 1582 845 porro
1605 761 1725 826 aliunde
1748 781 1789 826 ex
1810 764 1884 844 ipsis
1908 762 2036 845 Syrorum

679 860 781 940 libris3
814 870 845 923 et
858 867 861 873 '
875 880 916 923 ex
939 862 1165 943 comparatione
1189 861 1366 941 disciplinae
1392 862 1579 944 reliquarum
1607 861 1812 924 Ecclesiamm
1843 862 2037 937 Orientalium

681 959 865 1022 Sacerdotes
895 966 926 1022 et
959 959 1113 1024 Diaconos
1144 960 1181 1022 ad
1210 960 1367 1023 ministerii
1400 960 1583 1024 functionem
1612 978 1674 1023 non
1703 962 1870 1039 accedere,
1906 965 1960 1026 uisi
1979 981 2038 1026 cum

679 1059 816 1122 vestibus
839 1059 945 1122 Ordiui
967 1077 1023 1123 suo
1047 1059 1305 1123 convenientibus.
1329 1061 1442 1123 Preces
1466 1061 1559 1142 igitur
1580 1077 1656 1139 quus
1669 1058 1800 1123 Codices
1822 1060 1865 1122 illi
1887 1062 2037 1141 assignant,

679 1159 718 1221 ud
741 1158 808 1221 illas
830 1158 1007 1238 induendas,
1032 1168 1191 1241 postquam
1215 1158 1316 1221 oblata
1338 1158 1376 1221 ad
1400 1158 1496 1221 altare
1519 1159 1599 1221 illata
1623 1166 1689 1233 est,
1722 1176 1777 1221 suo
1808 1159 1877 1222 loco
1899 1177 1958 1221 non
1977 1178 2039 1222 esse

678 1259 795 1338 positas
818 1256 1022 1340 intelligimus,
1046 1266 1138 1339 atque
1162 1259 1202 1319 ita
1226 1257 1264 1320 de
1287 1257 1422 1338 reliquis,
1446 1276 1513 1319 cum
1536 1276 1641 1320 omues
1665 1258 1703 1320 ad
1725 1275 1816 1319 unum
1834 1257 1924 1319 ritum
1943 1257 2039 1320 relern'

679 1358 752 1420 satis
774 1355 970 1439 intelligatur.

1137 1615 1195 1686 De
1221 1615 1321 1687 Pace
1348 1615 1603 1688 Eucharistiae.

405 1844 481 1895 Panis
498 1842 666 1897 archontici
781 1827 835 1904 Da
857 1856 894 1899 eo
917 1835 1009 1899 multa
1031 1836 1159 1899 diximus
1182 1837 1212 1899 in
1235 1836 1458 1901 Commentario
1481 1836 1520 1900 ad
1550 1835 1693 1917 Copticas
1714 1836 1885 1918 Liturgius3
1909 1840 2040 1918 quaedem

355 1932 428 1981 varia
446 1930 556 1983 nomina.

390 3131 495 3198 Syriaca
512 3132 623 3189 diuersa.

680 1941 718 2004 ad
741 1940 836 2023 Syros
858 1940 986 2002 maxime
1008 1940 1192 2021 pertinentia
1221 1940 1270 2002 bic
1296 1937 1475 2003 reseremus.
1520 1939 1554 2002 ln
1584 1938 1688 2001 Officio
1717 1938 1829 2001 Romae
1857 1941 1957 2017 edito,
1983 1960 2041 2006 cun

679 2041 821 2104 rubricae
843 2038 994 2102 Arabicae
1016 2040 1085 2117 sint,
1109 2047 1273 2119 usurpatur
1295 2056 1358 2101 vox
1380 2048 1488 2129 tamt:
1509 2036 1685 2113 barsaban,
1715 2055 1793 2119 quae
1822 2040 1904 2101 inter
1926 2039 2043 2105 Christi·

682 2159 768 2221 anos,
791 2158 901 2221 panem
924 2137 1147 2201 consecrationi
1170 2137 1348 2200 destinatum
1372 2137 1538 2219 siguificat,
1570 2138 1707 2216 quemme
1735 2137 1834 2199 rarior
1862 2140 1949 2201 vocis
1974 2142 2052 2214 illius

679 2257 753 2303 usus
775 2242 825 2317 sit,
847 2257 906 2301 nec
928 2236 979 2299 illa
1003 2236 1096 2319 vulgo
1118 2238 1150 2298 in
1172 2237 1302 2317 antiquis
1324 2236 1408 2299 libris
1431 2237 1611 2318 reperiatur.
1655 2235 1785 2317 Etymou
1813 2245 1861 2298 sat
1893 2237 2041 2301 obscurum

679 2346 739 2415 est,
760 2338 816 2401 sed
840 2355 907 2398 curn
930 2335 1009 2399 illam
1032 2336 1228 2417 peregrinam
1249 2327 1319 2398 esse
1343 2342 1473 2414 constet,
1497 2334 1624 2398 formata
1640 2343 1688 2397 est
1709 2334 1816 2415 procul
1832 2334 1926 2397 dubio
1941 2353 1958 2397 a
1973 2354 2041 2399 roce

680 2424 799 2500 Graeca
822 2420 966 2520 ἄπαρχὴ,
989 2452 1067 2514 quae
1090 2435 1121 2496 in
1144 2434 1278 2514 Copticis
1301 2434 1385 2497 libris
1409 2453 1503 2517 saepe
1540 2436 1688 2512 occurrit,
1719 2434 1927 2514 primitiasque
1955 2435 2042 2515 signi·

678 2535 762 2597 licat:
787 2533 910 2596 Oblatas
934 2531 1104 2613 aliquando.
1140 2532 1257 2595 Vocum
1278 2534 1374 2612 prima
1396 2533 1514 2614 syllaba
1530 2532 1752 2596 decurtstarum
1775 2531 1812 2593 ab
1836 2532 2041 2610 Orientalibus,

679 2632 819 2713 exempla
843 2632 933 2695 multa
956 2638 1037 2709 sunt,
1060 2639 1092 2693 ut
1115 2631 1188 2693 illud
1211 2632 1329 2707 Kolobi,
1352 2631 1434 2714 quod
1456 2639 1539 2694 extat
1569 2633 1599 2693 iu
1627 2631 1723 2696 Scalis
1753 2630 2041 2712 Coptica-Arabicis,

677 2750 735 2813 pro
752 2718 962 2814 Εὖχολόγιον.
1000 2750 1021 2809 χ
1037 2729 1187 2792 Graecum
1198 2729 1317 2793 Arabes
1332 2731 1576 2812 frequentissime
1599 2749 1657 2811 per
1678 2749 1765 2793 suum
1781 2731 1867 2792 setin
1881 2731 2041 2810 exprimere

677 2830 788 2910 solent,
812 2831 852 2892 ita
875 2829 1060 2892 Scbortonic
1082 2829 1195 2904 dicunt,
1217 2847 1274 2911 pro
1298 2823 1489 2912 χειροτονία.
1534 2829 1724 2892 Scborcubin
1745 2846 1801 2909 pro
1831 2828 1997 2908 Cltembio,
2016 2836 2042 2891 et

662 2928 737 2993 'alia
759 2948 821 2993 non
843 2946 950 3010 pauca.
994 2927 1042 2990 Ex
1058 2929 1232 2991 accusativo
1254 2929 1347 3011 igitur
1369 2929 1506 2992 feceruut
1523 2927 1676 2992 Barsebr'n
1698 2929 1769 3009 quia
1791 2928 1914 2990 literam
1936 2930 1973 2990 Π
1990 2946 2041 2991 nou

677 3029 790 3094 habent
810 3028 939 3091 Arabes.

766 3127 826 3193 Sed
848 3127 968 3189 nomina
992 3125 1118 3208 Syriaca
1139 3128 1226 3206 panis
1248 3125 1448 3189 Eucharistici
1471 3128 1554 3189 varia
1577 3134 1661 3189 sunt:
1685 3129 1836 3207 integrum
1859 3128 1980 3206 quidem
1993 3146 2042 3207 pa·

677 3248 747 3292 nem
770 3237 888 3317 Atnulp
910 3225 1075 3289 Kourbono
1097 3233 1218 3303 vocant,
1242 3225 1441 3305 Oblatioocm,
1464 3233 1498 3287 ut
1519 3227 1615 3288 nostri
1637 3225 1734 3288 Latini
1756 3232 1882 3287 veteres
1907 3225 2042 3301 Oblatas,

679 3327 788 3391 Graeci
815 3312 1027 3411 flpoepopoir:
1056 3323 1218 3405 aliquando
1250 3324 1426 3406 simpliciter
1455 3335 1560 3392 mittat
1577 3308 1673 3392 acob
1699 3323 1814 3385 Panem
1835 3324 2043 3387 Sammo-

677 3446 746 3488 rum
773 3426 839 3488 sive
868 3426 1079 3506 mysteriorum
1107 3433 1248 3491 nnuma
1275 3422 1398 3486 Paesto
1427 3436 1532 3514 ttnup
1554 3424 1681 3499 dictato,
1712 3440 1789 3503 quae
1818 3441 1918 3487 voces
1948 3440 2043 3504 panem

679 3542 801 3606 qnoque
822 3522 1003 3607 significant,
1027 3528 1058 3583 et
1079 3524 1176 3602 prima
1198 3521 1315 3585 illarum
1338 3522 1451 3607 legitur
1471 3525 1503 3585 in
1525 3524 1669 3586 versione
1681 3522 1812 3585 Actuum
1836 3520 2042 3603 Apostolorum

678 3640 705 3685 c.
730 3621 760 3684 2.
784 3641 814 3686 v.
837 3621 889 3686 ld.
918 3620 969 3683 ubi
993 3619 1128 3684 Graecus
1159 3620 1267 3685 Codex
1293 3621 1383 3685 babet
1406 3611 1511 3707 ἄρτον.
1540 3628 1571 3685 et
1599 3621 1701 3684 Lucae
1725 3619 1776 3683 12.
1799 3620 1853 3685 ta.
1889 3619 2044 3703 respondet

677 3721 747 3783 voci
770 3714 987 3805 Σιτομέτριον.

765 3819 850 3881 Haec
872 3837 966 3899 porro
989 3819 1110 3881 uomina
1132 3819 1206 3881 Pani
1229 3820 1438 3883 consecrando
1467 3820 1592 3898 dantur,
1621 3826 1781 3901 antequam
1811 3817 1851 3881 ad
1882 3819 1977 3881 altare
1996 3818 2043 3878 in-

679 3916 812 3996 leratur,
849 3935 917 3980 nam
944 3917 995 3979 ubi
1024 3917 1150 3997 primam
1186 3917 1428 3981 benedictionem
1458 3920 1593 3999 accepit,
1623 3918 1712 3980 aliter
1740 3926 1772 3980 et
1805 3917 1928 3997 quidem
1956 3915 2043 3977 ruultb

677 4016 847 4079 nominibus
885 4015 1064 4097 appellatur.
1114 4014 1288 4078 Nestoriani
1319 4017 1500 4098 praesertim
1536 4023 1646 4079 vocant
1674 4027 1777 4085 tlibi:
1801 4017 2044 4097 pemmonem

677 4114 825 4178 allusione
849 4114 928 4176 lacta
951 4114 989 4176 ad
1018 4112 1170 4178 Christum
1192 4115 1424 4199 primogenitum
1446 4116 1543 4180 omnis
1566 4112 1741 4179 creaturae:
1775 4115 1824 4178 alii
1846 4115 1975 4196 Aquom.
2014 4112 2043 4173 ln

676 4212 786 4276 Rituali
815 4212 1009 4291 Colbertino,
1044 4221 1075 4275 et
1102 4213 1199 4276 altero
1228 4213 1387 4278 Boderiani
1410 4223 1539 4279 vocatur
1560 4226 1655 4288 ttttntd
1678 4215 1808 4294 mollium
1830 4232 1888 4276 seu
1910 4203 2045 4295 Σφραγὶς

677 4321 729 4376 aut
751 4325 871 4388 unum
896 4310 978 4392 quod
1000 4310 1079 4373 idem
1101 4321 1158 4374 est.
1204 4312 1264 4376 Sed
1287 4312 1325 4376 de
1355 4315 1476 4397 integra
1499 4313 1607 4377 Oblata
1629 4332 1692 4376 vox
1714 4312 1764 4374 illa
1786 4329 1848 4374 non
1873 4320 1922 4375 est
1942 4305 2044 4371 intelli-

590 4457 591 4461 η
677 4412 788 4494 genda.
834 4412 872 4475 Ut
894 4410 973 4474 enim
996 4407 1122 4489 Graeci,
1156 4411 1197 4473 ita
1220 4412 1307 4493 syri,
1342 4430 1450 4493 panem
1478 4412 1574 4494 qualis
1608 4430 1699 4493 supra
1731 4412 1905 4492 descriptus
1934 4404 2044 4486 est‚in

677 4511 785 4575 multas
809 4518 912 4593 partes
936 4509 1082 4586 dividunt,
1104 4528 1231 4590 quarum
1252 4529 1311 4573 una
1334 4512 1430 4593 major
1452 4520 1516 4591 est,
1539 4519 1570 4573 et
1591 4511 1707 4588 media,
1735 4509 1944 4591 majoremque
1965 4521 2043 4588 quam

677 4610 814 4691 reliquae
842 4617 963 4691 pentec,
999 4626 1119 4671 crucem
1150 4610 1325 4691 impressam
1355 4610 1457 4675 habet.
1503 4608 1576 4672 Cum
1608 4611 1686 4672 enim
1711 4626 1771 4670 una
1805 4616 1923 4672 tnntmn
1953 4602 2044 4667 crucis

677 4708 775 4792 ligura
797 4708 837 4772 sit
859 4709 889 4770 iu
912 4707 1027 4770 Oblatis
1052 4706 1160 4770 Graeci
1181 4707 1268 4789 ritus,
1291 4709 1322 4771 in
1345 4708 1472 4791 Syriaco
1495 4717 1564 4772 sunt
1587 4707 1776 4790 multiplices.
1817 4708 1919 4790 Maj0r
1940 4707 1971 4769 iu
1985 4719 2044 4763 me·

678 4809 728 4871 dic
752 4809 836 4872 disco
860 4807 1044 4885 collocatur,
1073 4814 1103 4868 et
1132 4808 1268 4887 quamvis
1297 4808 1452 4872 divisionis
1479 4810 1512 4870 iu
1539 4807 1703 4888 particulas
1733 4808 1845 4869 mentio
1877 4805 1960 4869 nulla
1992 4801 2044 4875 unt,

567 4984 569 4988 Ι
678 4907 758 4968 illam
782 4916 881 4970 tamen
904 4906 1061 4968 observari
1084 4907 1163 4987 apud
1186 4907 1280 4987 Syros
1307 4908 1430 4970 rubrica
1453 4914 1597 4985 testatur,
1621 4924 1688 4968 cum
1710 4905 1877 4987 praecipit,
1911 4922 1970 4984 qua
1997 4916 2044 4962 ru·

677 5007 759 5068 tione
790 5007 889 5089 sigilla
921 5006 978 5068 alia
1008 5007 1123 5067 minora
1157 5006 1187 5067 in
1218 5005 1303 5069 disco
1336 5013 1565 5089 componantur.
1609 5004 1654 5069 lla
1685 5007 1764 5067 euim
1793 5003 1891 5084 accipi
1921 4997 2044 5065 vexilla
