4525 6034
716 574 792 649 368
1283 570 1514 649 NOTAE

712 759 834 838 qratim
867 759 927 838 epit
951 762 974 831 ᾧ
1001 756 1198 831 benedicit†
1227 758 1429 837 sanctificavit
1456 762 1479 831 ᾧ
1504 757 1615 839 sreqit,
1648 758 1807 838 memque
1834 756 1976 837 apostola
2000 764 2051 823 suis

713 858 844 919 saeuus:
866 858 987 920 dicens:
1009 856 1155 936 Accipite,
1177 858 1357 919 manducate
1378 877 1419 918 ee
1441 876 1493 918 eo:
1515 857 1581 919 Hoc
1603 866 1648 920 est
1661 875 1773 936 corpus
1794 875 1899 932 mermi,
1919 861 1990 938 quad
2004 880 2051 939 pre

713 955 801 1017 cobis
822 965 852 1019 et
868 976 926 1036 pro
948 956 1048 1017 multis
1066 954 1230 1035 fraaqitur,
1254 963 1283 1016 et
1304 957 1404 1032 datur,
1426 956 1469 1016 ad
1489 958 1694 1018 remissionem
1711 963 1913 1035 pessumum,
1933 964 1960 1017 et
1977 960 2052 1019 altem

714 1062 876 1120 deterream.
900 1055 1049 1136 Populus.v
1064 1054 1167 1118 Amen.
1192 1054 1350 1118 Sacerdos.
1399 1054 1501 1117 Etiam
1522 1075 1613 1135 msper
1635 1057 1759 1117 calicem
1784 1055 1913 1134 perfecit
1930 1056 1981 1117 lace
1998 1078 2053 1139 mq-

714 1157 838 1217 sterium
860 1155 1103 1235 dispensationis,
1125 1156 1255 1216 miscens
1267 1155 1349 1215 illum
1363 1156 1434 1215 aino
1456 1163 1486 1216 et
1500 1173 1591 1235 aqam
1614 1163 1644 1217 et
1663 1157 1803 1217 uirtutem
1824 1154 1909 1217 verbi
1927 1157 1971 1216 sai
1987 1158 2053 1217 aiei·

712 1254 833 1331 ficantis
853 1257 885 1316 in
907 1274 942 1316 ec
966 1253 1134 1328 abscondit,
1156 1255 1255 1332 ipsam
1277 1272 1355 1333 quae
1383 1272 1500 1333 semper
1520 1261 1550 1316 et
1566 1262 1713 1349 perpetrm
1735 1252 1955 1333 sanctificat‘et
1973 1258 2053 1335 perli-

714 1354 772 1414 cit:
793 1357 913 1433 qratiam
945 1355 1005 1432 epit
1025 1357 1048 1426 ᾧ
1070 1352 1226 1415 benedicit
1245 1359 1268 1425 t‘
1290 1361 1320 1414 et
1340 1354 1542 1432 sancdlieaait
1562 1360 1585 1426 t‘
1607 1355 1729 1415 diesem
1759 1351 1903 1432 Accipite,
1925 1353 2004 1415 tane
2021 1375 2053 1416 es

714 1469 750 1510 eo
773 1469 893 1512 omnes:
914 1452 972 1514 llic
994 1460 1039 1514 est
1060 1455 1186 1532 sanquis
1207 1471 1290 1513 mens
1311 1451 1391 1514 Noai
1404 1451 1592 1530 Testamenti,
1614 1455 1667 1533 qai
1683 1472 1742 1532 pro
1764 1453 1851 1515 cobis
1873 1460 1902 1513 et
1918 1472 1971 1531 pro
1988 1455 2054 1515 md·

713 1551 752 1609 lis
774 1547 944 1629 effunditur,
967 1559 997 1613 et
1017 1552 1118 1627 datur,
1140 1552 1184 1612 ad
1204 1553 1411 1613 remissiorem
1430 1559 1634 1630 peccalorum,
1657 1560 1687 1613 et
1706 1555 1800 1613 citam
1824 1559 1980 1614 aeternam,
2005 1552 2054 1613 Pa·

712 1646 811 1730 pules,
835 1650 938 1714 Amen.
963 1646 1121 1714 Sacerdos,
1145 1650 1392 1730 Quotiescumque
1421 1649 1579 1728 sacrificio
1608 1651 1666 1712 tac
1691 1652 1795 1712 divino
1824 1649 2056 1729 reficiminiet

710 1767 820 1827 panem
841 1750 920 1811 hunc
946 1750 1185 1824 inanducabilis,
1219 1750 1399 1828 calicemque
1429 1749 1507 1810 hanc
1534 1748 1657 1826 bibetis,
1687 1769 1742 1829 eqo
1771 1751 1803 1812 in
1829 1751 1955 1811 medium
1977 1752 2055 1812 oeshi

712 1850 841 1922 veniam,
863 1868 954 1928 super
975 1850 1112 1911 thronum
1134 1849 1251 1922 sedans,
1277 1866 1443 1928 ponamque
1468 1855 1499 1908 et
1524 1850 1626 1910 omum
1650 1867 1708 1928 per
1736 1849 1877 1910 antonem
1906 1866 2054 1910 ossanna:

712 1953 801 2025 atque
822 1949 853 2008 in
871 1956 987 2028 patena
1008 1956 1039 2011 et
1059 1949 1154 2009 calice
1176 1947 1326 2009 miodo.
1350 1945 1425 2007 &tm
1443 1948 1536 2027 iqitur
1556 1948 1599 2009 ad
1618 1949 1793 2029 mysterium
1813 1949 1897 2009 sshsd
1917 1948 2054 2010 catarat-

712 2046 782 2107 dum
804 2050 996 2122 conaeaietis,
1018 2068 1078 2110 non
1100 2049 1222 2109 recedet
1241 2066 1262 2108 u
1283 2046 1371 2108 vobis
1385 2048 1532 2108 memoria
1553 2049 1661 2108 mertis
1682 2065 1776 2122 meae,
1799 2055 1831 2108 et
1852 2048 1934 2109 mum
1954 2067 2055 2109 marne

711 2144 842 2220 demtis,
872 2149 1122 2209 resurrectionem
1155 2165 1270 2227 qumque
1297 2164 1395 2207 mam
1423 2144 1614 2223 coufitentes,
1642 2146 1737 2207 donec
1766 2148 1897 2209 veniam.
1946 2146 2055 2229 Insignis

711 2262 785 2306 sane
811 2243 910 2321 locus,
944 2246 976 2306 in
997 2264 1058 2326 que
1081 2242 1279 2326 explicando,
1308 2252 1339 2306 et
1368 2243 1405 2307 ad
1433 2245 1664 2307 Protestantium
1691 2248 1873 2308 sententiam
1905 2244 2055 2307 reducenda

711 2361 861 2406 exercere
884 2364 918 2407 se
940 2353 1079 2426 possunt,
1101 2346 1281 2426 quicumque
1304 2343 1430 2407 Claudio
1460 2345 1581 2423 saepius
1611 2344 1649 2406 de
1677 2343 1874 2407 Orientalium
1902 2344 1958 2407 hde
1983 2346 2055 2425 peje-

709 2444 799 2520 ranti,
822 2446 941 2507 nimium
964 2445 1052 2508 facile
1076 2445 1278 2531 crediderunt.
1324 2443 1466 2517 Quamvis
1495 2450 1594 2506 autem
1616 2462 1684 2505 rara
1707 2446 1768 2506 sint
1798 2445 1947 2526 ejusmodi
1973 2462 2056 2523 expc-
2101 2443 2105 2451 '

710 2544 849 2606 silianum
871 2543 940 2607 fidei
962 2546 992 2606 in
1013 2545 1157 2626 Liturgiis
1179 2544 1328 2624 exempla,
1352 2562 1420 2605 eum
1442 2549 1540 2604 minen
1562 2543 1648 2605 istius
1671 2550 1754 2606 certa
1777 2544 1816 2605 sit
1832 2543 2056 2624 apudlacobitas

710 2641 804 2723 Syros
833 2645 988 2723 autoritas,
1019 2644 1104 2725 rejici
1132 2644 1333 2707 testimenium
1360 2641 1439 2704 illius
1468 2657 1529 2703 nan
1557 2650 1672 2723 potest,
1698 2645 1883 2723 praesertim
1910 2662 1974 2706 cum
1999 2643 2057 2706 nihil

709 2745 871 2821 contineat,
894 2744 974 2825 quod
997 2743 1102 2807 iisdem
1124 2743 1227 2807 verbis
1250 2743 1320 2805 alibi
1342 2760 1404 2805 non
1432 2750 1589 2805 occurrat:
1618 2750 1679 2805 tum
1706 2744 1737 2804 in
1764 2743 1928 2824 precibus,
1957 2745 2057 2807 lumin

708 2844 828 2925 scriptis
850 2844 1054 2928 Theologicis.
1092 2844 1192 2906 Verba
1213 2843 1262 2906 illa
1285 2841 1531 2905 commearat·
1551 2843 1600 2903 sui
1620 2842 1807 2921 mirificentia
1830 2847 1865 2905 iu
1887 2864 1923 2906 eo
1944 2843 2056 2904 abacos·

708 2946 763 3021 dit,
786 2943 891 3006 cadem
913 2943 1093 3025 significant,
1116 2961 1152 3006 ae
1173 2944 1231 3006 ista
1253 2960 1331 3024 quae
1353 2943 1384 3004 in
1408 2942 1591 3004 arationibus
1613 2942 1764 3025 leguntur,
1788 2945 1935 3005 uirtutem
1945 2944 2075 3023 Spiritu·

708 3046 809 3105 sancti
828 3043 968 3105 babitare
989 3046 1021 3105 in
1040 3062 1121 3123 pone
1144 3050 1173 3104 et
1183 3043 1373 3105 commisceri
1385 3042 1483 3106 calici.
1511 3043 1621 3105 Dicunt
1643 3045 1731 3105 etiam
1754 3043 1915 3106 tacebitne
1929 3043 2056 3105 Christum

708 3151 779 3223 pest
802 3143 1061 3205 consecrationem
1084 3142 1310 3219 elementorum,
1333 3143 1437 3203 amice
1452 3149 1481 3203 et
1501 3144 1654 3222 quiescere
1675 3144 1707 3204 in
1729 3144 1843 3205 ellari:
1866 3144 1897 3207 id
1921 3147 1993 3207 enim
2011 3142 2057 3203 hec

708 3242 776 3305 loco
799 3243 947 3325 significat
969 3262 1030 3305 vox
1050 3243 1170 3318 lbrani,
1192 3260 1259 3303 nam
1278 3241 1424 3303 Graecam
1446 3242 1635 3304 retinuerunt
1657 3242 1743 3324 huJ'us
1765 3242 1924 3325 Liturgiae
1945 3250 2056 3305 auteres

708 3342 751 3403 lta
775 3350 873 3405 autem
896 3342 964 3424 Syri
986 3344 1016 3404 in
1038 3342 1108 3404 stilo
1130 3341 1347 3404 Ecclesiastico
1377 3347 1504 3419 vocant,
1531 3341 1658 3404 mediam
1688 3341 1789 3405 altaris
1817 3351 1937 3424 partem
1964 3345 1992 3404 in
2011 3358 2057 3421 qua

388 3449 473 3502 sueri
488 3450 696 3519 lttdtupdot.
710 3442 809 3504 discus
838 3441 1063 3505 Eucharislicus
1093 3449 1124 3505 et
1152 3441 1231 3503 calix
1261 3442 1464 3521 collocantur,
1500 3450 1533 3505 ut
1561 3443 1665 3505 videre
1694 3452 1741 3506 est
1769 3443 1800 3503 in
1830 3443 1940 3505 Rituali
1966 3438 2057 3504 Severi

708 3541 899 3619 Antiocheni,
923 3550 954 3604 et
975 3543 1042 3621 pari
1063 3542 1180 3603 ratione
1203 3541 1333 3605 Arabica
1354 3550 1482 3605 vocatur
1502 3554 1580 3611 ³an
1601 3542 1711 3618 llarsi,
1740 3560 1812 3624 pars
1837 3544 1888 3605 illa
1910 3542 2056 3605 sciliectiu

709 3660 767 3722 qua
791 3641 914 3718 Tahlito,
936 3642 1001 3703 sive
1025 3640 1138 3703 Tabula
1161 3650 1337 3704 consecrata
1359 3642 1419 3704 fixa
1434 3650 1491 3705 est.
1525 3641 1611 3715 Quod
1633 3642 1769 3723 sequitur
1788 3662 1905 3722 panem
1926 3650 1956 3704 et
1973 3642 2057 3704 sinan

705 3760 763 3819 per
784 3743 922 3802 unionem
950 3759 1122 3803 assumens:
1155 3740 1193 3803 ad
1219 3742 1343 3803 verbum
1372 3741 1507 3804 redditur
1527 3743 1652 3803 uniens:
1681 3741 1735 3804 sed
1765 3759 1835 3803 cmn
1867 3743 1970 3805 eadem
1995 3756 2057 3799 vnce

708 3839 877 3920 explicetur
899 3857 916 3901 a
939 3839 1034 3920 Syris,
1058 3843 1129 3903 unio
1152 3858 1210 3921 qua
1229 3841 1363 3903 Verbum
1386 3859 1506 3904 carnem
1529 3841 1678 3918 assumsit,
1701 3840 1762 3902 alia
1781 3841 1873 3922 huJus
1896 3841 1955 3903 loci
1975 3834 2057 3921 signi·

708 3938 809 4000 ficatio
839 3958 908 4001 esse
935 3939 1015 4002 nulla
1043 3947 1153 4021 potest.
1206 3940 1458 4022 Frequentissima
1485 3957 1579 4022 porro
1608 3939 1687 4020 apud
1717 3940 1814 4021 Syros
1843 3941 1994 4004 lasabitas
2019 3942 2057 3997 est

708 4039 784 4103 haec
812 4038 977 4120 'theologia
985 4060 994 4115 ;
1026 4058 1134 4120 panem
1162 4049 1194 4103 et
1223 4040 1321 4102 vinum
1348 4041 1413 4104 lieri
1442 4039 1558 4121 Corpus
1587 4047 1618 4102 et
1646 4041 1825 4121 sanguinem
1857 4039 1981 4115 Christi,
2010 4051 2056 4117 pet

708 4139 935 4217 assumtionem,
969 4147 1000 4200 et
1030 4141 1188 4218 unionem,
1227 4142 1305 4202 sicut
1340 4158 1451 4221 corpus
1480 4141 1638 4202 humanum
1672 4158 1712 4202 ex
1740 4159 1834 4203 carne
1871 4149 1903 4203 et
1929 4138 2056 4220 sanguim

707 4241 818 4304 Beatae
841 4242 974 4323 Virginis
996 4240 1163 4318 sarmatum,
1188 4239 1297 4302 lactum
1321 4250 1367 4303 est
1389 4257 1501 4320 corpus
1518 4239 1611 4303 Verbi
1632 4239 1699 4314 Dei,
1722 4249 1891 4304 assumtum
1913 4248 1942 4303 et
1963 4236 2055 4300 animm

707 4341 810 4405 Verbo
832 4341 899 4406 Dei.
943 4341 987 4403 lta
1009 4341 1187 4420 Anonymus
1209 4340 1240 4402 in
1263 4339 1375 4403 Codice
1397 4340 1546 4417 Mediceo,
1569 4347 1600 4402 et
1627 4339 1762 4420 plurimis
1792 4341 1872 4403 locis
1900 4347 1984 4402 autor
2003 4334 2054 4394 llo·

707 4440 851 4503 miliarum
874 4442 913 4505 de
935 4441 1048 4503 circulo
1071 4440 1142 4501 anni
1163 4440 1200 4501 ad
1230 4457 1314 4502 usum
1337 4440 1493 4503 Ecclesiae
1515 4426 1756 4519 Alexandrinae,
1788 4443 1842 4522 qui
1865 4443 1896 4504 in
1918 4440 2005 4521 prima
2024 4432 2054 4494 de

707 4541 874 4623 Evangelio
904 4542 1005 4603 Lucae
1030 4540 1080 4600 ita*
1099 4540 1242 4620 loquitur.
1300 4540 1454 4601 Sacerdos
1483 4540 1617 4618 postulat
1647 4539 1787 4618 illapsam
1812 4540 1949 4620 Spiritus
1972 4530 2055 4597 macti

706 4660 926 4720 superponem
948 4642 1108 4715 stainam,
1135 4646 1169 4701 at
1189 4658 1227 4701 ea
1254 4639 1441 4719 sanctificet:
1472 4647 1501 4701 el
1527 4624 1685 4719 postquam
1713 4638 1752 4700 ub
1780 4642 1851 4719 ipso
1880 4636 2054 4716 sacrificale

705 4750 783 4816 sunt,
806 4749 876 4803 tunc
896 4741 998 4801 unitur
1019 4741 1099 4801 illius
1126 4740 1230 4815 uatus,
1251 4739 1386 4819 [iuraque
1416 4742 1481 4818 ejus
1508 4758 1616 4819 corpus
1643 4747 1673 4800 et
1697 4742 1823 4821 sanquis
1850 4761 1909 4821 per
1934 4739 2052 4801 amionem

705 4844 779 4920 q'as,
801 4860 868 4902 mum
889 4841 957 4900 illis.
1002 4838 1040 4901 Et
1061 4840 1091 4900 in
1114 4857 1150 4901 ea
1173 4846 1319 4919 quaeest
1347 4838 1385 4902 de
1408 4837 1533 4902 Cantica
1557 4839 1720 4901 Zachariae
1743 4839 1780 4902 ad
1803 4860 1842 4903 ea
1866 4840 1974 4902 verba:
1994 4833 2052 4893 dlu-

704 4943 821 5001 minare
843 4958 895 5001 eos
917 4940 969 5019 qui
988 4941 1021 5000 in
1041 4938 1150 5000 ambra
1170 4939 1277 5000 morde
1298 4939 1419 5001 sedent:
1454 4940 1494 5000 ita
1516 4938 1655 5020 loquitur.
1706 4938 1873 5020 Siquificnt
1900 4940 1949 5000 hic
1974 4935 2050 5003 meas

704 5042 784 5122 qaod
803 5041 891 5103 nobis
912 5041 1043 5121 quetidie
1059 5038 1197 5102 Christus
1218 5041 1324 5115 oritur,
1346 5041 1523 5101 incantatus
1537 5036 1669 5122 addisco
1690 5046 1720 5099 et
1740 5040 1772 5101 in
1793 5041 1909 5102 calice:
1931 5044 2010 5114 atqua
2027 5024 2050 5089 id
