4525 6034
691 566 768 642 488
983 565 1344 644 LITURGIA
1398 567 1777 646 oonnhnls

691 753 770 825 fecti
801 754 920 849 procul
946 764 1039 844 sunt,
1066 765 1099 826 et
1125 753 1228 825 reduc
1255 774 1316 825 eos
1343 754 1385 825 ad
1410 752 1596 826 habitacula
1623 775 1740 826 eorum
1766 759 1912 850 inpare
1942 764 1972 825 et
1994 773 2046 824 sa·

691 872 808 941 nium:
835 867 978 943 benedic
1003 874 1115 942 ventis
1144 868 1231 941 coeli
1257 879 1291 940 et
1317 868 1456 964 pluviis,
1482 867 1710 963 fructibusque
1737 880 1849 942 terram
1865 867 1959 961 hujus
1973 868 2046 955 anni,

693 984 873 1058 secundum
899 987 1041 1078 gratiam
1072 995 1177 1057 tuann
1211 995 1348 1080 praesta
1381 985 1538 1078 gaudium
1564 994 1599 1057 et
1631 985 1790 1059 laetitiam
1823 1005 1925 1079 super
1947 982 2048 1054 facien

692 1109 823 1189 terrae,
851 1110 886 1171 et
911 1099 1070 1175 confirma
1097 1098 1195 1174 nobis
1222 1122 1341 1196 pacem
1368 1110 1467 1172 trram

798 1215 972 1290 Converte
999 1238 1059 1288 cor
1085 1216 1218 1308 Regum
1253 1218 1435 1312 potentium
1468 1218 1501 1286 in
1536 1214 1659 1287 bonum
1697 1238 1782 1309 erga
1816 1238 1900 1291 nos:
1922 1213 2052 1288 concede

693 1330 907 1405 Pontificibus
933 1330 1110 1407 Ecclesiae
1137 1341 1292 1421 sanctae,
1319 1342 1353 1403 et
1379 1330 1532 1404 omnibus
1559 1330 1741 1404 secundum
1757 1333 1919 1427 cujusque
1936 1350 2051 1419 nomen,

693 1452 834 1540 gratiam
862 1470 977 1521 coram
1003 1446 1155 1541 Regibus
1189 1448 1396 1544 potentibus:
1436 1449 1671 1543 principesque
1707 1447 1762 1541 qui
1795 1444 1860 1520 illis
1896 1450 2052 1542 imperant,

693 1562 810 1636 faciles
838 1574 871 1635 et
896 1564 1046 1659 placatos
1073 1564 1137 1636 iltis
1165 1562 1269 1634 redde
1295 1562 1449 1634 Domine.

735 1730 739 1737 ,
800 1679 954 1765 Quietem
980 1700 1114 1774 quoque
1129 1688 1265 1775 praesta
1292 1679 1441 1773 patribus
1469 1687 1504 1749 et
1529 1676 1686 1750 fratribus
1713 1680 1835 1752 nostris
1858 1678 1914 1772 qui
1940 1675 2052 1748 dorni-

693 1799 816 1867 tionem
849 1803 1067 1890 acceperunt,
1096 1804 1129 1865 et
1162 1793 1388 1866 decubuerunt
1419 1796 1452 1864 in
1485 1793 1550 1865 fide
1578 1792 1795 1867 Orthodoxa:
1830 1791 1971 1865 benedic
2000 1792 2053 1865 illis
2192 1882 2193 1887 Ἰ

694 1914 750 2006 qui
777 1920 982 2006 occupantur
1008 1913 1099 1982 circa
1132 1909 1223 1997 thus,
1263 1931 1385 2004 panem
1416 1909 1611 1999 oblationis,
1647 1913 1778 1998 1111111111,
1815 1908 1947 1997 oleum,
1979 1908 2054 1998 velo,
2192 1902 2193 1975 i

693 2026 798 2099 libros
826 2030 881 2121 qui
907 2029 941 2097 in
967 2024 1123 2098 Ecclesia
1150 2024 1322 2117 leguntur,
1351 2034 1384 2097 et
1410 2046 1496 2098 vasa
1528 2029 1723 2115 sanctuarii,
1750 2036 1786 2098 ut
1799 2025 1950 2099 Christus
1976 2011 2053 2095 Deus

693 2154 810 2216 noster
836 2141 979 2214 deducat
1004 2163 1065 2215 eos
1092 2143 1126 2213 in
1152 2141 1339 2214 Jerusalem
1366 2140 1568 2229 coelestem,
1595 2151 1630 2213 et
1658 2164 1773 2215 omnes
1807 2145 1862 2237 qui
1896 2141 2054 2214 nobiscum

694 2262 892 2351 congregati
920 2267 1010 2345 sunt,
1039 2266 1074 2328 et
1100 2268 1281 2353 expectant
1307 2255 1569 2329 misericordiam
1593 2254 1716 2329 Christi
1740 2258 1805 2330 Dei
1830 2260 1949 2330 nostri.
1996 2254 2054 2326 lili-

695 2395 813 2449 serere
839 2396 955 2446 eorum
982 2384 1017 2445 et
1043 2376 1187 2445 omnium
1213 2375 1267 2467 qui
1294 2372 1456 2444 dederunt
1482 2370 1580 2443 nobis
1607 2371 1846 2469 eleemosynas
1863 2395 1977 2446 coram
2000 2374 2051 2443 tri-

694 2487 806 2561 bunah
833 2498 889 2561 tuo
916 2488 1080 2577 timendo,
1107 2487 1239 2583 illisque
1264 2487 1430 2580 benignus
1458 2494 1545 2580 esto,
1598 2486 1723 2561 Omnes
1751 2493 1878 2563 animm
1895 2489 2056 2581 angustio-

696 2615 748 2678 tas
766 2613 800 2675 et
813 2603 959 2696 afflictas,
987 2613 1180 2677 carceratos
1195 2626 1330 2699 quoque
1352 2613 1386 2676 et
1412 2607 1583 2699 captivos,
1611 2602 1730 2677 exules
1756 2614 1791 2676 et
1816 2607 1850 2674 in
1878 2606 2056 2676 servitutem

697 2719 879 2809 abductos,
906 2723 999 2792 etin
1026 2724 1148 2792 amaris
1175 2717 1347 2792 laboribus
1374 2719 1545 2807 detentos,
1572 2717 1665 2792 Deus
1692 2730 1807 2794 noster
1833 2741 1895 2815 per
1921 2717 2055 2790 multitu·

696 2836 805 2911 dinem
832 2835 1083 2908 misericordiae
1109 2845 1203 2927 tuae,
1232 2835 1327 2908 salva
1355 2834 1439 2908 illos.

799 2950 957 3024 Pontifex
983 2951 1067 3025 lesu
1089 2950 1227 3025 'Christe
1254 2973 1370 3024 omnes
1398 2954 1452 3046 qui
1478 2960 1724 3048 praeceperunt
1749 2947 1863 3038 nohis,
1895 2960 1931 3021 ut
1957 2969 2057 3021 eorun

695 3071 982 3159 meminissemuS,
1009 3066 1142 3141 Christe
1169 3065 1262 3139 Deus
1288 3078 1406 3141 noster
1431 3079 1601 3141 memento
1622 3067 1754 3140 illorum
1781 3070 1816 3139 in
1848 3087 1957 3157 regno
1985 3087 2057 3136 coo-

696 3183 780 3255 lesti.
833 3185 977 3256 Domine
1018 3182 1150 3256 salvum
1191 3181 1245 3255 fac
1287 3182 1444 3279 populum
1480 3195 1587 3274 tuurn,
1628 3193 1662 3255 et
1701 3182 1843 3256 benedic
1877 3180 2060 3254 haereditati

697 3311 788 3372 tuae:
825 3322 909 3391 rege
942 3320 1003 3371 eos
1030 3309 1064 3371 et
1091 3298 1218 3371 extolle
1243 3298 1319 3372 illos
1346 3322 1452 3394 usque
1482 3302 1515 3370 in
1549 3310 1737 3397 aeternum:
1770 3297 1968 3393 custodique
1999 3296 2059 3368 illos

697 3419 732 3487 in
757 3415 822 3488 fide
841 3414 1039 3488 Orthodoxa
1065 3427 1100 3486 et
1125 3418 1159 3486 in
1185 3416 1308 3508 gloria,
1335 3415 1487 3488 omnibus
1510 3413 1742 3489 diebusvitae
1770 3436 1866 3486 suae:
1893 3411 1950 3484 fac
1977 3416 2061 3483 etian

697 3553 758 3604 eos
789 3531 908 3627 plenos
935 3535 1075 3603 caritate
1103 3554 1148 3603 ex
1175 3542 1244 3604 toto
1272 3530 1528 3622 corraeorum,
1555 3532 1774 3626 omnibusque
1791 3531 1983 3625 superiore:
2012 3528 2061 3598 Per

697 3669 818 3742 preces
846 3657 881 3719 et
908 3646 1164 3742 deprecationes
1192 3672 1275 3743 quas
1302 3647 1404 3720 faciet
1428 3670 1490 3743 pro
1519 3648 1617 3720 nohis
1638 3648 1781 3720 Domina
1800 3647 1946 3717 omnium
1961 3653 2060 3717 sancta

699 3770 733 3833 et
764 3785 847 3857 pura
882 3762 1007 3853 Maria,
1041 3762 1151 3835 Mater
1186 3764 1268 3836 Dei:
1309 3773 1342 3834 et
1374 3786 1437 3859 per
1469 3785 1590 3859 preces
1624 3783 1821 3855 magnorum
1857 3760 2061 3844 luminarium,

629 3974 632 3980 .
697 3877 859 3967 illichael,
887 3877 1044 3967 Gabriel,
1072 3878 1224 3975 Raphael
1251 3891 1285 3950 et
1310 3880 1437 3952 Suriel:
1465 3889 1673 3974 quatuorque
1700 3876 1888 3950 animahum
1913 3879 2061 3970 incorpo-

698 4019 847 4068 reorum:
875 4006 909 4067 et
934 3999 1052 4088 viginti
1080 4006 1222 4090 quatuor
1254 3994 1471 4068 Sacerdoturn
1507 3994 1612 4067 coeli:
1646 3997 1753 4066 sancti
1783 3994 1924 4066 loannis
1955 3990 2061 4086 Bapti-

699 4123 787 4184 stae:
828 4112 962 4185 Patrnm
1001 4120 1191 4185 nostrorum
1235 4110 1516 4198 Patriarcharurn,
1562 4109 1823 4206 Apostolorum,
1866 4108 2062 4202 septuaginta

700 4229 839 4301 duorum
877 4228 1130 4324 discipulorum,
1158 4238 1192 4299 et
1228 4231 1323 4300 trium
1356 4249 1550 4323 puerorum:
1584 4229 1690 4298 s'anoti
1725 4223 1887 4319 Stephani
1920 4221 2062 4319 principis

699 4345 939 4437 Diaconorum,
966 4349 1073 4417 sancti
1100 4342 1257 4436 Georgii,
1285 4348 1390 4417 sancti
1417 4341 1604 4431 Theodori,
1632 4344 1740 4413 saneti
1766 4339 1943 4426 Mercurii,
1971 4337 2063 4410 sancti

698 4458 860 4550 hiennae,
903 4465 1009 4532 sancti
1045 4459 1225 4549 Philotimi,
1267 4464 1373 4533 sancti
1404 4458 1579 4547 Basilidis,
1624 4461 1728 4531 sancti
1761 4457 1870 4529 Patris
1905 4452 2004 4543 Nob,
2039 4459 2064 4522 et

700 4581 843 4649 omnium
871 4586 1070 4671 martyrum:
1097 4577 1231 4647 Domini
1258 4597 1390 4671 qnoque
1417 4586 1451 4647 et
1476 4576 1607 4666 magni,
1635 4575 1807 4668 sanctique
1831 4572 1941 4643 Patris
1970 4567 2063 4640 nosni

700 4691 800 4765 Abba
835 4694 989 4764 Antonii:
1025 4694 1228 4785 Patremque
1260 4702 1450 4765 nostrorum
1484 4701 1675 4764 sanctorum
1708 4692 1805 4760 trium
1840 4685 2063 4769 Macariornn,

700 4810 876 4904 Patrisque
903 4812 1010 4881 nostri
1036 4806 1137 4880 Abba
1163 4805 1298 4895 Bichoi,
1327 4819 1361 4879 et
1385 4806 1486 4880 Abba
1511 4806 1662 4895 loannis,
1689 4802 1790 4880 Abba
1818 4802 1916 4899 Cyri,
1945 4811 1978 4874 et
2004 4804 2063 4873 Pa-

700 4928 760 4996 tris
794 4928 899 4999 nostri
932 4924 1034 4997 Abba
1068 4925 1269 4996 barsomae:
1310 4925 1419 4996 Patris
1461 4926 1567 4995 nostri
1608 4920 1708 4994 Abba
1749 4919 1901 5007 Salama,
1937 4919 2063 4992 loannis

702 5040 813 5111 lfemi:
839 5044 985 5135 justique
1012 5042 1121 5113 Patris
1149 5042 1253 5112 nostri
1279 5038 1379 5112 Abba
1400 5037 1512 5130 Pauli,
1538 5047 1736 5133 patrumque
1758 5048 1947 5110 sanctorum
1963 5033 2063 5105 Grae-
