4525 6034
478 612 656 689 lGllllTll
687 561 1006 689 Pltntlatttlu
1039 611 1335 690 antidotum.
1514 616 1585 690 531

220 821 340 896 prope,
367 804 488 896 quique
513 799 615 891 louge
640 802 784 895 positis
831 810 860 886 t,
887 802 920 871 in
947 802 1035 872 omni
1060 800 1140 873 loco
1169 809 1225 871 aut
1246 802 1398 888 civitate,
1426 809 1459 871 et
1480 824 1590 896 quae·

220 926 297 988 runt
321 939 444 989 nomen
469 927 569 989 tuum.
622 822 935 989 Mementdlorm
962 914 1004 986 ad
1030 915 1137 988 altare
1170 927 1277 1003 mum,
1315 916 1403 1011 quod
1438 919 1591 993 manibus

220 1031 343 1104 iactum
368 1053 436 1104 non
463 1042 531 1120 est,
559 1040 593 1103 et
618 1030 660 1103 ab
688 1030 840 1105 omnibus
868 1029 1113 1121 absconditum3
1147 1031 1270 1124 adjuva
1298 1036 1398 1105 etiam
1423 1057 1485 1130 per
1511 1040 1592 1109 vir-

220 1159 323 1221 tutem
350 1160 439 1221 tuam
466 1168 582 1221 omnes
609 1151 664 1243 qui
691 1159 724 1220 te
750 1152 927 1237 invocant,
961 1150 995 1218 in
1021 1153 1122 1238 mari,
1158 1152 1191 1220 in
1218 1159 1329 1239 terra,
1365 1153 1396 1221 in
1432 1150 1521 1224 bello
1557 1163 1592 1224 et

219 1290 316 1363 pace,
342 1269 377 1338 in
403 1266 548 1356 arcibus,
573 1267 608 1336 in
633 1264 761 1352 insulis,
787 1268 821 1336 in
847 1264 1021 1354 columnis,
1047 1268 1080 1336 iu
1107 1264 1285 1351 montibus,
1312 1268 1346 1336 in
1370 1267 1537 1363 speluncis
1557 1278 1592 1339 et

220 1385 395 1462 cavernis:
420 1384 527 1479 daque
553 1381 617 1453 illis
642 1392 679 1453 ut
703 1381 875 1477 perficiant
906 1391 1059 1453 exactam
1093 1381 1244 1473 regulam
1276 1385 1474 1455 monitorum
1506 1394 1588 1458 tuo-

219 1522 291 1571 rum
307 1499 605 1595 Evangelicorum:
631 1497 817 1588 famelicos,
844 1501 1064 1589 angustiatos
1092 1519 1221 1591 egenos
1240 1509 1273 1570 et
1290 1521 1456 1594 pauperes
1473 1523 1589 1596 pasce,

220 1625 255 1687 et
279 1617 483 1688 necessariis
510 1614 552 1687 ad
578 1618 680 1686 vitam
706 1615 808 1688 rebus
825 1618 966 1687 instrue:
994 1612 1152 1702 advenas,
1180 1613 1401 1706 alienigenas,
1428 1620 1589 1707 viatores,

220 1740 288 1803 tum
315 1740 405 1803 terra
433 1752 530 1824 quam
557 1735 652 1821 mari,
679 1730 781 1803 reduc
807 1734 840 1803 in
866 1732 1011 1825 propria.
1063 1728 1196 1818 Nudos,
1224 1734 1370 1823 ejectos,
1399 1731 1590 1806 discalcea-

219 1857 286 1938 tos,
313 1856 369 1918 aut
395 1845 484 1918 nudo
511 1850 620 1943 capite
644 1851 733 1921 vesti
761 1856 796 1918 et
821 1850 925 1940 operi.
977 1846 1127 1938 Aegros,
1155 1845 1327 1918 doloribus
1355 1858 1511 1936 vexatos,
1529 1853 1587 1920 in-

217 1963 333 2037 firmos
361 1972 394 2034 et
420 1984 481 2034 eos
508 1967 564 2058 qni
589 1963 823 2036 tentationibus
850 1959 1089 2050 conflictantur,
1115 1961 1221 2035 libera
1249 1972 1281 2035 et
1308 1983 1400 2035 sana.
1436 1961 1507 2040 Eos
1535 1970 1591 2060 qui

218 2081 486 2175 persecutionem
512 2082 688 2175 patiuntur,
716 2081 771 2174 qui
797 2083 831 2150 in
857 2077 1049 2151 carceribus
1076 2089 1132 2151 aut
1158 2078 1312 2169 vinculis,
1340 2088 1397 2152 aut
1418 2085 1590 2155 tormentis

219 2204 314 2284 sunt,
342 2195 439 2268 salva
465 2204 500 2266 et
524 2195 649 2285 libera,
682 2193 845 2289 nobisque
872 2193 1024 2268 omnibus
1051 2196 1162 2268 servis
1189 2197 1254 2267 tuis
1281 2195 1462 2269 secundum
1486 2219 1589 2272 veras

219 2314 462 2406 promissiones
488 2319 575 2400 tuas,
601 2313 788 2407 iniquitates
813 2323 947 2384 nostras
975 2310 1099 2383 dimitte
1126 2320 1161 2383 et
1183 2311 1354 2384 condona:
1382 2317 1460 2408 qnia
1480 2317 1590 2386 omnia

218 2431 252 2498 in
279 2427 430 2500 manibus
457 2430 520 2498 tuis
547 2438 643 2517 sunt,
675 2436 710 2499 et
735 2424 887 2501 omnibus
912 2431 1069 2498 virtutem
1094 2425 1255 2522 praebes,
1288 2428 1414 2523 tibique
1447 2429 1591 2522 gloriam

220 2551 254 2615 et
279 2542 410 2616 laudern
431 2542 617 2632 referimus,
644 2547 880 2639 unigenitoque
894 2543 980 2616 Filio
997 2551 1065 2630 tuo,
1093 2552 1126 2614 et
1143 2541 1280 2639 Spiritui
1295 2553 1351 2615 tuo
1369 2548 1589 2621 sanctissimo.
1716 2533 1726 2626 ’,

321 2658 497 2731 Sacerdos
521 2660 715 2731 inclinatus.
755 2661 905 2753 Dignare
933 2661 1076 2732 Domine
1097 2661 1288 2733 meminisse
1309 2661 1440 2754 Regum
1464 2657 1589 2733 ⁴iide-

220 2774 298 2847 lium
333 2786 367 2847 et
400 2774 690 2864 Orthodoxorum,
722 2776 993 2873 Reginarumque
1029 2774 1306 2863 Christianarum,
1339 2779 1523 2874 principum
1557 2789 1591 2850 et

220 2894 374 2980 omnium,
402 2894 457 2986 qai
483 2902 650 2987 potestate
676 2897 772 2985 regia
798 2893 940 2988 aliquam
968 2896 1178 2964 autoritatem
1205 2890 1366 2982 obtinent,
1394 2897 1448 2990 qui
1475 2917 1589 2967 curam

218 3009 341 3082 babent
365 3008 542 3081 Ecclesiae
567 3020 656 3098 tuae,
683 3017 718 3080 et
742 3032 873 3082 manum
900 3007 1062 3105 praebent
1088 3030 1236 3103 pascuae
1263 3019 1360 3099 tuae,
1387 3018 1486 3104 atque
1511 3007 1590 3106 'ole-⁸

218 3136 347 3196 menter
378 3133 412 3196 et
440 3127 530 3216 juste
561 3125 709 3216 judicant
735 3147 876 3218 gregem
902 3136 1007 3197 tuum:
1035 3128 1090 3219 qui
1117 3122 1222 3197 oculis
1248 3125 1345 3198 laetis
1373 3136 1408 3197 et
1432 3122 1588 3219 benignis

219 3243 423 3337 prospiciunt
448 3241 572 3337 populo
600 3251 666 3313 tuo.
718 3239 771 3313 Da
798 3239 862 3312 illis
888 3243 1061 3314 victoriam
1088 3251 1123 3312 et
1149 3240 1345 3336 triumphum
1372 3240 1415 3313 de
1440 3240 1505 3316 illis
1533 3245 1590 3338 qui

219 3379 280 3430 eos
307 3358 465 3445 oderunt,
492 3355 705 3453 apprehende
732 3380 823 3430 arma
850 3368 884 3429 et
912 3367 1058 3448 scutum,
1090 3368 1125 3429 et
1158 3379 1290 3450 exurge
1321 3360 1355 3428 in
1389 3356 1588 3450 adjutorium

219 3497 350 3548 eorum:
377 3472 521 3546 extende
547 3473 691 3566 gladium
718 3484 752 3545 et
777 3473 909 3566 fulgura
936 3474 1099 3547 adversus
1126 3475 1277 3545 inimicos
1294 3495 1425 3546 eorum:
1452 3478 1589 3548 immitte

218 3613 348 3692 pacem¹
364 3588 520 3664 cordibus
548 3612 675 3680 eorum,
701 3601 738 3662 ut
763 3612 838 3662 cum
863 3593 982 3663 timore
1009 3601 1043 3663 et
1067 3593 1211 3688 puritate
1236 3587 1426 3680 gubemeut
1448 3612 1589 3684 gregem

218 3717 318 3778 tuum.

322 3822 483 3916 Populea.
537 3822 642 3918 llyrie
671 3820 810 3894 eleison.

322 3939 498 4010 Sacerdos
537 3939 674 4010 elevans
715 3957 841 4009 vocem.
904 3937 989 4023 Quia
1029 3959 1168 4030 regnum
1210 3950 1317 4029 tuum,
1358 3962 1499 4033 regnum
1536 3950 1589 4011 est

222 4048 366 4129 omnium
394 4054 623 4145 saeculorum,
655 4063 688 4126 et
719 4062 870 4149 potestas
902 4053 1077 4127 divinitatis
1111 4064 1188 4127 tuae
1219 4060 1251 4127 in
1284 4060 1522 4149 generationes
1554 4064 1589 4127 et

221 4174 470 4265 generationes.
522 4172 557 4244 A
590 4181 623 4242 te
653 4192 769 4245 ornnes
795 4169 911 4262 Reges
943 4173 1169 4259 instituuntur,
1206 4180 1240 4243 et
1273 4195 1389 4247 omnes
1421 4173 1588 4268 principes

218 4287 407 4384 spirituales
434 4297 468 4360 et
501 4286 678 4360 sensibiles
709 4296 743 4359 ta
770 4286 917 4359 adorant.
966 4285 1148 4382 Propterea
1175 4290 1315 4382 petimus
1344 4313 1363 4360 a
1389 4300 1424 4361 te
1442 4287 1587 4361 Domine

216 4402 376 4477 Salvator
402 4413 436 4474 et
459 4401 620 4476 liberator
646 4426 666 4473 a
692 4403 823 4498 populis
848 4400 986 4490 invidis,
1013 4410 1048 4474 et
1067 4426 1092 4473 -a
1120 4401 1262 4477 dominis
1289 4409 1420 4493 saevis,
1448 4402 1489 4474 ab
1516 4404 1585 4473 im-

217 4520 349 4593 mitibus
375 4517 575 4615 raptoribus,
604 4542 624 4591 a
651 4516 801 4591 manibus
827 4516 994 4607 violentis,
1021 4528 1056 4590 et
1082 4540 1102 4589 a
1128 4516 1268 4615 pedibus
1296 4521 1423 4609 alienis,
1450 4529 1486 4591 ut
1507 4517 1585 4590 Re-

216 4635 315 4729 gibus
349 4637 525 4708 reritatem
558 4645 647 4707 tuam
678 4634 910 4720 retinentibus,
946 4634 1006 4706 des
1037 4638 1212 4708 victoriam
1247 4648 1281 4710 et
1312 4636 1507 4733 triumphum
1544 4633 1586 4706 de

216 4755 356 4824 inimicis
393 4774 507 4824 eorum
544 4753 684 4823 secretis
716 4760 750 4822 et
782 4750 982 4841 manifestis3
1018 4762 1156 4824 contere
1190 4751 1265 4825 illos
1296 4756 1330 4824 in
1364 4756 1414 4827 ira
1448 4763 1520 4839 tua,
1552 4760 1587 4822 et

212 4872 318 4940 etiam
350 4890 411 4942 eos
447 4890 468 4939 a
502 4866 618 4963 quibus
654 4867 811 4940 auxilium
845 4869 1010 4963 accipiunt
1035 4867 1199 4940 adversus
1226 4868 1381 4964 poptdum
1408 4879 1516 4954 tuum,
1548 4874 1585 4937 ut

216 4984 305 5056 illurn
333 4982 495 5077 affligant:
521 4982 676 5079 paulatim
705 4983 822 5057 obtare
847 4982 923 5058 illos
949 4987 982 5055 iu
1008 4983 1122 5055 lurore
1150 4993 1216 5055 tuo.
1244 4981 1315 5055 Eos
1342 4989 1440 5057 etiam
1468 4985 1584 5079 quiin

217 5100 320 5174 corde
346 5110 380 5173 et
405 5098 509 5173 corde
534 5098 721 5196 loquuntur,
746 5100 851 5198 perde
876 5123 938 5198 per
963 5102 1220 5196 increpationem
1243 5109 1344 5187 tuam,
1371 5111 1406 5173 et
1424 5100 1465 5173 da
1486 5099 1584 5174 nobis

256 5239 382 5289 roamu,
1330 5218 1379 5294 70
