4525 6034
550 601 591 676 IN
607 597 815 675 tironensi
833 596 1027 675 cernenti
1046 599 1077 676 S.
1102 598 1285 676 amnone.
1527 601 1606 675 287

227 798 354 845 serrare
376 783 501 846 sufficiat
523 802 565 845 ex
586 781 847 863 imperfectissima
870 779 1068 845 Grammatica
1090 802 1172 869 neq>
1194 801 1272 864 quae
1295 790 1367 846 nota
1397 781 1428 846 3.
1451 801 1605 865 personae

226 880 317 943 futuri
339 882 391 944 vel
413 882 605 964 subjunctivi,
629 898 667 943 eo
689 880 759 944 loco
781 882 930 961 usurpari,
954 899 1015 945 non
1033 883 1149 963 primae
1170 883 1296 964 pluralis
1317 901 1470 965 personae
1492 892 1605 951 notam.

226 978 314 1042 adde
337 980 539 1043 testimoninm
561 979 671 1042 Graeci
694 978 827 1057 Codicis,
851 988 882 1043 et
904 979 1062 1062 adjunctae
1084 983 1236 1044 versionis
1258 980 1421 1061 Arabicae,
1444 1000 1523 1063 qnae
1545 981 1606 1045 iai-

227 1095 289 1140 sam
322 1077 403 1141 illam
433 1086 464 1142 et
493 1077 654 1141 absurdam
686 1077 823 1141 Salmasii
857 1079 1137 1161 interpretationem
1166 1079 1340 1156 destruunt,
1378 1099 1447 1143 cum
1474 1080 1606 1144 babeant

227 1165 351 1261 ἁγιάσῃ
372 1174 428 1240 καὶ
450 1167 669 1260 μεταποιήσῃ.
699 1175 818 1256 Corpus
839 1187 870 1239 et
890 1180 1016 1257 smrpois
1037 1177 1236 1257 liberationis,
1260 1188 1315 1241 ool
1335 1180 1446 1242 ιιιιιιιή
1467 1188 1604 1259 norbae,

227 1275 367 1337 cientur
388 1294 502 1357 corpus
530 1283 561 1339 et
587 1275 713 1358 sanguis
737 1275 865 1354 Christi,
889 1277 959 1356 quia
992 1293 1049 1356 per
1071 1275 1252 1338 sacrificinm
1274 1279 1432 1358 corporis,
1461 1286 1492 1340 et
1523 1277 1605 1340 ellu-

226 1374 343 1435 sionem
365 1375 522 1457 saugninis
543 1376 574 1436 in
596 1374 752 1455 passione,
775 1382 836 1436 tum
859 1374 1120 1455 participationem
1143 1375 1210 1456 ejus
1232 1374 1263 1437 in
1283 1375 1497 1454 sacramentis,
1520 1378 1604 1440 salus

227 1480 258 1536 et
280 1472 420 1535 liberatio
443 1474 530 1536 nobis
553 1490 570 1534 a
593 1473 729 1554 peccatis
751 1475 898 1553 praestita
920 1480 985 1549 est,
1015 1480 1046 1535 et
1069 1490 1165 1553 porro
1188 1481 1370 1553 praestatur.
1412 1474 1458 1536 lio
1482 1477 1511 1538 in
1534 1475 1603 1536 loco

228 1569 359 1634 Codices
381 1571 520 1652 plerique
548 1571 659 1634 babent
686 1588 824 1635 πενσωτ.
858 1588 937 1633 voce
966 1570 1160 1650 abbreviata,
1189 1579 1222 1634 ut
1252 1572 1323 1634 alibi
1354 1572 1493 1653 saepius,
1522 1570 1605 1633 unde

227 1657 338 1753 σωτήρ
360 1670 409 1732 vel
432 1665 578 1756 σωτηρία
600 1670 662 1752 legi
684 1677 794 1751 potest.
839 1670 901 1735 Sed
923 1670 1147 1753 ambiguitatem
1173 1669 1353 1733 determinat
1376 1670 1483 1733 Codex
1504 1669 1605 1732 Grae·

228 1786 293 1845 cus,
317 1768 368 1830 ubi
391 1768 521 1832 babetur
542 1768 604 1852 τῆς
633 1758 795 1854 ἡμετέρας
816 1756 1095 1853 ἀπολυτρώσεως,
1124 1776 1157 1831 nt
1179 1771 1283 1832 versio
1306 1770 1372 1851 eius
1395 1768 1544 1847 Arabica,
1573 1775 1605 1831 et

136 1905 139 1908 -
228 1865 303 1929 aliae
327 1884 406 1948 quae
430 1866 565 1948 Coptieis
588 1867 811 1948 exemplaribus
834 1866 1049 1950 adjunguntur.

280 2126 328 2197 El
341 2126 431 2197 banc
446 2127 579 2221 qnidern
593 2150 727 2220 ponera,
750 2130 868 2220 [acina
885 2150 1010 2220 corpas
1035 2134 1124 2198 laam
1139 2133 1293 2200 ranclano
1309 2127 1466 2215 Domine,
1487 2133 1551 2199 elc.
1594 2117 1597 2124 ’

329 2332 488 2411 Occursu
512 2346 560 2409 bic
582 2348 719 2410 lectionis
742 2348 884 2410 varietas.
931 2345 1038 2409 Codes
1060 2354 1168 2410 nomer
1189 2365 1278 2428 quem
1296 2347 1526 2428 interpretando
1548 2366 1604 2411 se-

229 2450 289 2510 cuti
304 2465 419 2525 sumus,
442 2450 482 2510 ita
503 2444 538 2511 ut
559 2452 776 2531 expressimus,
799 2449 890 2513 babet
912 2467 1052 2533 ητεκαιφ
1074 2450 1207 2511 Feciom
1230 2449 1339 2512 Versio
1362 2448 1493 2512 Arabica
1516 2451 1604 2513 simi-

228 2545 312 2608 liter:
336 2548 377 2608 ita
400 2555 516 2625 tamen,
538 2555 572 2609 ut
593 2548 631 2610 ad
662 2548 805 2629 Spiritum
826 2556 963 2611 sanctum
986 2547 1095 2610 reterri
1124 2549 1237 2629 possit3
1265 2547 1307 2610 Ει
1329 2548 1449 2627 [nciam
1479 2550 1549 2629 quia
1572 2557 1605 2612 ut

229 2645 340 2708 dietum
362 2652 410 2707 est
432 2644 583 2709 foeminini
595 2646 729 2720 Arabici,
752 2647 781 2708 in
805 2663 866 2728 quo
887 2665 1004 2729 genere
1027 2655 1074 2708 est
1096 2664 1159 2709 vox
1181 2658 1240 2714 ΓιιἸ
1264 2647 1344 2728 apud
1361 2647 1492 2726 Arabes,
1514 2648 1605 2711 tertia

228 2760 371 2823 persona,
395 2744 531 2807 eamdem
554 2763 643 2826 quam
665 2744 799 2809 secunda
824 2747 982 2826 utriusque
1009 2745 1134 2828 generis
1156 2745 1429 2808 characteristicum
1458 2745 1603 2826 praefert.

227 2841 341 2904 Verum
363 2842 471 2905 melior
492 2845 612 2907 omnino
634 2844 725 2908 lectio
753 2852 801 2907 cst
822 2846 987 2908 secuudum
1011 2844 1160 2906 Graecum
1182 2843 1340 2924 exemplar
1368 2839 1438 2907 Kal
1459 2832 1606 2930 ποιήσει,

226 2940 277 3003 rel
309 2942 412 3020 potius
445 2931 578 3027 ποιήσῃ,
601 2951 631 3004 et
664 2942 783 3021 semol,
816 2951 850 3005 ut
882 2941 921 3005 ad
955 2941 1098 3024 Spiritum
1137 2948 1274 3004 sanctum
1314 2940 1481 3022 releratur,
1518 2945 1605 3026 cujus

227 3038 399 3119 postulatur
421 3040 578 3105 adventus.
623 3040 667 3103 lta
691 3059 813 3122 quoque
836 3041 949 3125 legitur
971 3042 999 3102 in
1024 3040 1088 3102 aliis
1112 3039 1276 3103 codicibus
1299 3040 1450 3122 Copticis‚
1473 3043 1525 3122 qui
1547 3061 1605 3106 an-

225 3139 362 3219 tiquitate
390 3148 554 3219 praestant.
603 3159 729 3203 παιωικ
749 3159 810 3217 μιν
835 3159 970 3224 meanto
999 3155 1117 3222 ησωμα
1143 3140 1276 3219 adocei]
1304 3159 1401 3222 rnna:
1439 3148 1530 3221 atque
1565 3143 1606 3206 ita

227 3238 390 3299 versiones
419 3237 579 3301 Arabicae.
630 3239 786 3301 Sententia
816 3246 915 3302 nmen
944 3236 1107 3318 utrobique
1138 3237 1243 3300 eadem
1280 3245 1343 3316 est,
1372 3239 1437 3300 sive
1468 3236 1606 3304 Christus

226 3335 336 3412 iaciat,
367 3334 434 3398 sive
463 3336 591 3417 Spiritus
621 3345 743 3399 sanctus
774 3336 811 3399 ab
841 3355 879 3400 eo
910 3337 1029 3398 missus.
1076 3336 1187 3398 Versio
1209 3335 1392 3399 blarouitae:
1419 3336 1461 3398 lit
1480 3338 1531 3399 bic
1549 3340 1608 3417 fiat

222 3436 318 3513 pona‘s
341 3453 451 3514 eoapm
478 3443 706 3498 sacrosanctam
739 3443 822 3498 marn
848 3436 996 3510 Donnne,
1026 3452 1126 3515 neque
1157 3433 1303 3514 Coptico,
1333 3452 1434 3516 neque
1461 3434 1605 3513 Arabico,

227 3539 277 3594 aut
300 3533 421 3594 Graeco
444 3535 540 3596 textui
562 3533 738 3615 respondet.
783 3534 850 3597 lam
872 3552 949 3596 vero
974 3533 1110 3596 Salmasii
1134 3532 1364 3595 admiratoribus
1387 3533 1549 3612 incumbit,
1572 3545 1605 3599 ut

226 3633 400 3712 speciosam
422 3632 549 3713 aliquam
572 3633 719 3695 rationem
741 3633 862 3711 silentii,
886 3632 967 3714 quod
990 3633 1072 3695 circa
1093 3632 1172 3694 lmus
1183 3641 1301 3713 partem
1323 3632 1469 3694 orationis
1492 3634 1605 3697 obser-

225 3733 320 3810 varit,
345 3730 434 3793 uobis
455 3730 593 3810 reddant,
617 3750 684 3793 eum
707 3738 807 3793 tamen
829 3732 1024 3813 praecedenti
1046 3732 1224 3794 necessario
1246 3731 1408 3812 conjuncta
1430 3732 1485 3807 sit,
1513 3737 1604 3811 atque

228 3829 305 3893 adeo
330 3848 390 3892 nna
414 3849 454 3893 ex
476 3829 571 3892 altera
595 3831 743 3912 explicari
766 3829 886 3894 debeat.
930 3830 977 3892 Ex
1007 3831 1072 3911 ejus
1095 3830 1365 3909 interpretatione,
1397 3848 1487 3910 quam
1509 3830 1605 3909 priori

229 3928 381 4006 attribuit,
406 3930 446 3992 ita
470 3928 646 3991 vertendum
669 3929 737 3992 erit.
783 3928 823 3990 Et
844 3930 924 3991 bacae
945 3930 1064 4009 quiden
1082 3947 1194 4008 ponem
1210 3928 1376 4007 [commun
1399 3937 1605 4008 coapostatam

227 4034 368 4096 sensnm
397 4027 544 4089 llonnne:
573 4028 655 4107 quod
684 4026 789 4091 Codici
820 4027 954 4105 Gracco,
982 4026 1111 4107 Coptico
1139 4034 1170 4089 et
1199 4026 1333 4089 Arabico
1363 4035 1515 4109 repugnat
1542 4046 1604 4090 non

228 4128 343 4203 minus,
368 4144 456 4207 quam
480 4125 617 4188 omnibus
640 4127 854 4208 quuscumqne
881 4127 1004 4208 linguae
1033 4125 1196 4206 Liturgiis‚
1222 4132 1458 4205 sanctorumque
1487 4126 1605 4188 Petrum

229 4224 434 4307 Tbeologiae,
465 4224 593 4287 maxime
624 4242 698 4287 vero
727 4225 923 4289 Orientalium
954 4225 1153 4305 Scriptorum.
1198 4223 1242 4286 llli
1271 4225 1349 4286 enim
1373 4221 1466 4305 vulgo
1489 4221 1604 4301 dicunt,

227 4323 371 4403 Spiritum
394 4330 529 4385 sanctum
551 4323 633 4385 illabi
655 4342 748 4404 snper
770 4323 848 4386 dona
877 4324 1051 4406 proposita,
1084 4323 1164 4385 sicut
1194 4325 1224 4384 in
1246 4323 1280 4385 B.
1302 4321 1427 4383 Mariam
1450 4320 1606 4404 Virginem

228 4421 355 4502 illapsus
378 4429 436 4498 est,
459 4430 491 4484 et
513 4422 544 4483 in
566 4422 652 4484 altari
675 4422 806 4485 formare
831 4438 944 4501 corpus
960 4421 1082 4500 Christi,
1105 4423 1185 4484 sicut
1207 4421 1280 4484 illud
1302 4422 1332 4482 in
1354 4427 1443 4482 utero
1459 4419 1605 4501 Virginis,

228 4538 269 4582 ex
291 4520 428 4602 ejusdem
451 4537 545 4583 carne
568 4529 599 4584 et
627 4522 776 4604 sanguiue
804 4519 954 4584 formavit.
998 4520 1042 4582 lta
1066 4521 1201 4584 Severus
1228 4518 1516 4596 Ascbmoninensis,
1539 4518 1607 4581 llo-

228 4615 328 4680 miliae
360 4617 656 4695 decreuerunt,
685 4618 850 4697 barsalibi,
884 4614 1115 4703 Abuliaragius,
1147 4628 1179 4682 et
1207 4619 1258 4682 alii
1285 4635 1412 4698 qnorum
1434 4617 1607 4680 testimonia

230 4716 300 4779 alibi
328 4718 427 4780 relata
454 4726 533 4780 sunt.
578 4719 748 4802 Sacerdos,
771 4718 974 4782 ministerialis
997 4736 1088 4781 causa
1117 4726 1179 4781 est:
1214 4717 1345 4799 Spiritus
1367 4722 1491 4779 sanctus
1514 4733 1607 4780 causa

228 4816 421 4896 principalis:
452 4819 479 4879 si
507 4818 575 4898 quis
601 4817 679 4880 uina
706 4817 936 4898 philosophatus
967 4824 1033 4895 est,
1061 4826 1094 4880 ιιι
1125 4818 1360 4898 Diamperenses
1390 4831 1554 4892 censores,
1577 4823 1608 4878 et

230 4913 444 4978 emendatores
466 4917 580 4997 aliquot
602 4916 753 5000 ignobiles
775 4917 988 4999 Liturpiarum
1010 4917 1129 4979 minima
1153 4924 1202 4980 est
1223 4914 1282 4979 boc
1304 4915 1335 4976 in
1355 4931 1472 4995 genere
1488 4912 1609 4975 illorum

231 5014 389 5078 autoritas.
