4525 6034
517 605 734 684 hosts
795 607 1289 688 ebt-durnah.
1465 614 1592 704 ,393

217 789 398 881 redemisti,
425 799 459 863 et
484 813 574 884 grex
599 803 674 865 tuus
701 791 930 886 orthodoxus,
962 817 1061 889 quem
1087 799 1295 893 acquisivisti
1321 809 1355 871 te
1382 798 1592 894 depreeatur,

216 915 250 977 et
274 929 337 1002 per
363 916 396 978 te
421 915 531 979 tecum
558 907 691 980 Patrem
719 919 807 981 tuum
835 909 960 982 dicens.
1058 976 1061 982 ,

318 1005 481 1115 Populus.
534 1024 707 1097 Miserere.

319 1137 504 1210 Sacerdos.
558 1138 629 1212 Nos
657 1160 797 1235 quoque.

317 1253 506 1325 Diaconos.
562 1258 668 1341 Quam
696 1255 840 1327 timenda
867 1268 920 1330 est
945 1255 1030 1330 haec
1055 1256 1149 1330 hora.

454 1563 632 1636 Sacerdos
657 1564 743 1636 dicit
768 1564 1024 1636 invocationem
1049 1564 1202 1659 Spiritus
1226 1568 1349 1635 eoacti.

318 1752 486 1847 Propitius
523 1762 597 1825 esto
628 1751 726 1827 nobis
758 1753 903 1826 Domine
936 1753 1029 1826 Deus
1063 1763 1199 1825 creator
1237 1763 1369 1841 noster,
1409 1751 1590 1825 secundum
1693 1807 1697 1812 2

85 1894 93 1898 ·
215 1869 471 1963 promissionem
498 1889 616 1938 veram
642 1870 802 1960 unigeniti
826 1868 901 1941 Filii
929 1871 984 1956 tui,
1013 1877 1047 1939 et
1072 1871 1165 1941 mitte
1197 1866 1354 1962 Spiritum
1385 1878 1475 1940 tuum
1503 1890 1589 1941 san-

214 1994 302 2055 ctum
330 2004 431 2077 super
458 1979 644 2055 oblationes
670 1993 821 2057 nostras:
848 1982 939 2055 illum
966 1987 1020 2078 qui
1042 1982 1101 2055 tibi
1127 1981 1277 2078 aequalis
1292 1993 1345 2056 est
1370 1993 1438 2056 tam
1464 2005 1589 2056 essen-

214 2101 272 2187 tia,
300 2121 398 2191 quam
424 2095 543 2170 throno
571 2108 606 2170 et
631 2098 756 2189 gloria,
783 2109 893 2171 tecum
919 2109 953 2170 et
988 2122 1062 2171 cum
1089 2101 1260 2191 unigenito
1295 2096 1382 2172 Filio
1415 2106 1489 2170 tuo:
1516 2101 1590 2192 ipse

212 2216 346 2301 veniat,
373 2222 407 2283 et
440 2210 594 2284 illabatur
627 2235 728 2308 super
763 2218 925 2308 mysteria
961 2213 1058 2306 baec,
1094 2213 1217 2308 illaque
1251 2214 1436 2288 sanctificet
1467 2210 1588 2308 illapsu

212 2350 283 2402 suo.

276 2469 280 2472 ⁴
316 2442 478 2535 Populus.
532 2442 665 2515 Exaudi
692 2467 758 2533 me,
785 2455 848 2515 etc.

316 2558 493 2630 Sacerdos
519 2559 656 2630 eleoone
681 2582 807 2631 vocem.
861 2561 959 2656 Ipse,
986 2563 1134 2655 inquam,
1168 2561 1242 2654 ipse
1274 2555 1416 2653 Spiritus
1449 2568 1586 2632 sanctus

212 2674 330 2768 illapsu
356 2695 431 2756 suo,
458 2674 608 2770 perficiat
633 2698 764 2770 panem
779 2674 878 2766 hunc,
905 2697 1027 2770 eorpus
1056 2679 1170 2747 mrum
1197 2682 1231 2746 et
1256 2674 1433 2746 vivificans
1460 2679 1587 2747 animas

212 2799 366 2862 nostras:
394 2811 517 2884 corpus
544 2801 694 2863 sanctum
722 2798 756 2861 et
782 2789 957 2863 vivificans
985 2811 1127 2887 corpora
1153 2798 1280 2862 nostra:
1314 2811 1438 2885 corpus
1465 2812 1584 2862 verum

214 2903 336 2977 Christi
362 2903 427 2975 Dei
453 2909 560 2978 nostri
587 2906 630 2978 ad
656 2908 883 3002 expiationem
910 2905 1117 2996 delictorum,
1145 2915 1179 2978 et
1205 2908 1435 2979 remissionem
1456 2928 1587 3003 peeca-

211 3029 330 3106 torum,
356 3021 611 3116 suscipientibus
638 3019 726 3091 illud.

315 3135 477 3228 Populos.
531 3136 651 3208 Amen.

314 3249 499 3326 Sacerdos.
540 3251 584 3322 Et
610 3254 740 3323 mistum
768 3250 856 3346 quod
883 3254 989 3325 estin
1010 3251 1074 3325 hoe
1103 3251 1219 3340 eahae,
1246 3251 1367 3324 efficiat
1392 3253 1587 3344 sanguinem

211 3377 362 3438 sanctum
389 3378 423 3439 et
449 3365 708 3439 sanctificantem
735 3370 862 3440 animas
889 3378 1040 3439 nostras:
1075 3370 1272 3458 sanguinem
1308 3391 1426 3462 purum
1458 3376 1491 3439 et
1517 3389 1587 3463 pu-

211 3480 394 3554 rificantem
421 3505 566 3579 corpora
592 3494 720 3555 nestra:
748 3486 945 3575 sanguinem
979 3482 1178 3556 dominicum
1210 3480 1331 3556 Christi
1363 3484 1428 3555 Dei
1460 3485 1586 3570 nostri3

152 3632 157 3642 ·
212 3595 254 3667 ad
281 3599 508 3693 expiationem
535 3596 741 3689 delictorum,
769 3608 803 3670 et
828 3600 1060 3672 remissionem
1091 3607 1319 3695 peccatorum,
1347 3595 1587 3692 accipientibus

212 3712 311 3783 illum.

300 3820 479 3921 'Populus
532 3832 651 3903 Amen.

314 3943 500 4016 Sacerdos.
554 3943 598 4015 Et
638 3943 702 4017 illis
743 3944 1028 4017 sacramentaliter
1077 3945 1359 4016 communicantes
1403 3931 1478 4014 cum
1521 3942 1587 4014 tide
1634 4024 1636 4027 Α

209 4082 307 4146 vera,
333 4059 562 4148 custodium,
592 4070 626 4131 et
652 4060 694 4133 ab
723 4063 813 4138 omni
844 4058 976 4131 haeresi
1012 4080 1098 4156 quae
1134 4061 1275 4130 animam
1312 4056 1453 4144 inliciat,
1486 4057 1585 4131 salva
1687 4115 1694 4126 .

209 4198 292 4264 nos;
321 4199 341 4247 a
368 4184 464 4248 reatu
489 4185 703 4271 peccatorum
728 4186 918 4248 nostrorum
945 4173 1051 4246 libera
1078 4196 1155 4262 uos,
1182 4184 1216 4245 et
1243 4172 1285 4245 ab
1314 4174 1392 4263 igne
1410 4173 1586 4266 gehenuae

210 4295 303 4387 eripe
329 4314 405 4378 nos,
432 4301 469 4363 ut
495 4289 682 4364 referamus
709 4291 768 4364 tibi
795 4292 936 4384 gloriam
963 4298 997 4361 et
1022 4289 1164 4362 laudem.

321 4407 519 4479 inclinatus.
548 4406 722 4479 Oderimus
739 4405 796 4480 tibi
815 4406 1011 4479 sacrificium
1026 4404 1090 4479 hoc
1103 4404 1293 4494 timendmn,
1316 4413 1349 4475 et
1366 4405 1583 4489 incruentum,

209 4547 273 4619 pro
300 4521 454 4596 Ecclesia
481 4533 616 4612 sancta,
644 4534 677 4596 et
704 4529 776 4617 ejus
803 4518 1020 4612 pastoribus,
1054 4519 1246 4593 Patriaroha
1284 4540 1403 4613 nempe
1438 4516 1582 4588 Domino

208 4639 250 4710 N.
277 4650 311 4711 et
336 4638 508 4735 Episcopo
536 4649 650 4711 nostro
678 4638 719 4710 N.
753 4642 807 4734 qui
835 4660 910 4710 eam
935 4647 1028 4709 recte
1043 4646 1197 4732 pascunt:
1223 4655 1355 4732 proque
1377 4633 1465 4704 omni
1481 4628 1582 4702 Clero

209 4758 265 4849 qui
291 4759 326 4825 in
352 4754 407 4826 illa
434 4765 503 4846 est,
531 4765 565 4825 et
597 4777 659 4850 pro
696 4753 770 4827 tiliis
797 4756 887 4846 ejus,
920 4756 975 4848 qui
1001 4756 1035 4822 in
1061 4755 1221 4825 universo
1250 4748 1334 4822 orbe
1362 4756 1456 4837 sunt,
1484 4750 1582 4819 etiam

209 4892 272 4965 pro
307 4868 492 4941 infirmitate
525 4872 591 4942 mei
633 4873 840 4965 peccatoris:
876 4891 938 4964 per
974 4865 1236 4942 misericordiam
1274 4874 1384 4955 tuam,
1427 4864 1582 4954 Domine,

179 4987 362 5078 ignosce,
390 4995 423 5058 et
450 4986 575 5058 dimitte
601 4997 743 5080 peccata
769 5008 846 5057 mea
873 4996 906 5057 et
933 4984 1084 5057 deiectus
1111 5004 1218 5070 meos,
1246 4991 1280 5053 et
1306 4980 1457 5053 concede
1483 4990 1582 5052 tran·

212 5100 403 5195 quuhtatem
429 5105 463 5174 in
488 5100 685 5176 habitaculis
712 5104 785 5195 ejus
811 5122 917 5197 usque
943 5105 976 5172 in
1004 5097 1184 5177 saeculum.
1301 5113 1309 5122 ’
