4525 6034
560 571 610 648 lli
642 568 937 647 llTllllGth
972 569 1257 648 stainans.
1546 572 1596 645 59

221 756 371 836 ptioncm3
393 755 425 817 in
460 771 602 818 rasorum
631 770 788 816 sacrorum
817 753 1097 835 benedictionibus,
1129 756 1160 817 iu
1188 753 1449 832 Ordinationihus3
1483 754 1596 836 ubique

222 853 353 920 tandem

391 1112 567 1186 Sacerdos
593 1113 816 1186 coartatam
842 1135 908 1207 qao
934 1116 1097 1205 amalario
1124 1117 1336 1208 operiamur,
1364 1121 1428 1187 etc.
1482 1166 1487 1172 ·

315 1323 391 1402 Hoc
419 1334 489 1396 loca
519 1332 660 1396 differunt
689 1334 746 1395 tria
776 1332 897 1396 Ordinis
926 1332 1080 1417 generalis
1107 1330 1304 1413 exemplaria:
1340 1331 1413 1394 illud
1448 1333 1528 1414 quod
1565 1334 1595 1395 in
1644 1339 1683 1395 lta
1702 1341 1816 1396 illatione
1831 1359 1920 1394 muna

219 1438 335 1502 Missali
358 1435 520 1500 Chaldaico
542 1436 654 1498 editum
677 1443 735 1514 est,
757 1437 798 1498 ita
820 1436 908 1498 ritum
932 1436 1073 1517 explicat,
1100 1442 1134 1497 ut
1155 1454 1227 1498 vasa
1250 1454 1337 1499 sacra
1360 1438 1390 1498 in
1419 1436 1506 1498 altari
1533 1438 1596 1519 jam
1609 1444 1665 1480 ‘¹¹¹⁰
1683 1428 1716 1480 ιι
1734 1429 1820 1482 attera

220 1539 321 1619 posita
344 1537 414 1613 sint,
438 1542 469 1596 et
490 1536 596 1617 maJori
617 1534 688 1598 velo
711 1543 791 1597 tecta
799 1556 809 1611 ;
832 1553 892 1615 quo
915 1534 1033 1597 sublato
1058 1534 1208 1597 Sacerdos
1232 1535 1336 1597 eadem
1360 1537 1391 1597 in
1413 1536 1510 1615 altari,
1535 1553 1596 1617 quo

221 1636 350 1700 debetur
373 1635 478 1697 ordine
501 1635 649 1713 collocat,
681 1642 739 1696 tum
769 1633 923 1697 Oblatam:
953 1632 1062 1697 deinde
1090 1632 1215 1695 calicem
1245 1635 1275 1695 in
1306 1652 1366 1715 quo
1396 1642 1466 1697 tunc
1494 1637 1596 1699 viuum

221 1736 387 1799 infunditur
409 1752 476 1795 cum
498 1752 586 1813 aqua.
981 1720 987 1739 ⁸

309 1834 343 1897 ln
365 1832 469 1895 Ollicio
491 1832 673 1911 Bodetiani,
699 1833 797 1894 statim
821 1831 970 1895 Sacerdos
995 1830 1125 1912 disponit
1148 1832 1207 1892 rite
1230 1830 1378 1911 Oblatum,
1400 1831 1457 1894 hoc
1480 1840 1542 1912 est,
1563 1840 1596 1894 ιιι
1662 1837 1738 1892 Pania
1759 1838 1919 1893 Eucharisti-

220 1942 307 1997 recte
329 1936 564 2013 interpretatur,
586 1932 714 1994 hostiam
737 1949 798 1994 non
821 1938 1046 2009 consecratam,
1070 1948 1148 2012 quae
1172 1929 1233 1992 illic
1254 1930 1390 2012 Sigillum
1413 1931 1594 2013 appellatur,
1608 1941 1662 1979 ιιι·

220 2042 254 2096 ιιι
276 2035 367 2096 etiam
389 2049 407 2092 a
428 2029 574 2093 Barsaiibi
597 2031 627 2092 in
651 2030 887 2106 Commentario,
916 2030 985 2110 quia
1015 2047 1109 2111 panes
1132 2029 1340 2092 Eucharistiae
1370 2028 1596 2093 consecrandae

222 2132 377 2209 destinati,
401 2130 497 2193 literis
520 2129 652 2210 aliquot,
675 2129 724 2192 vel
747 2129 852 2211 liguris
875 2131 1047 2210 signantur,
1071 2136 1103 2190 ut
1126 2128 1206 2208 apud
1228 2126 1364 2192 Graecos
1388 2131 1495 2210 quihus
1518 2147 1596 2190 oon-

221 2242 352 2307 suetudo
374 2249 422 2303 est
443 2248 476 2304 ut
498 2258 618 2303 crucem
642 2243 825 2324 imprimant,
847 2243 924 2303 intra
949 2243 1035 2323 cujus
1058 2248 1188 2321 quatuor
1216 2242 1310 2304 latera
1339 2242 1452 2325 legitur
1473 2214 1512 2304 [ὃ
1533 2239 1594 2303 llC.

220 2330 252 2414 lt*
266 2328 297 2414 E
318 2353 445 2416 scilicet.
472 2340 596 2436 Ἰησοῦς
612 2340 758 2438 Χριστὸς
772 2352 846 2416 arua
865 2354 957 2416 decas
974 2352 1112 2415 carana
1134 2356 1246 2415 oiacr't:
1269 2362 1300 2417 et
1322 2353 1447 2416 similem
1470 2351 1595 2414 lamnam

220 2461 447 2531 repraesentat,
471 2444 599 2516 Goarius
622 2454 651 2514 in
672 2452 760 2516 Notis
783 2452 820 2515 ad
842 2453 1007 2536 Liturgiam
1030 2452 1254 2533 chrysostomi,
1284 2460 1316 2514 ut
1342 2454 1389 2515 vir
1412 2453 1595 2517 clarissimus
1626 2455 1920 2526 Goarmtcaotpdta

219 2551 352 2615 lacobus
376 2553 551 2615 Sirmondus
573 2551 789 2633 Disquisitionc
812 2553 850 2615 de
871 2552 1000 2635 Azymo.
1041 2551 1188 2634 adjunxit
1210 2552 1283 2614 alias
1307 2552 1419 2615 lamnas
1442 2554 1516 2616 duas
1530 2553 1594 2616 Ob·
1642 2558 1673 2611 P.
1693 2560 1753 2613 122.

221 2651 366 2729 latarum,
389 2652 534 2733 Syrorum
557 2670 663 2730 unam,
685 2651 961 2715 Alexandrinorum
983 2651 1130 2731 alteram,
1155 2669 1229 2733 quas
1253 2651 1323 2714 licet
1345 2653 1425 2715 unde
1448 2653 1595 2730 hahuerit,

220 2767 281 2812 non
305 2751 401 2827 dicat,
428 2770 519 2814 veras
542 2759 640 2813 tamen
663 2770 734 2814 csse
756 2752 876 2814 dubium
899 2770 961 2813 non
983 2759 1040 2813 est.
1077 2750 1220 2831 Utraque
1250 2769 1311 2813 nou
1340 2769 1533 2830 unaarum,
1564 2758 1596 2813 ut

222 2850 341 2912 Gracco
363 2853 440 2929 ritu,
462 2850 517 2913 sed
540 2851 641 2913 multis
664 2850 824 2913 cruciculis
848 2851 1061 2933 distinguitur,
1085 2852 1126 2913 ita
1149 2859 1247 2913 tamen
1270 2858 1302 2912 ut
1325 2852 1354 2912 in
1378 2852 1476 2915 medio
1500 2851 1597 2914 Obla-

220 2957 269 3012 tae
299 2949 396 3033 ligura
418 2951 514 3033 major
546 2951 645 3013 crucis
682 2950 808 3013 iormam
837 2952 994 3032 exprimat.
1041 2949 1088 3012 Ex
1116 2950 1321 3030 antiquissima
1345 2968 1438 3032 porro
1462 2969 1597 3014 consue-

221 3050 324 3111 tudine
347 3051 448 3111 crucis
471 3049 597 3134 liguram
620 3049 736 3113 Oblatis
759 3052 935 3130 impressam
959 3049 1069 3127 luisse,
1098 3049 1206 3129 probat
1235 3068 1275 3111 ex
1302 3049 1420 3130 pictura
1449 3050 1596 3112 vetustis-

222 3149 288 3210 simi
302 3146 423 3210 Codicis
445 3149 542 3210 sancti
561 3145 712 3226 Germani,
735 3150 765 3210 in
781 3165 840 3229 quo
860 3149 1028 3212 delineatus
1041 3149 1120 3210 iuter
1135 3147 1240 3211 altaria
1255 3148 1326 3225 duo,
1349 3156 1408 3211 stat
1427 3147 1595 3210 Sacerdos:

221 3265 349 3327 quorum
371 3248 402 3309 in
425 3247 539 3325 altero,
561 3246 678 3310 ludaici
701 3248 793 3323 ritus,
817 3256 886 3309 sunt
907 3249 1046 3311 victimae
1069 3249 1150 3310 aries
1173 3256 1204 3309 et
1226 3249 1342 3310 hircus:
1373 3250 1401 3309 in
1424 3247 1521 3310 altero
1544 3265 1598 3309 sa-

221 3345 318 3408 lutare
341 3346 578 3410 Christianorum
600 3348 779 3411 sacrificium
800 3345 960 3425 denotant,
985 3347 1064 3410 calix
1087 3354 1118 3409 et
1148 3346 1273 3409 Oblatae
1305 3348 1404 3409 crucis
1434 3346 1519 3409 titulo
1547 3346 1599 3407 in-

220 3446 341 3526 signes:
365 3454 426 3508 tum
449 3446 582 3526 desuper
604 3446 738 3525 pensiles
761 3448 909 3526 utrimque
938 3446 1100 3510 hostiarum
1129 3447 1285 3527 capsulae.
1314 3447 1444 3528 Magnae
1475 3465 1598 3527 quoquc

222 3545 406 3626 antiquitatis
435 3545 575 3607 indicium
604 3545 732 3625 praehet
760 3544 856 3629 figura
889 3564 967 3626 quae
1001 3547 1030 3608 in
1061 3546 1189 3626 Coptica
1216 3545 1451 3628 Eiangeliorum
1483 3545 1597 3608 Codice

220 3644 426 3708 Bibliothecae
446 3644 560 3728 Regiae
584 3652 735 3722 servatur,
758 3646 789 3706 in
812 3663 870 3727 qua
894 3643 1031 3708 Christus
1053 3647 1189 3729 pingitur
1211 3663 1313 3707 coram
1335 3645 1421 3707 altari
1440 3645 1598 3727 Apostolis

220 3742 441 3806 Eucharistiam
456 3743 655 3805 distribuens:
679 3742 806 3807 Ohlatae
821 3762 915 3826 super
931 3744 1017 3807 altari
1033 3747 1132 3807 crucis
1148 3763 1269 3825 quaque
1284 3745 1371 3827 signo
1384 3751 1505 3806 notatae
1518 3751 1597 3805 sunt.

247 3908 250 3913 ,
307 3842 426 3904 Partem
448 3843 528 3905 illam
551 3844 582 3904 ιιι
605 3861 663 3923 qua
687 3861 762 3904 crux
785 3843 933 3927 signatur,
957 3863 1024 3907 nam
1043 3844 1344 3924 Oblataealiquaado
1365 3846 1496 3925 majores
1516 3850 1597 3919 sunt,

219 3943 329 4006 Gracci
352 3940 520 4028 σφραγῖδα
543 3942 708 4023 appellant,
730 3950 762 4005 ut
785 3951 886 4005 monet
909 3944 1052 4021 Goarius,
1074 3951 1106 4005 et
1128 3942 1234 4004 eadem
1257 3942 1477 4026 significatione
1503 3953 1597 4016 aazia

218 4044 349 4123 ncillam
371 4051 500 4104 vocatur
522 4043 552 4103 in
575 4040 681 4104 amolo
704 4041 880 4118 Boderiani,
903 4043 954 4122 qui
975 4044 1072 4105 minus
1095 4049 1180 4104 recte
1203 4044 1417 4123 interpretatus
1440 4050 1502 4121 cst,
1532 4043 1598 4103 cir-

219 4142 327 4203 catam.
372 4141 406 4203 ln
428 4142 524 4222 primo
548 4140 661 4204 Ordine
685 4139 873 4220 Colbertino,
896 4143 1070 4222 priusquam
1092 4143 1180 4222 panis
1195 4141 1392 4204 Eucharistici
1415 4142 1526 4203 mentio
1555 4139 1597 4218 fit,

219 4246 343 4302 notatur
366 4240 488 4301 misceri
511 4239 635 4301 calicem
657 4241 729 4301 vino
752 4248 782 4302 et
805 4259 893 4321 aqua,
917 4240 997 4321 quod
1020 4240 1141 4302 videtur
1164 4242 1388 4323 transpositum,
1413 4242 1470 4303 nisi
1486 4240 1597 4321 aliquid

219 4341 362 4403 omissum
393 4346 449 4400 cst.
494 4339 568 4401 Nam
591 4341 689 4402 statim
712 4340 931 4421 praescribitur
954 4339 1105 4420 quamdo
1139 4342 1168 4401 in
1191 4340 1283 4403 Disco
1314 4336 1403 4403 sacro
1431 4340 1598 4421 particulae

219 4438 362 4519 componi
385 4437 529 4513 debeant,
553 4446 583 4500 et
605 4438 635 4499 id
658 4440 724 4501 heri
747 4458 807 4502 nou
830 4446 961 4520 poterat,
984 4441 1041 4501 nisi
1065 4446 1134 4519 post
1156 4441 1281 4519 primam
1304 4439 1491 4516 fractionem,
1519 4457 1597 4519 quae

218 4540 251 4600 sit
274 4537 368 4619 louge
392 4545 461 4599 ante
484 4538 610 4601 cilicium
634 4540 882 4603 consecrationis.
928 4539 960 4600 ln
983 4539 1098 4601 lilissali
1122 4538 1284 4602 Chaldaico
1306 4541 1379 4603 nihil
1406 4540 1485 4602 aliud
1508 4547 1599 4601 nota-

218 4646 285 4715 tur,
322 4638 380 4699 nisi
414 4637 511 4717 quod,
540 4639 698 4700 Sacerdos
732 4641 831 4700 actam
859 4641 958 4718 majas
994 4639 1096 4718 casem
1126 4659 1185 4719 qao
1213 4630 1352 4719 apocha
1378 4641 1539 4720 mysteria,
1570 4645 1600 4699 ct

218 4756 301 4801 oasa
322 4756 416 4799 sacra
438 4738 558 4818 aliaque
580 4740 623 4800 ad
643 4737 814 4817 liturgiam
836 4739 1001 4800 servientia
1022 4740 1157 4817 disponit
1177 4740 1235 4800 rito
1255 4740 1288 4799 ia
1310 4739 1424 4800 altari:
1451 4735 1598 4817 affertur-

218 4857 277 4919 φφ
294 4837 391 4916 paais
413 4856 434 4898 a
455 4836 615 4915 Diacoao,
639 4844 738 4918 totquc
760 4835 887 4899 Oblatas
907 4840 940 4898 ia
961 4838 1047 4899 diaco
1072 4840 1160 4917 ponit
1186 4846 1257 4918 quot
1286 4836 1482 4898 necessariae
1511 4842 1598 4897 caat:

219 4938 331 4999 deinde
352 4937 479 4999 calicem
500 4938 571 4999 oiao
594 4945 624 4998 ct
645 4954 726 5017 aqna
746 4938 875 4999 mistam
921 4937 1032 4999 Verum
1061 4954 1122 4999 non
1146 4937 1267 4999 omnino
1291 4938 1330 4999 ita
1354 4953 1388 4997 se
1411 4935 1521 4997 hahent
1543 4952 1600 4996 ru-

219 5035 326 5097 bricae
348 5035 379 5097 iri
397 5034 559 5099 Codioihas
581 5036 654 5099 hlss.
680 5036 749 5117 quia
772 5035 888 5099 scilicet
911 5035 1040 5099 Missalis
1063 5037 1198 5099 editores
1221 5035 1258 5097 ad
1282 5039 1455 5117 praesentis
1478 5043 1598 5116 tempo-

259 5175 387 5219 ronmn
1344 5156 1387 5227 11
