4525 6034
673 526 833 600 LXXXII
960 524 966 533 ’
1201 529 1593 609 otssartrtrttt

674 729 708 790 et
726 740 824 793 sacra
843 716 1030 791 Christiana
1044 714 1256 789 celebrasse:
1284 715 1373 813 Syra
1389 729 1499 790 autem
1516 718 1648 811 lingua,
1676 742 1773 815 quarn
1789 720 1899 794 eidem
1912 721 2038 794 Illero-

672 837 897 933 solymitanao
922 834 1064 906 dialecto
1092 835 1270 925 conjrmcta
1297 838 1357 923 sit,
1383 856 1483 907 nemo
1510 838 1655 927 ignorat
1698 835 1785 909 thc
1800 847 1848 910 tot
1864 838 2038 936 Syrorum,

672 957 739 1027 imo
763 951 1044 1042 Christianorum,
1071 953 1126 1046 qui
1153 950 1210 1022 vel
1226 948 1359 1022 Novum
1380 950 1629 1023 Testamentum
1645 950 1822 1047 Syriacum
1841 954 1898 1026 vel
1914 954 2038 1028 Gram-

671 1073 813 1142 maticas
839 1068 1032 1156 ediderunt,
1061 1065 1256 1139 fastidiosae
1281 1063 1516 1167 παρεκβάσεις
1542 1068 1585 1140 de
1619 1067 1737 1141 eadem
1769 1069 1884 1163 lingua
1907 1071 2037 1146 Christo

671 1184 872 1277 vernacula,
900 1184 942 1257 de
967 1182 1127 1256 Matthaei
1152 1180 1342 1277 Evangelio
1369 1184 1557 1274 Hebraico,
1582 1208 1674 1280 ¹quas
1702 1185 1868 1258 dlacutere
1893 1209 1963 1260 non
1989 1200 2041 1262 est

672 1300 768 1393 hunus
804 1300 880 1374 loci.
939 1299 1066 1373 Verum
1099 1303 1303 1392 argumentis
1336 1323 1423 1396 quae
1455 1324 1476 1373 a
1508 1300 1681 1374 verisimili
1715 1307 1784 1399 peti
1816 1315 1974 1399 possunt,
2006 1316 2042 1377 nt

673 1418 728 1490 illa
757 1440 842 1512 quae
868 1420 1056 1510 tetigimus,
1081 1428 1249 1513 repugnat
1274 1416 1369 1489 color
1395 1421 1468 1513 ipse
1495 1418 1677 1508 Orationis,
1703 1442 1791 1513 qnae
1805 1419 2042 1493 llellenismum

672 1538 706 1607 in
732 1533 840 1607 multis
866 1537 912 1606 ita
938 1531 1060 1621 refert,
1086 1542 1123 1603 ut
1148 1531 1324 1605 manifesto
1337 1531 1502 1606 Graecam
1522 1537 1687 1626 originem
1713 1534 1893 1627 significet,
1920 1559 2042 1631 quam

671 1653 727 1723 vis
757 1672 877 1746 preces
909 1671 1015 1745 prope
1050 1670 1168 1721 omnes
1200 1647 1316 1723 verbis
1354 1659 1388 1721 et
1426 1652 1597 1723 sententiis
1631 1653 1801 1747 utriusque
1836 1651 2043 1725 Testamenti

672 1776 872 1857 contextae,
898 1788 965 1839 non
991 1775 1118 1838 certum
1142 1764 1289 1838 habeant
1314 1788 1361 1838 ex
1392 1764 1565 1840 idiotismis
1592 1764 1809 1840 Orientalium
1843 1767 2043 1861 linguarum,

672 1888 728 1979 qui
753 1887 787 1956 in
815 1883 980 1956 Graecam
1005 1886 1260 1974 migraverunt,
1286 1886 1487 1977 peregrinae
1511 1883 1647 1977 linguae
1672 1882 1836 1957 iudicium
1876 1884 1946 1957 Sed
1970 1907 2042 1957 no·

671 2004 794 2074 minum
820 2003 1081 2096 compositorum
1108 1997 1228 2093 quibus
1254 1996 1332 2071 illae
1363 1998 1498 2092 linguae
1528 2012 1662 2091 carent,
1695 2000 1942 2096 verborumque
1972 2001 2042 2073 ali-

671 2116 803 2212 qnando
830 2138 899 2189 non
924 2124 1018 2187 recta
1045 2117 1293 2210 interpretatio,
1327 2111 1479 2189 Graecos
1509 2114 1623 2189 lontes
1656 2120 1701 2189 ita
1734 2121 1912 2214 perspicue
1945 2117 2041 2191 desi-

672 2241 778 2325 gnat,
804 2240 843 2303 ut
866 2230 931 2303 alio
959 2252 1080 2327 preces
1108 2251 1224 2305 omnes
1250 2229 1328 2303 illae
1354 2230 1474 2303 referri
1499 2255 1567 2304 non
1592 2238 1730 2330 possint.

403 2376 511 2429 venees
528 2375 659 2445 tinrgrm
775 2348 864 2422 XIII.
896 2347 1052 2444 Nempe,
1088 2346 1178 2442 quod
1212 2345 1290 2420 alibi
1325 2352 1511 2421 accuratius
1538 2360 1713 2422 tractatum
1740 2360 1810 2440 est,
1834 2372 1902 2423 non
1927 2353 2041 2444 primis

351 2458 472 2561 cumae·
489 2464 578 2529 pann
598 2478 659 2516 ⁸⁰⁰·
672 2464 849 2538 Ecclesiae
883 2464 1027 2539 saeculis
1063 2487 1183 2537 sacrae
1215 2467 1401 2557 orationes,
1436 2464 1627 2557 Litargicae
1662 2468 1876 2562 praesertim,
1915 2470 2041 2561 scripto

349 2549 659 2690 ffl2⁸⁰¹¹ll¹⁰¹¹⁰⁰f⁰⁰'
672 2583 832 2672 traditae,
859 2580 919 2655 sed
946 2583 1146 2672 memoriae,
1171 2604 1240 2654 non
1266 2583 1372 2653 mInus
1400 2604 1499 2675 quam
1525 2580 1639 2654 Oratio
1673 2581 1837 2654 dominica
1873 2591 1907 2653 et
1931 2582 2042 2678 Sym-

672 2698 798 2791 bolum,
825 2698 1001 2771 mandatae
1027 2708 1112 2772 sunt
1138 2697 1183 2769 Et
1208 2701 1294 2769 inter
1321 2698 1385 2769 alia
1411 2698 1511 2769 multa
1538 2720 1626 2792 quae
1651 2696 1839 2786 traditione,
1867 2698 2042 2777 uendite-

351 2809 551 2880 ⁰⁶⁸t·⁸⁶”⁰‘⁰·
565 2810 641 2863 ⁶·27·
675 2819 722 2889 ris
751 2815 792 2888 ad
818 2838 881 2890 nos
907 2826 1154 2912 pervenerunt,
1179 2823 1331 2887 numerat
1355 2815 1397 2888 D.
1424 2814 1567 2888 Basilius
1599 2814 1707 2885 cerdo
1737 2837 1862 2887 werae
1887 2815 2041 2888 Invoca-

672 2936 775 3006 tionir
799 2937 836 3004 in
863 2935 1122 3004 consecratione
1144 2936 1249 3027 punio
1274 2939 1309 3003 et
1333 2935 1413 3003 nini.
1440 2930 1567 3005 Verum
1582 2941 1651 3022 est,
1679 2930 1775 3003 aliter
1788 2930 2042 3027 acceptalnisse

588 3070 592 3085 ⁸
671 3054 776 3124 sancti
812 3050 971 3123 Doctoris
999 3047 1107 3121 verba
1145 3071 1165 3119 a
1201 3048 1300 3122 Card.
1327 3047 1546 3137 Bellarmino,
1586 3048 1645 3120 sed
1686 3057 1721 3119 et
1750 3047 1793 3120 ah
1828 3046 1899 3121 aliis
1925 3059 2041 3122 nostra

663 3176 782 3239 ·actote
808 3164 1011 3258 Theologis,
1038 3167 1094 3259 qui
1120 3187 1162 3236 ea
1189 3164 1232 3236 ad
1256 3163 1485 3238 Eucharistiae
1512 3167 1736 3237 ostensionem
1763 3175 1797 3236 et
1813 3164 2041 3236 adorationem

670 3281 821 3375 nolunt,
857 3281 916 3354 sed
949 3301 1088 3377 prorsus
1119 3280 1284 3352 inutiliter.
1345 3280 1430 3353 Nam
1467 3279 1509 3352 ad
1541 3278 1770 3353 EucharistIae
1803 3279 2040 3371 elevationem,

672 3421 770 3493 qum
796 3401 998 3499 ostensionis
1023 3419 1112 3471 voce
1144 3396 1312 3489 designari
1345 3419 1408 3493 per
1442 3395 1559 3469 iofidos
1586 3398 1763 3469 versiones
1795 3396 1926 3492 decepti
1959 3399 2041 3467 exi-

660 3518 907 3602 admoverunt,
932 3512 1021 3584 nulla
1048 3523 1123 3585 sunt
1156 3535 1276 3585 sacrae
1299 3509 1524 3610 Ἐιιικλὴσεως
1557 3534 1617 3584 seu
1652 3513 1885 3593 Inspectionis
1916 3511 2040 3585 verba:

672 3654 791 3703 verum
819 3630 860 3703 alr
887 3630 942 3702 illa
969 3632 1121 3702 oratioue
1148 3652 1234 3724 quae
1259 3651 1389 3702 sacram
1416 3633 1581 3702 actionem
1615 3632 1782 3716 terminat,
1818 3640 1852 3701 et
1888 3630 2044 3721 designat

674 3758 953 3836 consummatam,
982 3748 1268 3820 consecrationem
1296 3748 1369 3819 sive
1389 3743 1613 3846 ‘Japoopyr'an
1634 3740 1882 3842 apud‘veteres
1909 3755 2044 3819 autores

673 3864 853 3956 significari
879 3863 956 3935 alibi
984 3872 1037 3935 est
1061 3861 1329 3935 demonstratum

370 4015 492 4085 pomp„
505 4033 537 4070 ,¹
557 4013 660 4070 amc„
774 3980 866 4052 XIV.
895 3978 1170 4073 Quandoquidem
1195 4000 1280 4051 vero
1307 3979 1416 4052 multis
1436 3977 1620 4051 rationibus
1640 3977 1793 4067 efficitur,
1820 3977 1917 4047 etiam
1933 3979 2040 4070 ipsas,

349 4103 492 4156 derivatae·
673 4118 811 4189 quarum
847 4098 1020 4191 antiqrritas
1056 4099 1237 4191 praecipua
1273 4106 1345 4187 est,
1388 4093 1573 4168 Orientales
1606 4093 1774 4186 Litrngias
1805 4113 1961 4164 manasse
1995 4115 2042 4164 ex

673 4209 814 4285 Graecis
840 4211 1004 4303 lontibus,
1030 4210 1130 4307 idque
1156 4233 1226 4284 non
1250 4214 1357 4284 mInus
1384 4212 1426 4283 de
1453 4211 1604 4307 Syriacis
1620 4209 1896 4282 Nestorianorum
1915 4230 2041 4281 summe

672 4332 834 4420 vetustis,
867 4352 963 4425 quarn
998 4328 1041 4400 de
1074 4326 1195 4400 Jacohi
1226 4328 1335 4424 Syra,
1371 4351 1457 4423 quae
1489 4326 1695 4400 Orthodoxis
1726 4333 1761 4396 et
1794 4322 2040 4418 Illonophvsitis

673 4450 856 4519 communis
884 4455 954 4537 est,
981 4444 1089 4541 (prod
1116 4448 1199 4518 satis
1226 4444 1445 4537 demonstrat,
1472 4442 1621 4535 ejusdem
1648 4451 1725 4514 ante
1745 4438 1922 4514 schemata
1944 4462 2039 4512 usum

673 4561 760 4659 apud
792 4562 902 4659 Syros
933 4561 1122 4654 viguisse,)
1155 4559 1243 4632 idem
1278 4564 1401 4658 potiori
1431 4563 1507 4653 jure
1541 4559 1583 4631 de
1618 4558 1767 4653 Copticis
1800 4558 1898 4630 statrd
1929 4554 2040 4627 dehet

673 4666 808 4751 Mdrons
828 4677 1058 4751 Alexmdrioe
1083 4675 1304 4774 Evangelium
1331 4676 1555 4774 praedicavit,
1581 4686 1618 4747 ut
1643 4675 1742 4746 etiam
1768 4695 1830 4768 per
1846 4673 2041 4765 Aegyptam

674 4804 796 4867 totam:
814 4794 1105 4868 sacramentorum
1120 4797 1221 4886 igitur
1243 4792 1517 4867 celebrandorum
1537 4792 1663 4865 formas
1688 4790 1885 4887 praesertim
1900 4785 2039 4859 Eucha-
2159 4788 2166 4801 '

672 4915 789 4983 ristiae
814 4910 966 5002 tradidit,
993 4910 1055 4985 sed
1080 4909 1170 5005 quod
1195 4908 1268 4983 illas
1296 4914 1420 5006 scripto
1447 4908 1632 5000 tradiderit,
1657 4929 1726 4980 non
1752 4914 1890 4979 constat
1919 4901 2040 4988 Quan-

674 5026 717 5101 do
737 5026 821 5101 haec
838 5028 1003 5101 odiciain
1020 5028 1135 5099 literas
1157 5031 1260 5101 missa
1284 5039 1377 5120 sunt,
1403 5025 1553 5119 vulgaris
1565 5035 1643 5115 ,erat
1661 5021 1888 5096 Alexandriae
1908 5018 2042 5093 Graeca
