4525 6034
679 555 753 629 sos
1010 542 1667 671 'ortrnrnrnncnnss

676 738 891 834 rejIciebatur
917 739 1120 828 candidatus,
1149 739 1299 836 aliosque
1327 741 1369 814 ab
1397 741 1594 837 Episcopis,
1627 752 1684 814 aut
1710 742 1752 814 ab
1781 742 1969 814 alterutrius
1996 746 2050 815 ci-

675 859 788 929 vitatis
803 854 1034 956 nobilioribus
1066 867 1330 951 proponeretur,
1365 855 1483 952 repelli
1515 879 1648 953 quoque
1680 857 1722 931 ab
1749 858 1832 947 illis,
1867 861 1923 952 qui
1954 857 2054 931 aliurn

674 975 942 1058 nominaverant,
968 980 1108 1066 potarat.
1138 970 1257 1043 Clarus
1285 982 1318 1043 et
1344 971 1506 1068 Episcopi
1533 977 1696 1045 neminem
1718 973 1963 1075 proponebant,
1989 976 2050 1046 nisi

675 1097 851 1182 postquam
886 1087 959 1177 ille,
987 1091 1043 1182 qui
1068 1091 1207 1184 primum
1237 1091 1405 1183 expetitus
1433 1112 1453 1159 a
1479 1088 1603 1184 populo
1629 1089 1756 1177 fuerat,
1788 1087 1958 1185 repulsam
1992 1099 2048 1160 tu-

674 1201 779 1276 lisset.

393 1324 590 1379 conveniebant
612 1325 662 1379 an·
778 1317 920 1394 XXXV.
946 1316 1137 1413 Aliquando
1164 1317 1289 1390 lactum
1315 1317 1470 1411 legimus,
1497 1331 1533 1392 ut
1559 1343 1668 1415 neque
1695 1319 1955 1409 Alexandriam,
1982 1342 2049 1392 no-

350 1412 453 1480 ‘¹¹¹²¹¹‘¹⁰
476 1411 509 1463 ’ἃ
525 1414 554 1479 5·
573 1412 660 1465 ΜΨ·
674 1458 738 1532 que
766 1433 919 1506 Cahiram
948 1437 1180 1524 convenirent,
1207 1434 1267 1506 sed
1296 1433 1337 1506 ad
1364 1435 1604 1509 Monastcrinm
1630 1436 1672 1507 D.
1692 1434 1832 1506 blacarii
1859 1434 1902 1505 ad
1926 1435 2048 1509 vallem

349 1500 422 1551 sum.
672 1549 795 1642 Habib,
822 1560 858 1622 ut
883 1549 1006 1621 lactum
1034 1550 1155 1621 estad
1182 1548 1380 1663 alentionem
1407 1550 1526 1647 Cprdli
1540 1550 1675 1624 LXVII.
1707 1561 1742 1623 et
1766 1548 1906 1624 Macarii
1928 1553 2048 1627 LXIX

672 1668 807 1764 Nempe
830 1670 905 1761 qnia
928 1670 999 1758 jam
1025 1689 1045 1737 a
1072 1665 1181 1737 multis
1209 1665 1351 1738 saeculis
1379 1667 1489 1740 solent
1515 1666 1594 1759 eligi
1620 1666 1833 1741 Patriarcbae
1860 1691 1906 1740 ex
1934 1669 2048 1741 ordine

671 1784 880 1857 Monastico:
921 1782 1046 1854 idcirco
1080 1785 1209 1877 quoties
1242 1804 1310 1853 non
1344 1786 1425 1856 satis
1460 1782 1548 1879 apud
1581 1805 1619 1855 se
1652 1796 1719 1857 tam
1750 1780 1912 1881 Episcopi
1949 1809 2045 1880 quarn
2105 1844 2108 1851 .

671 1900 766 1973 Larci
791 1898 923 1973 nobiles
951 1901 1201 1987 constituerant,
1230 1900 1302 1992 qnis
1330 1921 1486 1994 supremo
1513 1898 1570 1972 illo
1596 1897 1724 1971 bonore
1757 1897 1879 1990 dignus
1902 1899 2043 1971 videre-

670 2029 735 2108 tur,
763 2017 806 2088 ad
832 2019 904 2111 ipsa
932 2014 1136 2086 lllonasteria
1162 2014 1330 2109 proficisci
1362 2017 1520 2111 optimum
1551 2015 1640 2087 factu
1671 2013 1866 2102 videbatur,
1898 2025 1936 2085 ut
1968 2038 2040 2107 eos,

671 2135 727 2226 qui
752 2134 834 2227 ipsis
861 2128 1179 2203 commendabantur
1205 2128 1382 2203 mrdtorum
1408 2134 1625 2222 tesdmoniis,
1657 2141 1797 2227 possent
1829 2152 1891 2226 per
1917 2153 1959 2203 se
1985 2135 2045 2227 ipsi

670 2266 894 2339 cognoscere,
921 2255 955 2316 et
981 2245 1023 2316 de
1050 2267 1166 2317 eorum
1192 2245 1269 2334 lide,
1296 2246 1454 2335 moribus,
1481 2256 1516 2318 et
1541 2250 1641 2318 arnmi
1668 2245 1809 2334 dodbus,
1826 2268 1897 2340 per
1922 2246 2045 2341 Hegu·

671 2383 789 2433 menos
822 2371 856 2433 et
887 2360 1074 2435 Monachus
1106 2359 1224 2456 quibus
1257 2367 1425 2458 perspecti
1459 2384 1537 2437 esse
1571 2360 1753 2451 debebant,
1787 2370 1914 2435 certam
1951 2364 2044 2436 rela-

671 2480 795 2547 tionem
822 2475 958 2549 babere.
1106 2550 1109 2555 ,

387 2601 442 2654 nos
459 2601 493 2653 sd
507 2600 660 2654 ronanam
775 2592 932 2664 XXXVI.
960 2592 1065 2665 llloris
1092 2593 1178 2664 illius
1207 2591 1247 2663 ad
1275 2593 1480 2665 Monasteria
1506 2591 1666 2684 mittendi,
1694 2598 1867 2666 autetiam
1895 2618 1938 2667 eo
1959 2618 2044 2693 pro-

349 2684 472 2737 ΝΜ·
671 2708 851 2795 ficissendi,
884 2710 1106 2781 testimonium
1134 2711 1304 2781 continent
1337 2707 1511 2803 Epistolae
1537 2708 1745 2805 Spstaticae,
1780 2710 1823 2782 de
1856 2731 2043 2785 consecra-

670 2830 762 2897 tione
788 2827 871 2895 novi
897 2823 1124 2913 Patriarcbae,
1151 2827 1185 2899 in
1213 2822 1330 2919 quibus
1357 2827 1404 2896 ita
1431 2824 1561 2917 legitur.
1587 2826 1680 2896 Mitti
1705 2830 1811 2921 igitur
1836 2827 2044 2899 decrevimus

671 2942 718 3011 ud
744 2940 883 3015 deserte
907 2945 1031 3011 sancta
1055 2945 1179 3012 sancte
1205 2938 1331 3028 Sectis,
1359 2948 1550 3035 quaesunt
1576 2942 1623 3012 ad
1648 2948 1791 3013 amntem
1805 2942 1960 3032 Nitriae,
1986 2944 2042 3014 di·
2100 2931 2107 2947 ’

670 3057 909 3151 ligandumque
935 3078 1064 3127 carnem
1090 3054 1302 3126 adhibuimus
1326 3057 1375 3127 'ed
1405 3058 1689 3149 cognoscendum,
1723 3061 1799 3152 qais
1828 3082 1954 3129 sunone
1988 3059 2043 3131 illo

666 3176 873 3265 pontificata
904 3171 1024 3265 diqrrns
1054 3176 1151 3266 soret
1177 3223 1185 3241 .
1213 3226 1220 3241 .
1248 3226 1256 3241 .
1289 3169 1334 3243 Et
1371 3171 1473 3268 paulo
1506 3183 1593 3267 post.
1634 3174 1716 3244 Tarm
1746 3172 1826 3244 Deo
1865 3174 2043 3270 diriperis,

670 3288 787 3357 oeulos
811 3294 948 3358 nostros
975 3291 1201 3358 connectimus
1225 3290 1262 3357 in
1287 3287 1366 3358 Deo
1393 3288 1548 3359 deaotnns
1572 3289 1785 3361 sacerdotem
1803 3296 1839 3360 et
1861 3294 2045 3383 piissimam

669 3402 883 3489 illonocbom,
910 3402 1120 3473 dubitantem
1146 3405 1182 3472 in
1218 3401 1347 3473 celebri
1373 3403 1495 3474 Lnnro
1526 3405 1648 3476 Petris
1678 3408 1791 3476 nostri
1822 3410 1936 3478 sancti
1961 3408 2042 3478 Mo-

670 3520 761 3587 cerii
786 3521 822 3587 in
848 3517 954 3588 Secti.
981 3517 1084 3591 'dales
1109 3517 1244 3589 fuerunt
1271 3516 1414 3592 Cosmas
1438 3516 1561 3592 XLIV·
1614 3518 1710 3592 chart
1741 3524 1814 3613 ejus
1853 3544 2043 3612 successor,

669 3641 748 3728 post
774 3632 1006 3722 Theodorum,
1034 3633 1175 3706 Mennas
1202 3632 1337 3705 XLVII.
1364 3633 1513 3725 MarcnS,
1547 3633 1707 3724 lacobus,
1733 3637 1912 3733 Iosephus,
1956 3637 2043 3711 Chail

671 3748 755 3821 alter
780 3746 866 3819 LIII.
893 3748 1042 3841 ejusdem
1068 3750 1265 3823 lilonasterii
1290 3748 1569 3841 Archimandrita,
1596 3749 1826 3847 Cosmasejus
1853 3775 2042 3841 successor,

670 3862 804 3935 Senuda
818 3862 889 3935 LV.
917 3863 1131 3938 Oeconomus
1159 3865 1309 3959 ejusdem
1329 3864 1517 3957 Ecclesiae,
1543 3865 1733 3939 Philotbens
1766 3868 1885 3955 LXIII.
1913 3880 1949 3941 et
1980 3867 2040 3940 alii.

669 3979 718 4051 Ita
745 3979 834 4075 quod
860 3982 952 4051 initio
978 3979 1102 4052 factum
1127 3979 1237 4053 morat
1263 3978 1390 4076 absque
1415 3982 1482 4052 ulla
1508 3993 1600 4054 certa
1627 3982 1718 4075 lege,
1744 3988 1874 4056 transiit
1899 3984 2041 4079 quodam

668 4094 770 4168 modo
797 4099 830 4166 in
857 4118 928 4168 rem
950 4097 1143 4189 judicatam,
1171 4096 1334 4192 adeoque,
1362 4106 1517 4192 quantum
1544 4120 1590 4169 cx
1605 4102 1754 4173 virorum
1776 4099 1841 4172 lide
1867 4100 2040 4192 dignorum

667 4209 883 4284 relationibus
909 4213 987 4283 sciri
1013 4223 1138 4308 potest,
1165 4212 1285 4284 dudum
1319 4222 1372 4283 est
1404 4235 1450 4284 ex
1483 4237 1548 4308 quo
1579 4213 1687 4288 nullus
1713 4215 1906 4288 Patriarcha
1941 4216 2041 4309 cligi-

667 4334 739 4415 tur,
772 4330 837 4400 nisi
871 4349 917 4398 ex
942 4326 1132 4402 Monastico
1162 4328 1295 4416 ordine,
1324 4332 1593 4424 praesertimque
1626 4351 1671 4401 ex
1704 4329 1931 4422 Monasteriis,
1958 4352 2040 4426 quac

668 4439 774 4513 adhuc
801 4452 964 4515 vocantur
991 4443 1159 4517 desertum
1185 4443 1221 4516 S.
1248 4442 1397 4546 blacarii.

408 4573 549 4641 nuciptina
567 4573 654 4630 sotus.
770 4557 945 4630 XXXVII.
971 4557 1098 4630 Verum
1125 4568 1301 4654 antequam
1328 4557 1464 4630 ulterius
1478 4557 1744 4652 progrediamur,
1772 4557 1960 4633 observare
1974 4583 2039 4632 ne-

364 4661 472 4758 -¹}⁰¹¹¹⁰¹
494 4660 654 4719 Patriarcha·
668 4693 767 4746 cesse
794 4683 864 4765 est,
898 4694 984 4767 quae
1019 4673 1238 4747 Comitiornrn
1270 4673 1400 4747 Illorum
1434 4671 1707 4745 Patriarchalium
1732 4675 1903 4771 disciplina
1934 4676 2039 4747 fuerit.

379 4746 449 4798 ¹¹⁰⁰*
666 4786 846 4882 Postquam
878 4788 1071 4860 Patriarcha
1105 4789 1357 4863 Alexandrinus
1391 4788 1478 4860 diam
1511 4810 1604 4861 strum
1633 4786 1783 4884 obierat,
1809 4803 1845 4863 ut
1869 4812 1944 4865 mos
1971 4800 2040 4863 crat

668 4907 813 4974 omnium
839 4900 1077 4991 Ecclesiarum,
1105 4908 1160 4999 qui
1185 4908 1290 5001 ipsius
1317 4903 1467 4998 Syncclli
1490 4903 1635 4994 fuerant,
1662 4916 1695 4976 et
1713 4910 1894 5004 praecipue
1921 4928 2038 4978 secre-

553 5106 556 5115 .
667 5019 760 5109 tarii,
794 5015 908 5092 literas
935 5018 977 5091 ad
1003 5018 1207 5116 Episcopos,
1233 5020 1457 5108 Monasteria,
1491 5029 1526 5091 et
1550 5022 1750 5116 praecipuos
1776 5021 1900 5095 Latcos
1926 5024 2037 5093 mitte-
