4525 6034
571 621 823 700 PHILOXENI
853 621 1221 702 ututurouluuut
1493 628 1568 704 313

320 808 502 885 Sacerdos.
554 809 686 882 Exaudi
712 832 776 883 me.

321 926 481 1021 Populos.
533 927 638 1023 llyrie
664 925 803 1000 eleison.

321 1044 494 1116 Sacerdos
526 1045 661 1116 eteeaas
692 1066 816 1115 socero.
869 1043 914 1116 Ut
944 1043 1102 1133 illabens,
1135 1044 1253 1150 efficiat
1286 1068 1407 1141 panem
1443 1047 1573 1143 quidem

216 1162 312 1231 istum
339 1161 366 1247 i
393 1181 515 1256 corpus
547 1162 661 1231 vivum
694 1169 728 1230 et
758 1159 948 1248 vivificans,
981 1163 1010 1248 †
1044 1184 1166 1256 corpus
1199 1160 1362 1251 salutare,
1395 1163 1572 1261 †corpus

216 1274 348 1349 Domini
374 1275 439 1348 Dei
466 1285 499 1348 et
525 1274 711 1349 Salvatoris
736 1279 841 1348 nostri
866 1276 947 1347 lesu
974 1276 1111 1367 Christi,
1138 1281 1171 1348 in
1196 1281 1428 1352 remissionem
1444 1302 1574 1374 pecca-

218 1402 340 1479 tomm‚
369 1401 402 1462 et
426 1395 529 1465 vitam
557 1401 743 1481 aeternam,
771 1393 1033 1487 suscipientibus.

319 1508 479 1602 Populus.
530 1507 649 1580 Amen.

319 1624 500 1696 Sacerdos.
554 1623 598 1696 Ilt
622 1627 754 1696 mistum
780 1623 867 1719 quod
894 1634 946 1696 est
971 1628 1004 1696 iu
1029 1625 1093 1698 boc
1119 1624 1240 1716 calice,
1267 1624 1400 1713 eliciat,
1433 1627 1461 1714 †
1488 1648 1572 1699 sau-

216 1743 348 1834 guinem
375 1740 578 1813 Testamenti
605 1741 707 1830 Novi,
733 1742 762 1830 †
788 1744 983 1833 sanguinem
1009 1741 1198 1833 salutarem,
1225 1744 1467 1835 †sanguinem
1493 1742 1573 1817 Do·-

215 1861 293 1929 mini
312 1852 382 1930 Dei
408 1867 441 1929 et
466 1857 652 1930 Salvatoris
679 1860 784 1929 nostri
808 1858 890 1930 lesu
904 1855 1035 1947 Christi,
1062 1862 1096 1929 in
1114 1861 1343 1931 remissionem
1359 1867 1572 1956 peccatorum

216 1983 249 2044 et
274 1976 377 2046 vitam
404 1984 593 2065 aeternam,
619 1973 879 2070 suscipientibus.

319 2089 477 2183 Populus.
528 2093 647 2162 Amen.

318 2206 500 2277 Sacerdos.
552 2205 596 2278 Ut
621 2228 682 2300 per
708 2207 913 2278 sanctitatem
929 2227 1033 2293 suam,
1060 2205 1264 2279 sanctificent
1280 2229 1424 2302 corpora
1442 2231 1572 2304 pecca-

193 2332 338 2411 torum,
365 2331 399 2393 et
424 2321 580 2393 mundent
610 2325 735 2393 animas
769 2343 885 2394 eorum
917 2325 972 2416 qui
1006 2321 1160 2396 maculati
1193 2334 1283 2412 suut,
1313 2322 1456 2418 fiantque
1489 2346 1571 2417 erga

215 2460 276 2511 eos
302 2458 417 2509 omues
444 2441 498 2532 qui
524 2438 588 2510 iltis
615 2440 882 2512 communicaturi
908 2448 1002 2525 suut,
1029 2437 1072 2511 ad
1097 2442 1362 2535 propitiationem
1380 2438 1571 2513 delictorum

215 2565 249 2626 et
283 2557 469 2641 criminum,
500 2552 777 2649 abolitionemque
815 2565 1046 2648 peccatorum,
1081 2566 1116 2627 et
1148 2559 1380 2651 nequitiarum:
1421 2555 1463 2627 ad
1493 2556 1570 2629 ser-

213 2680 357 2742 mentum
382 2669 649 2742 benedictionum
675 2679 709 2741 et
735 2672 931 2743 sanctitatis:
959 2669 1000 2741 ad
1015 2669 1241 2743 liberationem
1256 2670 1297 2743 ab
1316 2672 1467 2746 omnibus
1486 2673 1571 2746 dolis

213 2786 366 2879 maligni,
393 2795 427 2857 et
451 2788 553 2857 utam
580 2795 756 2858 aeternam.

318 2902 477 2995 Populus.
528 2903 646 2975 Amen.

318 3018 492 3090 Sacerdos
530 3020 719 3091 inclinatas.
770 3020 858 3092 Audi
892 3018 1035 3093 Domine
1070 3023 1259 3110 orationes,
1292 3030 1325 3091 et
1360 3024 1571 3117 precationes

213 3147 361 3210 nostras:
387 3157 497 3229 neque
523 3144 667 3207 avertas¹
682 3134 803 3207 faciem
830 3139 1071 3209 miserationum
1098 3146 1225 3207 tuarum
1252 3159 1271 3207 a
1303 3135 1400 3209 nobis
1435 3148 1572 3233 propter

213 3260 353 3347 peccata
378 3263 492 3324 nostra
520 3253 628 3324 multa.
681 3252 821 3348 Suscipe
847 3275 978 3347 quoque
1005 3276 1024 3324 a
1050 3251 1147 3325 nobis
1174 3253 1369 3326 sacrificium
1386 3253 1461 3345 boc,
1488 3257 1571 3327 sicut

214 3366 415 3440 oblationem
449 3372 632 3462 justorum
675 3372 729 3465 qui
762 3391 856 3464 spem
886 3368 1070 3441 babuerunt
1101 3371 1135 3439 in
1167 3372 1340 3461 majestate
1371 3379 1436 3441 tua.
1488 3370 1568 3443 Me-

213 3495 324 3557 mento
351 3483 527 3557 Ecclesiae
552 3495 627 3556 tuae
654 3495 808 3571 sanctae,
835 3495 869 3556 et
894 3488 1037 3559 omnium
1064 3485 1253 3558 Pastorum:
1280 3488 1458 3581 praecipue
1483 3507 1568 3558 vero

215 3610 402 3673 sanctorum
429 3609 462 3671 et
487 3602 659 3674 beatorum
684 3600 948 3674 Patriarcbarum
974 3610 1161 3673 nostrorum
1187 3601 1260 3673 DD.
1287 3601 1327 3673 N.
1355 3612 1388 3675 et
1413 3603 1454 3675 N.
1479 3603 1568 3700 Epi-

215 3719 310 3812 scopi
337 3733 467 3812 quoque
493 3721 597 3791 nostri
623 3719 662 3791 D.
684 3718 725 3790 N.
744 3741 818 3789 cum
835 3718 969 3814 reliquis
986 3714 1137 3790 omnibus
1155 3716 1332 3813 Episcopis
1351 3718 1569 3794 Drtbodoxis:

215 3833 362 3907 concede
390 3842 520 3927 tpuoque
546 3833 609 3906 illis
635 3837 789 3906 virtutem
815 3843 847 3905 et
873 3844 1087 3929 potestatem,
1120 3843 1157 3905 ut
1182 3856 1264 3928 pure
1300 3844 1334 3906 et
1360 3847 1475 3908 sancte
1500 3860 1568 3933 pa-

215 3958 309 4022 scant
341 3948 438 4020 illam.
491 3950 657 4022 Memento
684 3951 825 4022 Domine
850 3949 1065 4023 Sacerdotum
1098 3952 1152 4044 qui
1178 3952 1211 4020 in
1244 3972 1284 4021 ea
1311 3953 1510 4042 ministrant,
1538 3962 1571 4024 et

214 4068 357 4137 omnium
393 4064 568 4156 Ordinum,
608 4069 663 4162 qui
702 4065 820 4139 bonori
853 4078 909 4138 tuo
944 4069 1089 4162 separati
1123 4075 1206 4139 sunt
1267 4065 1434 4141 Memento
1470 4072 1570 4142 etiam

214 4180 377 4274 Domine,
401 4185 465 4252 mei
491 4183 607 4254 infirmi
633 4186 724 4255 servi
750 4187 812 4255 tui:
838 4204 905 4254 non
932 4181 1069 4274 abjicias
1094 4205 1167 4268 me,
1195 4191 1397 4277 propterea
1425 4188 1569 4280 quaein

213 4321 268 4369 me
294 4297 370 4370 odio
398 4296 497 4390 digna
523 4310 612 4372 sunt:
638 4322 746 4395 neque
772 4320 936 4371 memores
963 4298 1040 4370 mibi
1071 4308 1210 4395 peccata
1238 4321 1322 4393 quae
1356 4310 1388 4371 te
1419 4299 1460 4370 ad
1496 4301 1569 4370 ira-

214 4413 365 4486 cundiam
390 4425 584 4510 prouocant.
636 4415 761 4487 Verum
789 4414 863 4486 dele
889 4425 922 4486 et
948 4414 1042 4486 aufer
1073 4422 1213 4510 peccata
1246 4437 1342 4505 mea,
1377 4426 1411 4487 et
1444 4414 1568 4510 culpas,

212 4532 377 4624 tubasque
402 4534 518 4622 gregis
544 4535 589 4603 tui
615 4532 753 4603 redemti
779 4554 840 4626 per
865 4553 996 4604 crucem
1023 4544 1121 4605 tuam.

317 4647 476 4740 Populus.
529 4648 633 4744 llyrie
660 4647 797 4721 eleison.

317 4761 491 4836 Sacerdos
516 4764 652 4835 eboons
676 4787 800 4836 socom.
851 4762 995 4838 Etcum
1020 4774 1054 4837 te
1079 4764 1122 4837 ad
1148 4761 1304 4835 auxilium
1331 4773 1364 4834 et
1375 4785 1473 4858 opem
1499 4764 1568 4833 im-

216 4876 401 4951 becillitatis
441 4888 576 4954 nostrae
609 4883 820 4968 invocamus,
856 4881 997 4953 Domine
1029 4904 1072 4952 ue
1105 4880 1271 4974 despicias
1298 4872 1569 4973 supplicationem

139 5044 145 5051 -
219 4995 421 5068 adorantium
448 5005 499 5067 te:
527 5008 624 5093 atque
651 4997 771 5068 exaudi
796 5019 916 5092 preces
942 5000 1057 5091 gregis
1070 4999 1115 5068 tui
1130 4993 1318 5089 spiritualis,
1344 4994 1464 5067 Pastor
1481 4991 1569 5066 bone

219 5120 254 5183 et
279 5135 380 5185 vere:
408 5110 503 5185 salva
529 5136 635 5207 agnos
662 5125 736 5188 tuos
763 5123 798 5186 et
820 5112 1201 5210 libera¹possessiouem
1227 5119 1315 5183 mam
1341 5132 1476 5183 amana
1500 5108 1568 5180 bo-
