4525 6034
406 743 563 812 l’sepbisma.

699 543 774 619 388
1076 548 1678 631 DEPATRIARGHA

799 732 905 807 LXX.
933 734 1026 808 Talis
1052 757 1156 832 porro
1183 736 1245 809 init
1269 736 1356 810 illius
1382 738 1619 837 Psepbismutis
1645 741 1775 833 forma,
1801 766 1900 839 quam
1925 743 2053 840 Coptica

628 913 632 920 ,,
695 860 731 922 et
755 849 905 925 Arabica
930 849 1146 943 Abulbircat,
1178 853 1380 928 Pontificalis
1407 854 1492 929 liber
1525 856 1763 950 Seguierianus
1798 863 1899 933 edam
1933 860 2052 934 Graece

695 977 940 1064 repraesentat,
955 967 1016 1040 sed
1031 970 1155 1041 misere
1173 980 1374 1066 corruptam,
1396 971 1485 1066 quod
1499 971 1540 1046 ab
1555 971 1741 1047 bominibus
1761 974 1899 1069 linguae
1913 976 2053 1051 Graecae

694 1086 853 1180 imperitis
886 1083 1053 1182 descripta
1079 1083 1187 1157 fuerit
1239 1085 1436 1182 Loquuntur
1468 1092 1612 1161 omnium
1645 1094 1780 1163 nomine
1809 1091 1966 1190 Episcopi
1994 1093 2053 1165 la·

695 1199 838 1288 cobitae,
866 1205 1064 1295 congregati
1090 1224 1165 1274 curn
1181 1201 1432 1293 Sacerdotibus,
1445 1205 1617 1296 Diaconis,
1644 1211 1799 1303 omnique
1816 1208 1942 1304 populo
1959 1207 2053 1282 Citri-

694 1327 782 1391 stum
809 1327 940 1389 amante
965 1316 1058 1389 urbis
1083 1316 1325 1408 Alexandriae,
1353 1322 1519 1415 totiusque
1534 1323 1697 1420 Aegypti
1722 1323 1779 1396 Ex
1805 1324 1924 1420 quibus
1949 1325 2053 1399 verbis

695 1432 899 1525 intelligitur,
925 1432 1165 1508 Alexandrinis
1192 1446 1429 1510 conservatam
1447 1435 1585 1510 honoris
1601 1444 1874 1536 praerogativam
1890 1444 1925 1513 in
1950 1445 2053 1513 onmi-

694 1549 759 1623 bus
785 1548 893 1623 ferme
919 1553 1001 1624 actis
1028 1562 1084 1623 aut
1109 1555 1345 1641 instrumentis,
1373 1555 1473 1625 etiam
1489 1562 1667 1650 postquam
1693 1555 1862 1630 alternare
1887 1581 1962 1630 cum
1987 1552 2053 1629 Oa-

694 1665 819 1739 birauis
852 1677 1056 1761 coeperunt,
1087 1690 1198 1763 neque
1230 1669 1296 1740 nisi
1329 1671 1533 1765 pervices,
1562 1674 1619 1763 jus
1651 1676 1780 1769 primae
1813 1677 1995 1749 sententiae
2023 1677 2054 1746 in

693 1781 843 1856 Comitiis
885 1781 1046 1856 dicendae
1081 1788 1298 1857 retinuemnt.
1358 1786 1491 1881 Quippe
1532 1786 1574 1859 ad
1616 1809 1677 1861 eos
1715 1793 1853 1887 propn'e
1890 1786 2055 1885 spectabat

692 1900 826 1991 electio,
851 1922 960 1995 neque
987 1899 1031 1972 ad
1055 1898 1187 1974 nobiles
1214 1924 1275 1976 seu
1298 1899 1496 1999 ’Άρχωττας
1520 1902 1714 1994 Latcomm
1748 1908 1804 2001 qui
1830 1901 1974 1978 Gabiraa
1998 1927 2054 1979 se·

692 2015 753 2090 des
779 2014 948 2089 habebant
973 2021 1113 2107 uausbt
1139 2019 1183 2092 ob
1212 2018 1312 2091 uliam
1338 2022 1514 2109 rationem,
1542 2042 1653 2115 quam
1667 2022 1755 2116 quod
1775 2033 1890 2095 essent
1915 2021 2055 2118 plerique

691 2155 738 2205 ex
751 2132 990 2208 Alexandrinis
1017 2131 1160 2206 familiis.
1187 2132 1443 2209 Observandum
1459 2127 1594 2231 quoque
1620 2146 1673 2211 est
1698 2140 1732 2208 in
1759 2138 1879 2211 eodem
1891 2138 2055 2210 electionis

691 2249 851 2341 Decreta,
879 2272 1088 2347 quocumque
1112 2251 1191 2324 loco
1217 2251 1273 2324 illa
1299 2251 1387 2325 iacta
1411 2251 1513 2325 fuerit
1547 2256 1622 2325 sive
1646 2253 1893 2343 Alexandriae,
1926 2263 1961 2324 ut
1985 2252 2055 2325 olim

689 2389 798 2462 usque
824 2367 867 2439 ad
893 2366 1155 2442 biubamedanos
1182 2390 1335 2464 semper,
1361 2379 1481 2466 postea
1508 2367 1702 2464 aliquando,
1738 2371 1813 2443 dein
1841 2369 1977 2443 alternis
2000 2373 2055 2442 vi-

692 2483 805 2572 cibus,
839 2484 943 2557 semel
977 2481 1120 2557 Cabirae
1153 2495 1274 2580 postea
1306 2484 1552 2558 Alexandriae:
1587 2487 1719 2559 tandem
1746 2484 1892 2559 cannae
1919 2507 2056 2581 semper,

691 2612 727 2672 ut
756 2601 925 2693 ¹sullragiis
960 2600 1242 2691 Christianomm,
1277 2604 1388 2673 statim
1411 2604 1571 2680 autoritas
1603 2602 1859 2697 Magistratuum
1895 2613 1930 2675 et
1961 2601 2055 2673 Prin-

692 2720 777 2813 cipis
804 2717 1002 2809 accederet,
1028 2727 1139 2790 tamen
1165 2717 1355 2815 Episcopus
1382 2728 1416 2790 et
1441 2718 1606 2814 reliquos,
1632 2741 1699 2792 non
1726 2741 1801 2811 suo,
1829 2729 1887 2792 ant
1911 2723 2055 2816 privatae

691 2833 879 2907 altemtrius
898 2831 1075 2907 Ecclesiae
1099 2836 1246 2925 nomine,
1273 2833 1334 2909 sed
1359 2837 1503 2907 omnium
1519 2834 1776 2908 Christianorum
1791 2837 1946 2933 Aegypti
1962 2826 2055 2907 coin·

689 2953 854 3025 munionis
880 2950 1088 3024 Jacobiticae
1119 2954 1255 3023 nomine
1279 2951 1372 3047 loqui
1398 2962 1433 3023 et
1458 2950 1656 3026 electionem
1680 2950 1803 3025 iactam
1830 2953 2002 3049 publicare
2025 2959 2056 3024 et

436 3195 536 3249 naara
562 3195 674 3249 defuncti
689 3066 921 3257 corrup&
947 3182 1137 3277 Sequemur
1170 3182 1288 3255 laudes
1320 3182 1462 3256 debtncti
1497 3181 1728 3273 Patriarcbae,
1764 3205 1852 3278 quae
1886 3181 2053 3278 aliquando

401 3281 570 3336 Patriarcbaa.

686 3304 793 3377 fusius
827 3309 1041 3391 enarrantur,
1078 3322 1155 3371 nam
1190 3297 1318 3372 illamm
1353 3304 1449 3373 avari
1486 3322 1648 3396 nusquam
1686 3297 1875 3372 Orientales
1913 3298 2050 3372 fumum:

686 3442 809 3493 nomen
836 3422 909 3512 ejus
936 3418 1106 3500 inseritur,
1134 3426 1168 3487 et
1193 3419 1375 3490 memoriae
1400 3415 1543 3490 fidelium
1572 3414 1829 3489 commendatur.
1882 3412 2052 3511 Exprimi-

687 3546 740 3607 tur
766 3534 886 3608 deinde
909 3534 1017 3606 luctus
1043 3530 1215 3627 publicus,
1240 3555 1287 3604 ex
1312 3535 1495 3607 communis
1521 3534 1625 3629 patris
1653 3531 1763 3605 obitu:
1794 3550 1945 3626 moxque
1971 3531 2052 3603 dici-

687 3662 752 3743 tur,
780 3675 844 3747 qua
869 3653 1001 3723 ratione
1026 3652 1224 3742 congregati
1251 3671 1369 3722 omnes
1394 3671 1490 3723 more
1515 3653 1691 3743 majorum,
1717 3668 1793 3719 aum
1819 3643 1986 3739 elegerint
2003 3649 2052 3742 qui

686 3770 833 3840 maxime
859 3766 924 3839 boc
948 3764 1078 3840 bonore
1104 3764 1243 3858 dignus,
1277 3768 1437 3862 onerique
1468 3765 1662 3839 sustinendo
1696 3762 1835 3837 idoneus
1868 3763 2050 3850 videbatur,

687 3894 786 3979 atque
813 3882 911 3956 electi
936 3905 1058 3955 nomen
1085 3905 1160 3953 cnm
1186 3880 1336 3956 laudibus
1364 3886 1463 3955 etiam
1495 3882 1605 3957 multis
1637 3882 1810 3967 inseritur,
1843 3878 2050 3953 declaratur-

688 4024 753 4096 que
785 4003 874 4074 votis
915 4002 1059 4073 omnium
1093 4002 1277 4095 expetitas,
1313 3998 1506 4094 electusque
1538 3996 1741 4071 Patriarcha.
1800 3996 1963 4095 Episcopi
1998 3999 2050 4068 iu-

687 4126 901 4190 strumentum
928 4138 989 4189 seu
1014 4115 1194 4187 Decretum
1226 4110 1328 4187 scribi
1357 4111 1491 4207 Jubeut,
1525 4123 1751 4208 testanturque
1785 4135 1827 4186 se
1857 4113 1939 4187 illud
1970 4134 2050 4209 pro·

686 4234 769 4306 bare
793 4255 867 4306 cum
888 4229 1040 4305 omnibus
1058 4232 1153 4305 simul
1172 4234 1401 4323 congregatis,
1426 4227 1675 4319 Sacerdotibus,
1701 4229 1873 4319 Diaconis,
1902 4228 2048 4317 clericis,

685 4347 860 4422 Monacbis
887 4358 921 4420 et
948 4350 1037 4421 omni
1062 4348 1187 4444 popudo
1213 4345 1305 4419 urbis
1331 4369 1475 4440 magnae
1499 4345 1739 4435 Alexandriae,
1765 4359 1840 4443 post
1863 4354 2047 4421 accuratam

686 4465 729 4537 de
755 4469 829 4559 ejus
854 4464 1021 4554 moribus,
1047 4464 1131 4554 fide,
1159 4474 1193 4537 et
1218 4464 1401 4561 praeclaris
1426 4463 1559 4538 dotibus
1590 4465 1835 4559 inquisitionem
1865 4466 1989 4538 lacman
2018 4463 2048 4531 in

685 4582 900 4655 Monasteriis
937 4580 1046 4654 Sectis
1080 4591 1115 4653 et
1148 4580 1293 4672 Nitriae,
1330 4581 1515 4677 auditisque
1540 4579 1778 4655 blonachomm
1813 4578 1855 4650 de
1890 4583 1965 4674 eJ’us
1999 4577 2049 4673 pia

684 4702 941 4774 conversatione
966 4700 1172 4771 testimoniis.

788 4815 924 4888 LXXll.
940 4814 1212 4911 Subscriptiones
1231 4813 1475 4911 Episcopomm
1494 4816 1600 4911 primo
1618 4813 1696 4887 loco
1713 4813 1947 4907 adjunguntur,
1967 4808 2047 4885 sub·

686 4930 898 5026 scribuntque
924 4932 1044 5024 singuli
1067 4936 1166 5026 juxta
1193 4930 1406 5006 ordinationis
1433 4953 1516 5004 suae
1543 4932 1788 5026 antiquitatem
1821 4952 1932 5025 neque
1964 4928 2044 4998 enim

686 5047 795 5144 abqua
822 5059 894 5121 erat
921 5049 1048 5124 sedium
1080 5050 1338 5146 praerogativa,
1374 5046 1434 5122 sed
1466 5046 1530 5119 illis
1566 5050 1727 5139 comitiis,
1761 5055 1798 5118 ut
1832 5056 1865 5118 et
1900 5040 2043 5117 concdiis
