4525 6034
523 583 726 662 inlicitur
750 581 921 663 EPlSCOPl
945 567 1221 661 theothildis.
1508 578 1586 654 407

315 773 478 869 Populos.
530 775 651 846 Amen.

316 890 501 962 Socerum.
553 890 637 962 Pax.

315 1006 478 1100 Populus.
530 1003 575 1077 Et
601 1028 675 1077 cum
702 1008 818 1101 spiritu
845 1015 911 1076 tuo.

315 1123 505 1195 Diaconos.
566 1123 651 1194 Post
692 1125 941 1218 susceptionem
979 1123 1214 1218 mysteriorum
1263 1122 1400 1193 istorum
1443 1128 1587 1192 sancto-

210 1261 297 1328 rum,
324 1249 385 1311 etc.

316 1354 477 1449 Populus.
530 1351 655 1426 Coram
680 1362 725 1424 te.

317 1470 502 1545 Sacerdos.
555 1470 698 1542 Domine
732 1471 785 1565 qui
817 1468 982 1541 inclinasti
1009 1467 1126 1541 coelos
1162 1479 1196 1541 et
1230 1467 1446 1542 descendisti:
1482 1477 1516 1540 et
1541 1492 1588 1541 ex

212 1591 364 1660 terrain
391 1587 533 1661 sublime
560 1607 623 1659 nos
659 1585 817 1675 elevasti:
847 1586 1062 1681 peccatisque
1097 1586 1243 1657 omnium
1276 1595 1427 1659 nostrum
1456 1608 1586 1682 peper-

214 1707 304 1776 cisti:
332 1706 495 1800 propitius
522 1712 596 1776 esto
623 1701 783 1791 Domine,
814 1725 877 1798 per
912 1701 1032 1774 donum
1057 1700 1124 1774 hoo
1150 1701 1240 1798 quod
1266 1705 1491 1798 suscepimus,
1527 1704 1587 1775 toti

211 1817 336 1892 bomini
361 1831 478 1894 nostro
505 1821 656 1892 interiori
682 1828 716 1890 et
743 1821 921 1892 exteriori:
948 1829 983 1891 et
1009 1819 1051 1892 da
1077 1817 1177 1892 nobis
1194 1820 1351 1892 virtutem
1371 1828 1405 1892 et
1430 1827 1586 1913 potesta-

211 1945 303 2026 tem,
338 1936 380 2007 ad
413 1957 520 2008 verae
554 1937 685 2031 pietatis
718 1941 796 2008 t'uae
829 1936 1102 2023 observantiam,
1142 1938 1219 2030 quia
1252 1945 1287 2007 tu
1319 1958 1358 2009 es
1387 1935 1481 2007 Deus
1508 1934 1586 2007 cle-

214 2072 329 2141 mens:
356 2062 391 2124 et
417 2051 476 2124 tibi
501 2050 633 2123 laudem
659 2051 851 2139 referimus,
878 2051 1036 2146 Patrique
1061 2061 1118 2124 tuo
1145 2060 1180 2123 et
1205 2049 1343 2148 Spiritui
1368 2062 1425 2123 tuo
1452 2060 1589 2125 sancto:

212 2179 480 2366 nunqpeotpqlm·
533 2272 653 2344 Amen.
860 2271 1049 2345 Diaconos.
1101 2271 1251 2346 Benedic
1275 2271 1428 2345 Domine.

318 2388 507 2482 Sacerdos,
556 2387 705 2461 Benedic
732 2388 895 2462 omnibus.

606 2722 1197 2779 ψ

255 3158 314 3250 ru
359 3155 702 3249 irruaorln
743 3155 1072 3250 rnrionuru
1116 3156 1548 3252 insonueritis

563 3377 598 3497 0
634 3379 670 3494 B
707 3376 736 3496 S
771 3376 808 3494 E
843 3376 882 3494 lt
917 3377 957 3493 V
991 3377 1032 3493 h
1066 3378 1098 3495 T
1132 3377 1157 3495 Ι
1193 3378 1241 3498 0.

306 3687 400 3766 Hau
429 3697 594 3783 liturgiam
626 3697 834 3761 transtulimus
865 3717 905 3760 ex
937 3695 1050 3761 Codice
1081 3696 1299 3781 Seguieriano,
1328 3700 1359 3762 in
1387 3718 1446 3782 quo
1476 3702 1590 3785 aliquot

215 3804 294 3868 aliae
315 3791 557 3881 continebantur,
582 3807 613 3863 et
635 3802 722 3883 cujus
745 3821 805 3883 ope
823 3802 1012 3885 agnovimus,
1035 3800 1232 3865 Philoxenum
1254 3802 1340 3885 cujus
1362 3821 1473 3868 nomeu
1495 3826 1590 3888 prae-

215 3904 276 3969 iert
296 3921 358 3967 nou
380 3920 450 3966 esse
473 3901 690 3983 llabuqensem
712 3903 778 3965 sive
805 3901 1061 3982 hieropolitanum
1090 3919 1109 3964 a
1136 3900 1281 3965 Jacobitis
1311 3910 1472 3985 tantopere
1502 3907 1589 3970 cele-

214 3999 346 4082 bratum,
368 4003 423 4066 sed
446 4002 583 4080 alterum,
606 4000 790 4082 Episcopum
811 4000 1051 4084 Baqdadensem,
1074 4003 1125 4083 qui
1148 3989 1375 4066 etiamvocatus
1397 4004 1588 4071 estlazarus

214 4106 282 4169 sive
303 4103 469 4167 Eleazarus
491 4101 569 4165 iilius
593 4100 693 4165 Sabta.
739 4100 813 4175 Quis
836 4119 931 4183 porro
953 4100 1004 4165 ille
1027 4100 1128 4180 luerit,
1152 4109 1204 4164 aut
1225 4102 1344 4184 quaudo
1367 4105 1477 4167 vixerit
1498 4105 1589 4186 plane

217 4204 381 4267 obscurum
403 4210 460 4265 est.
504 4201 623 4264 Notam·
641 4197 747 4280 luisse,
770 4209 801 4264 et
828 4203 859 4265 iu
881 4202 979 4283 pretio
1006 4201 1136 4265 habitam
1165 4201 1243 4265 hanc
1268 4202 1449 4287 liturgiam,
1480 4207 1589 4287 probat

215 4304 362 4367 autoritas
392 4301 516 4365 alterius
548 4318 626 4382 quae
657 4309 784 4364 vocatur
804 4302 971 4365 Doctorum
991 4300 1176 4365 Sanctorum
1202 4322 1220 4364 a
1248 4299 1365 4367 Joanne
1392 4304 1503 4387 Magno
1529 4305 1590 4367 Pa-

214 4403 348 4467 triarcha
370 4400 561 4465 Antiocheno
585 4419 625 4462 ex
648 4400 713 4462 aliis
736 4400 878 4466 collecta:
907 4402 938 4463 in
967 4420 1027 4483 qua
1054 4401 1132 4464 duae
1156 4403 1310 4465 orationes
1333 4403 1508 4466 referuntur
1530 4404 1586 4468 sub

214 4504 338 4566 nomine
359 4501 508 4576 Eleazari,
531 4519 609 4581 quae
631 4502 661 4562 in
682 4502 740 4563 ista
762 4502 898 4583 liturgia
920 4503 1122 4583 reperiuntur.
1163 4502 1211 4565 Ex
1233 4501 1312 4564 illius
1336 4502 1490 4586 dignitate,
1512 4502 1589 4585 Epi-

214 4604 304 4684 scopi
325 4602 442 4666 scilicet
463 4601 670 4683 bagdadeusis
694 4609 779 4666 certo
806 4603 933 4681 sciurus,
963 4621 1030 4665 eum
1053 4607 1123 4664 ante
1151 4603 1252 4665 octavi
1274 4602 1389 4664 saeculi
1410 4603 1499 4666 linem
1527 4622 1588 4667 non

214 4704 342 4780 vixisse,
366 4720 433 4765 curn
455 4720 534 4764 anno
556 4699 723 4766 bcctxtt.
746 4701 920 4785 Bagdadum
943 4702 1111 4765 condiderit
1122 4701 1296 4781 Almansor,
1319 4700 1414 4766 Callia
1436 4702 1587 4767 secundus
1650 4708 1749 4782 litum.
1769 4728 1797 4780 ρ.
1820 4710 1864 4763 97.
1889 4721 1914 4764 er

216 4820 258 4866 ex
280 4800 517 4865 Abbassidarum
539 4809 702 4864 stemmate.
746 4801 820 4865 Cum
842 4821 918 4865 vero
941 4802 1013 4865 urbs
1038 4801 1194 4865 aedificata
1215 4801 1325 4867 luisset
1347 4821 1387 4864 ex
1408 4802 1504 4866 ruinis
1527 4803 1583 4868 Se·
1616 4794 1715 4849 ΑΜ
1740 4797 1831 4850 haar.
1855 4795 1912 4849 ¹²⁰·

215 4901 336 4965 leuciae
358 4909 389 4964 et
413 4900 628 4982 Ctesiphontis,
652 4901 702 4964 ubi
724 4909 864 4982 tanquam
891 4903 922 4965 in
944 4902 1113 4984 conjunctis
1135 4900 1270 4981 urbibus,
1293 4908 1325 4964 et
1347 4919 1425 4983 quae
1447 4920 1504 4985 pro
1527 4919 1587 4965 una
1617 4890 1690 4937 mm.

218 4999 407 5065 habebantur
429 5009 510 5065 esset
531 5001 690 5063 Persarum
712 5000 818 5085 Regia,
841 5002 873 5064 in
896 5020 955 5083 qua
976 5001 1051 5064 urbe
1075 4999 1223 5064 Catholici
1243 4993 1499 5080 Nestorianorum,
1522 5004 1587 5066 sive

217 5100 354 5182 supremi
377 5119 481 5164 eorum
504 5099 664 5163 Antistites
686 5100 790 5164 sedem
812 5120 897 5166 suam
923 5102 1159 5181 constituerant,
1187 5101 1220 5164 in
1241 5119 1350 5164 novam
1379 5103 1460 5166 illarn
1481 5102 1591 5167 Muha-
