4525 6034
547 582 600 657 Al)
615 581 823 658 lutacium
839 577 1034 657 corticum
1050 581 1081 657 S.
1096 580 1243 657 tisun.
1514 580 1588 656 241

216 786 252 830 ac
271 767 379 828 etaim
398 765 505 844 incipit
525 764 662 826 diuidere
684 773 714 826 et
734 771 805 825 ante
827 764 929 825 omitia
948 762 1173 827 discibuereiu
1185 763 1320 844 &paulos
1341 764 1454 828 culices
1471 774 1595 846 purtem

214 884 316 940 mam,
339 865 453 927 dicem,
499 862 619 926 Unitum
641 869 690 926 est
712 869 743 924 et
764 860 981 924 sanctificatum
1009 870 1040 924 et
1063 871 1300 925 consummatum
1330 865 1362 926 in
1388 866 1509 927 nomine
1531 863 1592 926 Pa·

213 965 277 1039 tris,
301 970 361 1024 etc.
403 962 445 1023 lit
466 980 534 1023 mum
555 965 657 1042 sipuat
681 980 791 1041 panem
818 961 901 1023 dicit.
950 961 1032 1023 Ecce
1060 979 1157 1044 agnus
1185 961 1259 1039 Dei,
1288 961 1366 1025 iilius
1397 962 1511 1040 Patris,
1540 961 1592 1042 qui

214 1062 291 1127 tollit
313 1067 442 1143 peccata
464 1060 576 1136 mundi,
598 1061 660 1122 nita
683 1068 713 1122 et
735 1058 843 1121 salute.
888 1058 929 1120 Et
951 1078 1019 1121 mum
1040 1059 1196 1122 distribuit
1215 1079 1308 1123 amam
1325 1067 1448 1140 portem
1469 1062 1502 1122 iu
1523 1064 1592 1122 auu-

211 1163 299 1242 puloa
322 1161 436 1222 calices
457 1160 540 1222 dicit.
585 1159 688 1221 Portio
711 1164 815 1221 sancta
838 1141 967 1237 Christi,
990 1157 1081 1238 plena
1102 1161 1233 1242 gratiae,
1256 1166 1288 1222 et
1310 1158 1466 1236 veritatis,
1494 1159 1591 1222 Patris

215 1268 245 1322 et
257 1259 389 1340 Spiritus
412 1259 518 1334 saneti,
541 1258 590 1320 eui
612 1258 721 1342 gloria,
744 1257 901 1337 imperium
921 1258 954 1318 in
976 1257 1097 1320 saecula
1121 1258 1323 1321 saeculorum.
1365 1257 1399 1318 ln
1422 1257 1489 1320 aliis
1511 1276 1593 1339 quo-

214 1376 273 1438 quc
296 1365 332 1420 ut
354 1356 574 1437 chrysostomi,
597 1365 628 1420 et
649 1356 763 1434 Basilii,
785 1358 859 1418 satis
890 1355 1068 1439 designatur
1089 1357 1169 1419 idem
1191 1357 1277 1435 ritus,
1301 1358 1352 1437 qui
1374 1357 1486 1419 Latinis
1511 1375 1593 1437 quc-

213 1476 272 1539 que
296 1455 463 1519 communis
486 1463 544 1533 est,
566 1472 687 1536 nempe,
711 1463 743 1517 ut
765 1454 861 1517 iracta
884 1455 993 1532 hostia,
1017 1455 1152 1537 ejusdem
1168 1455 1316 1537 particula
1339 1455 1426 1517 calici
1448 1456 1592 1517 immitta-

211 1563 272 1633 tur,
294 1554 365 1617 dum
388 1553 511 1616 dicitur:
533 1553 619 1616 llaec
641 1555 816 1616 commeabo
838 1561 867 1615 et
889 1555 1080 1616 corasecratio
1102 1557 1243 1634 corporis
1260 1555 1460 1634 etaonpuimis
1469 1554 1594 1617 Doruini

211 1655 314 1716 nostri
334 1652 410 1714 lesu
432 1651 557 1727 Christi,
576 1654 634 1732 fiat
653 1651 872 1732 amipieutibuu
893 1651 982 1713 nobb
1002 1653 1035 1713 ia
1056 1654 1152 1714 citam
1173 1660 1338 1716 semmam.
1385 1652 1470 1727 Once
1493 1656 1592 1716 oratio

213 1753 273 1817 etsi
294 1752 405 1814 leviter
427 1751 590 1829 immutata,
612 1753 765 1831 reperitur
787 1749 894 1813 eodem
927 1767 1020 1811 sensu
1050 1752 1080 1811 in
1110 1750 1247 1814 omnihus
1270 1752 1401 1832 antiquis
1424 1751 1592 1830 codicibus,

211 1852 253 1914 ita
277 1858 388 1928 tamen,
410 1856 444 1912 ut
466 1868 503 1912 ea
525 1849 615 1913 lectio
639 1868 727 1930 qnam
749 1850 848 1912 Actor
869 1848 1016 1911 Natarum
1044 1847 1082 1911 ad
1106 1846 1277 1914 Gabrielem
1299 1849 1592 1931 Philadelphiensem

213 1950 362 2014 observat
384 1947 497 2010 vidisse
519 1967 553 2010 se
577 1951 607 2010 in
629 1966 704 2026 uno,
733 1949 763 2009 in
785 1966 847 2028 quo
870 1948 1026 2029 legeretur
1048 1966 1161 2027 corpus
1184 1954 1213 2009 et
1234 1951 1374 2028 scrupeis,
1404 1950 1436 2010 in
1464 1948 1546 2011 nullo
1573 1968 1593 2013 a

213 2064 367 2130 quoquam
390 2055 497 2109 autore
521 2046 630 2110 idoneo
654 2046 846 2127 deprehensa
868 2048 917 2126 sit,
941 2064 1041 2127 neque
1064 2046 1185 2109 anobis
1199 2049 1251 2126 qui
1263 2046 1373 2110 multos
1386 2048 1590 2128 tractavimus,

213 2156 306 2228 atque
328 2144 406 2209 adeo
428 2147 655 2226 mmpectisslma
678 2145 717 2208 de
745 2145 854 2208 mendo
883 2164 952 2208 esse
981 2146 1100 2209 debeat.
1150 2145 1215 2220 Nep
1244 2147 1323 2208 enim
1354 2146 1440 2210 locus
1469 2147 1590 2209 omnino

213 2254 272 2324 est,
297 2252 330 2307 ut
351 2252 456 2307 cretur
477 2262 535 2325 pro
558 2246 789 2308 consecratione
821 2245 960 2325 eorporis
990 2251 1022 2306 et
1051 2244 1209 2327 sanguinis
1241 2244 1371 2323 Christi,
1406 2265 1468 2310 non
1495 2245 1592 2309 solum

213 2346 285 2426 quia
303 2345 367 2426 jam
389 2343 525 2406 omnibus
547 2343 656 2421 modis,
679 2345 770 2406 etiam
792 2344 957 2406 secundum
980 2342 1167 2406 Graecorum
1187 2345 1392 2407 recentiorum
1406 2346 1591 2426 opinionem,

211 2442 353 2525 perlecta
377 2440 530 2505 censenda
552 2450 614 2517 est3
642 2440 700 2505 sed
729 2443 799 2523 quia
826 2444 1016 2505 consecratio
1040 2460 1118 2524 quae
1140 2442 1326 2524 postulatur,
1358 2461 1419 2506 non
1449 2443 1505 2507 alia
1533 2452 1592 2522 est,

213 2561 304 2624 quam
327 2542 493 2603 conmmtio
517 2541 632 2622 speciei
654 2543 821 2623 utriusque.
844 2542 939 2623 liujus
961 2560 1037 2605 vero
1061 2541 1271 2605 caeremoniae
1294 2560 1373 2623 quae
1388 2543 1418 2605 in
1432 2541 1593 2604 Fractione

212 2641 350 2718 hostiae,
381 2639 655 2721 particularemque
689 2641 864 2703 intinctione
898 2639 1078 2703 observatur
1107 2640 1343 2722 significationes
1370 2643 1530 2723 mysticas,
1560 2647 1593 2703 ut

214 2740 294 2820 apud
319 2738 453 2800 Graecos
477 2737 642 2801 Germanus
664 2738 1032 2820 Constantinopolitanae,
1060 2739 1225 2816 Maximus,
1249 2746 1280 2802 et
1302 2741 1380 2803 inter
1401 2743 1592 2805 recentiores

214 2837 391 2915 Cabasilas,
422 2838 652 2918 explicaverunt
679 2838 718 2900 de
744 2839 893 2902 scissione
922 2846 954 2901 et
985 2838 1172 2902 laceratione
1200 2840 1340 2920 corporis
1374 2838 1487 2902 Christi
1512 2841 1592 2902 inter

212 2935 432 3019 flagellantium
454 2943 484 2998 et
507 2937 746 3019 crucifigentium
767 2955 884 3015 manus,
907 2937 946 3001 de
958 2937 1107 3001 allusione
1119 2939 1289 3021 sanguinis:
1314 2938 1591 3002 deresurrectione

213 3038 291 3117 ejas,
315 3033 415 3115 deque
438 3035 503 3096 aliis
528 3037 695 3116 mysteriis,
725 3037 766 3098 ita
795 3035 903 3099 eodem
925 3054 1018 3099 sensu
1040 3035 1203 3116 Dionysius
1226 3036 1390 3116 Barsalihi,
1422 3046 1512 3119 atquc
1541 3037 1592 3102 ulii

214 3134 365 3217 theologi
387 3133 558 3197 Orientales
581 3152 648 3197 eam
670 3134 897 3218 intelligendam
919 3153 990 3198 esse
1013 3135 1191 3199 docuerunt.

652 3397 773 3467 Oratio
798 3402 878 3489 post
903 3395 1013 3465 Pater
1039 3400 1166 3469 noster.
1640 3406 1670 3459 r.
1688 3409 1732 3459 er.
1751 3408 1767 3459 a
1789 3409 1813 3459 r.

333 3601 369 3681 [a
392 3614 530 3677 omnibus
546 3612 760 3693 Orientalibus,
784 3632 846 3677 non
869 3615 965 3678 minus
989 3633 1078 3696 quam
1090 3614 1335 3678 Occidentalihus
1350 3613 1478 3693 Ritibus,
1502 3614 1593 3695 paulo
1642 3610 1732 3666 orario
1757 3621 1817 3681 i⁰¹i
1841 3614 1922 3667 Pete

215 3724 287 3779 ante
310 3715 550 3779 communionem
573 3713 632 3775 dici
654 3712 733 3777 solet
755 3714 861 3776 Oratio
884 3715 1049 3792 Dominica,
1073 3733 1113 3777 ex
1130 3713 1311 3795 Apostolica
1333 3713 1529 3792 institutione,
1553 3714 1591 3777 de
1605 3708 1696 3751 ”mi

215 3834 276 3897 qua
298 3816 411 3897 passim
434 3820 554 3875 autores
577 3811 740 3896 Liturgici,
770 3812 878 3875 Graeci
907 3822 937 3876 et
959 3813 1065 3876 Latini.
1113 3812 1172 3877 Sed
1196 3813 1336 3876 dilierunt
1359 3811 1530 3876 Orientales
1554 3811 1591 3872 ab

216 3913 474 3989 Occidentalihus,
497 3911 578 3993 quod
601 3911 680 3992 apud
702 3912 906 3996 istosldieitur
927 3913 1212 3993 postFractionem,
1235 3913 1316 3995 apud
1330 3912 1400 3977 illos
1414 3929 1481 3975 eant
1497 3928 1592 3992 prae-

218 4014 310 4079 cedit.
355 4013 467 4076 lterum
488 4010 597 4073 Latino
620 4013 680 4073 ritu
703 4029 719 4073 ιι
743 4009 909 4075 Sacerdote
932 4013 1065 4091 canitur,
1100 4020 1151 4074 aut
1173 4014 1319 4076 recitatur
1342 4012 1421 4075 elata
1443 4030 1538 4076 voce:
1562 4012 1593 4072 ia

217 4113 345 4176 Oriente
369 4109 521 4176 Sacerdos
544 4110 710 4191 praemIssa
732 4111 867 4174 oratione
889 4112 987 4190 brevi,
1011 4112 1114 4193 incipit
1137 4119 1249 4173 tantum
1273 4112 1368 4173 Pater
1389 4120 1510 4173 noster:
1533 4127 1593 4190 po-

216 4213 307 4294 pulus
330 4210 542 4294 prosequitur:
577 4217 609 4272 et
636 4210 674 4273 ad
704 4209 793 4273 linem
822 4211 1012 4292 subiungitur
1034 4209 1110 4272 haec
1132 4211 1246 4288 oratio,
1270 4230 1328 4292 qua
1351 4218 1476 4294 rogatur
1498 4209 1592 4288 Deus,

215 4319 250 4375 ut
274 4329 331 4373 nos
354 4330 371 4372 a
394 4309 526 4393 maligno
549 4309 667 4372 liberet
688 4309 884 4372 Sacerdotem
906 4317 1031 4390 oportet,
1054 4310 1150 4391 inquit
1172 4309 1329 4389 Barsalihi,
1354 4318 1496 4390 tauquam
1518 4327 1593 4369 cor-
1658 4347 1734 4400 Cart.
1762 4348 1836 4401 Bm
1859 4349 1921 4403 13oe-

214 4412 305 4490 poris
325 4409 484 4471 Ecclesiae
505 4408 647 4489 liapuum
669 4409 801 4488 incipere
822 4406 998 4470 Orationem
1019 4408 1225 4485 Domiuiaam,
1254 4428 1344 4490 quam
1365 4408 1472 4489 reliqui
1490 4408 1595 4486 fideles
1606 4433 1700 4503 pm
1718 4433 1734 4485 q
1754 4433 1779 4487 ρ,
1798 4451 1822 4487 ς,
1843 4433 1885 4487 15⁸

215 4516 447 4588 prosequentur.
493 4505 569 4569 Cum
598 4524 674 4569 vero
703 4507 858 4570 recitanda
888 4509 926 4570 sit
955 4507 1081 4588 Coptica
1112 4527 1128 4569 a
1158 4507 1274 4590 populo
1297 4507 1401 4572 Oratio
1424 4506 1593 4586 Dominica,

217 4607 335 4669 idcirco
359 4607 440 4668 inter
463 4624 500 4669 ea
523 4623 600 4687 quae
624 4604 857 4681 Sacerdotibus,
886 4605 924 4667 ad
955 4624 1031 4686 qnos
1054 4607 1218 4669 animarum
1241 4625 1314 4670 cura
1336 4615 1464 4688 spectat,
1487 4608 1593 4671 diatri-

219 4707 297 4768 ctius
319 4706 560 4786 praecipiuntur,
584 4706 717 4769 occurrit
738 4704 811 4767 illud
834 4705 1019 4784 mandatum,
1055 4713 1089 4769 ut
1117 4706 1249 4787 populus
1278 4724 1343 4769 eam
1367 4716 1398 4770 et
1420 4706 1595 4789 Symbolum

220 4805 368 4867 doceatur
390 4803 497 4867 eudem
518 4803 637 4887 lingua:
668 4813 730 4867 tum
757 4814 789 4868 ut
812 4804 931 4888 vulgari
954 4804 1095 4868 idiomate
1118 4804 1326 4886 explicentur,
1354 4804 1410 4868 sed
1431 4814 1518 4869 extra
1540 4805 1595 4868 Li-

221 4903 368 4985 turgiam,
398 4902 437 4965 de
460 4922 519 4986 qua
542 4904 760 4968 consuetudine
782 4902 972 4969 observanda
995 4911 1079 4968 extat
1101 4904 1250 4968 Gabrielis
1272 4904 1339 4967 Filii
1361 4905 1469 4968 Tarich
1493 4905 1596 4989 Syno-

223 4999 291 5064 dica
314 5003 500 5065 constitutio.
546 5003 590 5066 Ea
613 5005 732 5068 ratione
754 5003 852 5067 luctae
876 5002 1005 5068 suntab
1028 5004 1188 5085 Episcopis
1212 5011 1242 5066 et
1265 5022 1283 5066 a
1306 5003 1471 5089 theologis
1494 5006 1598 5068 variae
