4525 6034
417 574 448 652 S.
488 573 807 670 tollitis
849 572 1384 656 onaisosiout
1521 579 1611 654 247¹

220 780 338 830 manus
373 762 520 851 gentium
562 759 787 834 barbararum.
846 759 1034 850 Memento,
1072 762 1232 848 Domine,
1267 787 1470 861 pauperum,
1510 768 1600 840 male

219 871 421 958 habentium,
448 875 686 972 orphanorum,
713 875 898 967 viduarum,
925 877 1129 967 afflictorum,
1153 883 1407 971 aegrotantium,
1435 891 1599 954 eteorum

221 993 277 1083 qui
304 1015 324 1062 a
352 992 505 1084 malignis
533 992 700 1088 spiritibus
726 991 933 1065 infestantur.
986 992 1039 1065 'l'u
1067 997 1167 1084 enim,
1193 997 1349 1087 Domine,
1376 1007 1600 1071 conservator

219 1109 312 1177 vitae
339 1106 468 1180 illorum
494 1130 552 1193 es,
580 1119 614 1180 et
638 1105 894 1181 necessitatibus
921 1108 1050 1181 illorum
1078 1111 1268 1206 opitulator.

325 1223 476 1294 Eleraas
501 1244 628 1294 aecem.
680 1224 774 1295 Deus
801 1224 997 1297 celsitudine
1024 1222 1229 1314 abscondite,
1258 1237 1292 1299 et
1317 1231 1491 1322 majestate
1517 1226 1599 1299 lau-

220 1336 348 1425 dande,
375 1362 473 1433 quem
501 1340 691 1428 exercitus,
718 1343 869 1432 agmina,
897 1350 931 1411 ιι
957 1350 1073 1412 coetus
1101 1346 1263 1430 omnium,
1300 1353 1367 1414 tarn
1401 1342 1599 1416 coelestium

220 1475 319 1548 quam
346 1459 552 1527 terrestrium
578 1453 730 1543 laudant,
757 1459 879 1551 quique
905 1456 1060 1535 voluisti,
1094 1465 1129 1527 ιιι
1162 1459 1376 1529 ministerium
1412 1458 1476 1532 boc
1508 1462 1599 1553 pium

220 1579 255 1641 et
282 1569 504 1658 sacerdotale,
530 1593 592 1666 per
613 1581 812 1666 potestatem
832 1580 921 1644 tuom
937 1571 1012 1642 Deo
1031 1571 1166 1663 dignam
1183 1572 1413 1667 perficeretur,
1441 1586 1474 1646 et
1490 1597 1598 1669 prae-

221 1689 332 1758 stitisti
358 1685 457 1758 nobis
483 1699 519 1759 ιιι
546 1710 620 1758 cum
647 1686 838 1782 Episcopis,
866 1698 900 1759 ιι
926 1685 1157 1759 sacerdotibus
1185 1691 1249 1759 tuis
1283 1698 1448 1762 staremus
1483 1713 1599 1764 coram

221 1812 255 1872 ιι
282 1811 316 1873 ιι
343 1802 400 1874 tibi
427 1805 704 1890 ministraremus:
732 1802 940 1898 complaceat
966 1801 1025 1875 tibi
1052 1806 1230 1875 etiamnum
1264 1803 1409 1877 Domine
1443 1808 1598 1901 primarie

219 1929 357 2014 pastor,
383 1927 417 1989 ιι
443 1918 858 1992 confortataranimarum
885 1927 1090 2008 nostrarum,
1116 1922 1150 1990 in
1176 1919 1369 2014 pastoribus
1396 1920 1538 2016 illisqui
1563 1924 1597 1992 in

221 2037 332 2129 capite
358 2034 472 2132 populi
498 2039 544 2107 tui
564 2046 664 2120 stant,
692 2045 726 2106 et
742 2034 1007 2129 tranquillitatem
1035 2045 1068 2105 ιι
1094 2056 1211 2128 pacem
1227 2033 1456 2109 Ecclesiarum
1468 2036 1598 2108 illarum

221 2160 410 2249 sanctarum
438 2152 606 2240 concede,
634 2152 675 2223 ad
703 2151 904 2245 perficienda
930 2160 1111 2245 praecepta
1144 2161 1200 2222 tua
1236 2162 1353 2224 sancta
1381 2161 1415 2224 ιι
1448 2152 1597 2224 vivifica:

220 2276 257 2338 ut
283 2288 385 2362 super
410 2266 655 2339 fundamentum
683 2267 758 2339 fidei
784 2265 1020 2362 Apostolicae,
1048 2265 1181 2338 stabiliti
1208 2277 1242 2339 et
1268 2266 1404 2355 fundati,
1433 2290 1599 2341 annume-

220 2394 335 2454 rentur
369 2382 450 2457 ovili
485 2392 541 2456 tuo
577 2406 744 2479 superno,
780 2394 813 2454 et
849 2386 941 2454 vitae
981 2391 1151 2454 aeternae.
1210 2383 1352 2455 Praesta
1384 2404 1447 2456 nos
1481 2406 1598 2457 omnes

221 2498 342 2590 dignos
369 2499 632 2572 communicandi
660 2498 818 2593 operibus
845 2521 980 2588 corum,
1008 2521 1137 2594 eosque
1172 2511 1288 2593 aperta
1320 2499 1408 2571 lacie
1439 2499 1599 2588 intuendi,

220 2617 255 2684 in
283 2614 427 2687 adventu
454 2618 613 2706 unigeniti
640 2614 714 2685 Filii
742 2617 805 2701 tui,
833 2636 1018 2710 perquem
1045 2625 1182 2687 etcum
1210 2637 1275 2710 quo
1304 2626 1336 2688 ιι
1355 2614 1453 2687 decet
1475 2614 1598 2707 gloria,

222 2728 330 2804 bonor
356 2741 391 2803 ιι
416 2741 567 2827 potestas
595 2754 669 2802 cum
697 2731 821 2825 Spiritu
848 2741 904 2803 tuo
932 2741 1068 2818 sancto,
1096 2742 1160 2801 ιιι.

327 2846 490 2940 Populus.
544 2847 665 2918 Amen.

325 2962 501 3034 Sacerdos
526 2962 719 3034 inclinatas.
770 2963 959 3049 Memento,
988 2965 1151 3049 Domine,
1187 2964 1330 3035 omniurn
1364 2961 1502 3034 fratrum
1527 2984 1598 3034 no-

221 3089 364 3150 strorum
390 3076 552 3165 fidelium,
579 3101 693 3151 eorum
721 3083 775 3174 qui
802 3089 942 3175 propter
967 3100 1089 3151 nomen
1122 3088 1212 3150 tuum
1238 3077 1389 3149 lecerunt
1416 3087 1450 3149 ιι
1475 3076 1599 3149 iaciunt

223 3198 333 3267 omnia
360 3195 449 3268 bona
477 3198 510 3265 in
537 3198 627 3266 omni
652 3197 808 3286 regione,
842 3204 876 3266 ιι
910 3197 1255 3281 communicaverunt,
1290 3196 1599 3287 communicantque

223 3331 403 3402 egenorum
431 3313 634 3397 necessitati,
662 3308 927 3405 subveniuntque
947 3313 1090 3403 egestati
1109 3311 1252 3383 omnium
1268 3330 1463 3404 pauperum,
1491 3330 1598 3403 pere-

222 3430 412 3518 grinorum,
441 3436 475 3497 et
501 3428 703 3498 alllictornm.
757 3425 854 3497 Nunc
880 3431 912 3498 in
938 3430 1108 3522 praesenti
1136 3428 1206 3497 vita
1233 3424 1379 3497 retribue
1405 3424 1469 3497 illis
1495 3424 1598 3513 bona,

223 3553 257 3613 ιι
284 3541 349 3613 ἰΙΙίι
375 3565 448 3614 oum
476 3541 625 3615 fidelibus
653 3542 816 3614 defunctis
843 3546 935 3615 vitae
962 3552 1120 3614 aeternae
1147 3540 1309 3613 haeredes
1337 3541 1525 3613 efficiantur.

257 3731 264 3742 Ι
333 3657 508 3728 Sacerdos
539 3658 677 3729 elesaus
708 3679 834 3748 nocem.
889 3658 942 3728 Da
982 3669 1016 3729 ιι
1054 3657 1205 3731 concede
1240 3680 1302 3752 per
1337 3655 1599 3729 misericordiam

222 3785 312 3845 tuam
338 3773 493 3858 multam,
520 3773 695 3868 praeclara
723 3772 831 3860 dona,
857 3771 1088 3869 bonorumque
1116 3774 1324 3860 allluentiam,
1353 3770 1506 3845 omuibus
1533 3772 1619 3866 illis¹
1680 3832 1685 3842 .

223 3894 278 3985 qui
306 3893 549 3962 communicant
574 3890 829 3963 necessitatibus
856 3913 1039 3986 pauperum
1058 3901 1092 3961 ιι
1107 3889 1289 3985 praeclaris
1304 3888 1463 3984 operibus
1479 3891 1599 3980 cujus-

223 4028 364 4100 cumque
391 4011 527 4098 generis
554 4010 587 4077 in
614 4004 768 4077 Ecclesia
796 4017 850 4078 tua
878 4018 994 4078 sancta
1022 4010 1195 4101 conspicui
1223 4016 1307 4077 sunt.
1359 4006 1461 4096 Auge
1487 4008 1598 4097 ignem

223 4125 372 4194 caritatis
399 4133 474 4193 tuae
503 4126 534 4193 in
563 4119 736 4193 animabus
763 4126 908 4195 omnium
935 4132 1098 4208 nostrum,
1126 4133 1161 4193 et
1187 4120 1282 4193 aufer
1309 4144 1329 4191 a
1355 4121 1455 4193 nobis
1481 4140 1599 4193 omnes

222 4260 350 4334 vepres
378 4237 590 4327 delictorum,
618 4249 652 4310 ct
678 4241 792 4333 spinas
820 4260 952 4310 amaras
979 4241 1118 4332 peccati.
1173 4236 1240 4309 Per
1265 4247 1299 4307 ιι
1327 4239 1447 4331 quies
1479 4234 1538 4305 lux
1565 4245 1601 4304 ιι

222 4359 406 4441 vitavere,
434 4353 632 4426 illustremur
660 4364 693 4425 et
720 4358 891 4426 vivamus:
919 4356 1151 4450 pergratiam,
1168 4351 1431 4425 misericordiam
1449 4363 1483 4423 ιι
1498 4372 1599 4421 amo-

223 4494 295 4542 rem
322 4492 405 4561 erga
433 4469 582 4543 homines
609 4474 768 4563 unigeniti
795 4469 868 4542 Filii
896 4473 952 4559 tui,
979 4491 1040 4566 per
1068 4493 1165 4566 pem
1194 4478 1228 4540 ιι
1253 4490 1328 4541 cum
1356 4491 1422 4562 quo
1449 4478 1483 4539 te
1504 4466 1601 4537 decet

224 4585 334 4678 gloria
362 4595 395 4657 ιι
422 4585 540 4659 bonor.
698 4585 860 4680 Papulas.
913 4587 1032 4658 Amen.

330 4700 505 4773 Sacerdos
530 4702 722 4773 inclinatas.
775 4703 868 4773 Deus
902 4705 957 4797 qui
990 4702 1141 4774 bonitate
1175 4697 1358 4772 laudandus
1385 4719 1442 4787 es,
1476 4708 1510 4769 et
1541 4699 1600 4767 in-

230 4815 592 4913 comprehensibilitate
618 4815 788 4905 excelsus,
813 4817 976 4889 Dominus
1004 4820 1111 4890 omnis
1139 4826 1277 4887 naturae
1304 4823 1442 4886 nostrae
1468 4821 1603 4884 creator

225 4944 260 5006 et
287 4945 418 5005 curator
451 4938 558 5005 omnis
591 4942 766 5004 creaturae
804 4932 1039 5026 intelligibilis,
1078 4943 1111 5004 et
1145 4928 1331 5020 sensibilis,
1366 4951 1413 4999 ex
1445 4938 1479 4999 te
1514 4929 1601 4999 enim

224 5049 349 5146 pendet
383 5072 481 5140 cura,
521 5060 556 5121 et
596 5053 811 5123 conservatio
847 5052 939 5122 vitae
966 5049 1111 5123 illorum.
1167 5046 1291 5121 Omnes
1331 5046 1430 5117 etiam
1461 5046 1602 5116 ιιιιιιιιι
