4525 6034
528 573 1274 654 onunsromnnononarraudus.
1506 575 1583 650 ses
1692 521 1695 527 ’

218 764 331 839 talium
367 763 516 855 traditio,
550 788 613 860 qua
646 764 679 836 id
712 762 835 836 iactum
870 761 912 836 ab
944 763 1065 837 Adaeo
1099 773 1134 837 et
1163 764 1233 856 agi
1272 764 1306 834 in
1340 761 1585 860 Mesopotamia

217 890 388 955 testantur.
441 879 525 953 Cum
551 903 654 976 porro
681 883 771 953 circa
797 891 928 953 sextum
955 879 1124 953 saeculum
1151 877 1350 953 Nestoriaua
1375 875 1527 952 haeresis
1551 880 1585 949 iu

218 996 308 1069 illam
332 999 541 1093 provinciam
567 999 690 1068 sensim
716 994 826 1068 inlusa
859 1006 932 1084 est,
964 1006 998 1068 et
1029 999 1175 1069 maxima
1207 1018 1253 1070 ex
1278 995 1425 1068 Persidis
1452 994 1585 1087 Regum

220 1116 397 1187 autoritate
422 1117 626 1185 incrementa
654 1115 800 1210 accepit,
834 1134 943 1186 novas
977 1111 1019 1185 ab
1046 1111 1256 1186 Antistitibus
1291 1133 1461 1185 sacrorum
1489 1110 1585 1203 leges

218 1229 422 1303 introductas
447 1228 568 1317 luisse,
594 1250 658 1301 nec
683 1228 821 1302 historia
848 1237 1003 1321 testatur,
1029 1252 1094 1302 nec
1120 1226 1267 1303 moribus
1294 1228 1424 1302 illorum
1450 1234 1585 1322 tempo-

220 1368 293 1418 rum
319 1344 481 1418 ullatenus
508 1348 733 1419 convenisset

323 1461 395 1534 VH.
420 1462 563 1535 Accedit
590 1460 678 1533 aliud
704 1484 773 1534 non
799 1463 920 1535 minimi
946 1461 1104 1559 ponderis
1131 1470 1371 1556 argumentum.
1415 1461 1587 1553 Liturgiae
1634 1471 1908 1528 nunnamenste-

220 1578 316 1668 illae,
347 1580 453 1675 prima
479 1571 696 1673 praesertim,
729 1582 828 1652 etiam
858 1582 892 1651 ln
923 1579 1094 1652 codicibus
1126 1601 1195 1652 non
1228 1578 1403 1652 admodum
1436 1580 1588 1670 vetustis,
1601 1558 1847 1701 ‘il‘fimlmffim
1880 1562 1908 1659 {¹¹

221 1693 463 1785 intermunus,
489 1698 642 1791 variique
668 1697 804 1787 generis
832 1698 1002 1770 orationes
1028 1698 1090 1768 vix
1115 1694 1215 1769 ullam
1240 1694 1374 1784 habeut,
1401 1718 1486 1789 quae
1510 1693 1588 1767 Ne·
1601 1661 1757 1786 how
1807 1662 1908 1702 aaran

223 1812 391 1884 storIanae
419 1809 589 1884 doctrinae
614 1810 808 1907 particulam
835 1812 979 1908 aliquam
1000 1820 1239 1908 repraesentet,
1265 1833 1331 1884 una
1346 1810 1492 1884 Nestorii
1519 1833 1589 1882 ex-

223 1936 336 2023 cepta,
364 1949 449 2023 quae
475 1930 572 2000 trium
598 1938 770 2023 postrema
797 1939 861 2014 est,
888 1938 988 2023 atque
1015 1928 1101 2002 adeo
1126 1928 1303 2001 recentior.
1338 1928 1385 2001 At
1400 1925 1591 2000 Officiorum

221 2052 457 2117 nocturnorum
494 2042 750 2140 diurnorumque
781 2066 902 2141 preces
941 2044 1042 2117 multa
1081 2043 1205 2119 habent
1237 2043 1399 2138 eiusmodi
1438 2066 1590 2117 venena:

223 2158 352 2233 scilicet
378 2163 454 2257 quia
481 2162 687 2258 recentiores
714 2172 806 2249 sunt,
843 2172 876 2232 et
908 2159 950 2233 ab
977 2160 1041 2235 Illis
1067 2159 1252 2233 hominibus
1279 2162 1502 2256 compositae,
1536 2162 1592 2256 qni

225 2276 424 2371 sequacibus
451 2279 520 2350 suis
546 2276 700 2348 haeresin
726 2276 909 2365 inculcare,
944 2299 1151 2372 quacumque
1183 2276 1390 2370 satagebant
1442 2275 1526 2349 Sunt
1557 2279 1593 2348 in

223 2391 403 2485 Liturgicis
429 2391 586 2488 precihus
611 2392 678 2466 loci
705 2393 850 2489 quidam,
877 2416 923 2465 ex
949 2392 1067 2488 quilius
1094 2395 1240 2489 suspicio
1266 2392 1533 2483 Nestorianismi,
1562 2394 1593 2465 si

224 2508 363 2601 rigidius
390 2512 603 2604 accipiantur,
630 2508 703 2581 duci
729 2520 859 2605 posset,
886 2532 971 2606 quae
997 2520 1107 2581 mmen
1134 2503 1224 2583 nullo
1250 2511 1387 2603 negotio
1408 2507 1593 2599 discutitur,

225 2628 255 2698 si
280 2636 374 2698 recte
398 2624 632 2717 intelligantur.
659 2625 863 2699 Sententiam
892 2629 978 2700 euim
1005 2619 1236 2700 Orthodoxam
1262 2622 1398 2716 hahent,
1422 2624 1593 2721 nequead

224 2741 379 2814 haeresin
407 2741 598 2837 detorqueri
631 2752 789 2838 possunt,
821 2745 885 2815 nisi
917 2765 962 2814 ex
988 2741 1214 2837 praeJudIcata
1242 2743 1398 2837 opinione
1429 2740 1592 2815 adversus

224 2858 447 2932 Nestorianos
475 2861 531 2952 qui
557 2856 635 2929 alibi
662 2862 835 2955 opiniones
862 2879 940 2931 suas
966 2856 1109 2953 produnt
1136 2859 1217 2931 satis
1231 2855 1353 2931 libere:
1380 2857 1456 2930 dum
1477 2858 1594 2931 lesum

227 2974 392 3046 Christum
418 2983 542 3046 vocant
567 2973 722 3067 ternplum
748 2974 953 3062 usmaitans,
987 2982 1021 3045 et
1051 2973 1240 3066 Virginem,
1273 2960 1420 3045 Matrem
1447 2973 1594 3046 ceroti.-
1684 3026 1688 3034 -

230 3092 410 3188 Deiparam
435 3111 520 3162 vero
554 3111 730 3184 nunquam.
790 3089 920 3187 Nempe
953 3100 1069 3163 contra
1102 3111 1230 3162 morem
1264 3088 1489 3163 Ecclesiamm
1524 3088 1592 3179 luit,

227 3206 351 3279 addere
378 3205 555 3301 quidquam
581 3207 722 3279 vetustIs
754 3206 978 3294 orationibus,
1012 3207 1076 3278 nisi
1110 3203 1199 3301 quod
1231 3206 1375 3278 omnium
1408 3228 1593 3281 consensus

226 3325 429 3417 recepisset,
462 3330 497 3394 ut
527 3318 733 3418 Ὁμοούσιος
765 3333 799 3412 et
826 3321 997 3406 Θεοτόκος
1028 3321 1181 3414 adjuncta
1208 3333 1284 3395 sunt
1308 3330 1387 3419 post
1411 3320 1594 3395 Nicaenum

228 3448 261 3510 et
285 3436 487 3534 Ephesiuum
516 3437 716 3527 Concilium,
750 3439 838 3534 quod
873 3462 940 3513 non
972 3437 1072 3511 modo
1106 3461 1127 3510 a
1152 3435 1314 3513 Jacobitis
1340 3441 1429 3512 circa
1456 3438 1595 3511 alteram

226 3575 347 3626 vocem
372 3553 496 3626 lactum
521 3553 593 3645 fuit,
620 3554 680 3626 sed
708 3558 806 3628 etiam
832 3554 874 3628 ab
904 3554 1117 3629 Orthodoxis.
1169 3555 1285 3650 Itaque
1310 3556 1375 3650 ipsi
1401 3558 1500 3627 etiarn
1526 3554 1593 3627 Ja-

228 3671 360 3744 cohitae
386 3693 460 3742 cum
488 3670 708 3766 amplissimas
733 3670 920 3746 Diocaeses
946 3681 1106 3760 tenerent,
1125 3670 1390 3745 Alexandrinam
1417 3680 1451 3742 et
1465 3671 1593 3744 Antio-

87 3807 102 3892 J
229 3786 367 3859 alienam
395 3793 504 3882 (quae
537 3786 680 3880 dignitas
712 3787 922 3863 Nestorianis
949 3787 1073 3876 defuit,
1106 3792 1162 3883 qui
1188 3787 1310 3860 nullam
1335 3787 1593 3860 Patriarchalem

98 3901 100 3904 ’
228 3901 356 3992 sedem,
384 3906 482 3974 etiam
508 3902 674 3976 violenter
693 3915 889 4001 occupatam
910 3904 1151 4001 possederunt)
1171 3926 1279 3977 novas
1300 3896 1481 3995 orationes,
1508 3927 1594 4000 quae

231 4018 274 4091 ad
300 4020 465 4114 opinionis
491 4041 573 4092 suae
600 4019 642 4091 de
669 4043 734 4092 nna
759 4032 877 4093 natura
904 4021 1186 4094 confirmationem
1210 4028 1411 4117 spectarent,
1436 4018 1594 4112 Liturgiis

229 4156 297 4206 non
326 4138 550 4208 inseruerunt:
582 4158 700 4208 verum
733 4139 830 4210 unico
862 4139 896 4208 in
921 4136 999 4210 loco
1026 4135 1271 4221 contessionem
1298 4148 1374 4208 ante
1401 4138 1595 4231 susceptio-

229 4273 305 4323 nem
332 4248 562 4325 Eucharistiae
588 4251 799 4344 adjecerunt3
826 4251 925 4348 idque
952 4255 1072 4344 serius,
1098 4255 1132 4323 in
1150 4275 1216 4347 qua
1239 4256 1335 4326 unius
1355 4263 1492 4325 naturae
1510 4250 1594 4323 fides

232 4377 496 4461 agnosceretur
533 4366 706 4462 Ejusmodi
734 4379 844 4440 autem
871 4367 1068 4459 Confessio,
1102 4367 1145 4440 de
1176 4392 1239 4464 qua
1268 4369 1387 4441 dictum
1414 4379 1465 4441 est
1490 4366 1593 4440 fusim

230 4484 264 4553 in
289 4486 527 4557 commentario
554 4483 597 4555 ad
624 4484 782 4581 Coptioas
806 4484 994 4579 Liturgias,
1029 4487 1180 4580 quamvis
1215 4487 1300 4557 inter
1327 4508 1458 4560 sacram
1484 4486 1594 4557 acdo-

231 4620 309 4674 uem
333 4599 401 4687 liat,
429 4600 471 4673 ad
498 4623 572 4674 eam
598 4610 710 4674 mmen
735 4603 871 4698 proprie
895 4600 1064 4698 loquendo
1090 4622 1158 4674 non
1180 4603 1337 4698 pertinet.

273 4801 275 4808 Ι
334 4715 422 4788 VIII.
448 4715 538 4788 idem
566 4738 672 4813 prope
699 4717 900 4791 observatur
925 4720 959 4790 in
993 4714 1120 4790 duabus
1153 4716 1226 4790 aliis
1253 4716 1410 4811 Liturgiis
1444 4716 1532 4814 quod
1561 4720 1595 4790 in
1657 4709 1771 4788 aarum
1796 4750 1915 4791 amora

231 4835 338 4930 prima
364 4835 540 4920 commum,
568 4843 602 4905 et
626 4833 792 4925 generali:
820 4856 894 4906 cnm
920 4836 981 4907 vix
1008 4832 1183 4930 quidquam
1210 4832 1251 4906 ad
1268 4832 1490 4907 Nestorianae
1508 4820 1685 4908 hae-'⁰³¹²'
1698 4823 1800 4877 ΜΟ
1809 4821 1915 4876 dm·

231 4970 349 5023 reseos
377 4949 694 5023 commendationem
720 4952 754 5023 in
778 4949 842 5022 illle
868 4949 1008 5045 legatur.
1060 4948 1144 5023 Illud
1175 4972 1258 5024 sane
1285 4908 1917 5050 animadvertissentJssffiffiffifg]

231 5065 491 5163 Diamperenses
527 5088 705 5156 censores,
740 5070 770 5140 si
805 5067 862 5141 vel
896 5066 1008 5142 levem
1041 5066 1257 5141 Orientalium
1296 5090 1406 5142 rerum
1444 5073 1594 5145 noudum
1606 5098 1683 5137 mano
1700 5082 1765 5138 nnn
1781 5057 1883 5140 amem

1311 5186 1391 5261 tt*
