4525 6034
2036 493 2045 530 l

685 554 762 628 nro
1026 651 1027 656 q
1180 554 1541 633 trrnnorl
1664 579 1669 587 1

684 740 839 834 labiliter,
866 753 900 815 et
925 742 1033 826 iactus
1061 750 1113 814 est
1138 740 1250 827 bomo,
1278 741 1446 835 quomodo
1472 742 1580 814 voluit
1605 753 1640 814 et
1664 746 1768 833 novit,
1796 753 1831 815 et
1849 748 2046 839 omniaqme

684 868 799 930 nostra
827 867 922 929 erant
949 866 1096 954 excepto
1122 866 1278 953 peccato,
1305 880 1368 952 pro
1396 856 1493 929 nobis
1520 857 1670 953 perfecit.

788 974 940 1047 Eteonos
964 996 1090 1045 vocem.
1145 973 1210 1059 Qut
1239 981 1342 1044 totam
1369 974 1652 1069 dispensationem
1667 976 1846 1048 salutarem
1872 999 1933 1074 pro
1958 979 2046 1051 nobis

684 1088 835 1185 perfecit,
863 1099 897 1161 et
923 1113 985 1185 per
1011 1093 1187 1186 passiones
1215 1109 1294 1159 suas
1321 1101 1467 1178 sanctas,
1493 1089 1656 1164 adventus
1683 1094 1734 1162 sui
1762 1095 1794 1163 in
1821 1116 1933 1181 carne,
1958 1099 2046 1166 veri-

683 1214 784 1278 tatem
813 1205 1061 1292 demonstravit.
1114 1206 1150 1276 ln
1177 1214 1278 1275 nocte
1304 1204 1477 1277 Posebatis
1504 1209 1537 1277 in
1567 1230 1631 1301 qua
1666 1207 1858 1280 tradebatur
1893 1231 1954 1305 pro
1983 1215 2047 1283 vita

684 1331 719 1391 et
745 1321 852 1392 salute
878 1321 1001 1410 mnndi,
1029 1324 1161 1415 accepit
1186 1341 1307 1415 panem
1337 1325 1371 1392 in
1406 1343 1523 1394 manus
1550 1345 1629 1396 suas
1656 1334 1811 1413 sanctas,
1843 1324 2049 1397 sanctificarit

685 1458 771 1524 eum,
798 1444 819 1518 †
847 1448 881 1509 et
907 1436 1009 1528 fregit
1034 1444 1055 1519 †
1083 1436 1237 1529 deditque
1264 1443 1285 1518 †
1313 1436 1482 1532 discipulis
1518 1442 1588 1510 suis
1619 1439 1794 1534 Apostolis
1827 1445 1967 1529 sanctis,
1997 1442 2047 1514 di·

684 1575 781 1623 cens:
818 1554 989 1647 Accipite,
1021 1553 1110 1624 edite
1146 1575 1192 1623 ex
1224 1574 1281 1623 eo:
1314 1553 1388 1625 lloc
1425 1563 1477 1625 est
1509 1575 1631 1648 corpus
1663 1578 1773 1626 meum
1808 1554 1896 1650 quod
1926 1577 1990 1628 vos
2019 1568 2049 1628 et

684 1667 805 1740 multos
831 1678 1013 1764 praeparat
1040 1669 1082 1741 ad
1109 1671 1342 1741 remissionem
1368 1680 1584 1764 peccatorum
1610 1681 1644 1741 et
1670 1674 1773 1742 vitam
1801 1682 1979 1742 aeternam.

788 1785 949 1878 Populus.
1003 1786 1123 1859 Arnen.
1543 1797 1547 1801 ’

787 1900 972 1972 Sacerdos.
1025 1900 1185 1973 Similiter
1212 1904 1313 1974 etiam
1340 1911 1374 1972 et
1400 1901 1539 1973 calicem
1566 1904 1677 1990 vitae,
1703 1904 1785 1973 vino
1812 1912 1846 1973 et
1872 1924 1958 1997 aqua
1982 1923 2049 1973 cum

683 2021 882 2104 miscuisset,
916 2015 1231 2100 †sanctibcavit†
1266 2040 1359 2104 eum,
1393 2026 1426 2087 et
1452 2016 1542 2088 dedit
1575 2024 1596 2098 †
1631 2015 1800 2113 discipulis
1832 2021 1901 2090 suis
1937 2020 2050 2089 sanctis

684 2134 837 2206 discens:
865 2132 1038 2229 Accipite,
1075 2131 1177 2206 bibite
1211 2157 1266 2206 ex·
1280 2155 1322 2205 eo
1348 2154 1415 2204 vos
1442 2154 1573 2204 omnes:
1606 2132 1668 2204 llic
1703 2144 1757 2204 est
1789 2137 1928 2225 sangnis
1954 2154 2050 2218 meus,

685 2272 782 2345 quem
810 2271 871 2343 pro
898 2251 967 2320 vita
1004 2248 1115 2320 mundi
1148 2250 1191 2321 do
1219 2271 1307 2342 ego,
1341 2268 1406 2319 vos
1439 2257 1548 2318 autern
1583 2259 1618 2319 et
1635 2247 1770 2352 'multos
1805 2256 1986 2343 praeparat
2014 2247 2050 2317 ad

683 2368 915 2438 remissionem
942 2374 1171 2460 peccatomm,
1198 2375 1232 2436 et
1260 2363 1300 2437 ad
1328 2366 1430 2435 vitem
1458 2373 1639 2435 aeternam.

788 2479 952 2572 Populus.
1004 2482 1125 2553 Amen.

786 2594 971 2665 Sacerdos.
1025 2596 1100 2667 Hoc
1133 2594 1235 2668 facite
1268 2600 1301 2667 in
1328 2597 1394 2667 mei
1430 2597 1638 2666 memoriam:
1673 2597 1948 2689 quotiescumque
1974 2599 2051 2664 enim

687 2710 929 2783 manducabitis
957 2733 1077 2805 panem
1104 2710 1191 2784 bunc
1221 2721 1263 2800 et,
1281 2711 1420 2783 calicem
1434 2709 1520 2780 bunc
1541 2708 1673 2799 bibetis,
1696 2715 1813 2782 mortis
1834 2732 1935 2781 meae
1961 2732 2051 2781 com-

687 2828 963 2920 memorat'pnem
998 2829 1126 2918 agetis,
1162 2838 1196 2899 et
1228 2829 1508 2901 resurrectionem
1534 2847 1643 2897 meam
1678 2824 1916 2899 confitebimini
1955 2824 2052 2896 donec
2130 2881 2134 2887 .

688 2945 834 3014 veniam.
1367 2925 1372 2936 ⁸

788 3057 950 3150 Populus.
1003 3058 1123 3130 Mortis
1149 3066 1239 3147 tuae,
1271 3069 1334 3131 etc.

788 3173 964 3245 Sacerdos
990 3174 1182 3245 inclinatos.
1232 3173 1347 3246 blente
1373 3175 1473 3265 igitur
1504 3170 1711 3258 recolentes,
1747 3194 1787 3243 ca
1815 3177 1948 3262 omnia,
1976 3194 2053 3267 quae

686 3312 749 3384 pro
779 3289 889 3379 nobis,
917 3298 951 3361 et
977 3300 1116 3385 propter
1142 3313 1205 3363 nos
1233 3289 1478 3386 dispensatorie
1506 3310 1525 3357 a
1553 3298 1586 3360 tc
1612 3287 1761 3383 perlecta
1788 3288 1940 3377 inerunt,
1970 3290 2052 3359 nati-

684 3409 821 3477 vitatem
849 3415 939 3478 tuom
967 3407 1166 3495 salutarem,
1193 3404 1392 3502 baptismum
1419 3414 1507 3476 tuum
1536 3404 1701 3492 divinum,
1742 3405 1950 3500 sepulturam
1975 3417 2054 3477 toan

684 3521 920 3609 vivificantem,
947 3526 1228 3595 resurrectionem
1242 3533 1331 3594 tuam
1348 3520 1557 3606 dominicam,
1585 3524 1818 3592 ascensionem
1847 3505 1938 3593 tuam
1953 3519 2055 3613 gandii

685 3637 831 3732 plenam,
859 3641 1112 3733 sessionemque
1141 3649 1228 3710 tuam
1265 3638 1307 3710 ad
1342 3637 1514 3708 dexteram
1551 3638 1734 3727 majestatis
1767 3634 1832 3706 Dei
1868 3648 1904 3708 et
1937 3636 2054 3707 Patris:

603 3809 609 3820 ,
684 3754 802 3822 iterum
830 3756 930 3823 etiam
957 3753 1136 3825 adventum
1163 3763 1253 3826 tunm
1273 3752 1453 3825 secundum
1469 3750 1658 3839 timendum,
1687 3760 1720 3821 et
1745 3756 1901 3823 tremoris
1929 3752 2054 3848 plenum

685 3888 996 3958 commemoramus,
1024 3869 1156 3963 quando
1184 3873 1344 3941 exoriens
1370 3889 1444 3937 curn
1471 3867 1601 3958 gloria,
1638 3866 1892 3961 terribiliterque
1920 3867 2054 3960 conspi-

685 3982 837 4053 ciendum
863 3995 898 4055 te
924 3983 1093 4080 praebens
1121 3989 1222 4057 vivos
1256 3995 1290 4056 et
1322 3991 1472 4055 mortuos
1502 3981 1687 4073 judicabis,
1723 3981 1853 4077 quando
1888 3982 2056 4074 Angelis

686 4097 866 4193 splendore
891 4100 1004 4191 judicii
1031 4103 1076 4172 tui
1103 4103 1373 4188 contremiscent,
1401 4110 1435 4171 et
1460 4098 1665 4191 Archangeli
1693 4108 1845 4187 trement,
1872 4100 2056 4171 Potestates

621 4211 623 4220 '
684 4217 932 4304 concutientur,
974 4216 1102 4288 Throni
1143 4214 1447 4303 connrrbabuntur,
1482 4224 1515 4286 et
1550 4214 1693 4287 Ordines
1729 4216 1897 4288 coelestes
1935 4223 2057 4285 terrore

685 4328 932 4424 obstupescent.
959 4331 1054 4402 Tunc
1082 4354 1200 4403 omnes
1226 4331 1378 4404 homines
1405 4333 1438 4401 in
1466 4330 1584 4402 dolore
1611 4339 1750 4419 stantes,
1773 4330 1921 4422 judicem
1939 4333 2055 4401 timen-

685 4447 761 4517 dom
788 4455 822 4516 et
847 4456 1017 4541 potentem
1050 4445 1297 4542 expectabunt,
1331 4456 1407 4519 tunc
1441 4469 1516 4519 cum
1544 4451 1693 4540 Justitiae
1726 4450 1934 4520 conveniens
1966 4447 2054 4518 locus

685 4565 766 4650 erit,
798 4564 906 4653 gratie
939 4573 1048 4634 autem
1084 4562 1205 4634 nullam
1242 4560 1428 4658 praestabit
1468 4562 1748 4651 misericordiam
1780 4585 1856 4635 cum
1894 4562 2054 4635 carbones

684 4676 852 4765 ardentes,
879 4675 1010 4750 damma
1038 4676 1250 4767 comburens,
1278 4677 1431 4770 gebenna
1457 4676 1736 4771 inextinguibilis:
1772 4677 1906 4772 quando
1941 4698 2054 4773 preces

683 4791 904 4887 repellentur,
932 4804 966 4865 et
992 4794 1247 4891 deprecationes
1280 4817 1346 4867 non
1374 4794 1651 4890 acceptabantur,
1684 4797 1855 4867 orationes
1889 4816 1958 4868 non
1993 4815 2054 4866 aa·

554 4973 565 4980 ,
685 4909 823 4995 dientur,
852 4920 885 4981 et
912 4910 1169 4984 obsecrationes
1192 4915 1429 5005 cujuscumque
1454 4911 1704 5006 praecidentur:
1733 4932 1837 5004 parce
1864 4909 1964 4985 nobis
1979 4909 2054 4980 Do·

686 5026 774 5095 mirre
809 5034 844 5096 et
876 5026 1021 5099 extende
1056 5027 1231 5099 dexteram
1265 5037 1354 5100 tuam
1387 5049 1489 5123 snper
1523 5050 1588 5100 nos
1626 5047 1750 5100 omnes.
1803 5026 1858 5098 Ne
1892 5030 1996 5099 intres
2024 5027 2058 5096 in
