<?xml version="1.0" encoding="UTF-8"?>
<!DOCTYPE html PUBLIC "-//W3C//DTD XHTML 1.0 Transitional//EN"
    "http://www.w3.org/TR/xhtml1/DTD/xhtml1-transitional.dtd">
<html xmlns="http://www.w3.org/1999/xhtml" xml:lang="en" lang="en">
 <head>
  <title>
</title>
<meta http-equiv="Content-Type" content="text/html;charset=utf-8" />
  <meta name='ocr-system' content='tesseract 3.04.00' />
  <meta name='ocr-capabilities' content='ocr_page ocr_carea ocr_par ocr_line ocrx_word'/>
</head>
<body>
  <div class='ocr_page' id='page_1' title='image "./liturgiarumorie00unkngoog/liturgiarumorie00unkngoog_0960.png"; bbox 0 0 4525 6034; ppageno 0'>
   <div class='ocr_carea' id='block_1_1' title="bbox 672 566 1542 644">
    <p class='ocr_par' dir='ltr' id='par_1_1' title="bbox 672 566 1542 644">
     <span class='ocr_line' id='line_1_1' title="bbox 672 566 1542 644; baseline -0.002 0"><span class='ocrx_word' id='word_1_1' title='bbox 672 570 750 644; x_wconf 81' lang='lat'>248</span> <span class='ocrx_word' id='word_1_2' title='bbox 1027 573 1039 580; x_wconf 85' lang='grc'><em>“</em></span> <span class='ocrx_word' id='word_1_3' title='bbox 1180 566 1542 643; x_wconf 80' lang='lat' dir='ltr'><strong>LITURGIA</strong></span> 
     </span>
    </p>
   </div>
   <div class='ocr_carea' id='block_1_2' title="bbox 671 752 2120 2356">
    <p class='ocr_par' dir='ltr' id='par_1_2' title="bbox 671 752 2037 1197">
     <span class='ocr_line' id='line_1_2' title="bbox 671 752 2034 849; baseline -0.005 -20"><span class='ocrx_word' id='word_1_4' title='bbox 671 759 833 829; x_wconf 90' lang='lat' dir='ltr'>materiae</span> <span class='ocrx_word' id='word_1_5' title='bbox 859 764 1038 849; x_wconf 78' lang='lat' dir='ltr'>expertes,</span> <span class='ocrx_word' id='word_1_6' title='bbox 1067 762 1206 824; x_wconf 89' lang='lat' dir='ltr'>naturae</span> <span class='ocrx_word' id='word_1_7' title='bbox 1233 752 1310 825; x_wconf 91' lang='lat' dir='ltr'>illae</span> <span class='ocrx_word' id='word_1_8' title='bbox 1337 753 1572 838; x_wconf 77' lang='lat' dir='ltr'>absconditae,</span> <span class='ocrx_word' id='word_1_9' title='bbox 1599 763 1634 823; x_wconf 95' lang='lat' dir='ltr'>et</span> <span class='ocrx_word' id='word_1_10' title='bbox 1659 753 1756 842; x_wconf 87' lang='lat' dir='ltr'>ignes</span> <span class='ocrx_word' id='word_1_11' title='bbox 1783 753 1929 847; x_wconf 86' lang='lat' dir='ltr'>superni,</span> <span class='ocrx_word' id='word_1_12' title='bbox 1954 774 2034 825; x_wconf 89' lang='lat' dir='ltr'>eon·</span> 
     </span>
     <span class='ocr_line' id='line_1_3' title="bbox 671 868 2037 967; baseline -0.004 -22"><span class='ocrx_word' id='word_1_13' title='bbox 671 871 888 967; x_wconf 89' lang='lat' dir='ltr'>templatione</span> <span class='ocrx_word' id='word_1_14' title='bbox 913 880 968 942; x_wconf 90' lang='lat' dir='ltr'>tua</span> <span class='ocrx_word' id='word_1_15' title='bbox 996 868 1106 940; x_wconf 90' lang='lat' dir='ltr'>divina</span> <span class='ocrx_word' id='word_1_16' title='bbox 1133 878 1295 964; x_wconf 91' lang='lat' dir='ltr'>perpetua</span> <span class='ocrx_word' id='word_1_17' title='bbox 1323 869 1543 956; x_wconf 89' lang='lat' dir='ltr'>delectantur,</span> <span class='ocrx_word' id='word_1_18' title='bbox 1570 878 1605 940; x_wconf 89' lang='lat' dir='ltr'>et</span> <span class='ocrx_word' id='word_1_19' title='bbox 1622 890 1642 939; x_wconf 88' lang='lat' dir='ltr'>a</span> <span class='ocrx_word' id='word_1_20' title='bbox 1662 879 1696 940; x_wconf 87' lang='lat' dir='ltr'>te</span> <span class='ocrx_word' id='word_1_21' title='bbox 1715 870 1915 963; x_wconf 89' lang='lat' dir='ltr'>proveniunt</span> <span class='ocrx_word' id='word_1_22' title='bbox 1935 871 2037 941; x_wconf 91' lang='lat' dir='ltr'>omnia</span> 
     </span>
     <span class='ocr_line' id='line_1_4' title="bbox 673 983 2037 1079; baseline -0.004 -19"><span class='ocrx_word' id='word_1_23' title='bbox 673 988 797 1060; x_wconf 84' lang='lat' dir='ltr'>auxilia</span> <span class='ocrx_word' id='word_1_24' title='bbox 824 985 887 1056; x_wconf 92' lang='lat' dir='ltr'>illis</span> <span class='ocrx_word' id='word_1_25' title='bbox 914 987 970 1079; x_wconf 93' lang='lat' dir='ltr'>qui</span> <span class='ocrx_word' id='word_1_26' title='bbox 997 983 1039 1055; x_wconf 91' lang='lat' dir='ltr'>ad</span> <span class='ocrx_word' id='word_1_27' title='bbox 1064 987 1245 1074; x_wconf 82' lang='lat' dir='ltr'><strong>imaginem</strong></span> <span class='ocrx_word' id='word_1_28' title='bbox 1271 996 1358 1057; x_wconf 91' lang='lat' dir='ltr'>tuam</span> <span class='ocrx_word' id='word_1_29' title='bbox 1385 989 1515 1078; x_wconf 88' lang='lat' dir='ltr'>regiam</span> <span class='ocrx_word' id='word_1_30' title='bbox 1543 1008 1588 1056; x_wconf 85' lang='lat' dir='ltr'>ex</span> <span class='ocrx_word' id='word_1_31' title='bbox 1614 983 1744 1056; x_wconf 88' lang='lat' dir='ltr'>illorum</span> <span class='ocrx_word' id='word_1_32' title='bbox 1770 1006 1926 1073; x_wconf 90' lang='lat' dir='ltr'>numero,</span> <span class='ocrx_word' id='word_1_33' title='bbox 1949 987 2037 1075; x_wconf 85' lang='lat' dir='ltr'>juxta</span> 
     </span>
     <span class='ocr_line' id='line_1_5' title="bbox 672 1100 1434 1197; baseline 0.001 -24"><span class='ocrx_word' id='word_1_34' title='bbox 672 1103 704 1173; x_wconf 95' lang='lat' dir='ltr'>id</span> <span class='ocrx_word' id='word_1_35' title='bbox 733 1100 822 1197; x_wconf 92' lang='lat' dir='ltr'>quod</span> <span class='ocrx_word' id='word_1_36' title='bbox 850 1102 909 1173; x_wconf 90' lang='lat' dir='ltr'>tibi</span> <span class='ocrx_word' id='word_1_37' title='bbox 935 1101 1092 1196; x_wconf 90' lang='lat' dir='ltr'>placitum</span> <span class='ocrx_word' id='word_1_38' title='bbox 1119 1110 1190 1188; x_wconf 89' lang='lat' dir='ltr'>est,</span> <span class='ocrx_word' id='word_1_39' title='bbox 1219 1104 1321 1172; x_wconf 91' lang='lat' dir='ltr'>creati</span> <span class='ocrx_word' id='word_1_40' title='bbox 1350 1113 1434 1174; x_wconf 90' lang='lat' dir='ltr'>sunt.</span> 
     </span>
    </p>

    <p class='ocr_par' dir='ltr' id='par_1_3' title="bbox 672 1215 2120 1887">
     <span class='ocr_line' id='line_1_6' title="bbox 777 1215 2036 1311; baseline -0.001 -23"><span class='ocrx_word' id='word_1_41' title='bbox 777 1218 927 1288; x_wconf 82' lang='lat' dir='ltr'>Eiecom</span> <span class='ocrx_word' id='word_1_42' title='bbox 952 1238 1079 1287; x_wconf 86' lang='lat' dir='ltr'>ccccm.</span> <span class='ocrx_word' id='word_1_43' title='bbox 1132 1216 1254 1287; x_wconf 82' lang='lat' dir='ltr'><strong>Pacem</strong></span> <span class='ocrx_word' id='word_1_44' title='bbox 1282 1217 1432 1289; x_wconf 80' lang='lat' dir='ltr'>concede</span> <span class='ocrx_word' id='word_1_45' title='bbox 1458 1240 1520 1311; x_wconf 90' lang='lat' dir='ltr'>per</span> <span class='ocrx_word' id='word_1_46' title='bbox 1536 1215 1799 1289; x_wconf 89' lang='lat' dir='ltr'>misericordiam</span> <span class='ocrx_word' id='word_1_47' title='bbox 1825 1226 1913 1287; x_wconf 90' lang='lat' dir='ltr'>tuam</span> <span class='ocrx_word' id='word_1_48' title='bbox 1933 1218 2036 1307; x_wconf 85' lang='lat' dir='ltr'>regnis</span> 
     </span>
     <span class='ocr_line' id='line_1_7' title="bbox 672 1330 2036 1428; baseline -0.004 -22"><span class='ocrx_word' id='word_1_49' title='bbox 672 1335 832 1422; x_wconf 89' lang='lat' dir='ltr'>Domine,</span> <span class='ocrx_word' id='word_1_50' title='bbox 859 1344 893 1404; x_wconf 88' lang='lat' dir='ltr'>ut</span> <span class='ocrx_word' id='word_1_51' title='bbox 919 1355 982 1404; x_wconf 91' lang='lat' dir='ltr'>nos</span> <span class='ocrx_word' id='word_1_52' title='bbox 1009 1343 1196 1428; x_wconf 82' lang='lat' dir='ltr'>pauperes,</span> <span class='ocrx_word' id='word_1_53' title='bbox 1230 1335 1263 1403; x_wconf 94' lang='lat' dir='ltr'>in</span> <span class='ocrx_word' id='word_1_54' title='bbox 1296 1332 1532 1427; x_wconf 76' lang='lat' dir='ltr'>tranquillitate</span> <span class='ocrx_word' id='word_1_55' title='bbox 1557 1336 1727 1404; x_wconf 78' lang='lat' dir='ltr'>vivamus:</span> <span class='ocrx_word' id='word_1_56' title='bbox 1762 1330 1906 1403; x_wconf 86' lang='lat' dir='ltr'>benedic</span> <span class='ocrx_word' id='word_1_57' title='bbox 1936 1353 2036 1402; x_wconf 86' lang='lat' dir='ltr'>revo-</span> 
     </span>
     <span class='ocr_line' id='line_1_8' title="bbox 673 1446 2039 1542; baseline -0.001 -23"><span class='ocrx_word' id='word_1_58' title='bbox 673 1449 788 1520; x_wconf 90' lang='lat' dir='ltr'>lutioni</span> <span class='ocrx_word' id='word_1_59' title='bbox 824 1470 984 1521; x_wconf 91' lang='lat' dir='ltr'>annorum</span> <span class='ocrx_word' id='word_1_60' title='bbox 1016 1468 1077 1542; x_wconf 90' lang='lat' dir='ltr'>per</span> <span class='ocrx_word' id='word_1_61' title='bbox 1110 1447 1277 1519; x_wconf 89' lang='lat' dir='ltr'>circulum.</span> <span class='ocrx_word' id='word_1_62' title='bbox 1337 1448 1519 1521; x_wconf 86' lang='lat' dir='ltr'>Foecunda</span> <span class='ocrx_word' id='word_1_63' title='bbox 1550 1448 1627 1520; x_wconf 87' lang='lat' dir='ltr'>illos</span> <span class='ocrx_word' id='word_1_64' title='bbox 1662 1446 1796 1542; x_wconf 88' lang='lat' dir='ltr'>pluvia,</span> <span class='ocrx_word' id='word_1_65' title='bbox 1830 1459 1929 1535; x_wconf 82' lang='lat' dir='ltr'>rore,</span> <span class='ocrx_word' id='word_1_66' title='bbox 1959 1452 2039 1517; x_wconf 80' lang='lat' dir='ltr'>aeris</span> 
     </span>
     <span class='ocr_line' id='line_1_9' title="bbox 674 1562 2120 1660; baseline -0.001 -24"><span class='ocrx_word' id='word_1_67' title='bbox 674 1569 836 1660; x_wconf 89' lang='lat' dir='ltr'>temperie</span> <span class='ocrx_word' id='word_1_68' title='bbox 863 1577 896 1637; x_wconf 94' lang='lat' dir='ltr'>et</span> <span class='ocrx_word' id='word_1_69' title='bbox 930 1568 1128 1653; x_wconf 83' lang='lat' dir='ltr'>serenitate,</span> <span class='ocrx_word' id='word_1_70' title='bbox 1162 1564 1379 1660; x_wconf 89' lang='lat' dir='ltr'>omnibusque</span> <span class='ocrx_word' id='word_1_71' title='bbox 1405 1564 1564 1637; x_wconf 82' lang='lat' dir='ltr'>fructibus</span> <span class='ocrx_word' id='word_1_72' title='bbox 1590 1562 1873 1641; x_wconf 81' lang='lat' dir='ltr'>benedictionum,</span> <span class='ocrx_word' id='word_1_73' title='bbox 1909 1565 1981 1656; x_wconf 86' lang='lat' dir='ltr'>quia</span> <span class='ocrx_word' id='word_1_74' title='bbox 2009 1573 2040 1634; x_wconf 82' lang='lat' dir='ltr'>tr</span> <span class='ocrx_word' id='word_1_75' title='bbox 2117 1591 2120 1603; x_wconf 94' lang='lat'>·</span> 
     </span>
     <span class='ocr_line' id='line_1_10' title="bbox 675 1677 2040 1775; baseline -0.003 -22"><span class='ocrx_word' id='word_1_76' title='bbox 675 1680 761 1753; x_wconf 91' lang='lat' dir='ltr'>altor</span> <span class='ocrx_word' id='word_1_77' title='bbox 787 1680 905 1768; x_wconf 87' lang='lat' dir='ltr'>bonus,</span> <span class='ocrx_word' id='word_1_78' title='bbox 933 1684 1048 1753; x_wconf 92' lang='lat' dir='ltr'>suavis</span> <span class='ocrx_word' id='word_1_79' title='bbox 1077 1690 1111 1751; x_wconf 91' lang='lat' dir='ltr'>et</span> <span class='ocrx_word' id='word_1_80' title='bbox 1138 1684 1400 1770; x_wconf 81' lang='lat' dir='ltr'>misericors-es,</span> <span class='ocrx_word' id='word_1_81' title='bbox 1419 1679 1649 1775; x_wconf 90' lang='lat' dir='ltr'>bonorumque</span> <span class='ocrx_word' id='word_1_82' title='bbox 1675 1679 1818 1752; x_wconf 92' lang='lat' dir='ltr'>omnium</span> <span class='ocrx_word' id='word_1_83' title='bbox 1838 1677 1987 1769; x_wconf 90' lang='lat' dir='ltr'>largitor,</span> <span class='ocrx_word' id='word_1_84' title='bbox 2010 1687 2040 1749; x_wconf 88' lang='lat' dir='ltr'>et</span> 
     </span>
     <span class='ocr_line' id='line_1_11' title="bbox 674 1777 2118 1887; baseline 0.001 -19"><span class='ocrx_word' id='word_1_85' title='bbox 674 1795 733 1868; x_wconf 90' lang='lat' dir='ltr'>tibi</span> <span class='ocrx_word' id='word_1_86' title='bbox 758 1796 897 1887; x_wconf 84' lang='lat' dir='ltr'>gloriam</span> <span class='ocrx_word' id='word_1_87' title='bbox 926 1806 962 1868; x_wconf 91' lang='lat' dir='ltr'>et</span> <span class='ocrx_word' id='word_1_88' title='bbox 988 1789 1119 1867; x_wconf 90' lang='lat' dir='ltr'>laudem</span> <span class='ocrx_word' id='word_1_89' title='bbox 1146 1795 1344 1871; x_wconf 82' lang='lat' dir='ltr'>referemus.</span> <span class='ocrx_word' id='word_1_90' title='bbox 2113 1777 2118 1784; x_wconf 48' lang='grc'>’</span> 
     </span>
    </p>

    <p class='ocr_par' dir='ltr' id='par_1_4' title="bbox 782 1911 1116 2005">
     <span class='ocr_line' id='line_1_12' title="bbox 782 1911 1116 2005; baseline 0.006 -24"><span class='ocrx_word' id='word_1_91' title='bbox 782 1911 943 2005; x_wconf 79' lang='lat' dir='ltr'>Populus.</span> <span class='ocrx_word' id='word_1_92' title='bbox 994 1913 1116 1984; x_wconf 80' lang='lat' dir='ltr'>Amen.</span> 
     </span>
    </p>

    <p class='ocr_par' dir='ltr' id='par_1_5' title="bbox 675 2025 2039 2356">
     <span class='ocr_line' id='line_1_13' title="bbox 777 2025 2038 2118; baseline 0 -22"><span class='ocrx_word' id='word_1_93' title='bbox 777 2025 952 2098; x_wconf 79' lang='lat' dir='ltr'>Sacerdos</span> <span class='ocrx_word' id='word_1_94' title='bbox 978 2028 1169 2100; x_wconf 73' lang='lat' dir='ltr'>inclinatos.</span> <span class='ocrx_word' id='word_1_95' title='bbox 1197 2026 1392 2118; x_wconf 44' lang='lat' dir='ltr'>,Memento</span> <span class='ocrx_word' id='word_1_96' title='bbox 1418 2026 1563 2100; x_wconf 88' lang='lat' dir='ltr'>Domine</span> <span class='ocrx_word' id='word_1_97' title='bbox 1598 2029 1884 2116; x_wconf 89' lang='lat' dir='ltr'>Patriarcbarum,</span> <span class='ocrx_word' id='word_1_98' title='bbox 1917 2026 2038 2097; x_wconf 88' lang='lat' dir='ltr'>Patron</span> 
     </span>
     <span class='ocr_line' id='line_1_14' title="bbox 675 2120 2039 2240; baseline -0.002 -24"><span class='ocrx_word' id='word_1_99' title='bbox 675 2151 884 2233; x_wconf 91' lang='lat' dir='ltr'>sanctorum,</span> <span class='ocrx_word' id='word_1_100' title='bbox 910 2142 1167 2240; x_wconf 85' lang='lat' dir='ltr'>Prophetarum,</span> <span class='ocrx_word' id='word_1_101' title='bbox 1194 2141 1453 2238; x_wconf 83' lang='lat' dir='ltr'>Apostolorum,</span> <span class='ocrx_word' id='word_1_102' title='bbox 1486 2120 1776 2233; x_wconf 73' lang='lat' dir='ltr'>Praedicatorum,</span> <span class='ocrx_word' id='word_1_103' title='bbox 1801 2141 2039 2235; x_wconf 85' lang='lat' dir='ltr'>Evangelista·</span> 
     </span>
     <span class='ocr_line' id='line_1_15' title="bbox 675 2257 2039 2356; baseline -0.001 -27"><span class='ocrx_word' id='word_1_104' title='bbox 675 2282 768 2349; x_wconf 89' lang='lat' dir='ltr'>rum,</span> <span class='ocrx_word' id='word_1_105' title='bbox 801 2259 1007 2354; x_wconf 76' lang='lat' dir='ltr'>Martyrum,</span> <span class='ocrx_word' id='word_1_106' title='bbox 1044 2257 1351 2354; x_wconf 86' lang='lat' dir='ltr'>Confessorumque</span> <span class='ocrx_word' id='word_1_107' title='bbox 1383 2269 1582 2332; x_wconf 90' lang='lat' dir='ltr'>sanctorum.</span> <span class='ocrx_word' id='word_1_108' title='bbox 1635 2261 1822 2356; x_wconf 88' lang='lat' dir='ltr'>Praecipue</span> <span class='ocrx_word' id='word_1_109' title='bbox 1849 2283 1937 2331; x_wconf 87' lang='lat' dir='ltr'>vero</span> <span class='ocrx_word' id='word_1_110' title='bbox 1964 2281 2039 2333; x_wconf 91' lang='lat' dir='ltr'>san-</span> 
     </span>
    </p>
   </div>
   <div class='ocr_carea' id='block_1_3' title="bbox 540 2374 2039 2488">
    <p class='ocr_par' dir='ltr' id='par_1_6' title="bbox 540 2374 2039 2488">
     <span class='ocr_line' id='line_1_16' title="bbox 540 2374 2039 2488; baseline -0.001 -42"><span class='ocrx_word' id='word_1_111' title='bbox 540 2395 542 2400; x_wconf 88' lang='lat'>·</span> <span class='ocrx_word' id='word_1_112' title='bbox 675 2385 762 2465; x_wconf 88' lang='lat' dir='ltr'>ctae,</span> <span class='ocrx_word' id='word_1_113' title='bbox 798 2384 832 2446; x_wconf 90' lang='lat' dir='ltr'>et</span> <span class='ocrx_word' id='word_1_114' title='bbox 864 2374 1036 2466; x_wconf 83' lang='lat' dir='ltr'>gloriosae</span> <span class='ocrx_word' id='word_1_115' title='bbox 1069 2397 1203 2488; x_wconf 83' lang='lat' dir='ltr'>semper</span> <span class='ocrx_word' id='word_1_116' title='bbox 1234 2374 1383 2466; x_wconf 83' lang='lat' dir='ltr'>Virginis</span> <span class='ocrx_word' id='word_1_117' title='bbox 1415 2375 1541 2447; x_wconf 90' lang='lat' dir='ltr'>Beatae</span> <span class='ocrx_word' id='word_1_118' title='bbox 1576 2376 1721 2466; x_wconf 83' lang='lat' dir='ltr'>Mariae3</span> <span class='ocrx_word' id='word_1_119' title='bbox 1758 2388 1792 2447; x_wconf 90' lang='lat' dir='ltr'>et</span> <span class='ocrx_word' id='word_1_120' title='bbox 1826 2376 1866 2447; x_wconf 90' lang='grc' dir='ltr'>Β.</span> <span class='ocrx_word' id='word_1_121' title='bbox 1900 2376 2039 2459; x_wconf 88' lang='lat' dir='ltr'>Joannis,</span> 
     </span>
    </p>
   </div>
   <div class='ocr_carea' id='block_1_4' title="bbox 588 2490 2086 5144">
    <p class='ocr_par' dir='ltr' id='par_1_7' title="bbox 674 2490 2040 2818">
     <span class='ocr_line' id='line_1_17' title="bbox 674 2490 2038 2587; baseline -0.001 -26"><span class='ocrx_word' id='word_1_122' title='bbox 674 2492 797 2579; x_wconf 90' lang='lat' dir='ltr'>nuncii,</span> <span class='ocrx_word' id='word_1_123' title='bbox 824 2490 1009 2586; x_wconf 91' lang='lat' dir='ltr'>Baptistae,</span> <span class='ocrx_word' id='word_1_124' title='bbox 1035 2494 1281 2585; x_wconf 84' lang='lat' dir='ltr'>praecursoris,</span> <span class='ocrx_word' id='word_1_125' title='bbox 1309 2500 1343 2561; x_wconf 90' lang='lat' dir='ltr'>et</span> <span class='ocrx_word' id='word_1_126' title='bbox 1369 2490 1621 2587; x_wconf 87' lang='lat' dir='ltr'>desponsatoris</span> <span class='ocrx_word' id='word_1_127' title='bbox 1647 2492 1825 2564; x_wconf 87' lang='lat' dir='ltr'>Ecclesiae</span> <span class='ocrx_word' id='word_1_128' title='bbox 1861 2502 1939 2563; x_wconf 91' lang='lat' dir='ltr'>tuac</span> <span class='ocrx_word' id='word_1_129' title='bbox 1964 2512 2038 2563; x_wconf 88' lang='lat' dir='ltr'>san-</span> 
     </span>
     <span class='ocr_line' id='line_1_18' title="bbox 675 2604 2039 2703; baseline -0.001 -26"><span class='ocrx_word' id='word_1_130' title='bbox 675 2617 771 2693; x_wconf 83' lang='lat' dir='ltr'>ctae3</span> <span class='ocrx_word' id='word_1_131' title='bbox 799 2615 833 2676; x_wconf 89' lang='lat' dir='ltr'>et</span> <span class='ocrx_word' id='word_1_132' title='bbox 858 2608 965 2678; x_wconf 88' lang='lat' dir='ltr'>sancti</span> <span class='ocrx_word' id='word_1_133' title='bbox 991 2605 1199 2702; x_wconf 82' lang='lat' dir='ltr'>gloriosique</span> <span class='ocrx_word' id='word_1_134' title='bbox 1225 2604 1385 2700; x_wconf 86' lang='lat' dir='ltr'>Stephani</span> <span class='ocrx_word' id='word_1_135' title='bbox 1418 2610 1577 2703; x_wconf 89' lang='lat' dir='ltr'>principis</span> <span class='ocrx_word' id='word_1_136' title='bbox 1603 2610 1829 2681; x_wconf 90' lang='lat' dir='ltr'>Diaconorum</span> <span class='ocrx_word' id='word_1_137' title='bbox 1867 2618 1904 2679; x_wconf 94' lang='lat' dir='ltr'>et</span> <span class='ocrx_word' id='word_1_138' title='bbox 1929 2614 2039 2703; x_wconf 92' lang='lat' dir='ltr'>proto-</span> 
     </span>
     <span class='ocr_line' id='line_1_19' title="bbox 676 2722 2040 2818; baseline -0.001 -26"><span class='ocrx_word' id='word_1_139' title='bbox 676 2723 847 2815; x_wconf 77' lang='lat' dir='ltr'>martyris,</span> <span class='ocrx_word' id='word_1_140' title='bbox 874 2724 1085 2817; x_wconf 90' lang='lat' dir='ltr'>omniumque</span> <span class='ocrx_word' id='word_1_141' title='bbox 1112 2726 1168 2817; x_wconf 91' lang='lat' dir='ltr'>qui</span> <span class='ocrx_word' id='word_1_142' title='bbox 1194 2722 1390 2818; x_wconf 89' lang='lat' dir='ltr'>placuerunt</span> <span class='ocrx_word' id='word_1_143' title='bbox 1423 2727 1547 2795; x_wconf 89' lang='lat' dir='ltr'>nomini</span> <span class='ocrx_word' id='word_1_144' title='bbox 1580 2734 1636 2799; x_wconf 92' lang='lat' dir='ltr'>tuo</span> <span class='ocrx_word' id='word_1_145' title='bbox 1663 2736 1698 2796; x_wconf 91' lang='lat' dir='ltr'>et</span> <span class='ocrx_word' id='word_1_146' title='bbox 1728 2736 1762 2796; x_wconf 84' lang='lat' dir='ltr'>te</span> <span class='ocrx_word' id='word_1_147' title='bbox 1789 2723 2040 2797; x_wconf 83' lang='lat' dir='ltr'>confessisunt</span> 
     </span>
    </p>

    <p class='ocr_par' dir='ltr' id='par_1_8' title="bbox 675 2837 2041 3397">
     <span class='ocr_line' id='line_1_20' title="bbox 781 2837 2040 2936; baseline -0.001 -30"><span class='ocrx_word' id='word_1_148' title='bbox 781 2837 930 2908; x_wconf 84' lang='lat' dir='ltr'>Eieneaa</span> <span class='ocrx_word' id='word_1_149' title='bbox 955 2858 1081 2907; x_wconf 81' lang='lat' dir='ltr'>vocem.</span> <span class='ocrx_word' id='word_1_150' title='bbox 1114 2837 1258 2909; x_wconf 89' lang='lat' dir='ltr'>Domine</span> <span class='ocrx_word' id='word_1_151' title='bbox 1284 2839 1428 2910; x_wconf 91' lang='lat' dir='ltr'>Domine</span> <span class='ocrx_word' id='word_1_152' title='bbox 1444 2842 1662 2927; x_wconf 87' lang='lat' dir='ltr'>sanctissime,</span> <span class='ocrx_word' id='word_1_153' title='bbox 1691 2853 1726 2913; x_wconf 90' lang='lat' dir='ltr'>et</span> <span class='ocrx_word' id='word_1_154' title='bbox 1752 2843 1807 2936; x_wconf 92' lang='lat' dir='ltr'>qui</span> <span class='ocrx_word' id='word_1_155' title='bbox 1833 2840 1933 2912; x_wconf 87' lang='lat' dir='ltr'>solus</span> <span class='ocrx_word' id='word_1_156' title='bbox 1946 2837 2040 2909; x_wconf 89' lang='lat' dir='ltr'>bonus</span> 
     </span>
     <span class='ocr_line' id='line_1_21' title="bbox 675 2952 2040 3049; baseline -0.001 -25"><span class='ocrx_word' id='word_1_157' title='bbox 675 2974 726 3042; x_wconf 91' lang='lat' dir='ltr'>es,</span> <span class='ocrx_word' id='word_1_158' title='bbox 754 2955 809 3047; x_wconf 94' lang='lat' dir='ltr'>qui</span> <span class='ocrx_word' id='word_1_159' title='bbox 835 2974 856 3023; x_wconf 89' lang='lat' dir='ltr'>a</span> <span class='ocrx_word' id='word_1_160' title='bbox 881 2952 1073 3044; x_wconf 86' lang='lat' dir='ltr'>legionibus</span> <span class='ocrx_word' id='word_1_161' title='bbox 1099 2955 1186 3045; x_wconf 89' lang='lat' dir='ltr'>iguis</span> <span class='ocrx_word' id='word_1_162' title='bbox 1214 2963 1249 3025; x_wconf 90' lang='lat' dir='ltr'>et</span> <span class='ocrx_word' id='word_1_163' title='bbox 1274 2957 1408 3049; x_wconf 89' lang='lat' dir='ltr'>spiritus</span> <span class='ocrx_word' id='word_1_164' title='bbox 1441 2967 1532 3028; x_wconf 88' lang='lat' dir='ltr'>motu</span> <span class='ocrx_word' id='word_1_165' title='bbox 1567 2978 1690 3048; x_wconf 90' lang='lat' dir='ltr'>magno</span> <span class='ocrx_word' id='word_1_166' title='bbox 1718 2954 1913 3028; x_wconf 90' lang='lat' dir='ltr'>terribiliter</span> <span class='ocrx_word' id='word_1_167' title='bbox 1938 2953 2040 3026; x_wconf 89' lang='lat' dir='ltr'>bene·</span> 
     </span>
     <span class='ocr_line' id='line_1_22' title="bbox 677 3067 2039 3164; baseline 0 -25"><span class='ocrx_word' id='word_1_168' title='bbox 677 3068 811 3157; x_wconf 88' lang='lat' dir='ltr'>diceris,</span> <span class='ocrx_word' id='word_1_169' title='bbox 838 3076 872 3138; x_wconf 91' lang='lat' dir='ltr'>et</span> <span class='ocrx_word' id='word_1_170' title='bbox 897 3067 1124 3157; x_wconf 82' lang='lat' dir='ltr'>sanctificaris,</span> <span class='ocrx_word' id='word_1_171' title='bbox 1151 3091 1282 3164; x_wconf 87' lang='lat' dir='ltr'>nosque</span> <span class='ocrx_word' id='word_1_172' title='bbox 1308 3070 1454 3143; x_wconf 87' lang='lat' dir='ltr'>infirmos</span> <span class='ocrx_word' id='word_1_173' title='bbox 1481 3080 1516 3142; x_wconf 91' lang='lat' dir='ltr'>et</span> <span class='ocrx_word' id='word_1_174' title='bbox 1541 3075 1693 3144; x_wconf 82' lang='lat' dir='ltr'>terrenos</span> <span class='ocrx_word' id='word_1_175' title='bbox 1730 3072 1889 3164; x_wconf 84' lang='lat' dir='ltr'>dignatus</span> <span class='ocrx_word' id='word_1_176' title='bbox 1924 3092 1961 3142; x_wconf 88' lang='lat' dir='ltr'>es</span> <span class='ocrx_word' id='word_1_177' title='bbox 1986 3089 2039 3140; x_wconf 88' lang='lat' dir='ltr'>sa·</span> 
     </span>
     <span class='ocr_line' id='line_1_23' title="bbox 677 3182 2040 3284; baseline -0.001 -28"><span class='ocrx_word' id='word_1_178' title='bbox 677 3182 838 3256; x_wconf 89' lang='lat' dir='ltr'>cerdotali</span> <span class='ocrx_word' id='word_1_179' title='bbox 863 3206 1013 3272; x_wconf 89' lang='lat' dir='ltr'>munere,</span> <span class='ocrx_word' id='word_1_180' title='bbox 1039 3207 1107 3257; x_wconf 92' lang='lat' dir='ltr'>non</span> <span class='ocrx_word' id='word_1_181' title='bbox 1135 3185 1222 3279; x_wconf 93' lang='lat' dir='ltr'>quod</span> <span class='ocrx_word' id='word_1_182' title='bbox 1260 3185 1350 3278; x_wconf 91' lang='lat' dir='ltr'>digni</span> <span class='ocrx_word' id='word_1_183' title='bbox 1377 3209 1550 3273; x_wconf 89' lang='lat' dir='ltr'>essemus,</span> <span class='ocrx_word' id='word_1_184' title='bbox 1586 3188 1628 3260; x_wconf 92' lang='lat' dir='ltr'>ad</span> <span class='ocrx_word' id='word_1_185' title='bbox 1660 3190 1855 3284; x_wconf 78' lang='lat' dir='ltr'>mysterium</span> <span class='ocrx_word' id='word_1_186' title='bbox 1884 3186 1950 3258; x_wconf 90' lang='lat' dir='ltr'>hoc</span> <span class='ocrx_word' id='word_1_187' title='bbox 1973 3206 2040 3254; x_wconf 89' lang='lat' dir='ltr'>ma-</span> 
     </span>
     <span class='ocr_line' id='line_1_24' title="bbox 676 3297 2041 3397; baseline 0.002 -30"><span class='ocrx_word' id='word_1_188' title='bbox 676 3319 778 3388; x_wconf 86' lang='lat' dir='ltr'>gnum</span> <span class='ocrx_word' id='word_1_189' title='bbox 805 3309 845 3370; x_wconf 89' lang='lat' dir='ltr'>et</span> <span class='ocrx_word' id='word_1_190' title='bbox 865 3297 1013 3371; x_wconf 87' lang='lat' dir='ltr'>coeleste</span> <span class='ocrx_word' id='word_1_191' title='bbox 1033 3300 1233 3372; x_wconf 88' lang='lat' dir='ltr'>accedendi:</span> <span class='ocrx_word' id='word_1_192' title='bbox 1261 3301 1321 3373; x_wconf 87' lang='lat' dir='ltr'>sed</span> <span class='ocrx_word' id='word_1_193' title='bbox 1347 3325 1411 3397; x_wconf 93' lang='lat' dir='ltr'>per</span> <span class='ocrx_word' id='word_1_194' title='bbox 1425 3306 1658 3376; x_wconf 89' lang='lat' dir='ltr'>miserationes</span> <span class='ocrx_word' id='word_1_195' title='bbox 1684 3313 1771 3391; x_wconf 85' lang='lat' dir='ltr'>tuas,</span> <span class='ocrx_word' id='word_1_196' title='bbox 1799 3324 1862 3376; x_wconf 89' lang='lat' dir='ltr'>eos</span> <span class='ocrx_word' id='word_1_197' title='bbox 1892 3305 1946 3397; x_wconf 89' lang='lat' dir='ltr'>qui</span> <span class='ocrx_word' id='word_1_198' title='bbox 1972 3309 2041 3371; x_wconf 89' lang='lat' dir='ltr'>ate</span> 
     </span>
    </p>

    <p class='ocr_par' dir='ltr' id='par_1_9' title="bbox 588 3417 2042 4436">
     <span class='ocr_line' id='line_1_25' title="bbox 676 3417 2040 3515; baseline 0.004 -32"><span class='ocrx_word' id='word_1_199' title='bbox 676 3417 967 3505; x_wconf 90' lang='lat' dir='ltr'>cognominantur,</span> <span class='ocrx_word' id='word_1_200' title='bbox 993 3438 1057 3488; x_wconf 88' lang='lat' dir='ltr'>nos</span> <span class='ocrx_word' id='word_1_201' title='bbox 1084 3419 1230 3511; x_wconf 90' lang='lat' dir='ltr'>inquam,</span> <span class='ocrx_word' id='word_1_202' title='bbox 1257 3417 1377 3509; x_wconf 88' lang='lat' dir='ltr'>dignos</span> <span class='ocrx_word' id='word_1_203' title='bbox 1404 3418 1523 3508; x_wconf 85' lang='lat' dir='ltr'>iecisti,</span> <span class='ocrx_word' id='word_1_204' title='bbox 1550 3419 1606 3493; x_wconf 92' lang='lat' dir='ltr'>illo</span> <span class='ocrx_word' id='word_1_205' title='bbox 1635 3419 1723 3515; x_wconf 93' lang='lat' dir='ltr'>quod</span> <span class='ocrx_word' id='word_1_206' title='bbox 1750 3419 1947 3492; x_wconf 90' lang='lat' dir='ltr'>desiderant</span> <span class='ocrx_word' id='word_1_207' title='bbox 1971 3419 2040 3488; x_wconf 82' lang='lat' dir='ltr'>An-</span> 
     </span>
     <span class='ocr_line' id='line_1_26' title="bbox 588 3505 2041 3630; baseline 0.001 -32"><span class='ocrx_word' id='word_1_208' title='bbox 588 3505 595 3530; x_wconf 81' lang='grc'><strong>’</strong></span> <span class='ocrx_word' id='word_1_209' title='bbox 676 3528 745 3619; x_wconf 88' lang='lat' dir='ltr'>geli</span> <span class='ocrx_word' id='word_1_210' title='bbox 771 3533 982 3624; x_wconf 90' lang='lat' dir='ltr'>prospicere:</span> <span class='ocrx_word' id='word_1_211' title='bbox 1017 3535 1168 3626; x_wconf 83' lang='lat' dir='ltr'>quamvis</span> <span class='ocrx_word' id='word_1_212' title='bbox 1204 3531 1373 3630; x_wconf 90' lang='lat' dir='ltr'>multiplici</span> <span class='ocrx_word' id='word_1_213' title='bbox 1409 3547 1623 3629; x_wconf 88' lang='lat' dir='ltr'>pcccatorum</span> <span class='ocrx_word' id='word_1_214' title='bbox 1656 3557 1784 3627; x_wconf 90' lang='lat' dir='ltr'>genere</span> <span class='ocrx_word' id='word_1_215' title='bbox 1819 3534 1982 3629; x_wconf 90' lang='lat' dir='ltr'>impliciti,</span> <span class='ocrx_word' id='word_1_216' title='bbox 2013 3540 2041 3600; x_wconf 91' lang='lat' dir='ltr'>et</span> 
     </span>
     <span class='ocr_line' id='line_1_27' title="bbox 678 3647 2041 3740; baseline 0.001 -26"><span class='ocrx_word' id='word_1_217' title='bbox 678 3666 699 3713; x_wconf 91' lang='lat' dir='ltr'>a</span> <span class='ocrx_word' id='word_1_218' title='bbox 726 3647 919 3736; x_wconf 87' lang='lat' dir='ltr'>cognitione</span> <span class='ocrx_word' id='word_1_219' title='bbox 930 3667 1014 3719; x_wconf 90' lang='lat' dir='ltr'>vera</span> <span class='ocrx_word' id='word_1_220' title='bbox 1031 3647 1213 3718; x_wconf 86' lang='lat' dir='ltr'>divinitatis</span> <span class='ocrx_word' id='word_1_221' title='bbox 1241 3658 1318 3720; x_wconf 89' lang='lat' dir='ltr'>tuac</span> <span class='ocrx_word' id='word_1_222' title='bbox 1344 3649 1444 3721; x_wconf 90' lang='lat' dir='ltr'>alieni</span> <span class='ocrx_word' id='word_1_223' title='bbox 1469 3650 1551 3722; x_wconf 89' lang='lat' dir='ltr'>facti</span> <span class='ocrx_word' id='word_1_224' title='bbox 1574 3651 1752 3740; x_wconf 81' lang='lat' dir='ltr'>fuerimus3</span> <span class='ocrx_word' id='word_1_225' title='bbox 1780 3650 1823 3722; x_wconf 93' lang='lat' dir='ltr'>ad</span> <span class='ocrx_word' id='word_1_226' title='bbox 1850 3650 1991 3722; x_wconf 90' lang='lat' dir='ltr'>dilectos</span> <span class='ocrx_word' id='word_1_227' title='bbox 2014 3656 2041 3717; x_wconf 87' lang='lat' dir='ltr'>ct</span> 
     </span>
     <span class='ocr_line' id='line_1_28' title="bbox 590 3757 2039 3860; baseline 0.003 -32"><span class='ocrx_word' id='word_1_228' title='bbox 590 3831 595 3840; x_wconf 71' lang='grc'>,</span> <span class='ocrx_word' id='word_1_229' title='bbox 678 3757 799 3850; x_wconf 85' lang='lat' dir='ltr'>dignos</span> <span class='ocrx_word' id='word_1_230' title='bbox 827 3763 882 3855; x_wconf 92' lang='lat' dir='ltr'>qui</span> <span class='ocrx_word' id='word_1_231' title='bbox 909 3761 1153 3834; x_wconf 87' lang='lat' dir='ltr'>intercedentes</span> <span class='ocrx_word' id='word_1_232' title='bbox 1179 3766 1411 3860; x_wconf 90' lang='lat' dir='ltr'>suscipiantur,</span> <span class='ocrx_word' id='word_1_233' title='bbox 1439 3766 1649 3855; x_wconf 83' lang='lat' dir='ltr'>accedimus3</span> <span class='ocrx_word' id='word_1_234' title='bbox 1676 3789 1793 3840; x_wconf 90' lang='lat' dir='ltr'>omnes</span> <span class='ocrx_word' id='word_1_235' title='bbox 1809 3765 1940 3839; x_wconf 88' lang='lat' dir='ltr'>scilieet</span> <span class='ocrx_word' id='word_1_236' title='bbox 1964 3785 2039 3836; x_wconf 89' lang='lat' dir='ltr'>san·</span> 
     </span>
     <span class='ocr_line' id='line_1_29' title="bbox 678 3877 2042 3976; baseline 0.003 -32"><span class='ocrx_word' id='word_1_237' title='bbox 678 3882 771 3963; x_wconf 87' lang='lat' dir='ltr'>ctos,</span> <span class='ocrx_word' id='word_1_238' title='bbox 806 3880 861 3970; x_wconf 89' lang='lat' dir='ltr'>qui</span> <span class='ocrx_word' id='word_1_239' title='bbox 889 3901 908 3948; x_wconf 95' lang='lat' dir='ltr'>a</span> <span class='ocrx_word' id='word_1_240' title='bbox 935 3877 1071 3950; x_wconf 87' lang='lat' dir='ltr'>saeculo</span> <span class='ocrx_word' id='word_1_241' title='bbox 1098 3877 1158 3949; x_wconf 89' lang='lat' dir='ltr'>tibi</span> <span class='ocrx_word' id='word_1_242' title='bbox 1185 3878 1394 3972; x_wconf 89' lang='lat' dir='ltr'>placuerunt,</span> <span class='ocrx_word' id='word_1_243' title='bbox 1422 3885 1476 3976; x_wconf 92' lang='lat' dir='ltr'>qui</span> <span class='ocrx_word' id='word_1_244' title='bbox 1512 3885 1545 3952; x_wconf 91' lang='lat' dir='ltr'>in</span> <span class='ocrx_word' id='word_1_245' title='bbox 1571 3881 1759 3972; x_wconf 91' lang='lat' dir='ltr'>laboribus,</span> <span class='ocrx_word' id='word_1_246' title='bbox 1787 3881 1985 3973; x_wconf 89' lang='lat' dir='ltr'>sudoribus,</span> <span class='ocrx_word' id='word_1_247' title='bbox 2014 3887 2042 3948; x_wconf 88' lang='lat' dir='ltr'>et</span> 
     </span>
     <span class='ocr_line' id='line_1_30' title="bbox 679 3983 2039 4092; baseline 0.005 -34"><span class='ocrx_word' id='word_1_248' title='bbox 679 3983 854 4061; x_wconf 81' lang='lat' dir='ltr'>aerumnis</span> <span class='ocrx_word' id='word_1_249' title='bbox 872 4013 1002 4083; x_wconf 87' lang='lat' dir='ltr'>agones</span> <span class='ocrx_word' id='word_1_250' title='bbox 1026 4014 1107 4065; x_wconf 91' lang='lat' dir='ltr'>suos</span> <span class='ocrx_word' id='word_1_251' title='bbox 1134 3993 1361 4088; x_wconf 81' lang='lat' dir='ltr'>perfecerunt:</span> <span class='ocrx_word' id='word_1_252' title='bbox 1388 4006 1423 4068; x_wconf 89' lang='lat' dir='ltr'>ut</span> <span class='ocrx_word' id='word_1_253' title='bbox 1454 4001 1713 4090; x_wconf 81' lang='lat' dir='ltr'>perorationes</span> <span class='ocrx_word' id='word_1_254' title='bbox 1740 4020 1855 4069; x_wconf 91' lang='lat' dir='ltr'>eorum</span> <span class='ocrx_word' id='word_1_255' title='bbox 1886 4005 2039 4092; x_wconf 87' lang='lat' dir='ltr'>accepta-</span> 
     </span>
     <span class='ocr_line' id='line_1_31' title="bbox 677 4104 2040 4209; baseline 0.002 -33"><span class='ocrx_word' id='word_1_256' title='bbox 677 4104 763 4176; x_wconf 91' lang='lat' dir='ltr'>biles</span> <span class='ocrx_word' id='word_1_257' title='bbox 789 4106 930 4202; x_wconf 87' lang='lat' dir='ltr'>laqueos</span> <span class='ocrx_word' id='word_1_258' title='bbox 957 4111 1088 4203; x_wconf 89' lang='lat' dir='ltr'>peccati</span> <span class='ocrx_word' id='word_1_259' title='bbox 1115 4131 1137 4179; x_wconf 93' lang='lat' dir='ltr'>a</span> <span class='ocrx_word' id='word_1_260' title='bbox 1162 4108 1260 4183; x_wconf 90' lang='lat' dir='ltr'>nobis</span> <span class='ocrx_word' id='word_1_261' title='bbox 1288 4110 1417 4198; x_wconf 88' lang='lat' dir='ltr'>solvas,</span> <span class='ocrx_word' id='word_1_262' title='bbox 1446 4120 1479 4183; x_wconf 92' lang='lat' dir='ltr'>et</span> <span class='ocrx_word' id='word_1_263' title='bbox 1505 4136 1524 4183; x_wconf 88' lang='lat' dir='ltr'>a</span> <span class='ocrx_word' id='word_1_264' title='bbox 1552 4113 1725 4209; x_wconf 90' lang='lat' dir='ltr'>decipulis,</span> <span class='ocrx_word' id='word_1_265' title='bbox 1749 4115 1880 4208; x_wconf 87' lang='lat' dir='ltr'>laqueis</span> <span class='ocrx_word' id='word_1_266' title='bbox 1897 4121 1932 4183; x_wconf 88' lang='lat' dir='ltr'>et</span> <span class='ocrx_word' id='word_1_267' title='bbox 1946 4131 2040 4183; x_wconf 88' lang='lat' dir='ltr'>scan-</span> 
     </span>
     <span class='ocr_line' id='line_1_32' title="bbox 678 4219 2039 4319; baseline 0.004 -28"><span class='ocrx_word' id='word_1_268' title='bbox 678 4219 762 4293; x_wconf 89' lang='lat' dir='ltr'>dalis</span> <span class='ocrx_word' id='word_1_269' title='bbox 788 4221 905 4295; x_wconf 78' lang='lat' dir='ltr'>futuris</span> <span class='ocrx_word' id='word_1_270' title='bbox 932 4246 994 4318; x_wconf 93' lang='lat' dir='ltr'>per</span> <span class='ocrx_word' id='word_1_271' title='bbox 1021 4233 1054 4295; x_wconf 91' lang='lat' dir='ltr'>te</span> <span class='ocrx_word' id='word_1_272' title='bbox 1079 4222 1280 4315; x_wconf 85' lang='lat' dir='ltr'>liberemur3</span> <span class='ocrx_word' id='word_1_273' title='bbox 1315 4237 1351 4298; x_wconf 92' lang='lat' dir='ltr'>ut</span> <span class='ocrx_word' id='word_1_274' title='bbox 1383 4249 1458 4298; x_wconf 91' lang='lat' dir='ltr'>eum</span> <span class='ocrx_word' id='word_1_275' title='bbox 1484 4227 1548 4300; x_wconf 89' lang='lat' dir='ltr'>illis</span> <span class='ocrx_word' id='word_1_276' title='bbox 1582 4240 1616 4300; x_wconf 87' lang='lat' dir='ltr'>et</span> <span class='ocrx_word' id='word_1_277' title='bbox 1645 4233 1732 4301; x_wconf 90' lang='lat' dir='ltr'>inter</span> <span class='ocrx_word' id='word_1_278' title='bbox 1763 4228 1858 4318; x_wconf 90' lang='lat' dir='ltr'>illos,</span> <span class='ocrx_word' id='word_1_279' title='bbox 1893 4238 1927 4299; x_wconf 92' lang='lat' dir='ltr'>et</span> <span class='ocrx_word' id='word_1_280' title='bbox 1953 4229 2039 4319; x_wconf 75' lang='lat' dir='ltr'>juxta</span> 
     </span>
     <span class='ocr_line' id='line_1_33' title="bbox 677 4325 1661 4436; baseline 0.008 -28"><span class='ocrx_word' id='word_1_281' title='bbox 677 4336 753 4409; x_wconf 90' lang='lat' dir='ltr'>illos</span> <span class='ocrx_word' id='word_1_282' title='bbox 780 4340 815 4409; x_wconf 92' lang='lat' dir='ltr'>in</span> <span class='ocrx_word' id='word_1_283' title='bbox 841 4338 1028 4431; x_wconf 88' lang='lat' dir='ltr'>agminibus</span> <span class='ocrx_word' id='word_1_284' title='bbox 1055 4361 1183 4428; x_wconf 83' lang='lat' dir='ltr'>comm,</span> <span class='ocrx_word' id='word_1_285' title='bbox 1210 4341 1395 4414; x_wconf 83' lang='lat' dir='ltr'>referamus</span> <span class='ocrx_word' id='word_1_286' title='bbox 1422 4325 1482 4415; x_wconf 87' lang='lat' dir='ltr'>tibi</span> <span class='ocrx_word' id='word_1_287' title='bbox 1508 4344 1661 4436; x_wconf 88' lang='lat' dir='ltr'>gloriam.</span> 
     </span>
    </p>

    <p class='ocr_par' dir='ltr' id='par_1_10' title="bbox 782 4453 1229 4551">
     <span class='ocr_line' id='line_1_34' title="bbox 782 4453 1229 4551; baseline 0.013 -28"><span class='ocrx_word' id='word_1_288' title='bbox 782 4453 943 4548; x_wconf 82' lang='lat' dir='ltr'>Populus.</span> <span class='ocrx_word' id='word_1_289' title='bbox 999 4455 1120 4528; x_wconf 88' lang='lat' dir='ltr'>Amen.</span> <span class='ocrx_word' id='word_1_290' title='bbox 1223 4546 1229 4551; x_wconf 17' lang='grc' dir='ltr'>ι</span> 
     </span>
    </p>

    <p class='ocr_par' dir='ltr' id='par_1_11' title="bbox 677 4569 2086 5144">
     <span class='ocr_line' id='line_1_35' title="bbox 783 4569 2041 4670; baseline -0.001 -29"><span class='ocrx_word' id='word_1_291' title='bbox 783 4569 959 4642; x_wconf 77' lang='lat' dir='ltr'>Sacerdos</span> <span class='ocrx_word' id='word_1_292' title='bbox 984 4571 1175 4644; x_wconf 74' lang='lat' dir='ltr'>inclinetur.</span> <span class='ocrx_word' id='word_1_293' title='bbox 1228 4573 1397 4646; x_wconf 89' lang='lat' dir='ltr'>Memento</span> <span class='ocrx_word' id='word_1_294' title='bbox 1425 4574 1580 4664; x_wconf 90' lang='lat' dir='ltr'>Domine,</span> <span class='ocrx_word' id='word_1_295' title='bbox 1606 4574 1738 4646; x_wconf 90' lang='lat' dir='ltr'>illorum</span> <span class='ocrx_word' id='word_1_296' title='bbox 1760 4578 1817 4669; x_wconf 91' lang='lat' dir='ltr'>qui</span> <span class='ocrx_word' id='word_1_297' title='bbox 1843 4576 1982 4670; x_wconf 88' lang='lat' dir='ltr'>propius</span> <span class='ocrx_word' id='word_1_298' title='bbox 2006 4569 2041 4641; x_wconf 89' lang='lat' dir='ltr'>ad</span> 
     </span>
     <span class='ocr_line' id='line_1_36' title="bbox 679 4686 2038 4788; baseline -0.001 -31"><span class='ocrx_word' id='word_1_299' title='bbox 679 4687 788 4758; x_wconf 91' lang='lat' dir='ltr'>Deum</span> <span class='ocrx_word' id='word_1_300' title='bbox 815 4686 988 4775; x_wconf 85' lang='lat' dir='ltr'>accedunt,</span> <span class='ocrx_word' id='word_1_301' title='bbox 1005 4696 1050 4788; x_wconf 87' lang='lat' dir='ltr'>et</span> <span class='ocrx_word' id='word_1_302' title='bbox 1075 4709 1132 4760; x_wconf 91' lang='lat' dir='ltr'>res</span> <span class='ocrx_word' id='word_1_303' title='bbox 1160 4688 1289 4761; x_wconf 88' lang='lat' dir='ltr'>divinas</span> <span class='ocrx_word' id='word_1_304' title='bbox 1317 4693 1510 4762; x_wconf 90' lang='lat' dir='ltr'>enunciant:</span> <span class='ocrx_word' id='word_1_305' title='bbox 1538 4690 1668 4762; x_wconf 91' lang='lat' dir='ltr'>illorum</span> <span class='ocrx_word' id='word_1_306' title='bbox 1695 4694 1750 4785; x_wconf 89' lang='lat' dir='ltr'>qui</span> <span class='ocrx_word' id='word_1_307' title='bbox 1776 4690 1965 4774; x_wconf 83' lang='lat' dir='ltr'>thesaurus,</span> <span class='ocrx_word' id='word_1_308' title='bbox 1989 4687 2038 4756; x_wconf 88' lang='lat' dir='ltr'>lu-</span> 
     </span>
     <span class='ocr_line' id='line_1_37' title="bbox 678 4801 2041 4893; baseline 0.004 -23"><span class='ocrx_word' id='word_1_309' title='bbox 678 4823 757 4872; x_wconf 92' lang='lat' dir='ltr'>men</span> <span class='ocrx_word' id='word_1_310' title='bbox 791 4810 825 4873; x_wconf 90' lang='lat' dir='ltr'>et</span> <span class='ocrx_word' id='word_1_311' title='bbox 856 4801 1104 4874; x_wconf 79' lang='lat' dir='ltr'>fundamentum</span> <span class='ocrx_word' id='word_1_312' title='bbox 1138 4802 1316 4876; x_wconf 86' lang='lat' dir='ltr'>Ecclesiae</span> <span class='ocrx_word' id='word_1_313' title='bbox 1342 4815 1436 4893; x_wconf 89' lang='lat' dir='ltr'>sunt,</span> <span class='ocrx_word' id='word_1_314' title='bbox 1468 4807 1668 4893; x_wconf 88' lang='lat' dir='ltr'>Doctorum,</span> <span class='ocrx_word' id='word_1_315' title='bbox 1694 4806 1751 4877; x_wconf 89' lang='lat' dir='ltr'>vel</span> <span class='ocrx_word' id='word_1_316' title='bbox 1778 4829 1895 4879; x_wconf 88' lang='lat' dir='ltr'>curanr</span> <span class='ocrx_word' id='word_1_317' title='bbox 1921 4805 2041 4878; x_wconf 92' lang='lat' dir='ltr'>baben-</span> 
     </span>
     <span class='ocr_line' id='line_1_38' title="bbox 677 4917 2086 5018; baseline 0.004 -33"><span class='ocrx_word' id='word_1_318' title='bbox 677 4917 757 4987; x_wconf 91' lang='lat' dir='ltr'>tium</span> <span class='ocrx_word' id='word_1_319' title='bbox 784 4921 901 5009; x_wconf 88' lang='lat' dir='ltr'>gregis</span> <span class='ocrx_word' id='word_1_320' title='bbox 928 4921 974 4990; x_wconf 90' lang='lat' dir='ltr'>tui</span> <span class='ocrx_word' id='word_1_321' title='bbox 1001 4919 1193 5007; x_wconf 86' lang='lat' dir='ltr'>rationalis,</span> <span class='ocrx_word' id='word_1_322' title='bbox 1230 4931 1263 4992; x_wconf 93' lang='lat' dir='ltr'>et</span> <span class='ocrx_word' id='word_1_323' title='bbox 1294 4920 1426 4992; x_wconf 92' lang='lat' dir='ltr'>illorum</span> <span class='ocrx_word' id='word_1_324' title='bbox 1459 4925 1514 5015; x_wconf 93' lang='lat' dir='ltr'>qui</span> <span class='ocrx_word' id='word_1_325' title='bbox 1540 4924 1596 5018; x_wconf 91' lang='lat' dir='ltr'>pie</span> <span class='ocrx_word' id='word_1_326' title='bbox 1622 4932 1789 5018; x_wconf 87' lang='lat' dir='ltr'>paverunt</span> <span class='ocrx_word' id='word_1_327' title='bbox 1821 4931 1857 4993; x_wconf 91' lang='lat' dir='ltr'>et</span> <span class='ocrx_word' id='word_1_328' title='bbox 1881 4928 2041 5004; x_wconf 82' lang='lat' dir='ltr'>rexerunt,</span> <span class='ocrx_word' id='word_1_329' title='bbox 2077 4969 2086 4980; x_wconf 44' lang='grc' dir='ltr'><em>ι</em></span> 
     </span>
     <span class='ocr_line' id='line_1_39' title="bbox 678 5037 2039 5144; baseline 0.001 -42"><span class='ocrx_word' id='word_1_330' title='bbox 678 5053 766 5105; x_wconf 91' lang='lat' dir='ltr'>oves</span> <span class='ocrx_word' id='word_1_331' title='bbox 793 5041 899 5107; x_wconf 86' lang='lat' dir='ltr'>emtas</span> <span class='ocrx_word' id='word_1_332' title='bbox 925 5037 1088 5128; x_wconf 86' lang='lat' dir='ltr'>sanguine</span> <span class='ocrx_word' id='word_1_333' title='bbox 1113 5040 1265 5131; x_wconf 90' lang='lat' dir='ltr'>pretioso</span> <span class='ocrx_word' id='word_1_334' title='bbox 1288 5038 1448 5129; x_wconf 85' lang='lat' dir='ltr'>unigeniti</span> <span class='ocrx_word' id='word_1_335' title='bbox 1470 5037 1545 5109; x_wconf 85' lang='lat' dir='ltr'>Filii</span> <span class='ocrx_word' id='word_1_336' title='bbox 1571 5039 1640 5144; x_wconf 59' lang='lat' dir='ltr'>tuip</span> <span class='ocrx_word' id='word_1_337' title='bbox 1665 5041 1720 5134; x_wconf 92' lang='lat' dir='ltr'>qui</span> <span class='ocrx_word' id='word_1_338' title='bbox 1748 5062 1769 5110; x_wconf 92' lang='lat' dir='ltr'>a</span> <span class='ocrx_word' id='word_1_339' title='bbox 1795 5037 1928 5111; x_wconf 88' lang='lat' dir='ltr'>Jacobo</span> <span class='ocrx_word' id='word_1_340' title='bbox 1953 5039 2039 5132; x_wconf 91' lang='lat' dir='ltr'>prin·</span> 
     </span>
    </p>
   </div>
   <div class='ocr_carea' id='block_1_5' title="bbox 0 0 2276 6034">
    <p class='ocr_par' dir='ltr' id='par_1_12' title="bbox 0 0 2276 6034">
     <span class='ocr_line' id='line_1_40' title="bbox 0 0 2276 6034; baseline 0 0"><span class='ocrx_word' id='word_1_341' title='bbox 0 0 2276 6034; x_wconf 95' lang='lat' dir='ltr'> </span> 
     </span>
    </p>
   </div>
  </div>
 </body>
</html>
