4525 6034
646 612 698 685 AD
717 609 925 686 irruamus
942 604 1136 683 COPTIOAiI
1149 606 1180 681 S.
1195 605 1340 682 BASILII.
1583 605 1682 680 *187

304 793 427 855 nomine
451 792 620 878 Origenes,
651 793 732 875 quod
762 797 904 874 antiquas
931 793 969 853 de
997 789 1117 853 Christo
1147 790 1329 871 Prophetias
1358 792 1574 864 commeari&
1604 790 1686 870 quod

305 893 428 952 tandem
450 892 494 952 ad
514 891 652 953 ludaeos
673 910 707 953 se
728 891 931 965 transtulerit,
956 898 1115 969 postquam
1145 890 1185 951 ab
1206 889 1359 969 Episcopo
1390 909 1445 951 aaa
1474 891 1684 951 excommuni-

303 999 395 1051 catus
416 999 479 1065 est,
501 989 629 1053 studium
654 991 719 1071 ejus
745 989 782 1051 ad
806 987 979 1051 discendam
1002 987 1180 1049 Hebraicam
1210 988 1361 1069 linguam,
1386 1005 1403 1048 a
1426 1006 1487 1068 quo
1516 987 1591 1049 satis
1614 986 1684 1049 lau-

304 1084 372 1148 dari
395 1106 454 1151 non
477 1099 613 1172 poterat,
638 1098 778 1169 tanquam
801 1089 984 1169 apostasiam
1007 1087 1187 1149 calumniati.

394 1188 504 1251 Versio
527 1189 656 1251 Arabica
680 1206 759 1268 quae
783 1189 813 1249 in
836 1186 974 1250 omnibus
997 1185 1091 1248 ferme
1115 1185 1270 1248 codicibus
1294 1185 1433 1267 adjuncta
1455 1184 1619 1265 reperitur,
1644 1185 1680 1247 ad
1712 1184 1752 1239 lte
1761 1186 1924 1239 versionibus
1937 1186 2005 1238 Ara-

305 1284 466 1367 Copticum
488 1287 566 1350 laeta
590 1286 675 1350 credi
699 1293 818 1367 potest,
842 1305 908 1347 cum
933 1285 1080 1347 Graecam
1102 1293 1324 1365 repraesentet,
1347 1302 1406 1365 qua
1433 1285 1551 1346 ratione
1574 1283 1682 1346 melior
1694 1272 1767 1326 bien.

304 1393 355 1448 εει
377 1385 443 1448 ειίιε
467 1388 704 1468 quibuscumque
727 1385 887 1463 Arabicis,
910 1402 1035 1466 quarum
1065 1403 1179 1447 summa
1209 1384 1370 1447 diversitas
1400 1392 1456 1447 est.
1508 1382 1584 1445 Nam
1614 1401 1682 1445 cum

303 1484 397 1546 multa
421 1487 605 1567 exemplaria
628 1487 707 1548 inter
729 1504 764 1547 se
786 1491 1013 1564 comparantur,
1037 1484 1134 1565 major
1157 1486 1277 1546 omnino
1301 1482 1398 1545 adbuc
1427 1481 1681 1544 illaanimadver-

303 1584 397 1660 titur,
431 1602 520 1664 quam
548 1584 650 1647 statuit
683 1584 731 1645 vir
762 1582 954 1644 Clarissimus
981 1581 1150 1644 Edwardus
1178 1580 1363 1658 Pococlrius,
1394 1590 1425 1645 et
1453 1599 1521 1645 eum
1556 1586 1680 1667 secutus
1731 1598 1794 1651 tom.
1818 1599 1858 1651 vr,

301 1678 432 1744 Bricnus
444 1682 604 1745 Waltonus
617 1682 722 1744 Editor
735 1681 899 1743 bibliorum
915 1679 1170 1762 Polyglottorum3
1193 1688 1225 1743 et
1246 1682 1403 1763 utriusque
1416 1679 1680 1744 observationibus

300 1781 413 1843 multas
436 1781 604 1863 adjungere
627 1799 756 1843 necesse
778 1780 852 1857 erit,
876 1787 1035 1860 antequam
1058 1779 1175 1841 illarum
1197 1777 1394 1842 Arabicarum
1409 1782 1583 1843 versionum
1604 1796 1679 1840 vera

303 1878 418 1943 Critiae
442 1868 541 1961 possit
563 1879 686 1943 institui.
732 1877 851 1960 Quippe
875 1897 979 1942 ornnes
1003 1879 1111 1959 quibus
1135 1876 1220 1960 Syri,
1243 1879 1416 1960 laconiae,
1439 1879 1615 1955 Melchitae,
1647 1884 1678 1938 ει

301 1980 479 2042 Nestoriani
501 1987 637 2057 utuntur,
660 1981 831 2041 versionem
843 1979 998 2041 continent
1009 1999 1049 2041 cx
1063 1978 1189 2059 Syriaca
1200 1996 1387 2060 expressam,
1411 1994 1487 2060 quae
1508 1977 1678 2040 Hebraeum

304 2079 463 2160 exemplar
485 2080 636 2158 sequitur,
660 2086 690 2140 ει
711 2085 782 2158 post
805 2080 956 2156 Graecas,
981 2080 1110 2142 omnium
1133 2077 1253 2141 videtur
1266 2078 1481 2159 antiquissima.
1526 2077 1590 2140 Etsi
1604 2093 1678 2137 vero

304 2179 394 2240 aliam
416 2179 485 2260 Syri
508 2177 619 2240 habent
641 2175 806 2239 secundum
830 2177 967 2239 Graecos
990 2177 1130 2255 codices,
1160 2179 1226 2259 ejus
1255 2184 1354 2239 nmen
1376 2195 1475 2257 neque
1504 2177 1535 2238 in
1563 2174 1681 2237 Officiis

303 2276 547 2355 Ecclesiasticis,
570 2295 669 2357 neque
691 2277 770 2338 inter
793 2275 969 2358 'theologos
999 2294 1071 2338 usus
1101 2283 1166 2351 est,
1202 2276 1260 2337 nisi
1291 2293 1358 2337 cum
1388 2277 1554 2356 scripturas
1584 2276 1682 2336 inter-

303 2376 473 2457 pretando,
496 2376 625 2438 diversis
647 2375 827 2438 lectionibus
850 2394 921 2438 suas
944 2376 1152 2458 expositiones
1174 2374 1333 2438 illustrant.
1378 2374 1446 2437 Alia
1469 2382 1516 2436 est
1539 2373 1681 2452 Arabica,

305 2474 385 2536 lacta
407 2482 440 2535 ut
462 2473 582 2551 dicitur,
604 2463 689 2536 κατᾶ
711 2462 786 2549 τούς
808 2473 845 2553 0,
869 2482 975 2537 autore
999 2475 1132 2537 llarctho
1154 2475 1215 2537 lilio
1229 2474 1343 2549 Senam
1366 2472 1445 2535 inter
1459 2473 1544 2555 cujus
1561 2471 1682 2535 diversa

305 2571 493 2653 exemplaria
516 2581 597 2634 tanta
619 2580 667 2635 est
688 2581 808 2654 tamque
830 2573 957 2654 insignis
981 2573 1205 2652 dissimilitudo,
1235 2582 1267 2637 ut
1290 2573 1443 2636 conciliari
1465 2590 1527 2634 non
1555 2571 1683 2653 possint.

303 2670 393 2733 lstius
415 2673 566 2735 versionis
588 2690 661 2734 usus
684 2689 746 2734 non
768 2672 845 2734 adeo
870 2673 1034 2734 communis
1057 2680 1119 2750 est,
1143 2672 1197 2735 sed
1222 2673 1328 2735 haeret
1351 2671 1380 2732 in
1402 2670 1579 2752 quibusdam
1601 2669 1683 2733 blel-

305 2770 452 2832 cbitarum
475 2788 531 2832 seu
560 2768 745 2833 Graecorum
773 2769 1020 2833 Orthodoxorum
1048 2770 1212 2847 Ecclesiis,
1246 2769 1297 2832 ubi
1332 2770 1449 2834 Graece
1478 2787 1566 2833 sacra
1594 2766 1681 2829 liunt:

304 2878 405 2932 tamen
428 2877 570 2950 quantum
593 2869 718 2950 adipisci
740 2871 908 2950 potuimus,
933 2870 1053 2951 publice
1076 2870 1156 2932 inter
1179 2869 1285 2933 Ollicia
1309 2887 1370 2933 non
1385 2871 1511 2953 legitur,
1535 2867 1591 2931 sed
1613 2875 1684 2928 tan-

305 2977 369 3032 tum
404 2969 544 3050 privatim
574 2968 611 3030 ab
647 2969 706 3031 iilis
741 2968 937 3048 Christiania,
966 2970 1018 3049 qui
1049 2966 1186 3032 Graecae
1216 2968 1339 3052 linguae
1373 2971 1487 3052 ignari,
1522 2966 1684 3029 Arabicam

305 3066 500 3137 vernaculam
522 3067 643 3132 habent.
676 3069 719 3131 Ea
741 3088 817 3132 vero
841 3087 929 3150 quam
952 3067 1091 3149 Coptitae
1115 3076 1261 3151 usurpant
1282 3069 1389 3132 melius
1412 3067 1531 3130 omnino
1553 3083 1684 3148 reprae-

262 3208 267 3213 -
306 3173 406 3228 sentat
429 3165 573 3229 Codicem
595 3168 761 3246 Graecum,
786 3166 857 3230 licet
879 3174 1040 3229 occurrant
1063 3186 1124 3230 non
1148 3185 1260 3248 pauca,
1284 3169 1315 3228 in
1345 3166 1452 3249 quibus
1482 3183 1581 3246 neque
1610 3165 1683 3227 satis

308 3265 454 3346 Copticae
477 3266 610 3330 versioni
635 3285 701 3330 cum
724 3267 857 3346 Graeca,
880 3283 980 3347 neque
1003 3266 1154 3329 Arabicae
1175 3285 1242 3330 cum
1265 3275 1392 3347 utraque
1406 3266 1576 3328 conveniat.
1622 3262 1683 3327 Sed

306 3362 383 3425 baec
407 3365 477 3426 vitia
506 3382 566 3428 non
588 3367 701 3428 tamin
724 3373 847 3429 autores
870 3367 1061 3443 versionum,
1086 3384 1175 3446 quam
1198 3367 1228 3428 in
1252 3365 1393 3427 librarios
1415 3364 1580 3444 rejicienda
1602 3370 1682 3441 sunt,

308 3463 416 3546 quium
440 3465 470 3525 in
492 3462 617 3526 Oriente
639 3463 785 3527 familiare
807 3471 855 3527 est
876 3466 1032 3527 immutare
1061 3464 1176 3546 absque
1200 3466 1316 3527 ratione
1345 3471 1376 3527 et
1403 3464 1516 3546 judicio
1540 3460 1683 3543 quidquid

308 3560 501 3639 describunt,
524 3564 550 3625 si
573 3560 651 3626 forte
676 3565 706 3625 in
729 3564 795 3625 aliis
818 3563 1042 3646 exemplaribus
1066 3564 1165 3646 aliqua
1194 3570 1335 3627 occurrat
1361 3563 1438 3644 ipsis
1466 3561 1575 3639 lectio,
1605 3577 1683 3641 quae

307 3659 415 3724 melior
437 3679 507 3724 esse
526 3661 687 3743 judicetur.
733 3663 797 3725 Nec
820 3671 918 3725 tamen
942 3662 1185 3725 dissimulandum
1213 3663 1376 3727 Arabicam
1406 3663 1580 3741 Scripturas
1608 3676 1684 3720 ver·

309 3761 426 3823 sionem
449 3777 527 3840 quae
551 3764 685 3822 occurrit
708 3763 736 3823 in
761 3762 881 3842 optimis
905 3769 936 3823 et
958 3763 1087 3842 antiquis
1117 3761 1287 3838 codicibus,
1318 3762 1415 3824 videri
1445 3759 1552 3821 iactam
1582 3757 1683 3838 potius

309 3876 350 3918 ex
372 3857 508 3935 Graeca,
537 3877 625 3940 quarn
648 3879 687 3922 ex
717 3859 859 3940 Coptica:
894 3860 949 3923 sed
975 3868 1103 3949 utraque
1127 3880 1168 3923 ex
1190 3859 1308 3923 Graeco
1339 3858 1506 3941 exemplari
1536 3873 1684 3937 expressa

309 3962 367 4019 εει.
412 3954 523 4019 Omnes
547 3976 642 4039 porro
665 3960 827 4022 versiones
852 3959 1000 4023 Arabicae
1024 3978 1182 4023 commune
1205 3959 1277 4021 nibil
1299 3959 1412 4022 habent
1441 3976 1508 4020 cum
1539 3976 1575 4020 ea
1606 3973 1683 4037 quae

308 4054 437 4134 primum
467 4054 604 4119 Lutetiae
632 4059 663 4118 in
692 4057 796 4120 Bibliis
826 4058 1023 4140 Polvglottis,
1057 4066 1119 4120 tmn
1148 4060 1178 4120 in
1200 4057 1441 4121 Londinensibus
1464 4057 1544 4120 edita
1568 4064 1629 4118 est:
1653 4062 1685 4116 ει

310 4153 392 4233 quod
415 4155 510 4237 magis
532 4157 654 4235 mirum,
677 4156 758 4219 nulla
782 4164 829 4219 est
851 4158 881 4219 in
904 4157 1031 4221 Oriente
1053 4158 1209 4238 Ecclesia,
1234 4174 1312 4238 quae
1334 4176 1418 4220 suam
1435 4158 1466 4218 in
1484 4154 1592 4218 talibus
1616 4153 1686 4216 edi-

310 4251 442 4313 tionibus
464 4254 636 4316 versionem
659 4254 820 4319 Arabicam
851 4264 1007 4340 agnoscat.
1052 4255 1171 4337 Quippe
1202 4255 1251 4318 illa
1279 4254 1475 4319 Pentateuchi
1505 4253 1686 4335 interpolata

310 4358 421 4413 estex
449 4369 485 4413 ea
512 4369 601 4432 quam
631 4352 726 4417 Rabbi
756 4354 863 4418 Saadia
893 4355 994 4430 Gaon,
1025 4357 1197 4437 Aegyptius
1225 4355 1412 4433 Fiumensis,
1444 4354 1475 4415 in
1502 4351 1685 4415 ludaeorum

310 4452 440 4533 gratiam
462 4449 578 4512 lecerat
600 4472 640 4515 ex
664 4454 770 4516 codice
793 4453 955 4517 Hebraico.
1000 4453 1043 4516 Ea
1074 4456 1197 4535 saepius
1228 4454 1379 4534 descripta
1407 4459 1439 4515 ει
1465 4450 1686 4532 interpolatae
1787 4456 1792 4465 ’

311 4544 489 4609 Christianis
512 4549 652 4631 adoptata
675 4561 741 4632 est,
764 4571 825 4617 non
848 4553 969 4634 quidem
991 4562 1024 4617 ut
1047 4573 1087 4616 ex
1110 4572 1146 4615 ea
1170 4553 1317 4615 lectiones
1340 4554 1370 4614 in
1392 4550 1540 4614 Ecclesiis
1563 4550 1686 4623 fierent,

310 4642 367 4707 sed
397 4653 429 4707 ut
462 4649 602 4726 privatim
634 4650 859 4715 describeretur
892 4660 923 4715 et
952 4653 1125 4736 legeretur,
1148 4659 1179 4714 ει
1209 4652 1298 4714 talem
1321 4651 1458 4713 codicem
1488 4655 1610 4710 secutus
1641 4653 1687 4709 est

311 4742 435 4806 Gabriel
459 4745 574 4810 Sionita
597 4750 755 4828 Maronita,
779 4753 829 4832 qui
851 4751 1006 4814 Parisinae
1030 4752 1170 4813 editionis
1193 4769 1320 4831 praeses
1343 4748 1408 4812 luit.
1453 4748 1527 4810 Eam
1549 4745 1687 4808 nonnulli

311 4840 491 4906 emendasse
514 4853 545 4907 ει
567 4845 721 4910 meliorem
745 4848 848 4912 lacere
872 4851 971 4913 conati
995 4858 1065 4912 sunt
1087 4869 1128 4911 ex
1151 4851 1378 4930 comparatione
1401 4847 1515 4929 aliquot
1545 4845 1688 4908 diverso-

309 4957 379 5007 rum
416 4942 635 5024 exemplarium
669 4966 747 5028 quae
789 4948 964 5011 differentes
1002 4947 1069 5012 illas
1100 4948 1261 5011 versiones
1298 4948 1505 5023 continerent,
1545 4944 1582 5007 de
1618 4946 1689 5025 qui-

309 5037 369 5100 bus
392 5039 502 5103 dictum
524 5061 597 5106 mox
619 5063 635 5107 a
659 5047 746 5109 nobis
775 5054 831 5110 est.
875 5048 966 5110 Extat
995 5047 1090 5128 ipsius
1122 5046 1290 5110 collationis
1325 5047 1478 5127 specimen
1514 5046 1546 5107 in
1576 5042 1688 5106 Codice

364 5176 481 5221 rom
1430 5163 1480 5237 40
