4525 6034
577 601 841 678 nuttnnonn
861 599 1055 678 chillone
1079 602 1109 679 S.
1129 600 1283 678 Olltlhhl.
1537 605 1609 677 301

234 784 286 863 qd
305 793 438 864 oppcret
458 786 498 847 iis
518 802 595 865 paor
616 786 721 865 diligit
743 783 823 847 Nihil
845 785 923 847 caim
945 785 1042 848 sinite
1064 787 1092 848 in
1116 793 1203 848 textu
1231 784 1376 866 Coptico,
1406 792 1457 848 ant
1485 787 1514 849 in
1537 806 1612 850 ver-

234 882 370 944 sionibus
393 883 544 946 Arabicis.
588 883 716 946 Primum
738 901 800 948 non
822 884 986 946 consuluit:
1017 885 1048 946 in
1070 884 1167 947 altero
1190 903 1247 965 per
1275 884 1381 946 malam
1409 886 1498 947 unius
1525 887 1612 950 vocis

233 982 479 1061 punctationem,
506 982 544 1044 ad
566 983 839 1060 manifestationem
861 983 1028 1064 transtulit,
1052 983 1134 1064 quod
1165 983 1203 1045 ad
1225 985 1493 1062 sanctificationes
1514 986 1614 1065 perti-

232 1079 341 1157 uehat,
374 1081 616 1161 sententiamque
651 1080 752 1143 effecit
780 1081 870 1161 plane
898 1081 1019 1145 nullutn
1065 1081 1143 1155 Ouid
1174 1083 1253 1144 enim
1281 1081 1433 1166 significat
1462 1101 1613 1162 apparere

232 1176 381 1258 &esne
402 1186 558 1259 mnemon,
580 1181 621 1241 iis
641 1196 717 1260 qnos
739 1181 846 1260 diliprt.
891 1180 931 1243 At
953 1181 1034 1263 quod
1057 1183 1087 1243 in
1109 1181 1213 1243 verhis
1237 1181 1430 1263 designatur,
1461 1180 1534 1242 illud
1564 1189 1612 1244 est

233 1276 316 1357 quod
338 1278 564 1358 expressimus,
588 1277 730 1359 Spiritum
751 1287 887 1342 sanctum
910 1279 1023 1358 divina,
1048 1279 1261 1361 libentiusque
1283 1286 1435 1362 potestate
1464 1278 1612 1341 sanctita-

233 1383 309 1456 tem,
333 1394 391 1439 seu
413 1377 650 1458 purificationem
673 1380 811 1458 operart,
834 1377 1000 1442 secundum
1021 1378 1207 1443 voluntatem
1230 1379 1344 1456 Patris,
1372 1379 1409 1441 iis
1432 1395 1510 1459 qnos
1540 1374 1612 1438 dili-

233 1477 288 1557 git.
333 1474 378 1538 lta
400 1475 504 1539 versio
526 1475 658 1538 Arabica
681 1474 803 1540 Codicis
825 1479 922 1541 nostri
944 1479 1017 1541 satis
1040 1479 1162 1542 vetusti.
1195 1476 1264 1540 Duo
1287 1477 1375 1561 liegii
1398 1477 1489 1558 paulo
1513 1475 1610 1538 aliter.

233 1572 294 1647 Oui
314 1580 463 1654 ορααειίν
480 1582 632 1656 potestate
653 1595 711 1638 ano
728 1596 788 1657 per
808 1579 990 1639 volumtatem
1012 1584 1110 1652 tuom,
1140 1579 1172 1638 in
1201 1580 1317 1638 sanctis
1344 1579 1409 1639 tice
1427 1577 1517 1656 paris
1537 1592 1613 1655 qnos

234 1672 332 1752 eligit:
354 1672 470 1736 Eodem
492 1692 568 1737 vero
591 1674 730 1737 recidunt
752 1675 829 1739 duee
852 1676 922 1739 illae
944 1675 1227 1757 interpretationes,
1251 1675 1387 1755 quamms
1409 1676 1448 1739 sit
1469 1650 1611 1736 nonirulla

233 1770 263 1831 in
285 1770 390 1834 verbis
412 1772 584 1835 diversitas.
619 1773 781 1854 Antiquam
793 1793 888 1855 porro
911 1792 1075 1856 sanamque
1098 1773 1266 1837 doctrinam
1287 1776 1391 1855 paucis
1404 1773 1507 1836 verbis
1525 1790 1610 1836 com·

234 1869 379 1949 plectitur
401 1869 506 1934 Oratio
529 1870 699 1952 fractionis,
723 1891 803 1953 quae
826 1875 973 1955 seqnitur.

487 2130 601 2223 Super
627 2131 716 2202 huuc
739 2155 874 2225 panno,
902 2140 938 2204 et
962 2156 1066 2226 anper
1092 2133 1181 2203 hoec
1209 2133 1359 2203 colicam.

343 2335 380 2412 h
403 2348 516 2413 Codice
540 2349 659 2414 Graeco
682 2352 712 2413 in
735 2351 844 2432 plurali
867 2370 979 2433 panes,
1002 2359 1034 2416 et
1056 2351 1189 2430 calices,
1211 2351 1295 2414 nullo
1321 2349 1447 2431 alicujus
1470 2350 1612 2413 momenti

233 2449 423 2524 discrimiue3
445 2467 513 2511 nam
536 2466 622 2512 more
644 2457 765 2513 vetusto
787 2451 950 2533 aliqnando
973 2452 1079 2533 plures
1102 2450 1214 2513 calices
1229 2448 1433 2513 atterebantur
1451 2450 1502 2530 qui
1524 2448 1610 2511 suitl-

231 2556 340 2610 cerent
363 2547 542 2610 multitudini
565 2551 855 2615 communicantium
900 2551 1026 2632 Siquid
1049 2550 1205 2632 singulare
1227 2551 1309 2612 circa
1331 2549 1410 2610 hanc
1424 2548 1610 2630 disciplinam

231 2646 428 2710 observatum
450 2646 520 2709 olim
547 2648 577 2709 in
600 2647 739 2711 Ecclesia
760 2648 968 2712 Alexandrina
990 2648 1062 2728 init,
1091 2651 1172 2712 scire
1201 2666 1261 2711 rron
1291 2665 1462 2730 possumus.
1515 2646 1609 2709 Erant

231 2746 261 2807 in
282 2763 342 2809 usu
364 2747 454 2809 etiam
476 2746 506 2807 in
528 2745 680 2823 Romana,
702 2748 814 2811 calices
837 2749 1058 2825 ministeriales,
1081 2748 1120 2811 de
1143 2748 1251 2828 quihus
1275 2748 1310 2812 V.
1332 2747 1363 2811 C.
1384 2746 1517 2810 loannes
1540 2745 1609 2808 lla·

230 2844 375 2909 billonius
397 2848 429 2908 in
451 2844 674 2911 Commentario
697 2850 823 2929 praevio
846 2847 884 2911 ad
907 2847 1050 2911 Ordinem
1067 2848 1249 2911 Romanum:
1274 2863 1312 2909 an
1334 2846 1411 2909 tales
1434 2845 1545 2908 inerint
1568 2844 1610 2907 illi

231 2942 447 3023 Alexandrini,
470 2946 622 3008 nescitur:
645 2946 701 3009 sed
724 2954 826 3027 potest
848 2946 988 3011 dubitari.
1031 2946 1139 3028 Neque
1169 2947 1249 3008 enim
1278 2946 1382 3027 plnres
1413 2945 1524 3007 calices
1552 2963 1610 3007 ne-

146 3072 151 3085 ·
231 3043 358 3105 cessarii
381 3052 484 3123 erant,
508 3044 559 3107 uhi
582 3044 681 3109 Laicis
706 3046 786 3109 calix
804 3063 865 3109 non
878 3046 1098 3129 praebebatur3
1121 3046 1178 3110 sed
1194 3046 1318 3108 intincta
1332 3047 1513 3122 communio,
1532 3062 1611 3124 qnae

232 3142 439 3221 antiquissima
469 3151 516 3205 est
547 3150 611 3207 tolo
641 3146 755 3226 passim
785 3144 920 3208 Oriente.
966 3144 1054 3219 Quod
1083 3163 1158 3207 vero
1189 3145 1275 3227 panis
1306 3152 1433 3206 vocatur
1463 3162 1501 3206 eo
1531 3142 1612 3218 loco,

230 3240 422 3304 Eucharistiae
444 3240 548 3304 verbis
571 3228 733 3305 doninicis'
746 3245 808 3324 jam
831 3251 1026 3323 consecrata,
1056 3262 1118 3306 non
1146 3244 1237 3325 plane
1265 3250 1491 3324 perspecteque
1514 3243 1613 3325 signi-

231 3340 319 3418 ficat,
344 3339 426 3402 illum
448 3339 580 3403 noudum
603 3359 672 3404 esse
695 3360 806 3423 corpus
830 3341 958 3418 Christi,
982 3349 1033 3405 aut
1054 3360 1182 3423 prorsus
1212 3360 1272 3406 uon
1304 3360 1392 3419 esse,
1427 3343 1497 3423 qnia
1517 3343 1612 3424 ,panis

231 3445 368 3502 vocatur.
412 3438 474 3501 Sed
497 3455 610 3500 novum
632 3456 693 3501 non
720 3448 767 3502 est
796 3440 842 3503 his
865 3441 896 3503 in
926 3440 1059 3520 Otliciis,
1090 3449 1123 3505 ut
1152 3441 1233 3523 quod
1262 3460 1368 3503 verum
1398 3458 1468 3503 esse
1497 3456 1611 3521 corpus

232 3537 346 3600 Christi
377 3537 572 3618 agnoscitur,
608 3539 694 3618 panis
723 3547 869 3615 vocetur,
904 3543 973 3621 quin
1004 3541 1090 3621 panis
1119 3540 1249 3605 videtur.
1296 3541 1389 3606 Sacra
1415 3541 1559 3621 mysteria
1582 3545 1613 3600 et

232 3635 444 3714 Sacramenta,
478 3637 566 3717 panis
597 3646 628 3699 et
663 3637 743 3700 calix
771 3645 920 3701 vocantur
950 3638 1110 3720 aliquando
1141 3647 1212 3702 ante
1241 3641 1519 3716 consecrationem,
1555 3656 1612 3699 nec

231 3743 334 3798 umen
355 3732 424 3796 ideo
449 3744 629 3798 consecrata
652 3735 835 3813 creduntur,
858 3755 926 3800 cum
948 3756 1042 3819 saepe
1065 3737 1276 3801 indifferenter
1297 3746 1448 3801 vocentur
1478 3738 1507 3801 id
1530 3737 1611 3818 quod

232 3841 320 3912 sunt,
344 3840 375 3895 et
398 3831 429 3893 id
452 3833 533 3913 qnod
556 3833 704 3897 videntur.
741 3836 848 3918 Neque
871 3836 942 3899 inde
965 3837 1124 3918 quidquam
1149 3836 1257 3900 deduci
1278 3845 1382 3918 potest
1404 3839 1486 3899 circa
1500 3837 1613 3899 Orien-

232 3932 336 3996 talium
358 3931 531 4013 opinionem
554 3932 592 3996 de
616 3936 855 3998 consecrationis
879 3943 1056 4014 momento„
1071 3943 1122 3998 aut
1146 3936 1184 3999 de
1207 3935 1309 3998 verbis
1333 3935 1441 4016 quihus
1464 3936 1513 3998 illa
1536 3953 1614 4017 per-

232 4031 349 4110 icitur,
373 4037 514 4112 tanquam
536 4031 575 4094 ad
597 4032 690 4096 Narci
714 4033 838 4115 Ephesii
861 4043 893 4097 et
915 4034 1041 4097 aliorum
1063 4035 1268 4097 recentiorum
1282 4037 1461 4097 sententiam
1479 4034 1613 4096 accede-

232 4137 321 4210 rent,
356 4148 435 4211 qnae
466 4138 627 4212 tantopere
655 4152 674 4196 a
702 4132 868 4216 'theologis
896 4134 1049 4216 exagitata
1071 4141 1128 4195 est.
1171 4133 1278 4214 Neque
1313 4136 1392 4196 enim
1420 4136 1458 4197 de
1490 4133 1613 4216 synodo

233 4227 425 4305 Florentina,
449 4237 500 4292 aut
522 4230 561 4293 de
584 4231 634 4293 illa
657 4232 865 4295 controversia
888 4232 1049 4312 quidquam
1071 4231 1186 4294 sciunt:
1214 4250 1320 4295 verum
1342 4234 1508 4295 orationem
1531 4233 1613 4293 anti-

232 4329 377 4409 quissima
399 4328 560 4392 traditione
584 4331 831 4409 commendatam,
855 4338 885 4393 et
908 4331 946 4393 ah
960 4330 1098 4394 omnihus
1117 4330 1278 4407 Ecclesiis,
1301 4332 1611 4394 etiamcommunioue

233 4427 357 4505 divisis,
381 4436 590 4491 conservatam
608 4431 674 4493 sine
687 4429 747 4492 ulla
766 4431 941 4511 suspicione
961 4432 1107 4505 retinent,
1129 4447 1188 4492 nec
1202 4430 1329 4493 ulterius
1347 4431 1509 4513 progressi
1531 4437 1611 4494 sunt.

321 4526 410 4599 Ouod
433 4528 570 4609 sequitur
597 4536 628 4590 et
649 4529 751 4608 facim
777 4531 856 4591 hinne
882 4548 993 4609 ponem
1020 4548 1133 4610 comus
1162 4529 1291 4605 Christi,
1319 4547 1506 4593 communem
1537 4529 1612 4591 reli-

234 4644 361 4708 quarum
384 4628 513 4689 omnium
536 4626 697 4691 lectionem
721 4628 891 4707 confirmat,
914 4636 945 4691 et
968 4628 1105 4693 Salmasii
1126 4647 1305 4710 perversam
1332 4629 1613 4709 interpretationem

233 4724 295 4788 loci
316 4724 470 4805 paralleh,
501 4725 531 4786 in
555 4725 697 4810 Gregorii
727 4726 852 4810 Coptica
882 4728 1036 4810 Liturgia,
1070 4728 1204 4791 funditus
1231 4729 1350 4792 evertit.
1395 4726 1503 4807 Neque
1533 4726 1612 4788 enim

234 4823 363 4907 legitur,
387 4823 606 4902 olfaciamus:
629 4825 711 4906 quod
735 4835 833 4889 tamen
857 4828 919 4910 legi
941 4826 1086 4905 dehehat,
1109 4826 1136 4889 si
1157 4828 1188 4889 in
1211 4827 1268 4890 alia
1290 4828 1402 4890 lectum
1428 4825 1552 4901 inisset,
1580 4832 1615 4886 ot

233 4930 448 4987 convenam
468 4923 526 4985 tos
547 4923 716 4988 oausam
735 4928 768 4989 in
790 4946 904 5007 corpus
925 4935 955 4990 ct
974 4929 1153 5007 comensem
1179 4926 1287 4988 soloni
1312 4934 1454 5002 nosnos,
1485 4943 1553 4987 cnm
1583 4932 1614 4987 et

234 5020 362 5104 Coptice
385 5031 417 5086 et
440 5022 590 5101 Arabiae,
614 5032 647 5087 ut
670 5024 807 5106 Graece,
831 5026 951 5110 legatur
974 5035 1005 5090 et
1022 5026 1138 5105 somn,
1161 5032 1195 5087 ut
1216 5032 1372 5089 ostensum
1396 5025 1496 5088 estin
1519 5023 1613 5087 Com-

1324 5141 1406 5215 54*
