4525 6034
688 596 762 670 184
1067 620 1075 641 ’
1167 597 1577 676 COMMENTARIUS

683 783 754 846 dicit
776 785 920 847 sacerdos
945 784 987 846 1⁰.
1010 784 1156 846 Memento
1178 784 1306 847 Domine
1327 785 1431 847 Patria
1452 785 1552 848 nostri
1570 785 1717 865 Episcopi
1736 786 1823 848 Abba
1844 785 1880 848 N.
1903 785 1946 851 20.
1958 795 1985 849 et
1997 786 2037 854 3⁰.

682 885 761 946 siem
782 885 826 946 od
846 885 1068 946 Potriorcbom.
1092 883 1269 967 Hegumeno
1292 902 1347 948 seu
1369 884 1628 948 Archimandritae
1650 884 1696 947 bis
1721 884 1808 946 datur
1829 886 1984 949 incensum.
1998 886 2037 955 1⁰.

683 984 800 1046 dicitur.
843 983 1085 1046 Benedictionem
1102 992 1174 1063 peto
1197 1003 1218 1045 o
1240 992 1268 1045 te
1289 983 1385 1046 Pater
1405 985 1449 1046 mi
1468 983 1637 1065 lleqnmenc
1662 982 1750 1045 Abba
1771 981 1808 1047 N.
1831 993 1968 1047 monento
1987 989 2039 1049 mei

681 1086 714 1145 in
736 1084 1013 1145 miserationibus.
1037 1082 1083 1147 2⁰.
1129 1081 1285 1145 Causea-oa
1319 1103 1385 1145 eum
1413 1085 1446 1145 io
1470 1103 1564 1163 poce,
1594 1091 1624 1145 et
1641 1082 1837 1162 perfectione.
1881 1083 2039 1164 Respondet

681 1181 885 1264 Hegumenus.
907 1183 1054 1246 Dominus
1075 1191 1233 1245 conseruet
1252 1182 1462 1245 Sacerdotium
1484 1190 1583 1258 tuum,
1606 1189 1640 1243 ut
1660 1181 1886 1257 Melchisedeci,
1907 1181 2035 1258 daronis,

682 1283 856 1344 Zocborioe
877 1290 908 1343 et
927 1282 1076 1344 Simeonis
1096 1282 1294 1344 Sacerdotem
1314 1281 1374 1344 Dei
1395 1282 1517 1345 excelsi.
1550 1280 1724 1360 Sacerdoti,
1749 1299 1817 1343 cum
1839 1281 1924 1343 datur
1944 1282 2040 1361 incen-

683 1400 766 1460 sum,
790 1379 860 1442 dicit
884 1380 1050 1444 celebrans.
1095 1380 1339 1443 Benedictionem
1351 1390 1423 1461 peto
1441 1401 1462 1443 o
1478 1390 1523 1456 te,
1544 1381 1639 1443 Pater
1651 1382 1694 1441 ini
1710 1380 1889 1464 Presbyter:
1910 1388 2040 1443 memento

682 1483 743 1543 mei
762 1483 794 1542 in
817 1481 877 1541 tnis
898 1480 1094 1543 orationibus.
1117 1479 1353 1560 Respondetque
1376 1479 1481 1542 iisdem
1503 1478 1623 1558 verbis,
1646 1478 1754 1559 quibus
1777 1481 1972 1563 Hegumenus.

771 1580 875 1644 Statim
898 1581 1005 1641 iterum
1027 1579 1114 1641 datur
1136 1581 1293 1641 incensam
1315 1597 1423 1641 versus
1446 1578 1604 1659 populum,
1633 1577 1803 1660 diciturque
1832 1582 1926 1661 prima
1952 1577 2040 1641 bene·

685 1680 775 1743 dictio
799 1686 868 1739 ante
890 1678 1050 1740 lectionem
1071 1678 1226 1760 Epistulae
1250 1678 1280 1743 S.
1310 1678 1394 1741 Pauli
1421 1678 1451 1739 in
1482 1678 1560 1740 lrunc
1589 1677 1718 1743 modum.
1763 1678 1937 1741 Benedictio
1963 1677 2042 1739 Pauli

683 1779 823 1860 Apostoli
843 1777 917 1840 Jesn
940 1776 1073 1841 Chresti:
1096 1782 1217 1859 ejusmte
1239 1777 1461 1840 benedictiones
1482 1786 1607 1839 sanctae
1629 1780 1690 1839 aim
1710 1797 1777 1840 cum
1802 1779 1936 1841 omnibus
1955 1777 2040 1841 nobis.

683 1878 787 1940 Amen.
812 1877 892 1938 Thus
914 1894 1035 1957 quoque
1058 1877 1195 1939 similiter
1216 1876 1318 1956 datur,
1343 1877 1476 1963 quodin
1498 1876 1562 1938 istis
1585 1875 1690 1939 ritibus
1710 1884 1758 1939 est
1772 1875 2040 1956 frequentissimum.

683 1977 892 2056 Patriarchae,
916 1975 1094 2056 Episcopis,
1118 1974 1350 2056 Sacerdotibus,
1375 1975 1500 2038 Clericis
1524 1975 1662 2046 daturin
1686 1976 1883 2053 Sanctuario,
1904 1977 1952 2038 abi
1972 1992 2037 2057 pro-

688 2077 772 2158 prius
795 2094 899 2139 eorum
922 2076 1008 2138 locus
1032 2083 1095 2139 est:
1116 2076 1217 2138 Laicis
1239 2084 1272 2138 ιιι
1295 2074 1332 2137 ad
1356 2093 1409 2137 eos
1431 2074 1610 2138 thurificatio
1632 2077 1799 2156 pertineat,
1828 2074 1907 2137 hunc
1933 2077 1962 2136 in
1982 2092 2042 2137 mo·

683 2175 753 2238 dum
776 2176 843 2239 thas
866 2175 932 2238 dari
954 2174 1040 2237 solet.

769 2277 929 2356 Postquam
952 2272 1163 2351 Patriarchae,
1185 2272 1362 2355 Episcopis,
1386 2272 1602 2337 Sacerdotibus
1624 2279 1655 2333 et
1677 2271 1768 2335 Claro
1791 2271 1860 2335 thus
1883 2272 1976 2335 datum
1992 2280 2042 2352 est,

683 2375 764 2457 quod
785 2375 937 2438 multoties
965 2374 996 2436 in
1024 2372 1161 2453 Litargia
1190 2372 1223 2434 lit
1253 2372 1332 2453 apud
1363 2371 1516 2452 Coptitas,
1547 2381 1580 2435 ut
1609 2391 1649 2434 ex
1679 2373 1889 2453 superioribus
1917 2373 2041 2436 Rubricis

681 2474 871 2537 manifestum
893 2480 958 2551 est,
988 2471 1138 2535 Sacerdos
1161 2471 1321 2534 celebrans
1344 2471 1382 2534 ad
1411 2470 1495 2535 iores
1524 2471 1691 2535 Sanctuarii
1718 2489 1919 2556 progressus,
1944 2473 2041 2536 Laioos

683 2575 811 2635 circuitu
832 2591 888 2654 per
909 2572 1076 2634 Ecclesiam
1098 2572 1178 2634 facto
1200 2573 1354 2649 incensat,
1377 2579 1410 2634 ut
1432 2568 1553 2634 notatur
1574 2573 1605 2633 in
1628 2571 1740 2634 Codice
1762 2571 1862 2654 Regio
1883 2574 2041 2649 recentiori,

680 2683 714 2735 ut
736 2674 824 2736 etiam
847 2675 877 2734 in
896 2671 1006 2757 llituali
1029 2672 1176 2733 Gabrielis
1199 2671 1402 2745 Patriarchae,
1424 2669 1612 2755 Abulbircat,
1634 2669 1751 2733 datore
1775 2672 1926 2736 scientiae
1944 2672 2043 2734 Eccle-

681 2773 822 2836 siasticae
852 2780 883 2835 et
914 2772 990 2837 aliis.
1036 2771 1147 2835 Similis
1177 2772 1369 2834 caeremonia
1397 2771 1509 2851 ubique
1538 2789 1635 2852 prope
1667 2772 1865 2849 observatur,
1895 2790 1950 2834 nec
1973 2771 2043 2852 apud

682 2872 852 2935 Orientales
875 2871 990 2950 solum,
1013 2871 1069 2934 sed
1092 2870 1171 2952 apud
1195 2870 1329 2934 Graecos
1352 2877 1383 2933 et
1404 2868 1546 2949 Latinos,
1569 2879 1602 2933 ut
1626 2869 1795 2933 Christiana
1820 2872 1908 2952 plebs
1924 2875 1953 2934 in
1967 2889 2043 2933 con-

680 2973 829 3034 munionis
858 2971 991 3055 signum,
1025 2989 1081 3053 per
1110 2989 1215 3051 quam,
1246 2988 1301 3033 suo
1328 2968 1437 3049 modo,
1467 2969 1609 3050 precibus
1639 2977 1670 3033 et
1700 2969 1857 3033 Sacrificio
1886 2973 2041 3052 paricipn,

679 3071 804 3134 honoris
827 3090 948 3153 quoque
971 3080 1087 3151 partem
1109 3071 1235 3147 habeat,
1259 3069 1350 3132 etad
1374 3068 1519 3131 errandum
1542 3070 1682 3132 attentius
1705 3070 1867 3132 excitetur.
1901 3072 1934 3134 ld
1955 3072 2042 3133 omni·

681 3170 737 3233 bus
760 3171 905 3235 Ecclesiis
929 3188 1086 3234 commune
1108 3178 1155 3233 est
1162 3191 1171 3245 ;
1194 3188 1299 3232 verum
1321 3169 1455 3249 Captiuis
1478 3169 1641 3253 singularis
1664 3169 1811 3249 quaedam
1842 3169 1897 3233 luit
1922 3190 2042 3235 consue-

680 3270 775 3347 tudo,
798 3269 855 3331 hac
877 3272 908 3332 in
929 3269 1085 3351 Liturgiao
1107 3277 1211 3350 parte,
1234 3286 1312 3349 quae
1335 3269 1367 3330 in
1389 3267 1570 3331 teterrimam
1586 3269 1833 3348 superstitionem
1850 3270 2042 3353 degenerarit.

680 3370 796 3450 Nempe
819 3388 886 3431 curn
909 3368 1060 3431 Sacerdos
1085 3368 1153 3430 thus
1177 3368 1301 3431 adolens
1323 3368 1355 3429 in
1376 3366 1545 3430 Ecclesiam
1560 3366 1814 3449 progrederetur,
1831 3368 1968 3431 solebant
1981 3369 2042 3431 olim

684 3468 822 3549 Coptitae
846 3471 911 3551 ejus
934 3468 1075 3548 precibus
1099 3467 1310 3531 commendare
1332 3484 1384 3541 se,
1407 3467 1555 3547 simulque
1577 3467 1712 3528 confiteri
1734 3486 1769 3531 se
1796 3479 1989 3549 peccatores,
2014 3477 2042 3532 et

682 3567 907 3630 confessionem
936 3567 1091 3648 quamdam
1121 3565 1224 3629 verbis
1252 3566 1446 3649 generalibus
1475 3567 1695 3648 pronunciare,
1725 3567 1769 3628 illi
1800 3585 1865 3631 uon
1892 3567 2042 3630 absimdem

683 3685 773 3748 quam
795 3667 878 3728 initio
902 3667 1012 3729 Elissae
1035 3668 1142 3729 recitat
1163 3665 1268 3728 Latina
1290 3665 1445 3744 Ecclesia,
1469 3667 1554 3747 cajus
1577 3667 1718 3748 antiquae
1734 3668 1882 3733 formulae
1895 3668 2041 3732 breviores

682 3766 797 3848 aliquot
820 3773 1001 3846 occurrunt,
1023 3774 1056 3828 ut
1078 3766 1199 3828 luerunt
1222 3764 1299 3827 aliae
1323 3765 1515 3847 prolixiores.

379 3862 666 3930 Superstitioindeona.
769 3865 843 3929 Cum
872 3868 989 3928 interea
1021 3865 1171 3929 Sacerdos
1200 3865 1367 3928 orationem
1397 3864 1513 3928 diceret
1543 3884 1620 3947 quae
1648 3866 1805 3929 videbatur
1834 3869 1984 3949 pertinere
2009 3864 2041 3928 ad

682 3967 892 4029 remissionem
920 3974 1130 4046 peccatorum,
1163 3965 1428 4044 existimaverunt,
1459 3965 1540 4046 quod
1568 3968 1600 4028 in
1627 3975 1746 4046 promtu
1778 3976 1861 4048 erat,
1900 3986 1962 4029 eam
1988 3982 2046 4027 noa

680 4066 791 4130 frustra
813 4066 1024 4149 pronunciari,
1054 4074 1088 4128 ut
1109 4065 1221 4129 similes
1244 4063 1471 4127 benedictiones
1494 4074 1526 4129 et
1548 4064 1753 4130 absolutiones
1776 4067 1883 4131 valere
1901 4066 2040 4150 judicatae

680 4175 750 4231 sunt
772 4167 810 4228 ad
832 4165 979 4228 abolenda
1001 4174 1145 4247 peccata,
1168 4182 1246 4246 quae
1268 4183 1325 4245 per
1346 4163 1538 4246 fragilitatem
1559 4165 1733 4246 humanam,
1757 4168 1852 4248 apiis
1869 4169 1955 4230 etiam
1969 4181 2041 4245 quo-

678 4268 751 4330 tidie
774 4265 1005 4330 committuntur.
1030 4264 1158 4328 Saeculo
1182 4265 1299 4327 demum
1321 4262 1482 4327 undecimo
1506 4272 1537 4327 et
1559 4266 1700 4345 sequenti
1722 4274 1848 4347 praeter
1869 4267 2041 4330 calamitates

678 4367 850 4429 innumeras
873 4382 948 4446 quas
971 4365 1007 4427 ab
1030 4364 1202 4427 lnfidelibus
1232 4363 1372 4426 Ecclesia
1401 4363 1610 4427 Alexandrina
1638 4367 1798 4447 sustinuit,
1826 4368 1983 4429 marimum
2007 4362 2040 4425 ab

679 4467 754 4548 ipsis
785 4465 1010 4529 Ecclesiasdcis
1038 4472 1068 4526 et
1095 4463 1277 4526 Patriarchis
1305 4464 1337 4524 in
1364 4463 1571 4526 Poeuitentiali
1600 4463 1757 4544 disciplina
1786 4466 1896 4529 viduus
1924 4464 2040 4542 accepit

679 4566 729 4629 Ad
752 4565 992 4629 communionem
1014 4565 1125 4646 quippe
1148 4563 1358 4645 mysteriorum
1381 4561 1537 4626 admittere
1560 4572 1744 4644 coeperunt,
1776 4582 1829 4627 eos
1852 4566 1903 4646 qui
1925 4562 2041 4648 gravio·

681 4685 748 4729 rum
771 4666 926 4728 criminum
949 4664 1009 4744 rei,
1032 4664 1084 4726 illa
1107 4663 1321 4727 Sacerdotibus
1344 4663 1498 4743 confiteri,
1528 4671 1559 4725 et
1581 4662 1734 4725 Cononem
1762 4680 1818 4725 seu
1840 4661 2042 4744 poeniteutiam

682 4767 785 4830 subire
808 4764 1020 4848 negligebant,
1043 4781 1126 4843 cum,
1150 4764 1177 4827 si
1199 4762 1383 4844 disciplinam
1406 4762 1650 4826 Ecclesiasticam
1673 4781 1749 4847 erga
1762 4780 1818 4825 eos
1830 4763 2042 4837 exercuissent,

680 4867 820 4929 timerent
841 4883 880 4928 ne
904 4864 1079 4927 calumniam
1101 4865 1174 4944 ipsis
1198 4862 1326 4944 aliquam
1349 4863 1487 4926 obdurati
1509 4871 1687 4944 peccatores
1717 4860 2040 4944 apud-Nubamedanos

409 4990 472 5043 pa„
501 4989 572 5043 pm,
591 4989 666 5044 Ara,
679 4966 897 5049 impingerent,
926 4972 977 5027 aut
1006 4964 1094 5027 iidem
1124 4964 1322 5045 abnegarent.
1365 4962 1427 5027 Alii
1454 4963 1574 5047 longius
1603 4964 1775 5046 progressi,
1803 4970 1836 5024 ut
1862 4963 1941 5024 inter
1972 4958 2039 5021 alios

354 5095 382 5146 p.
399 5077 460 5129 550.
679 5068 812 5132 ioannes
834 5066 855 5128 f.
877 5064 1038 5149 Abugaleb
1060 5063 1235 5127 Patriarcha
1257 5062 1463 5146 Coptitarum,
1493 5074 1524 5126 et
1544 5062 1665 5126 Marcus
1687 5063 1764 5127 lilius
1786 5063 1898 5143 Zoraa,
1922 5058 2038 5124 coales-
