4525 6034
399 612 699 691 lGNATll
750 613 1291 712 pabulatorius,
1333 630 1384 693 bc.
1518 619 1593 690 517

221 809 253 871 et
279 804 511 874 remissionem
538 810 754 897 peecatorum
781 825 868 896 quae
894 812 1037 899 propter
1064 826 1139 874 eum
1166 811 1234 894 est,
1271 815 1336 876 tam
1371 804 1469 877 nobis
1498 829 1596 901 quam

219 918 311 1011 ipsis.

325 1033 485 1127 Populus.
540 1034 692 1122 Quietem
720 1043 866 1128 praesta.

323 1152 508 1224 Sacerdos.
561 1152 707 1223 Peccata
735 1161 769 1222 et
793 1149 942 1222 maculas
969 1149 1128 1237 Domine,
1165 1173 1250 1245 quae
1283 1172 1346 1222 nos
1380 1160 1414 1221 et
1439 1153 1504 1246 ipsi
1531 1173 1594 1224 se-

220 1266 362 1337 cundum
389 1266 646 1339 imbecillitatem
673 1275 812 1338 naturae
837 1276 974 1339 nostrae
1000 1266 1150 1345 infirmae
1168 1287 1360 1362 pronaeque
1381 1266 1430 1338 ad
1446 1270 1595 1356 crimina

219 1380 317 1453 uobis
351 1386 433 1478 ipsis
467 1386 716 1472 contraximus,
755 1383 943 1455 voluntarie
984 1393 1040 1454 aut
1074 1381 1316 1467 involuntarie,
1356 1388 1501 1458 solenter
1536 1387 1595 1458 vel

219 1501 430 1589 ignoranter,
465 1521 568 1594 parce
603 1511 637 1572 et
670 1500 809 1588 dimitte,
848 1511 1001 1595 tanquam
1037 1502 1130 1572 Dens
1162 1498 1362 1590 longanimis
1398 1512 1432 1573 et
1469 1502 1594 1574 multae

218 1612 394 1702 bonitatis,
431 1626 464 1686 et
498 1615 761 1711 quandoquidem
787 1603 899 1688 'earne
926 1615 988 1688 bae
1014 1614 1125 1687 humili
1153 1614 1297 1710 impediti
1324 1639 1458 1708 sumus,
1495 1629 1528 1690 et
1561 1623 1594 1689 in

219 1730 339 1802 arundo
368 1754 457 1803 vano
486 1735 696 1804 existentiae
720 1743 755 1804 et
785 1736 1010 1829 corruptionis
1043 1754 1239 1820 versamur,
1276 1730 1372 1804 aufer
1405 1743 1439 1804 et
1471 1757 1595 1806 amove

219 1871 239 1918 a
267 1850 392 1919 semitis
420 1852 542 1919 nostris
571 1871 687 1920 omnes
714 1848 872 1944 laqueos,
905 1859 939 1920 et
972 1847 1142 1943 decipulas
1170 1846 1293 1919 diaboli
1319 1851 1440 1920 inimici
1476 1854 1594 1938 nostri,

218 1972 253 2033 et
279 1986 397 2035 omnes
425 1965 647 2037 adversitates
674 1964 793 2060 quibus
821 1963 978 2057 alligitur
1004 1976 1145 2058 utraque
1175 1966 1244 2034 vita
1271 1975 1386 2036 nostra
1414 1976 1480 2037 tam
1507 1988 1593 2037 cor-

217 2082 310 2172 poris
339 2102 434 2174 quarn
462 2084 602 2172 animae,
630 2082 725 2153 auler
752 2106 771 2152 a
798 2080 911 2154 nobis:
939 2090 973 2151 et
999 2084 1084 2153 sicut
1111 2087 1266 2151 statutum
1294 2090 1358 2169 est,
1385 2082 1441 2154 ubi
1462 2081 1594 2178 expulsi

218 2194 261 2264 ad
289 2197 378 2266 viam
405 2197 597 2287 generalem
626 2196 854 2286 transibimus3
883 2195 1032 2269 concede
1059 2195 1158 2269 nobis
1184 2194 1283 2266 finem
1310 2194 1532 2269 Christianum
1560 2207 1594 2269 et

218 2310 346 2405 absquo
373 2316 520 2407 peccatis
547 2313 705 2401 Domine,
733 2313 883 2409 quando,
911 2312 966 2385 ubi
995 2309 1224 2408 ecquomodo
1251 2310 1309 2382 tibi
1336 2311 1491 2406 placitum
1520 2317 1591 2384 erit.

218 2427 460 2501 Tantummodo
498 2427 624 2502 liberos
661 2430 754 2503 effice
792 2452 854 2501 nos
888 2442 923 2502 et
955 2429 1129 2503 defunctos
1171 2436 1306 2500 nostros
1340 2451 1360 2499 a
1393 2429 1592 2502 confusione

218 2566 331 2616 eoram
360 2546 445 2619 solio
473 2557 529 2619 tuo
556 2546 695 2618 terribili
723 2546 947 2638 clamando,
983 2569 1093 2640 neque
1129 2547 1244 2642 prives
1271 2565 1334 2617 uos
1362 2547 1505 2618 Domine
1531 2551 1592 2619 vi-

218 2662 314 2734 sione
341 2671 395 2733 tua
422 2660 553 2754 divina,
586 2684 673 2758 quae
706 2671 759 2735 est
784 2683 925 2755 regnum
958 2665 1160 2758 promissum
1194 2658 1347 2732 omnibus
1381 2667 1524 2736 sanctis:
1559 2674 1595 2735 ut

216 2780 251 2848 in
277 2777 342 2850 hoc
370 2782 455 2850 sicut
479 2782 514 2849 in
541 2778 693 2851 omnibus
720 2778 942 2871 glorificetur,
970 2790 1032 2851 etc.

321 2894 483 2988 Papulae.
536 2893 596 2982 Ut,
624 2905 687 2966 etc.

321 3008 506 3081 Sacerdos.
561 3012 644 3082 Pax.

322 3124 483 3219 Papulae.
537 3125 681 3200 Etcum
708 3128 824 3221 spiritu
852 3136 918 3198 tuo.

320 3240 504 3315 Sacerdos
558 3241 812 3315 Misericordiae
838 3242 903 3313 Dei
931 3243 1005 3312 sint.

194 3406 200 3413 ›
320 3358 500 3429 Diaconos
529 3359 615 3429 dicit
641 3358 861 3429 Calbolicam.

456 3719 632 3791 Sacerdos
657 3719 744 3789 dicit
771 3718 969 3788 Orationem
994 3724 1074 3787 ante
1100 3717 1202 3789 Pater
1229 3727 1357 3789 noster.

320 3927 396 4001 Tibi
428 3930 513 3998 enim
550 3926 659 4012 Deus,
694 3925 747 3998 sol
779 3947 901 4017 magne
933 3945 1043 3995 rerum
1078 3921 1359 4012 intellectualium,
1393 3933 1427 3995 et
1459 3927 1593 4016 genitor

219 4044 382 4140 splendidi
410 4044 491 4115 solis
515 4045 673 4136 Justitiaa
702 4041 864 4116 debentur
890 4060 1006 4112 omnes
1028 4038 1255 4124 adorationes,
1284 4049 1319 4110 et
1338 4039 1591 4111 benedictiones

216 4159 410 4232 coelestium
439 4171 473 4231 et
499 4163 721 4231 terrestrium:
749 4162 843 4251 cujus
870 4153 1110 4227 beneficentiae
1138 4154 1270 4227 sublimi
1295 4160 1403 4228 visum
1431 4177 1497 4226 non
1526 4165 1591 4242 est

216 4287 250 4348 ut
277 4280 421 4368 exiguus
448 4274 559 4347 radius
587 4296 746 4346 emanans
773 4298 793 4346 a
819 4274 942 4344 lumine
968 4281 1024 4342 tuo
1062 4281 1200 4342 aeterno
1237 4270 1493 4357 obscuraretur,
1529 4292 1592 4366 per

215 4390 390 4463 audaciam
416 4392 586 4464 tenebrosi
613 4390 698 4462 ilbus
726 4389 881 4479 rebellis,
908 4390 1091 4481 misistique
1118 4385 1267 4459 Ver'bum
1295 4373 1498 4481 unigenitum
1525 4386 1590 4457 vt-

215 4506 291 4578 lium
319 4517 428 4598 tuum,
463 4507 742 4604 splendoremque
776 4506 959 4598 gloriosum
987 4502 1192 4576 substantiae
1219 4513 1311 4592 tuae,
1346 4508 1379 4575 in
1407 4502 1472 4575 line
1498 4513 1590 4574 tem-

214 4646 332 4719 porum
361 4622 402 4694 ad
430 4623 586 4695 auxilium
615 4623 759 4716 figmenti
788 4626 855 4693 tui:
892 4623 947 4715 qui
978 4624 1011 4692 in
1045 4642 1148 4692 came
1180 4631 1295 4692 nostra
1327 4620 1466 4692 bumana
1494 4623 1589 4690 visus

217 4749 279 4827 est
307 4748 341 4811 et
367 4762 468 4834 super
494 4749 615 4811 terram
645 4740 825 4812 seeundum
853 4737 1134 4835 dispensationem
1156 4747 1379 4810 conversatus
1400 4746 1453 4809 est
1467 4735 1589 4807 nobis-

218 4855 586 4944 cum‚domu1ntuam
613 4854 766 4930 mundam
808 4854 922 4926 ediis
950 4853 1130 4925 obscoenis
1165 4856 1339 4949 purgavit,
1378 4860 1478 4945 atque
1512 4851 1590 4923 eol·
1646 4869 1650 4878 ·

216 4970 316 5065 legit:
344 4975 589 5067 imaginemque
615 4984 701 5045 tuam
729 4975 858 5063 regiam
886 4968 1053 5042 defossam
1081 4970 1144 5041 sub
1171 4973 1363 5064 passionum
1389 4966 1479 5055 lima
1507 4969 1591 5038 eruit

216 5097 250 5158 et
276 5092 417 5178 invenit,
451 5098 485 5161 et
516 5098 644 5162 mentes
678 5086 844 5160 coelestes
880 5090 1052 5183 proximas
1079 5089 1212 5180 antiquo
1248 5084 1382 5170 lumini,¹
1411 5086 1589 5195 participes

903 5228 907 5235 .
1290 5201 1370 5277 6814
