4525 6034
727 603 803 682 590
1230 597 1589 686 mautarn

420 806 448 860 ra
468 803 533 861 aaa
555 813 652 860 ratam
670 808 713 858 ra·
830 790 1014 865 Sacerdm.
1067 795 1211 868 Domine
1237 793 1330 868 Deus
1356 805 1488 892 potens,
1514 795 1658 869 Domine
1683 806 1718 869 et
1737 795 1831 870 Deus
1855 807 1957 871 noster
1976 798 2048 890 boue,

403 893 713 992 '5¹¹⁸'¹“¹⁵¹⁰¹¹¹⁵.⁰l⁰'⁰
726 913 781 1006 qui
808 932 847 982 es
873 908 992 1006 plenus
1019 910 1265 999 misericordia,
1291 933 1452 1003 rogemus
1478 923 1513 986 te
1538 912 1684 986 Domine
1707 912 1804 987 Deus
1828 925 1935 988 noua
1956 917 2050 989 etde-

403 978 506 1031 ”d‘m
523 986 662 1048 suppone.
725 1047 902 1122 precamur
928 1027 1136 1101 clementiam
1161 1028 1319 1102 bonitatis
1344 1037 1440 1103 brae:
1467 1051 1510 1101 ne
1535 1051 1599 1104 nos
1625 1028 1762 1103 indueus
1788 1031 1925 1105 Domine
1946 1035 1975 1104 in
1995 1044 2053 1106 teu-

726 1146 903 1230 tationem,
939 1143 1001 1217 sed
1031 1142 1138 1217 libera
1169 1156 1204 1218 et
1236 1142 1333 1218 salva
1358 1167 1422 1218 uos
1448 1169 1469 1217 a
1495 1144 1600 1236 malo,
1634 1159 1667 1219 et
1698 1144 1741 1219 ab
1776 1148 1967 1222 exercitibus
1993 1152 2053 1240 ejus,

726 1263 802 1355 quia
829 1268 918 1332 tuum
946 1269 999 1334 est
1024 1283 1178 1355 regnum,
1203 1264 1322 1348 virtus,
1349 1260 1465 1352 robur,
1491 1261 1649 1336 fortitudo
1681 1274 1716 1336 et
1740 1266 1909 1359 imperium
1932 1269 1962 1336 in
1982 1265 2054 1338 coelo

725 1387 760 1450 et
785 1381 818 1450 ia
845 1386 946 1465 terra,
972 1399 1059 1449 nune
1086 1388 1120 1450 et
1146 1400 1289 1475 semper.
1512 1389 1516 1394 ’
1989 1381 1998 1408 ’

827 1490 953 1586 Sipnrd
978 1516 1016 1566 se
1042 1498 1167 1587 ipsura:
1193 1500 1228 1565 et
1252 1493 1470 1588 respondent.
1522 1493 1661 1566 Amem'

828 1611 876 1681 Et
894 1615 1126 1705 prosequitur.
1180 1611 1255 1682 Pax
1280 1607 1464 1682 vobiscum.
1747 1605 1755 1626 ⁴

828 1727 1059 1821 Respondent.
1112 1727 1239 1798 Tecum
1267 1737 1401 1799 etcum
1428 1726 1544 1822 spiritu
1571 1735 1638 1798 tuo.

830 1843 1066 1937 Prosequitur.
1096 1841 1128 1883 ¹⁹
1153 1844 1277 1916 Sancta
1304 1845 1427 1916 sanctis
1455 1841 1554 1915 decet
1578 1844 1611 1913 in
1637 1837 1855 1936 perfectione.

678 2050 683 2061 .
828 1961 876 2032 Et
897 1960 1023 2031 dicunt.
1059 1958 1153 2032 Unus
1179 1961 1281 2044 Pater
1309 1968 1458 2032 sanctus:
1485 1980 1570 2044 unus
1597 1955 1701 2029 Filius
1728 1964 1880 2028 sanctus:
1905 1977 1980 2028 uuus
1997 1955 2061 2051 Spi-

726 2081 809 2150 ritus
843 2085 988 2151 sauctus.
1043 2076 1159 2149 Gloria
1186 2077 1293 2165 Patri,
1327 2085 1361 2148 et
1392 2074 1497 2165 Filio,
1531 2083 1565 2146 et
1589 2073 1726 2170 Spiritui
1758 2081 1877 2145 sancto
1901 2070 2062 2145 insaecula

726 2194 944 2268 saeculorum.
996 2194 1117 2268 Amen.

829 2310 1017 2383 Diaconum
1070 2309 1230 2384 Laudate.
1283 2311 1331 2382 Et
1355 2309 1471 2381 dicuat
1494 2308 1772 2400 Respousarium.

829 2426 975 2523 Curaque
1000 2431 1093 2499 ceuit
1117 2428 1298 2499 Diacoaus
1323 2427 1370 2498 ad
1389 2423 1597 2520 portandum
1627 2416 1661 2459 ²⁰
1688 2421 1830 2493 calicem
1859 2422 1949 2493 dicit.
1995 2421 2064 2491 Pre-

725 2566 840 2617 cemur
866 2567 982 2641 pacem
1009 2544 1193 2618 nobiscum.

829 2659 1005 2732 Sacerdos
1030 2661 1125 2732 dicit.
1179 2660 1295 2735 Gratia
1321 2659 1464 2757 Spiritus
1491 2662 1599 2734 sancti
1624 2663 1667 2735 sit
1692 2668 1821 2751 mcum,
1846 2655 2024 2745 nobiseum,
2043 2662 2068 2724 et

725 2800 800 2849 eum
826 2777 1082 2874 suscipientibus
1108 2778 1207 2850 illum.

829 2893 877 2964 Et
903 2894 964 2965 dat
988 2893 1150 2966 Diacorm
1178 2894 1330 2966 caliaera.
1378 2894 1558 2967 Diuaam
1583 2893 1679 2964 dicit.
1719 2890 1869 2963 Benedic
1895 2889 2031 2962 Domine.

828 3009 1012 3083 Sacerdos.
1058 3011 1192 3084 Donum
1226 3013 1357 3103 gratim
1388 3009 1623 3097 vivificatoris,
1659 3016 1694 3080 et
1718 3007 1854 3079 Domini
1885 3009 1986 3079 nostri
2007 3004 2070 3075 tar

726 3125 848 3202 Christi
875 3127 1099 3223 compleatur,
1125 3129 1158 3198 iu
1185 3126 1472 3228 miserationibus,
1500 3148 1574 3198 amu
1601 3121 1776 3200 omuibus..

828 3244 876 3314 Et
901 3247 1016 3337 sipnat
1042 3266 1147 3315 eruce
1176 3243 1346 3337 populum.
1415 3243 1557 3315 interea
1590 3242 1748 3312 dicuntur
1773 3240 2015 3334 Responsariu.
2046 3229 2071 3268 ²¹

725 3360 862 3433 Fratres
889 3363 1049 3457 suscipite
1075 3381 1198 3457 eorpus
1224 3359 1311 3451 Filii,
1337 3360 1458 3432 elamat
1483 3357 1653 3431 Ecclesia:
1680 3366 1714 3429 et
1739 3353 1844 3428 bibite
1864 3354 1997 3426 calicem
2017 3355 2070 3444 epe

724 3499 799 3549 curn
825 3476 890 3549 tide
916 3479 949 3547 in
975 3480 1071 3570 regni
1102 3476 1212 3549 domo.

809 3569 960 3666 ¹Diebus
982 3597 1092 3688 sestis.
1144 3591 1285 3666 Robora
1311 3592 1463 3664 Domine.

827 3710 1022 3782 Dominica.
1074 3711 1218 3783 Domine
1243 3708 1327 3782 lesu
1353 3707 1494 3781 Christe

831 3825 1000 3912 Quotidie.
1054 3824 1219 3922 blusteria
1246 3847 1333 3921 quae
1360 3827 1575 3921 suscepimus.

832 3943 962 4013 Finitis
987 3943 1234 4036 Responsariis
1258 3943 1438 4014 Diaconos
1464 3940 1558 4011 dicit.
1612 3939 1736 4011 Omnes
1761 3940 1874 4030 igitur.

834 4059 882 4130 Et
906 4060 1123 4154 respondent.
1176 4057 1290 4133 Gloria
1317 4061 1380 4155 ipsi
1404 4068 1542 4154 propter
1567 4056 1687 4129 donum
1714 4077 1810 4128 suum
1835 4051 2007 4126 ineffabile.

827 4175 1014 4249 Diaconos.
1067 4176 1249 4248 Precemur
1275 4196 1394 4272 pacem
1419 4172 1602 4248 nobiscum.

879 4455 882 4460 ’
918 4451 1094 4542 Sacerdos
1119 4456 1156 4523 in
1181 4452 1291 4523 medio
1318 4451 1442 4523 altaris
1468 4451 1553 4521 dicit
1577 4449 1667 4520 bane
1695 4447 1904 4519 Orationem.

828 4643 971 4735 Dignum
999 4651 1052 4715 est
1077 4643 1232 4731 Domine,
1254 4643 1377 4734 justum
1405 4651 1439 4714 et
1465 4661 1604 4736 aequum
1625 4638 1778 4712 omnibus
1799 4636 1933 4726 diebus,
1959 4645 2072 4728 tempo-

724 4757 817 4834 ribus
844 4767 879 4830 et
903 4756 995 4861 boris
1021 4758 1190 4848 confiteri,
1217 4756 1377 4849 adorare,
1410 4767 1444 4829 et
1468 4755 1606 4829 laudare
1630 4773 1751 4827 nomen
1778 4754 1959 4826 timendum
1981 4752 2071 4843 maje-

726 4880 820 4951 statis
847 4885 944 4964 tuae,
971 4878 1047 4971 quia
1075 4875 1196 4969 dignos
1221 4874 1332 4947 fecisti
1356 4896 1421 4947 nos
1446 4873 1590 4958 Domine
1616 4894 1677 4969 per
1707 4873 1852 4963 gratiam
1885 4881 1989 4957 tuam,
2019 4866 2072 4937 bo-

725 4997 832 5065 mines
864 4992 1023 5065 mortales
1057 4990 1308 5087 imbecillaeque
1342 5001 1503 5077 naturae,
1536 4998 1572 5061 ut
1605 5011 1680 5061 cum
1715 4984 1942 5083 spiritualibus
1973 5001 2073 5058 nonen

726 5118 815 5182 tuum
842 5107 1137 5200 sanctificaremus,
1165 5117 1198 5180 et
1224 5111 1459 5206 mysteriorum
1485 5105 1564 5178 doni
1590 5108 1636 5179 tui
1662 5103 1816 5178 fieremus
1841 5105 2073 5201 participari
