4525 6034
741 589 1103 669 nusrosrr.
1532 553 1608 673 aaa

235 781 328 850 navit
353 800 416 852 nos
442 777 519 851 luce
545 780 704 854 scientiae
732 777 876 851 divinae.
920 779 989 853 Illis
1015 782 1101 853 enim
1128 783 1184 875 qui
1209 790 1409 877 receperunt
1435 806 1512 857 eum
1539 786 1607 858 de-

235 894 283 967 dit
314 905 514 991 potestatem
548 896 634 968 filios
668 895 735 966 Dei
768 894 858 967 fieri:
896 895 1066 968 mundavit
1097 919 1161 971 nos
1196 906 1230 969 et
1264 901 1414 994 expiavit
1446 921 1510 973 nos
1543 927 1606 999 per

234 1009 432 1107 baptismum
460 1035 568 1107 aquae
595 1021 740 1098 sanctae,
768 1023 802 1085 et
828 1012 1048 1085 sanctificavit
1081 1035 1145 1086 nos
1176 1007 1191 1048 ⁸
1216 1017 1326 1107 graba
1360 1039 1509 1112 suaper
1536 1017 1605 1091 do-

233 1150 311 1200 num
337 1126 481 1224 Spiritus
508 1130 625 1201 sancti.
677 1127 749 1200 Eos
777 1150 909 1225 quoque
945 1132 1001 1223 qui
1027 1130 1213 1226 consepulti
1239 1140 1315 1204 sunt
1349 1135 1413 1227 ipsi
1447 1156 1509 1229 per
1534 1133 1605 1207 ba!

232 1248 399 1341 ptismum,
426 1248 611 1332 suscitavit,
638 1254 672 1317 et
698 1243 858 1334 elevavit,
886 1243 1132 1341 collocavitque
1159 1268 1275 1318 seeum
1293 1250 1327 1318 in
1340 1248 1450 1339 coelo,
1477 1272 1604 1322 secun-

233 1361 310 1433 dum
336 1364 592 1459 promissionem
619 1384 722 1435 suam.
764 1359 914 1456 Cumque
940 1360 1115 1434 dilexisset
1141 1384 1221 1435 suos
1249 1366 1304 1458 qui
1330 1367 1364 1435 in
1390 1363 1603 1441 boemundo

234 1488 341 1568 erant,
367 1501 474 1573 usque
501 1481 533 1548 in
560 1477 657 1550 linem
685 1476 803 1549 dilexit
830 1499 903 1566 eos,
929 1475 1105 1572 factusque
1140 1488 1193 1551 est
1227 1479 1447 1554 succidaneos
1473 1505 1604 1577 poenae

233 1592 365 1665 debitae
390 1597 540 1688 peccatis
566 1597 702 1687 generis
728 1597 848 1681 nostri,
874 1615 936 1689 pro
963 1597 1033 1666 vita
1067 1598 1224 1684 omnium,
1251 1595 1406 1692 deditque
1432 1619 1471 1671 se
1496 1601 1603 1696 ipsum

231 1733 294 1807 pro
328 1707 481 1783 omuibus
514 1710 557 1781 ad
591 1722 730 1782 mortem
767 1732 853 1804 quae
886 1732 988 1805 super
1019 1732 1082 1783 nos
1121 1710 1306 1803 regnabat,
1343 1723 1378 1785 et
1412 1716 1473 1788 sub
1508 1721 1602 1810 cujus

231 1837 400 1925 potestate
426 1830 580 1900 servituti
607 1825 729 1898 addicti
756 1848 902 1912 eramus,
929 1824 1037 1898 eidem
1063 1826 1189 1899 venditi
1215 1850 1277 1924 per
1303 1840 1443 1926 peccata
1468 1841 1601 1905 nostra:

232 1955 266 2017 et
291 1967 353 2040 per
380 1945 575 2037 sanguinem
602 1965 696 2015 suum
722 1946 904 2038 pretiosum
931 1941 1084 2034 redemit,
1111 1955 1146 2015 et
1172 1943 1318 2018 salvavit
1345 1969 1424 2020 nos:
1452 1947 1603 2020 deseen-

231 2060 343 2155 ditque
368 2059 411 2131 ad
438 2060 579 2149 inferos,
605 2069 640 2131 et
666 2059 768 2133 solvit
792 2059 925 2131 vincula
960 2063 1076 2132 mortis
1109 2064 1256 2134 voracis.
1308 2061 1353 2134 Et
1379 2067 1455 2158 quia
1478 2069 1601 2158 justum

230 2198 297 2249 non
325 2186 397 2248 erat
422 2186 458 2248 nt
483 2179 516 2247 in
542 2174 672 2248 inferno
700 2174 914 2262 detineretur,
940 2198 960 2246 a
983 2186 1100 2266 morte,
1127 2179 1284 2274 princeps
1311 2178 1426 2252 salutis
1452 2192 1602 2274 nostrae,

229 2295 377 2366 surrexit
403 2316 422 2364 a
448 2296 585 2366 mortuis
611 2295 707 2364 tertia
734 2291 806 2380 die;
834 2302 868 2364 et
892 2290 1000 2364 factus
1028 2304 1081 2365 est
1106 2296 1270 2390 primitiae
1297 2295 1539 2386 dormientium,
1566 2309 1602 2370 ut

230 2420 323 2482 esset
347 2412 472 2506 primus
499 2412 532 2479 in
559 2408 726 2480 omnibus:
762 2408 913 2480 ascendit
938 2411 973 2480 iu
999 2409 1147 2482 coelum:
1181 2410 1331 2506 seditque
1358 2411 1400 2483 ad
1427 2412 1599 2485 dexteram

228 2527 412 2619 majestatis
447 2533 535 2613 tuae,
567 2524 672 2597 Deus.
732 2523 776 2597 Et
809 2523 941 2619 reliquit
971 2522 1070 2598 nobis
1102 2532 1451 2602 commemorationem
1486 2529 1600 2603 salutis

227 2654 376 2732 nostrae,
403 2646 597 2739 mysterium
622 2641 688 2714 boe
714 2642 803 2739 quod
829 2641 995 2716 oderimus
1022 2665 1138 2717 coram
1164 2656 1207 2718 te.
1262 2641 1346 2717 Cum
1371 2649 1458 2717 enim
1486 2645 1599 2718 adve-

227 2763 333 2832 nisset
358 2769 487 2854 tempus
515 2782 580 2853 quo
608 2757 799 2831 tradebatur
833 2782 895 2855 pro
922 2763 993 2831 vita
1018 2760 1147 2849 mundi,
1179 2769 1355 2856 postquam
1381 2765 1539 2835 coenavit
1565 2765 1599 2834 in

227 2875 393 2948 Pascbate
418 2877 504 2968 legis
531 2874 674 2971 Moysis,
701 2877 832 2970 accepit
856 2897 977 2971 panem
1012 2879 1045 2947 in
1077 2901 1194 2951 manus
1227 2899 1306 2950 suas
1343 2888 1498 2969 sanctas,
1528 2881 1598 2951 im-

226 2991 410 3065 maculatas
438 3002 472 3064 et
497 2991 699 3088 impollutas,
724 2990 898 3063 benedixit
931 3003 965 3065 et
989 2991 1110 3086 fregit,
1145 3005 1178 3066 et
1209 2991 1223 3033 ⁹
1249 2994 1411 3085 comedit,
1445 2996 1598 3091 deditque

227 3107 397 3203 discipulis
424 3116 458 3178 et
484 3106 576 3194 dixit,
605 3108 757 3201 accipite,
784 3106 872 3178 edite
898 3130 945 3180 ex
971 3131 1014 3182 eo
1040 3132 1105 3183 vos
1134 3131 1261 3183 omnes.
1295 3112 1370 3183 Hoc
1396 3123 1449 3184 est
1474 3134 1598 3207 corpus

226 3247 336 3296 meum
362 3223 450 3318 quod
476 3245 540 3318 pro
567 3222 666 3296 vobis
693 3221 856 3315 frangitur
890 3226 924 3294 in
951 3227 1183 3298 remissionem
1213 3237 1438 3321 peecatonrm.
1491 3226 1598 3298 Simib

225 3340 326 3413 modo
353 3349 387 3411 et
412 3339 551 3411 calicem
579 3342 709 3411 miscuit
733 3342 813 3412 vino
849 3349 884 3410 et
909 3362 1006 3435 aqua,
1034 3351 1068 3414 et
1093 3340 1276 3430 benedixit,
1304 3353 1338 3416 et
1362 3340 1455 3429 bibit,
1483 3342 1596 3414 dedit-

227 3479 291 3552 que
318 3455 486 3553 discipulis
512 3458 581 3528 suis
608 3467 642 3528 et
669 3455 761 3527 dixit.
807 3456 916 3529 Bibite
943 3480 989 3529 ex
1016 3481 1058 3530 eo
1085 3481 1152 3533 vos
1180 3481 1312 3532 omnes:
1340 3459 1403 3532 Hic
1430 3470 1483 3533 est
1509 3481 1595 3531 san-

224 3576 300 3665 guis
326 3595 421 3645 meus
447 3571 652 3645 Testamenti
677 3575 769 3665 novi,
798 3576 854 3668 qui
878 3596 941 3669 pro
968 3574 1076 3647 multis
1104 3574 1278 3647 effunditur
1304 3580 1338 3647 in
1364 3578 1596 3649 remissionem

223 3698 449 3786 peccatorum,
476 3698 576 3783 atque
602 3690 646 3759 ita
674 3686 774 3760 facite
800 3692 834 3760 in
860 3693 926 3761 mei
951 3694 1145 3763 memoriam
1172 3692 1280 3765 donee
1305 3697 1449 3767 veniam.
1495 3694 1594 3780 Quiu-

223 3808 429 3900 tiescumque
456 3805 542 3875 enim
570 3803 850 3878 manducaveritis
883 3829 928 3878 ex
960 3806 1025 3880 boc
1059 3831 1167 3905 pane,
1201 3819 1235 3880 et
1268 3808 1417 3885 biberitis
1451 3833 1497 3883 ex
1529 3811 1595 3885 boe

223 3921 340 4009 eabae,
366 3930 506 3992 mortem
532 3943 640 3992 meam
668 3922 909 4022 annunciabitis
935 3946 1041 4018 usque
1068 3924 1110 3996 ad
1138 3924 1316 3998 adventum
1333 3949 1452 3998 meum.
1477 3926 1595 4023 ltaque

223 4040 420 4132 quicumque
446 4059 521 4108 eum
547 4036 710 4110 bdevera
737 4038 877 4110 accedet
903 4050 936 4111 et
961 4041 1172 4137 participabit
1198 4041 1346 4132 exiliis,
1373 4046 1439 4114 sint
1465 4046 1496 4114 ei
1514 4044 1594 4115 Do-

221 4157 310 4228 mine
342 4155 376 4224 in
408 4154 542 4225 veniam
578 4153 791 4248 delictorum,
829 4166 863 4227 et
898 4159 1130 4230 remissionem
1165 4169 1399 4255 peccatorum,
1432 4182 1593 4256 spemque

221 4291 377 4363 magnam
404 4272 660 4344 resurrectionis
688 4294 708 4343 a
734 4275 886 4362 mortuis,
912 4281 948 4345 et
973 4272 1134 4348 advitam
1161 4296 1284 4347 novam
1309 4278 1343 4347 in
1370 4297 1476 4368 regno
1504 4299 1591 4350 coe-

220 4386 339 4460 lorum.

325 4502 454 4573 Conon.
506 4501 551 4574 Et
576 4500 719 4590 laudem,
754 4500 933 4593 bonorem,
969 4509 1150 4599 gratiarum
1184 4510 1361 4596 actionem,
1392 4505 1439 4580 et
1461 4507 1590 4581 adora-

220 4621 346 4690 tionem
372 4618 558 4692 referemus
585 4616 643 4689 tibi
668 4616 770 4691 Pater
797 4617 1010 4713 abscondite,
1037 4633 1070 4694 et
1097 4621 1164 4696 libo
1191 4632 1267 4711 tuo,
1293 4623 1380 4721 prob
1405 4623 1589 4717 gloriosae,

220 4745 254 4807 et
279 4734 415 4830 Spiritui
441 4745 497 4807 tuo
525 4738 607 4807 vivo
635 4744 669 4806 et
694 4746 824 4828 sancto,
851 4747 885 4810 et
910 4737 1105 4830 vivificanti,
1131 4751 1269 4813 nuncet
1288 4763 1421 4836 semper
1445 4743 1479 4813 in
1506 4765 1592 4815 sae-

219 4850 294 4924 cula
325 4852 543 4926 saeculorum.

322 4967 447 5062 Siqnut
471 4972 642 5062 mysteria.
695 4968 874 5041 Diaconos
900 4970 992 5041 dieii.
1019 4971 1172 5067 Aspicite
1197 4973 1494 5067 mansuetudinem,
1520 4975 1590 5049 bu·

219 5083 387 5157 militatem
415 5096 449 5159 et
474 5084 696 5160 obedientiam
724 5085 848 5163 Gbristi
873 5086 1060 5163 Salvatoris
1086 5092 1208 5179 nostri,
1235 5113 1310 5164 cum
1337 5091 1436 5166 oculo
1463 5098 1589 5189 cogni-
