4525 6034
622 609 653 687 S.
680 608 940 688 ctnnntttts
965 607 1151 688 nonant.
1497 608 1570 684 tes

198 799 393 890 tationibns,
421 737 538 894 quibus
564 821 627 894 per
659 798 879 876 infirmitatem
913 799 1115 872 succumbat
1169 797 1293 871 Libera
1325 821 1401 871 eam
1436 794 1573 871 aiame

198 938 333 1003 amara,
367 939 387 987 a
421 919 632 1012 captivitate,
666 925 701 988 et
732 913 941 988 mortalitate.
996 916 1047 986 Da
1081 919 1180 988 etiam
1213 915 1261 988 illi
1294 924 1445 1010 tempora
1472 922 1571 986 tran-

199 1032 314 1127 quilla,
341 1043 374 1104 et
400 1030 613 1123 abundantia,
640 1031 912 1128 praeclaramque
947 1035 1036 1105 aeris
1063 1037 1278 1128 temperiem,
1314 1042 1467 1124 segetum
1493 1031 1572 1103 iru-

200 1159 378 1244 etnumque
403 1160 615 1245 proventum,
642 1172 717 1220 cum
744 1148 1006 1220 accumulatione
1041 1154 1186 1220 omnium
1212 1147 1393 1238 bonorum3
1427 1149 1504 1243 quia
1538 1158 1575 1219 tu

199 1263 309 1338 bonus
338 1289 388 1356 es,
415 1275 449 1336 et
476 1287 577 1361 super
604 1287 721 1338 omnes
749 1263 888 1357 largiter
913 1263 1084 1337 effundens
1111 1288 1247 1338 munera
1269 1275 1337 1353 tua,
1364 1268 1573 1359 gratiamque

199 1389 290 1453 turam
317 1381 526 1477 dispensans,
553 1380 680 1477 tibique
705 1380 848 1474 gloriam
875 1391 909 1453 et
934 1386 1115 1473 gratiarnm
1143 1384 1307 1456 actionem
1335 1381 1513 1455 offerimus.

304 1497 467 1590 Populus.
520 1498 640 1570 Amen.

307 1612 483 1685 Sacerdos
509 1615 700 1687 inclinatur.
753 1614 922 1688 Memento
955 1616 1104 1687 Domine
1131 1637 1248 1687 eorum
1284 1618 1340 1710 qui
1365 1618 1399 1686 in
1426 1617 1573 1708 virgini-

200 1739 272 1801 tate
298 1754 382 1825 pure
408 1735 541 1820 vivunt,
569 1736 832 1825 conjugatomm·
852 1740 1035 1819 castorum,
1063 1731 1287 1826 orphanorum
1319 1740 1353 1803 et
1386 1731 1574 1821 viduarum,

199 1868 386 1942 pauperum
413 1857 447 1919 et
473 1870 670 1940 egenorum,
696 1859 731 1921 et
757 1870 873 1922 eorum
899 1850 954 1942 qui
972 1846 1128 1940 adjuvant
1147 1846 1334 1920 Ecclesiam
1361 1857 1460 1919 tuam.
1486 1847 1572 1920 lllo-

200 1983 276 2032 rnm
303 1964 401 2034 etiam
437 1965 493 2058 qui
527 1963 648 2036 addicti
677 1973 753 2036 sunt
785 1966 968 2036 ministerio
1002 1970 1211 2051 sanctorum,
1247 1973 1281 2034 et
1314 1962 1474 2057 adjuvant
1504 1986 1573 2035 ne-

202 2080 393 2151 cessitatem
420 2083 599 2176 patientes:
627 2083 683 2176 qui
709 2080 851 2153 oderunt
877 2079 1082 2168 oblationes,
1117 2087 1151 2150 et
1183 2079 1357 2175 praeclare
1384 2091 1572 2175 operantur.

306 2195 468 2288 Populus.
508 2196 626 2293 ‘Kyrie
652 2197 790 2270 eleison.

308 2310 485 2386 Sacerdos
511 2314 648 2386 elevans
678 2337 803 2386 oocem.
855 2312 900 2385 Et
926 2311 1047 2406 adjuva
1078 2335 1141 2408 per
1173 2313 1347 2385 dexteram
1382 2321 1473 2384 tuam
1503 2334 1574 2407 po-

201 2435 347 2516 tentem,
381 2428 607 2526 contirmaque
640 2428 777 2503 brachio
813 2441 869 2502 tuo
895 2430 990 2516 lorti,
1025 2450 1141 2501 omnes
1174 2433 1230 2526 qni
1262 2433 1297 2502 in
1328 2429 1482 2502 Ecclesia
1518 2438 1575 2500 tua

202 2551 322 2616 saneta
367 2542 540 2619 catholica
588 2557 623 2619 et
663 2546 862 2642 Apostolica
905 2555 1068 2642 perpetuo
1113 2544 1302 2620 oblationes
1344 2546 1503 2634 offerunt,
1542 2555 1577 2616 et

201 2663 387 2733 memoriae
414 2672 605 2735 sanctorum
631 2675 761 2737 tuorum
788 2665 1047 2750 communicant3
1086 2666 1142 2758 qui
1176 2663 1468 2760 eleemosynarum
1493 2660 1572 2733 iru-

202 2776 311 2850 ctibus
339 2800 468 2870 egenos
495 2777 701 2852 abundanter
728 2790 924 2866 sustentant,
960 2790 994 2850 et
1025 2778 1239 2872 indigentiam
1267 2780 1405 2875 explent
1439 2801 1574 2876 paupe-

202 2915 287 2966 rum.
342 2895 395 2967 Da
420 2894 484 2969 illis
513 2894 744 2969 abundantiam
771 2895 956 2984 bonorum,
981 2916 1044 2989 pro
1081 2895 1299 2990 dispositione
1332 2896 1479 2968 cordium
1506 2919 1574 2968 eo-

204 3032 294 3081 rum:
323 3021 357 3083 et
382 3033 445 3106 pro
473 3013 569 3085 donis
605 3012 860 3109 temporalibus,
901 3010 942 3083 da
975 3010 1039 3081 illis
1075 3009 1277 3084 affluentiam
1308 3011 1574 3086 benedictionum

204 3126 439 3200 ditissimorum
467 3140 501 3201 et
524 3129 805 3203 inamissibilium:
833 3139 868 3201 et
892 3150 955 3224 pro
974 3128 1248 3222 possessionibus
1274 3150 1342 3200 non
1367 3152 1576 3225 permanen-

203 3243 315 3332 tibus,
349 3266 515 3339 praepara
553 3244 616 3316 illis
643 3243 780 3318 delicias
806 3245 944 3329 beatas,
977 3253 1012 3316 et
1042 3244 1233 3316 mercedem
1264 3245 1576 3334 inconsnmtibilem‚

204 3369 240 3430 et
266 3382 403 3432 munera
431 3365 555 3432 amoris
582 3383 665 3454 erga
692 3360 842 3434 homines
870 3362 934 3448 tui,
968 3359 1126 3456 bonaque
1159 3359 1326 3432 uberrima
1361 3358 1574 3433 baereditatis

203 3484 302 3549 tuae:
330 3478 405 3571 quia
433 3487 466 3549 tu
492 3474 601 3550 bonus
628 3501 679 3565 es,
706 3488 740 3549 et
766 3478 861 3550 dives
893 3481 927 3548 in
953 3477 1165 3565 muneribus,
1200 3476 1382 3572 largusque
1413 3475 1575 3548 donorum

203 3601 353 3663 tuorum:
380 3603 414 3664 et
440 3590 498 3664 tibi
524 3592 667 3684 gloriam
694 3604 728 3666 et
753 3598 935 3687 gratiarum
962 3596 1126 3666 actionem
1154 3593 1331 3665 offerimus.

309 3708 471 3801 Populus.
523 3712 643 3782 Amen.

311 3823 487 3897 Sacerdos
512 3828 704 3899 inclinatur.
740 3826 910 3900 Memento
925 3827 1070 3900 Domine
1091 3819 1107 3862 ³
1133 3826 1265 3920 Regum
1292 3825 1576 3913 Ortbodoxorum

206 3941 250 4013 da
277 3940 341 4015 illis
370 3943 546 4014 victoriam
573 3941 615 4042 de
642 3946 780 4016 inimicis
807 3947 888 4034 suis,
917 3954 951 4014 et
976 3946 1098 4016 virtute
1124 3947 1342 4040 omnipotenti
1370 3955 1425 4016 tua
1451 3942 1576 4015 robora

206 4056 297 4148 illos,
325 4067 360 4128 et
386 4079 478 4130 arma
504 4057 590 4131 illos.

184 4167 187 4172 ’
312 4175 462 4245 Elecooa
493 4196 618 4247 vocem.
672 4174 814 4248 Ordines
851 4180 949 4248 etiam
982 4176 1137 4260 militiae,
1172 4180 1288 4271 copias
1323 4174 1490 4263 bellicam*
1516 4178 1577 4246 vi-

207 4312 332 4386 resqne
357 4313 548 4383 regnorum,
576 4292 662 4387 quae
688 4292 749 4365 sub
773 4295 856 4384 jugo
884 4293 1065 4380 servitutis,
1093 4296 1202 4364 crucis
1237 4302 1313 4363 tuae
1345 4294 1493 4363 victricis
1519 4293 1577 4361 in-

209 4408 383 4495 clinantur,
410 4419 444 4480 et
470 4411 601 4501 signum
627 4410 786 4501 unigeniti
811 4409 886 4480 Filii
913 4410 959 4480 tui
987 4417 1115 4496 tenent,
1149 4419 1305 4503 tanquam
1332 4430 1423 4480 arma
1451 4405 1577 4495 salatia,
1602 4503 1605 4508 ‚

209 4523 333 4617 adjuva
360 4535 394 4595 et
420 4524 516 4596 salva
543 4527 693 4598 Domine.
734 4525 990 4619 conjurationes
1016 4528 1163 4616 gentium
1189 4527 1392 4597 inimicarum
1420 4525 1579 4620 disperge

209 4649 244 4711 et
270 4639 409 4735 dissipa:
442 4663 547 4733 regna
581 4641 742 4736 profana,
784 4652 818 4712 et
856 4641 1017 4713 haereses
1058 4645 1176 4738 impias
1215 4644 1397 4736 comprime
1437 4640 1577 4713 dextera

208 4766 266 4828 tua
293 4760 436 4852 potenti:
463 4756 583 4830 hebete
609 4757 754 4849 gladium
781 4768 928 4847 acutum,
964 4780 1008 4829 ne
1040 4761 1207 4830 immineat
1241 4757 1429 4829 cervicibus
1462 4761 1578 4850 gregis

209 4875 272 4944 tui:
300 4895 478 4969 compesce
505 4877 727 4969 captivitatem
755 4874 897 4962 caedeS,
924 4882 958 4946 et
983 4873 1069 4946 bella
1102 4899 1123 4946 a
1149 4873 1279 4971 populis
1315 4884 1350 4946 et
1375 4872 1580 4946 haereditate

209 4997 282 5061 tua:
316 5012 426 5084 neque
458 4993 603 5086 aspicias
637 4994 839 5085 iniquitatem
867 5014 982 5064 eorum
1018 4993 1073 5087 qui
1106 4994 1309 5083 unigenitum
1340 4989 1459 5063 Filium
1489 5001 1579 5063 urum

210 5105 373 5179 dividunt:
408 5107 467 5180 sed
501 5108 701 5203 reliquorum
734 5119 920 5198 memento,
956 5111 1012 5204 qui
1043 5110 1186 5180 retinent
1214 5106 1312 5181 fidem
1345 5104 1578 5198 orthodoxam,
