4525 6034
594 601 625 678 S.
657 598 871 677 biascam
907 598 1134 695 llPlSGOPl,
1167 615 1218 678 ac.
1516 604 1590 679 491

218 785 261 858 ab
289 790 379 859 omni
406 790 641 883 corruptione,
669 798 724 860 aut
750 798 858 858 morte
884 786 1043 882 pestifera
1073 810 1160 883 quae
1186 811 1206 859 a
1234 798 1266 861 te
1300 800 1452 885 separet,
1485 791 1592 865 libera

218 924 301 991 nos3
328 925 389 998 per
416 903 613 975 sacrificium
639 902 705 975 hoc
732 901 819 997 quod
848 902 1015 975 oderimus
1042 902 1119 992 tibi,
1146 916 1181 975 ut
1218 905 1353 979 aboleat
1385 931 1426 979 ea
1461 933 1592 1004 quaea

216 1016 315 1090 nobis
341 1022 535 1114 insipienter
569 1022 747 1092 commissa
782 1030 873 1091 suat:
914 1032 947 1092 et
981 1023 1146 1114 nequitias
1174 1032 1308 1095 nostras
1336 1025 1526 1117 abstergat:
1559 1035 1593 1095 et

215 1119 401 1206 referemus
428 1134 486 1208 tibi
512 1134 716 1227 gloriumet
740 1134 890 1223 laudem,
918 1146 952 1207 et
978 1139 1149 1228 unigenito
1177 1138 1261 1210 Filio
1290 1149 1366 1228 tuo,
1394 1149 1428 1210 et
1455 1138 1591 1234 Spiritui

218 1262 338 1324 sancto
367 1260 433 1322 tuo,

321 1366 482 1459 Populus.
538 1367 656 1439 Amen.

320 1482 509 1553 Diaconos.
563 1482 697 1554 Stemus
725 1483 892 1554 decenter.

322 1597 483 1691 Popalar.
537 1599 781 1672 Misericordia.

320 1713 505 1785 Sacerdos.
561 1714 692 1787 Caritas
718 1715 844 1806 Patris,
871 1726 934 1788 etc.

319 1829 482 1923 Populea.
535 1830 679 1902 Etcum
707 1834 824 1926 spiritu
852 1841 919 1903 tuo.

320 1945 505 2017 Sacerdos.
558 1945 697 2018 Sursum
726 1946 839 2018 eorda.

319 2063 480 2155 Papulae.
533 2061 702 2134 Habemus
730 2062 772 2133 ad
798 2064 984 2136 Dominum.

318 2178 502 2250 Sacerdos.
557 2178 690 2250 Gratias
718 2200 858 2271 agamus
884 2181 969 2252 Deo.

321 2294 483 2387 Populea.
535 2296 680 2386 Dignum
709 2305 743 2366 ei
764 2298 888 2387 justam
916 2308 978 2368 est.

318 2409 493 2482 Sacerdos
518 2411 710 2482 inclinatae.
764 2410 871 2482 Purus
899 2423 933 2483 et
959 2411 1087 2508 absque
1114 2412 1241 2486 macida
1270 2413 1362 2486 solus
1385 2436 1423 2486 es
1446 2423 1480 2485 tu
1494 2414 1590 2486 Deus

213 2538 349 2615 noster,
377 2531 432 2622 qui
465 2527 617 2599 adoraris
649 2529 683 2597 iu
718 2528 886 2615 omnibus,
921 2531 975 2635 qui
1010 2529 1128 2601 laudes
1163 2529 1260 2602 nobis
1297 2529 1510 2602 absconditas
1545 2531 1587 2602 ab

212 2643 276 2715 illis
310 2647 471 2739 suscipis,
511 2645 567 2738 qui
602 2652 714 2715 notam
746 2641 872 2715 iaciunt
904 2648 1112 2736 majestatem
1149 2657 1257 2736 tuam,
1290 2649 1331 2717 iis
1365 2649 1420 2741 qui
1455 2649 1588 2742 priores

212 2769 425 2852 agnoverunt
449 2759 561 2830 lumen
588 2762 753 2853 antiquam
782 2763 949 2832 essentiae
976 2772 1071 2834 tuae:
1099 2763 1155 2855 qui
1175 2770 1209 2832 te
1225 2762 1331 2834 solum
1345 2760 1474 2855 absque
1489 2765 1588 2858 prin-

211 2880 321 2972 cipio,
348 2875 479 2971 hymnis
506 2884 540 2946 et
566 2873 879 2948 sanctificationibus
906 2881 975 2949 suis
1009 2899 1087 2950 esse
1119 2878 1334 2951 confitentur:
1368 2877 1522 2973 quodque
1555 2880 1588 2947 in

212 3003 246 3064 te
273 2992 528 3088 unumquodque
554 2994 722 3082 consistit,
749 3002 783 3064 et
810 2991 976 3081 subsistit,
1003 2994 1199 3066 mirabiliter
1225 2993 1380 3066 indicant.

316 3108 492 3180 Sacerdos
518 3108 656 3180 elevarae
680 3131 806 3178 vocem.
861 3109 925 3194 Qui
951 3133 999 3183 ex
1021 3121 1153 3183 secreta
1169 3122 1287 3183 natura
1305 3134 1386 3199 sua,
1414 3109 1587 3182 sublimem

211 3236 246 3297 et
273 3223 501 3296 absconditam
527 3234 678 3296 naturam
705 3234 811 3314 tuam,
841 3248 927 3319 quae
954 3237 1052 3298 extra
1079 3229 1190 3298 omnia
1207 3237 1276 3316 est,
1304 3229 1481 3321 omniaque
1508 3246 1586 3296 am-

211 3341 380 3438 plectitur:
418 3340 570 3412 omnibus
606 3340 776 3413 excelsior
810 3352 885 3430 est,
920 3354 953 3415 et
987 3346 1133 3415 continet
1169 3345 1299 3434 omnia,
1337 3352 1370 3413 te
1406 3340 1586 3414 adorantes

211 3468 383 3530 aeternum
411 3466 445 3527 et
471 3455 598 3550 absque
624 3456 706 3546 fine,
733 3469 937 3530 venerantur
964 3457 1124 3553 simulque
1152 3480 1217 3528 una
1252 3467 1286 3528 et
1319 3456 1461 3528 indivisa
1497 3478 1585 3528 voce

209 3573 388 3646 inclamant
401 3573 681 3646 sanctificationes
696 3583 746 3643 ter
766 3577 946 3668 repetitaS,
974 3574 1136 3647 dicentes:
1163 3572 1307 3646 Sanctus
1329 3583 1462 3645 creator
1481 3595 1585 3645 crea-

209 3702 372 3763 turarum:
400 3689 543 3761 Sanctus
571 3711 609 3760 es
636 3692 692 3784 qui
718 3692 832 3783 pueris
860 3694 1057 3786 sapientiam
1079 3688 1205 3762 tribuis.
1258 3690 1459 3762 Benedictus
1478 3686 1586 3761 boner

210 3817 285 3880 tuus
313 3831 333 3879 a
359 3809 501 3898 regione
527 3815 582 3876 tua
609 3804 803 3877 metuendus
832 3805 873 3878 ab
903 3804 1069 3880 omnibus:
1098 3805 1273 3878 benedicta
1290 3808 1395 3878 virtus
1423 3814 1491 3892 tua,
1519 3827 1584 3876 ca-

206 3928 262 4016 jus
288 3933 439 4020 potestas
465 3925 498 3993 in
527 3924 636 3993 omnia
664 3932 724 3995 est.
777 3922 977 3996 Benedictus
1005 3947 1044 3996 es
1071 3925 1165 3996 Deus
1192 3933 1319 4011 noster,
1346 3923 1401 4015 qui
1434 3920 1585 3992 adoraris

211 4039 252 4111 ab
281 4038 452 4127 omnibus;
479 4042 532 4109 cui
559 4035 738 4110 Cherubim
763 4038 974 4126 benedicunt,
1001 4040 1120 4135 plausu
1145 4040 1270 4112 alarum
1297 4059 1447 4125 suamm3
1474 4035 1584 4107 Sera·
1645 4117 1652 4133 ,

208 4158 296 4255 pbim
324 4171 433 4231 autem
462 4157 584 4230 ardore
611 4181 673 4231 sao
701 4159 907 4231 sanctificant
933 4168 985 4229 te:
1013 4155 1140 4228 Throni
1168 4167 1200 4227 te
1216 4154 1327 4226 dorsis
1344 4157 1412 4227 suis
1428 4163 1584 4246 tanquam
1697 4179 1707 4192 ’

206 4280 242 4347 in
269 4299 368 4349 curru
395 4278 572 4349 sustinent:
600 4275 749 4347 Virtutes
774 4273 997 4348 fortitudinem
1025 4273 1187 4344 dexterae
1214 4280 1291 4342 tuae
1322 4273 1484 4341 creaturis
1521 4270 1583 4338 iuis

208 4391 368 4463 indicant:
396 4401 431 4462 ut
457 4396 555 4464 etiam
582 4393 773 4464 Potestates
800 4403 954 4484 magnam
980 4392 1162 4487 potentiam
1187 4398 1276 4459 tuam
1312 4395 1421 4457 notem
1458 4383 1584 4456 iaciant

208 4501 367 4600 figmento
396 4517 461 4580 tuo.
515 4510 768 4581 Dominationes
797 4518 906 4579 autem
933 4509 1110 4598 imaginem
1138 4513 1259 4596 gerunt
1285 4504 1468 4594 majestatis
1496 4510 1582 4584 tuae,

209 4648 296 4721 quae
323 4635 377 4696 est
403 4623 524 4696 mundo
551 4625 737 4697 excelsior:
764 4625 970 4718 Principatus
997 4623 1170 4717 imperium
1198 4629 1287 4690 taam
1323 4617 1519 4708 designant,
1551 4623 1585 4684 et

207 4744 404 4838 mysterium
439 4762 615 4836 supremae
649 4740 818 4832 dignitatis
855 4748 931 4810 tuae
969 4737 1206 4810 demonstrant.
1264 4731 1390 4825 Angeli
1426 4753 1509 4804 vera
1550 4741 1584 4801 et

207 4857 433 4950 Archangeli,
459 4859 739 4930 reconciliationis
766 4867 843 4929 tuae
870 4855 913 4927 ad
940 4876 1001 4926 eos
1029 4857 1084 4949 qai
1110 4856 1182 4924 irae
1208 4862 1286 4923 tuae
1322 4848 1460 4922 obnoxii
1496 4857 1583 4932 sunt,

206 4978 422 5069 interpretes,
461 4972 574 5064 jubilis
610 4976 678 5045 suis
724 4984 757 5044 te
791 4982 993 5064 agnoscant:
1043 4973 1098 5066 qai
1138 4963 1415 5039 modulationibus
1459 4985 1583 5036 vocam
1665 4976 1674 4994 ·

207 5112 360 5176 suarum,
407 5097 441 5160 et
477 5092 684 5163 motitatione
720 5089 846 5161 alarum
887 5109 1039 5176 suarum,
1092 5086 1251 5178 sonisque
1293 5082 1428 5154 musicis
1470 5079 1582 5150 canti-

247 5230 333 5272 Tornas
346 5228 370 5271 u.
1327 5199 1375 5273 65
