4525 6034
665 576 803 667 cxlv
1150 579 1543 657 dissertatio

665 768 771 841 seda
797 767 1047 841 blahamedanis
1072 765 1243 841 Arabibus
1269 769 1365 840 varie
1391 770 1570 861 exagitati,
1596 768 1760 858 incendia,
1787 769 2036 864 praedationes,

665 885 808 977 caedes,
835 908 999 981 omneque
1024 888 1215 977 injuriarum
1242 906 1349 977 genus
1376 887 1468 979 passi
1495 894 1579 959 sunt
1633 884 1689 958 Ab
1716 888 1788 959 istis
1823 896 1932 960 tamen
1964 888 2036 961 lin-

665 1023 766 1093 guam
792 1024 915 1074 novam
943 1000 1097 1098 Coptitae
1132 1002 1265 1075 discere
1299 1004 1366 1072 non
1398 1010 1590 1095 potuerrmt,
1623 1024 1697 1073 cum
1731 1004 1797 1097 ipsi
1827 1024 1896 1075 non
1928 1009 2036 1079 minus

664 1128 776 1190 notam
796 1129 830 1190 et
849 1118 1043 1191 familiarem
1063 1117 1224 1191 baberent
1244 1114 1444 1207 Arabicam,
1470 1141 1535 1213 qua
1557 1118 1661 1210 vulgo
1679 1116 1874 1209 utebantur,
1899 1131 2037 1216 praeter

552 1320 556 1329 ἱ
666 1256 763 1328 quam
789 1239 822 1308 in
850 1239 956 1309 sacris
984 1236 1123 1309 Officiis:
1150 1257 1259 1330 neque
1274 1231 1523 1329 Liby-Arabes
1540 1245 1596 1306 aut
1616 1232 1890 1331 Liby-Aegyptii
1909 1260 2036 1310 novam

665 1351 809 1444 linguam
836 1374 1026 1448 propagare
1053 1360 1228 1448 poterant,
1255 1373 1330 1421 oum
1357 1348 1454 1421 aliam
1480 1374 1500 1421 a
1527 1354 1693 1424 communi
1708 1361 1786 1424 tunc
1800 1351 1947 1427 Arabica
1966 1376 2037 1427 non

459 1562 463 1571 ³
663 1466 833 1541 baberent.

356 1578 456 1680 &tl-0⁸
471 1578 584 1631 As¹l⁰⁸¹¹i
600 1595 651 1678 ¹3⁰·
768 1584 805 1657 Si
831 1607 893 1679 per
918 1583 993 1657 illos
1020 1582 1163 1658 Vossius
1188 1581 1367 1657 Africanos
1393 1583 1470 1656 illos
1495 1583 1630 1661 Arabes
1656 1584 1835 1677 intellexit,
1867 1589 1922 1681 qui
1948 1609 2035 1659 sae-

337 1682 399 1721 vam
415 1668 528 1736 baguam
541 1683 593 1719 non
607 1683 650 1718 m·
844 1705 851 1720 .
968 1696 984 1735 0
1128 1704 1136 1721 .
1521 1704 1528 1718 .

340 1756 474 1808 auxerunt.
664 1702 738 1774 culo
764 1701 911 1793 Hegrrae
939 1702 993 1772 2.
1020 1699 1236 1773 rebellionem
1265 1699 1429 1774 adversus
1457 1698 1583 1812 Gabios
1609 1701 1827 1790 nudaverunt,
1856 1701 1939 1773 duce
1951 1701 2035 1774 ble-

663 1819 760 1910 hedi,
787 1829 822 1890 et
846 1826 924 1913 post
950 1820 1160 1890 constitutum
1182 1815 1344 1891 inAlrica
1366 1819 1556 1911 imperium,
1582 1826 1805 1914 mutatamque
1826 1816 2036 1911 religionem,

663 1939 857 2031 Aegyptum
884 1943 1158 2029 occupaveruurt,
1184 1955 1363 2029 novaeque
1388 1932 1622 2006 Fatimidarum
1639 1932 1828 2029 Dynastiae
1841 1932 2035 2009 fundatores

661 2052 811 2141 luerunt,
837 2048 972 2125 Arabes
995 2048 1074 2123 'illos
1101 2049 1205 2123 luisse
1231 2058 1266 2120 et
1290 2047 1437 2123 Arabico
1462 2047 1612 2141 locutos,
1647 2073 1745 2123 nemo
1779 2053 1834 2144 qui
1866 2050 2036 2122 Historiae

663 2166 843 2240 Orientalis
870 2166 1082 2239 mediocriter
1106 2167 1233 2261 peritus
1257 2163 1334 2256 fuit,
1360 2167 1538 2257 ignoravit
1582 2167 1653 2240 lmo
1679 2165 1814 2240 Arabes
1843 2177 1957 2255 erant,
1983 2188 2033 2238 ex

662 2286 866 2381 penitissima
894 2282 1039 2373 Arabia,
1066 2286 1122 2377 qui
1149 2302 1188 2354 se
1213 2280 1307 2354 Halis
1338 2285 1556 2376 progeniem,
1589 2283 1769 2379 caedisque
1801 2285 1874 2375 ejus
1906 2283 2036 2355 ultores

574 2440 578 2449 ·
661 2399 825 2496 professi,
850 2396 1059 2475 Abbassidas
1084 2396 1299 2494 pepulerunt,
1326 2397 1455 2494 illisque
1482 2409 1637 2494 tanquam
1657 2399 1833 2472 haereticis
1855 2410 1889 2471 et
1910 2411 2036 2496 tyran-

662 2521 714 2588 nis
742 2515 916 2589 anathema
944 2515 1190 2587 denunciarunt.
1248 2515 1286 2586 ln
1320 2514 1437 2586 eadem
1472 2513 1605 2587 haeresi
1642 2516 1879 2588 Fatimidarum
1929 2515 2039 2589 luisse

662 2631 790 2705 incolas
816 2632 907 2705 urbis
934 2630 1012 2703 lleit
1038 2634 1113 2704 sive
1141 2630 1264 2725 Capu,
1283 2641 1444 2704 testantur
1469 2630 1637 2704 Abulfeda
1672 2644 1706 2704 et
1741 2633 1795 2705 alii
1830 2631 2036 2725 Geographi.

662 2749 760 2822 Nulla
786 2771 888 2845 porro
915 2759 986 2820 erat
1011 2753 1096 2819 inter
1122 2746 1385 2820 lllubamedanos
1413 2772 1460 2819 ex
1484 2747 1612 2845 Libya,
1640 2752 1714 2824 sive
1727 2749 1845 2823 Africa
1872 2751 2036 2838 interiori,

663 2875 697 2938 et
721 2868 911 2961 Aegyptios
928 2865 1061 2957 linguae
1081 2864 1274 2936 differentia.
1317 2863 1415 2949 Quod
1432 2887 1517 2937 vero
1539 2870 1743 2939 existimavit
1762 2866 1924 2955 Vossius,
1950 2888 2036 2937 mu-

662 2986 821 3055 tationem
847 2983 982 3074 linguae
1007 2980 1130 3053 iactam
1157 3002 1236 3054 esse
1261 2982 1352 3052 circa
1377 2977 1579 3053 Yubidarum
1597 2986 1710 3073 initia,
1736 2986 1889 3075 graviori
1907 2981 2035 3054 absur-

634 3099 764 3181 ,ditate
797 3097 937 3171 laborat.
990 3095 1149 3191 Viguisse
1185 3099 1271 3169 enim
1305 3099 1391 3166 inter
1423 3095 1628 3172 Christianos
1662 3099 1854 3194 Aegyptios
1886 3098 2035 3199 linguam

664 3214 837 3312 Copticam
864 3217 1052 3309 quingentis
1080 3223 1137 3287 aut
1162 3216 1331 3287 sexcentis
1359 3216 1453 3286 annis
1481 3224 1595 3305 antea,
1630 3238 1703 3286 curn
1731 3219 1872 3311 primum
1897 3214 2034 3291 Arabes

664 3335 698 3403 in
723 3334 917 3428 Aegyptum
943 3334 1147 3425 irruperunt,
1173 3353 1219 3402 ex
1234 3328 1389 3417 historia,
1416 3329 1509 3403 libris
1522 3329 1787 3421 Ecclesiasticis,
1815 3332 2034 3427 omnibusque

661 3451 880 3520 monumentis
907 3449 1091 3518 certissime
1118 3446 1383 3541 demonstratum
1410 3450 1470 3523 sed
1497 3474 1606 3547 neque
1641 3452 1706 3524 alia
1738 3452 1851 3545 bnguu
1888 3451 2034 3523 locutum

661 3565 859 3654 Antonium,
888 3578 1088 3663 sanctosque
1113 3567 1227 3664 plures
1247 3568 1339 3641 'alios
1365 3565 1615 3657 Anacbnretas,
1648 3570 1704 3662 qui
1736 3566 1866 3638 Graece
1891 3569 2032 3639 nescie-

660 3678 760 3770 bant,
787 3706 894 3778 aeque
922 3693 1046 3756 certum
1074 3694 1143 3774 est3
1175 3694 1210 3757 et
1241 3688 1313 3777 eJus
1339 3683 1507 3780 Epistolas
1535 3707 1576 3755 ea
1602 3683 1715 3777 lingua
1743 3688 1883 3779 scriptas
1910 3693 2031 3755 extare

662 3801 695 3869 in
721 3798 933 3872 Monasteriis
960 3798 1172 3891 Thebaidos,
1198 3804 1294 3875 testis
1322 3812 1373 3874 est
1399 3799 1603 3873 Abulbircat.
1822 3877 1826 3883 .

342 3934 651 4023 npcnavpaanasure
769 3916 876 4002 Quam
909 3939 994 3989 vero
1034 3917 1266 3990 introductioni
1310 3917 1473 4013 Copticae
1511 3915 1646 4008 linguae
1682 3915 1854 4011 Epoebam
1890 3919 2031 3991 Vossius

342 4024 438 4090 aequa
664 4035 849 4122 constitnit,
877 4056 918 4103 ea
944 4036 1054 4127 potius
1081 4033 1250 4105 censenda
1271 4032 1472 4128 estEpooba
1492 4031 1577 4104 illius
1601 4036 1669 4124 jam
1686 4031 1859 4105 obsoletae
1878 4043 2031 4128 etprope

664 4148 865 4244 deperditae.
894 4149 1024 4245 Quippe
1051 4147 1092 4220 ab
1129 4154 1224 4222 annis
1260 4171 1366 4246 prope
1401 4151 1570 4221 sexcentis
1605 4148 1851 4238 Alexandriae,
1885 4148 2032 4221 llabirae

663 4289 748 4360 quae
776 4265 875 4338 sedes
902 4275 976 4337 erat
1001 4268 1117 4358 regni,
1145 4275 1179 4337 et
1203 4270 1236 4337 in
1263 4277 1333 4341 tota
1360 4265 1509 4338 inferiori
1534 4266 1716 4362 Aegypto,
1742 4288 1822 4338 usus
1839 4264 2030 4338 1111151111-

661 4386 753 4475 garis
787 4380 895 4455 nullus
932 4391 1021 4472 erat,
1051 4374 1144 4453 unde
1172 4381 1314 4473 iactum,
1349 4393 1385 4456 ut
1415 4386 1501 4454 inter
1532 4382 1649 4454 doctos
1677 4381 1790 4473 solos,
1818 4393 1851 4455 et
1877 4387 1910 4453 in
1935 4380 2028 4453 libris

661 4507 864 4572 conservata
889 4496 999 4570 fuerit.
1052 4497 1129 4570 Non
1155 4496 1231 4572 illos
1257 4500 1393 4574 dicimus
1421 4499 1464 4570 de
1494 4497 1577 4570 1111111
1602 4500 1848 4595 Aegyptiomm
1875 4497 2027 4571 Theolo-

663 4620 738 4708 gia,
765 4626 820 4687 ant
845 4614 996 4687 Deorum
1022 4637 1157 4687 suorum
1183 4614 1321 4706 fabulis,
1350 4613 1662 4711 apotelesmabbus,
1696 4616 1835 4711 aliisque
1862 4616 2029 4710 supersti-

661 4734 768 4803 tiosae
794 4735 951 4804 vanitatis
990 4736 1254 4826 commentariis,
1282 4755 1422 4828 quorum
1448 4755 1491 4804 ne
1516 4730 1596 4803 leve
1622 4732 1753 4827 quidem
1779 4731 1930 4803 indicium
1961 4753 2029 4803 oc-

663 4851 781 4920 currit:
808 4848 869 4921 sed
896 4847 1090 4945 Scripturae
1116 4870 1235 4921 sacrae
1260 4850 1431 4944 utriusque
1456 4847 1660 4922 Testamenti
1685 4851 1884 4939 versioneS,
1910 4846 2028 4919 Litor-

661 4967 738 5056 gias
768 4974 808 5037 et
843 4964 956 5037 Officia
990 4965 1281 5039 sacramentorum
1317 4968 1476 5038 omnium:
1512 4965 1645 5037 tandem
1682 4963 1842 5037 formulas
1880 4974 2028 5036 actorum

663 5080 867 5174 solennium,
894 5091 1028 5177 praeter
1055 5105 1140 5178 quae
1165 5082 1245 5155 nibil
1262 5082 1401 5178 Coptice
1419 5085 1575 5178 scriptum
1591 5084 1764 5178 reperitur.
1792 5081 1899 5155 Nemo
1919 5093 2028 5155 autem
