<?xml version="1.0" encoding="UTF-8"?>
<!DOCTYPE html PUBLIC "-//W3C//DTD XHTML 1.0 Transitional//EN"
    "http://www.w3.org/TR/xhtml1/DTD/xhtml1-transitional.dtd">
<html xmlns="http://www.w3.org/1999/xhtml" xml:lang="en" lang="en">
 <head>
  <title>
</title>
<meta http-equiv="Content-Type" content="text/html;charset=utf-8" />
  <meta name='ocr-system' content='tesseract 3.04.00' />
  <meta name='ocr-capabilities' content='ocr_page ocr_carea ocr_par ocr_line ocrx_word'/>
</head>
<body>
  <div class='ocr_page' id='page_1' title='image "./liturgiarumorie00unkngoog_0628.png"; bbox 0 0 4525 6034; ppageno 0'>
   <div class='ocr_carea' id='block_1_1' title="bbox 801 1058 1987 1358">
    <p class='ocr_par' dir='ltr' id='par_1_1' title="bbox 801 1058 1987 1358">
     <span class='ocr_line' id='line_1_1' title="bbox 801 1058 1987 1160; baseline 0.007 -11"><span class='ocrx_word' id='word_1_1' title='bbox 801 1058 1987 1160; x_wconf 77' lang='lat' dir='ltr'>lbolllollllloltblltlllolls</span> 
     </span>
     <span class='ocr_line' id='line_1_2' title="bbox 1124 1278 1670 1358; baseline 0.002 -1"><span class='ocrx_word' id='word_1_2' title='bbox 1124 1278 1670 1358; x_wconf 68' lang='lat' dir='ltr'>mmmmmmmmmm</span> 
     </span>
    </p>
   </div>
   <div class='ocr_carea' id='block_1_2' title="bbox 1058 1470 1741 1593">
    <p class='ocr_par' dir='ltr' id='par_1_2' title="bbox 1058 1470 1741 1593">
     <span class='ocr_line' id='line_1_3' title="bbox 1058 1470 1741 1593; baseline 0.003 -2"><span class='ocrx_word' id='word_1_3' title='bbox 1058 1470 1741 1593; x_wconf 76' lang='lat' dir='ltr'><strong>OBSERVATIONES.</strong></span> 
     </span>
    </p>
   </div>
   <div class='ocr_carea' id='block_1_3' title="bbox 809 1805 2065 1909">
    <p class='ocr_par' dir='ltr' id='par_1_3' title="bbox 809 1805 2065 1909">
     <span class='ocr_line' id='line_1_4' title="bbox 809 1805 2065 1909; baseline 0.006 -24"><span class='ocrx_word' id='word_1_4' title='bbox 809 1805 959 1885; x_wconf 81' lang='lat' dir='ltr'>Orrucuuu</span> <span class='ocrx_word' id='word_1_5' title='bbox 986 1816 1189 1881; x_wconf 77' lang='lat' dir='ltr'>ordinationis</span> <span class='ocrx_word' id='word_1_6' title='bbox 1222 1817 1412 1881; x_wconf 89' lang='lat' dir='ltr'>Patriarcbae</span> <span class='ocrx_word' id='word_1_7' title='bbox 1449 1815 1647 1880; x_wconf 76' lang='lat' dir='ltr'>Alexandrini</span> <span class='ocrx_word' id='word_1_8' title='bbox 1675 1818 1896 1904; x_wconf 89' lang='lat' dir='ltr'>Jacobitarum,</span> <span class='ocrx_word' id='word_1_9' title='bbox 1934 1846 2065 1909; x_wconf 84' lang='lat' dir='ltr'>nusquam</span> 
     </span>
    </p>
   </div>
   <div class='ocr_carea' id='block_1_4' title="bbox 700 1920 2066 5188">
    <p class='ocr_par' dir='ltr' id='par_1_4' title="bbox 700 1920 2066 4970">
     <span class='ocr_line' id='line_1_5' title="bbox 709 1920 2066 2014; baseline 0.01 -32"><span class='ocrx_word' id='word_1_10' title='bbox 709 1929 798 1984; x_wconf 90' lang='lat' dir='ltr'>antea</span> <span class='ocrx_word' id='word_1_11' title='bbox 828 1922 953 2000; x_wconf 90' lang='lat' dir='ltr'>editum,</span> <span class='ocrx_word' id='word_1_12' title='bbox 984 1923 1173 2003; x_wconf 89' lang='lat' dir='ltr'>interpretati</span> <span class='ocrx_word' id='word_1_13' title='bbox 1206 1940 1308 1985; x_wconf 90' lang='lat' dir='ltr'>sumus</span> <span class='ocrx_word' id='word_1_14' title='bbox 1337 1942 1377 1985; x_wconf 86' lang='lat' dir='ltr'>ex</span> <span class='ocrx_word' id='word_1_15' title='bbox 1405 1920 1518 1984; x_wconf 84' lang='lat' dir='ltr'>Codice</span> <span class='ocrx_word' id='word_1_16' title='bbox 1546 1930 1687 1985; x_wconf 86' lang='lat' dir='ltr'>accurate</span> <span class='ocrx_word' id='word_1_17' title='bbox 1715 1933 1747 1987; x_wconf 92' lang='lat' dir='ltr'>et</span> <span class='ocrx_word' id='word_1_18' title='bbox 1776 1926 1937 2008; x_wconf 80' lang='lat' dir='ltr'>eleganter</span> <span class='ocrx_word' id='word_1_19' title='bbox 1963 1934 2066 2014; x_wconf 89' lang='lat' dir='ltr'>scripto</span> 
     </span>
     <span class='ocr_line' id='line_1_6' title="bbox 708 2019 2064 2107; baseline 0.009 -26"><span class='ocrx_word' id='word_1_20' title='bbox 708 2020 911 2084; x_wconf 80' lang='lat' dir='ltr'>Bibliothecae</span> <span class='ocrx_word' id='word_1_21' title='bbox 935 2022 1153 2105; x_wconf 88' lang='lat' dir='ltr'>Seguierianae</span> <span class='ocrx_word' id='word_1_22' title='bbox 1177 2021 1303 2103; x_wconf 84' lang='lat' dir='ltr'>Coptica</span> <span class='ocrx_word' id='word_1_23' title='bbox 1328 2030 1358 2085; x_wconf 94' lang='lat' dir='ltr'>et</span> <span class='ocrx_word' id='word_1_24' title='bbox 1380 2019 1521 2085; x_wconf 79' lang='lat' dir='ltr'>Arabico.</span> <span class='ocrx_word' id='word_1_25' title='bbox 1566 2019 1641 2083; x_wconf 90' lang='lat' dir='ltr'>lllud</span> <span class='ocrx_word' id='word_1_26' title='bbox 1664 2023 1726 2085; x_wconf 89' lang='lat' dir='ltr'>suis</span> <span class='ocrx_word' id='word_1_27' title='bbox 1749 2023 1861 2107; x_wconf 90' lang='lat' dir='ltr'>linguis</span> <span class='ocrx_word' id='word_1_28' title='bbox 1884 2029 1943 2092; x_wconf 90' lang='lat' dir='ltr'>illis</span> <span class='ocrx_word' id='word_1_29' title='bbox 1966 2030 2064 2093; x_wconf 84' lang='lat' dir='ltr'>dadis-</span> 
     </span>
     <span class='ocr_line' id='line_1_7' title="bbox 707 2120 2064 2203; baseline 0.009 -20"><span class='ocrx_word' id='word_1_30' title='bbox 707 2138 818 2197; x_wconf 74' lang='lat' dir='ltr'>semuS,</span> <span class='ocrx_word' id='word_1_31' title='bbox 841 2123 899 2184; x_wconf 92' lang='lat' dir='ltr'>nisi</span> <span class='ocrx_word' id='word_1_32' title='bbox 921 2121 1114 2185; x_wconf 78' lang='lat' dir='ltr'>characteres</span> <span class='ocrx_word' id='word_1_33' title='bbox 1138 2121 1336 2200; x_wconf 87' lang='lat' dir='ltr'>defecissent,</span> <span class='ocrx_word' id='word_1_34' title='bbox 1359 2139 1486 2203; x_wconf 90' lang='lat' dir='ltr'>quorum</span> <span class='ocrx_word' id='word_1_35' title='bbox 1513 2129 1545 2183; x_wconf 94' lang='lat' dir='ltr'>ut</span> <span class='ocrx_word' id='word_1_36' title='bbox 1568 2120 1693 2185; x_wconf 90' lang='lat' dir='ltr'>aliorum</span> <span class='ocrx_word' id='word_1_37' title='bbox 1721 2127 1850 2187; x_wconf 91' lang='lat' dir='ltr'>omnium</span> <span class='ocrx_word' id='word_1_38' title='bbox 1880 2127 2064 2194; x_wconf 88' lang='lat' dir='ltr'>Orientalium</span> 
     </span>
     <span class='ocr_line' id='line_1_8' title="bbox 706 2220 2063 2303; baseline 0.007 -20"><span class='ocrx_word' id='word_1_39' title='bbox 706 2220 798 2302; x_wconf 90' lang='lat' dir='ltr'>periit</span> <span class='ocrx_word' id='word_1_40' title='bbox 819 2222 914 2283; x_wconf 89' lang='lat' dir='ltr'>omnis</span> <span class='ocrx_word' id='word_1_41' title='bbox 938 2222 1016 2303; x_wconf 94' lang='lat' dir='ltr'>apud</span> <span class='ocrx_word' id='word_1_42' title='bbox 1040 2240 1097 2285; x_wconf 89' lang='lat' dir='ltr'>nos</span> <span class='ocrx_word' id='word_1_43' title='bbox 1119 2223 1277 2297; x_wconf 89' lang='lat' dir='ltr'>memoria;</span> <span class='ocrx_word' id='word_1_44' title='bbox 1300 2228 1477 2284; x_wconf 89' lang='lat' dir='ltr'>cumtamen</span> <span class='ocrx_word' id='word_1_45' title='bbox 1496 2238 1550 2284; x_wconf 91' lang='lat' dir='ltr'>eos</span> <span class='ocrx_word' id='word_1_46' title='bbox 1565 2238 1691 2301; x_wconf 91' lang='lat' dir='ltr'>quorum</span> <span class='ocrx_word' id='word_1_47' title='bbox 1714 2224 1745 2285; x_wconf 90' lang='lat' dir='ltr'>in</span> <span class='ocrx_word' id='word_1_48' title='bbox 1760 2224 1900 2291; x_wconf 89' lang='lat' dir='ltr'>Editione</span> <span class='ocrx_word' id='word_1_49' title='bbox 1915 2228 2063 2292; x_wconf 89' lang='lat' dir='ltr'>Bibliorum</span> 
     </span>
     <span class='ocr_line' id='line_1_9' title="bbox 706 2319 2063 2414; baseline 0.007 -32"><span class='ocrx_word' id='word_1_50' title='bbox 706 2319 949 2401; x_wconf 78' lang='lat' dir='ltr'>Polqglottorum</span> <span class='ocrx_word' id='word_1_51' title='bbox 971 2321 1183 2385; x_wconf 88' lang='lat' dir='ltr'>Parisiensium</span> <span class='ocrx_word' id='word_1_52' title='bbox 1204 2340 1278 2384; x_wconf 91' lang='lat' dir='ltr'>usus</span> <span class='ocrx_word' id='word_1_53' title='bbox 1300 2320 1366 2398; x_wconf 80' lang='lat' dir='ltr'>lauit,</span> <span class='ocrx_word' id='word_1_54' title='bbox 1388 2338 1502 2383; x_wconf 90' lang='lat' dir='ltr'>summa</span> <span class='ocrx_word' id='word_1_55' title='bbox 1529 2339 1604 2402; x_wconf 91' lang='lat' dir='ltr'>prae</span> <span class='ocrx_word' id='word_1_56' title='bbox 1634 2324 1764 2386; x_wconf 89' lang='lat' dir='ltr'>caeteris</span> <span class='ocrx_word' id='word_1_57' title='bbox 1793 2324 1883 2389; x_wconf 79' lang='lat' dir='ltr'>buerit</span> <span class='ocrx_word' id='word_1_58' title='bbox 1915 2330 2063 2414; x_wconf 77' lang='lat' dir='ltr'>elegantia,</span> 
     </span>
     <span class='ocr_line' id='line_1_10' title="bbox 706 2420 2063 2510; baseline 0.009 -31"><span class='ocrx_word' id='word_1_59' title='bbox 706 2436 775 2480; x_wconf 84' lang='lat' dir='ltr'>narn</span> <span class='ocrx_word' id='word_1_60' title='bbox 798 2420 834 2482; x_wconf 93' lang='lat' dir='ltr'>ad</span> <span class='ocrx_word' id='word_1_61' title='bbox 857 2428 947 2502; x_wconf 75' lang='lat' dir='ltr'>typos</span> <span class='ocrx_word' id='word_1_62' title='bbox 971 2421 1097 2504; x_wconf 88' lang='lat' dir='ltr'>insignis</span> <span class='ocrx_word' id='word_1_63' title='bbox 1121 2420 1354 2504; x_wconf 75' lang='lat' dir='ltr'>Typograpbiae</span> <span class='ocrx_word' id='word_1_64' title='bbox 1376 2420 1531 2483; x_wconf 88' lang='lat' dir='ltr'>blediceae</span> <span class='ocrx_word' id='word_1_65' title='bbox 1555 2420 1674 2484; x_wconf 86' lang='lat' dir='ltr'>formati</span> <span class='ocrx_word' id='word_1_66' title='bbox 1695 2420 1824 2491; x_wconf 85' lang='lat' dir='ltr'>lucrant.</span> <span class='ocrx_word' id='word_1_67' title='bbox 1853 2426 1944 2499; x_wconf 83' lang='lat' dir='ltr'>Quod</span> <span class='ocrx_word' id='word_1_68' title='bbox 1963 2448 2063 2510; x_wconf 88' lang='lat' dir='ltr'>super-</span> 
     </span>
     <span class='ocr_line' id='line_1_11' title="bbox 708 2520 2061 2599; baseline 0.008 -19"><span class='ocrx_word' id='word_1_69' title='bbox 708 2525 789 2588; x_wconf 82' lang='lat' dir='ltr'>erat,</span> <span class='ocrx_word' id='word_1_70' title='bbox 822 2528 991 2583; x_wconf 85' lang='lat' dir='ltr'>accuratam</span> <span class='ocrx_word' id='word_1_71' title='bbox 1012 2528 1046 2582; x_wconf 93' lang='lat' dir='ltr'>ut</span> <span class='ocrx_word' id='word_1_72' title='bbox 1067 2522 1281 2599; x_wconf 85' lang='lat' dir='ltr'>existimamus,</span> <span class='ocrx_word' id='word_1_73' title='bbox 1305 2520 1479 2583; x_wconf 87' lang='lat' dir='ltr'>versionem</span> <span class='ocrx_word' id='word_1_74' title='bbox 1505 2520 1584 2584; x_wconf 92' lang='lat' dir='ltr'>illius</span> <span class='ocrx_word' id='word_1_75' title='bbox 1614 2520 1708 2585; x_wconf 84' lang='lat' dir='ltr'>olllcii</span> <span class='ocrx_word' id='word_1_76' title='bbox 1737 2522 1889 2589; x_wconf 91' lang='lat' dir='ltr'>habebunt</span> <span class='ocrx_word' id='word_1_77' title='bbox 1913 2527 2061 2593; x_wconf 87' lang='lat' dir='ltr'>orientalis</span> 
     </span>
     <span class='ocr_line' id='line_1_12' title="bbox 707 2616 2061 2712; baseline 0.009 -34"><span class='ocrx_word' id='word_1_78' title='bbox 707 2616 881 2699; x_wconf 90' lang='lat' dir='ltr'>disciplinae</span> <span class='ocrx_word' id='word_1_79' title='bbox 903 2620 1134 2682; x_wconf 84' lang='lat' dir='ltr'>Ecclesiasticae</span> <span class='ocrx_word' id='word_1_80' title='bbox 1158 2620 1295 2699; x_wconf 87' lang='lat' dir='ltr'>studiosi,</span> <span class='ocrx_word' id='word_1_81' title='bbox 1318 2621 1368 2702; x_wconf 93' lang='lat' dir='ltr'>qui</span> <span class='ocrx_word' id='word_1_82' title='bbox 1391 2638 1465 2682; x_wconf 92' lang='lat' dir='ltr'>sane</span> <span class='ocrx_word' id='word_1_83' title='bbox 1479 2620 1578 2683; x_wconf 88' lang='lat' dir='ltr'>multis</span> <span class='ocrx_word' id='word_1_84' title='bbox 1594 2621 1631 2683; x_wconf 92' lang='lat' dir='ltr'>ad</span> <span class='ocrx_word' id='word_1_85' title='bbox 1647 2638 1712 2683; x_wconf 87' lang='lat' dir='ltr'>earn</span> <span class='ocrx_word' id='word_1_86' title='bbox 1724 2624 1854 2703; x_wconf 89' lang='lat' dir='ltr'>penitius</span> <span class='ocrx_word' id='word_1_87' title='bbox 1878 2645 2061 2712; x_wconf 87' lang='lat' dir='ltr'>cognoscen-</span> 
     </span>
     <span class='ocr_line' id='line_1_13' title="bbox 707 2715 2061 2808; baseline 0.01 -31"><span class='ocrx_word' id='word_1_88' title='bbox 707 2715 773 2778; x_wconf 90' lang='lat' dir='ltr'>dam</span> <span class='ocrx_word' id='word_1_89' title='bbox 797 2720 955 2797; x_wconf 85' lang='lat' dir='ltr'>praesidiis</span> <span class='ocrx_word' id='word_1_90' title='bbox 982 2719 1115 2782; x_wconf 90' lang='lat' dir='ltr'>destituti</span> <span class='ocrx_word' id='word_1_91' title='bbox 1144 2719 1202 2781; x_wconf 93' lang='lat' dir='ltr'>huc</span> <span class='ocrx_word' id='word_1_92' title='bbox 1231 2737 1328 2800; x_wconf 92' lang='lat' dir='ltr'>usque</span> <span class='ocrx_word' id='word_1_93' title='bbox 1357 2718 1486 2782; x_wconf 87' lang='lat' dir='ltr'>luerunt.</span> <span class='ocrx_word' id='word_1_94' title='bbox 1536 2719 1611 2782; x_wconf 91' lang='lat' dir='ltr'>Nam</span> <span class='ocrx_word' id='word_1_95' title='bbox 1639 2720 1693 2780; x_wconf 92' lang='lat' dir='ltr'>Vir</span> <span class='ocrx_word' id='word_1_96' title='bbox 1722 2719 1934 2802; x_wconf 87' lang='lat' dir='ltr'>Clarissimus,</span> <span class='ocrx_word' id='word_1_97' title='bbox 1963 2735 1991 2790; x_wconf 88' lang='lat' dir='ltr'>et</span> <span class='ocrx_word' id='word_1_98' title='bbox 2018 2728 2061 2808; x_wconf 91' lang='lat' dir='ltr'>qui</span> 
     </span>
     <span class='ocr_line' id='line_1_14' title="bbox 706 2814 2060 2901; baseline 0.01 -25"><span class='ocrx_word' id='word_1_99' title='bbox 706 2814 885 2880; x_wconf 90' lang='lat' dir='ltr'>laudabilem</span> <span class='ocrx_word' id='word_1_100' title='bbox 914 2820 944 2881; x_wconf 93' lang='lat' dir='ltr'>in</span> <span class='ocrx_word' id='word_1_101' title='bbox 976 2817 1143 2901; x_wconf 84' lang='lat' dir='ltr'>originibus</span> <span class='ocrx_word' id='word_1_102' title='bbox 1171 2817 1393 2881; x_wconf 87' lang='lat' dir='ltr'>Ecclesiasticis</span> <span class='ocrx_word' id='word_1_103' title='bbox 1428 2816 1612 2882; x_wconf 88' lang='lat' dir='ltr'>illustrandis</span> <span class='ocrx_word' id='word_1_104' title='bbox 1641 2835 1764 2900; x_wconf 86' lang='lat' dir='ltr'>operam</span> <span class='ocrx_word' id='word_1_105' title='bbox 1794 2826 1915 2887; x_wconf 85' lang='lat' dir='ltr'>navavit</span> <span class='ocrx_word' id='word_1_106' title='bbox 1943 2824 2060 2889; x_wconf 89' lang='lat' dir='ltr'>Joannes</span> 
     </span>
     <span class='ocr_line' id='line_1_15' title="bbox 705 2914 2060 3005; baseline 0.007 -29"><span class='ocrx_word' id='word_1_107' title='bbox 705 2914 851 2998; x_wconf 85' lang='lat' dir='ltr'>Marinus,</span> <span class='ocrx_word' id='word_1_108' title='bbox 874 2918 912 2981; x_wconf 95' lang='lat' dir='ltr'>de</span> <span class='ocrx_word' id='word_1_109' title='bbox 941 2918 1124 3000; x_wconf 84' lang='lat' dir='ltr'>Coptitarum</span> <span class='ocrx_word' id='word_1_110' title='bbox 1156 2918 1399 2981; x_wconf 73' lang='lat' dir='ltr'>ordinationibus</span> <span class='ocrx_word' id='word_1_111' title='bbox 1435 2916 1507 2980; x_wconf 88' lang='lat' dir='ltr'>nibil</span> <span class='ocrx_word' id='word_1_112' title='bbox 1535 2917 1647 2996; x_wconf 90' lang='lat' dir='ltr'>habuit,</span> <span class='ocrx_word' id='word_1_113' title='bbox 1676 2927 1801 2998; x_wconf 87' lang='lat' dir='ltr'>praeter</span> <span class='ocrx_word' id='word_1_114' title='bbox 1830 2923 1943 3005; x_wconf 88' lang='lat' dir='ltr'>aliquot</span> <span class='ocrx_word' id='word_1_115' title='bbox 1971 2924 2060 2987; x_wconf 80' lang='lat' dir='ltr'>Obicit</span> 
     </span>
     <span class='ocr_line' id='line_1_16' title="bbox 706 3016 2059 3103; baseline 0.006 -25"><span class='ocrx_word' id='word_1_116' title='bbox 706 3033 784 3095; x_wconf 91' lang='lat' dir='ltr'>quae</span> <span class='ocrx_word' id='word_1_117' title='bbox 806 3036 847 3080; x_wconf 86' lang='lat' dir='ltr'>ex</span> <span class='ocrx_word' id='word_1_118' title='bbox 868 3016 979 3079; x_wconf 91' lang='lat' dir='ltr'>Leonis</span> <span class='ocrx_word' id='word_1_119' title='bbox 1002 3017 1104 3080; x_wconf 76' lang='lat' dir='ltr'>Allatii</span> <span class='ocrx_word' id='word_1_120' title='bbox 1122 3017 1290 3098; x_wconf 74' lang='lat' dir='ltr'>symmistis</span> <span class='ocrx_word' id='word_1_121' title='bbox 1313 3017 1467 3093; x_wconf 88' lang='lat' dir='ltr'>translata,</span> <span class='ocrx_word' id='word_1_122' title='bbox 1490 3016 1712 3081; x_wconf 84' lang='lat' dir='ltr'>Commentario</span> <span class='ocrx_word' id='word_1_123' title='bbox 1735 3037 1792 3082; x_wconf 91' lang='lat' dir='ltr'>suo</span> <span class='ocrx_word' id='word_1_124' title='bbox 1815 3020 1935 3103; x_wconf 88' lang='lat' dir='ltr'>adjecit,</span> <span class='ocrx_word' id='word_1_125' title='bbox 1958 3032 1986 3086; x_wconf 90' lang='lat' dir='ltr'>et</span> <span class='ocrx_word' id='word_1_126' title='bbox 2005 3024 2059 3086; x_wconf 84' lang='lat' dir='ltr'>Co·</span> 
     </span>
     <span class='ocr_line' id='line_1_17' title="bbox 705 3115 2058 3204; baseline 0.007 -27"><span class='ocrx_word' id='word_1_127' title='bbox 705 3115 767 3177; x_wconf 91' lang='lat' dir='ltr'>dex</span> <span class='ocrx_word' id='word_1_128' title='bbox 788 3115 868 3179; x_wconf 89' lang='lat' dir='ltr'>unde</span> <span class='ocrx_word' id='word_1_129' title='bbox 890 3118 1098 3198; x_wconf 86' lang='lat' dir='ltr'>interpretatio</span> <span class='ocrx_word' id='word_1_130' title='bbox 1121 3116 1201 3179; x_wconf 88' lang='lat' dir='ltr'>lacta</span> <span class='ocrx_word' id='word_1_131' title='bbox 1224 3125 1282 3196; x_wconf 89' lang='lat' dir='ltr'>est,</span> <span class='ocrx_word' id='word_1_132' title='bbox 1305 3117 1425 3198; x_wconf 81' lang='lat' dir='ltr'>integer</span> <span class='ocrx_word' id='word_1_133' title='bbox 1446 3135 1507 3180; x_wconf 90' lang='lat' dir='ltr'>nen</span> <span class='ocrx_word' id='word_1_134' title='bbox 1531 3125 1606 3181; x_wconf 89' lang='lat' dir='ltr'>erat.</span> <span class='ocrx_word' id='word_1_135' title='bbox 1657 3116 1727 3199; x_wconf 90' lang='lat' dir='ltr'>lpsa</span> <span class='ocrx_word' id='word_1_136' title='bbox 1749 3138 1825 3182; x_wconf 89' lang='lat' dir='ltr'>vero</span> <span class='ocrx_word' id='word_1_137' title='bbox 1847 3124 1991 3204; x_wconf 89' lang='lat' dir='ltr'>ejusmodi</span> <span class='ocrx_word' id='word_1_138' title='bbox 2010 3130 2058 3202; x_wconf 87' lang='lat' dir='ltr'>est,</span> 
     </span>
     <span class='ocr_line' id='line_1_18' title="bbox 704 3215 2057 3301; baseline 0.006 -25"><span class='ocrx_word' id='word_1_139' title='bbox 704 3222 736 3276; x_wconf 94' lang='lat' dir='ltr'>ut</span> <span class='ocrx_word' id='word_1_140' title='bbox 750 3234 967 3299; x_wconf 88' lang='lat' dir='ltr'>quemcumque</span> <span class='ocrx_word' id='word_1_141' title='bbox 982 3225 1116 3279; x_wconf 90' lang='lat' dir='ltr'>autorem</span> <span class='ocrx_word' id='word_1_142' title='bbox 1135 3215 1283 3295; x_wconf 90' lang='lat' dir='ltr'>habuerit,</span> <span class='ocrx_word' id='word_1_143' title='bbox 1307 3234 1375 3278; x_wconf 85' lang='lat' dir='ltr'>curn</span> <span class='ocrx_word' id='word_1_144' title='bbox 1391 3217 1547 3297; x_wconf 91' lang='lat' dir='ltr'>utriusque</span> <span class='ocrx_word' id='word_1_145' title='bbox 1561 3216 1683 3298; x_wconf 86' lang='lat' dir='ltr'>linguae</span> <span class='ocrx_word' id='word_1_146' title='bbox 1698 3216 1842 3300; x_wconf 86' lang='lat' dir='ltr'>Copticae</span> <span class='ocrx_word' id='word_1_147' title='bbox 1864 3230 1896 3284; x_wconf 90' lang='lat' dir='ltr'>et</span> <span class='ocrx_word' id='word_1_148' title='bbox 1912 3223 2057 3301; x_wconf 82' lang='lat' dir='ltr'>Arabicae,</span> 
     </span>
     <span class='ocr_line' id='line_1_19' title="bbox 705 3314 2058 3400; baseline 0.002 -24"><span class='ocrx_word' id='word_1_149' title='bbox 705 3322 765 3376; x_wconf 91' lang='lat' dir='ltr'>tum</span> <span class='ocrx_word' id='word_1_150' title='bbox 788 3315 963 3397; x_wconf 86' lang='lat' dir='ltr'>disciplinae</span> <span class='ocrx_word' id='word_1_151' title='bbox 984 3316 1235 3398; x_wconf 86' lang='lat' dir='ltr'>imperitissimum</span> <span class='ocrx_word' id='word_1_152' title='bbox 1258 3315 1352 3378; x_wconf 86' lang='lat' dir='ltr'>fuisse</span> <span class='ocrx_word' id='word_1_153' title='bbox 1374 3314 1473 3377; x_wconf 87' lang='lat' dir='ltr'>statim</span> <span class='ocrx_word' id='word_1_154' title='bbox 1496 3314 1717 3397; x_wconf 90' lang='lat' dir='ltr'>deprehendat,</span> <span class='ocrx_word' id='word_1_155' title='bbox 1747 3319 1927 3400; x_wconf 78' lang='lat' dir='ltr'>qudcumque</span> <span class='ocrx_word' id='word_1_156' title='bbox 1956 3319 2058 3381; x_wconf 90' lang='lat' dir='ltr'>medio-</span> 
     </span>
     <span class='ocr_line' id='line_1_20' title="bbox 705 3413 2056 3500; baseline 0.001 -26"><span class='ocrx_word' id='word_1_157' title='bbox 705 3432 786 3475; x_wconf 88' lang='lat' dir='ltr'>crem</span> <span class='ocrx_word' id='word_1_158' title='bbox 809 3414 979 3497; x_wconf 83' lang='lat' dir='ltr'>linguarum</span> <span class='ocrx_word' id='word_1_159' title='bbox 1002 3422 1052 3477; x_wconf 91' lang='lat' dir='ltr'>aut</span> <span class='ocrx_word' id='word_1_160' title='bbox 1074 3434 1176 3477; x_wconf 87' lang='lat' dir='ltr'>rerum</span> <span class='ocrx_word' id='word_1_161' title='bbox 1199 3413 1393 3478; x_wconf 88' lang='lat' dir='ltr'>Orientalium</span> <span class='ocrx_word' id='word_1_162' title='bbox 1416 3415 1548 3476; x_wconf 90' lang='lat' dir='ltr'>notitiam</span> <span class='ocrx_word' id='word_1_163' title='bbox 1571 3413 1717 3477; x_wconf 87' lang='lat' dir='ltr'>babuerit.</span> <span class='ocrx_word' id='word_1_164' title='bbox 1768 3415 1841 3479; x_wconf 88' lang='lat' dir='ltr'>Cum</span> <span class='ocrx_word' id='word_1_165' title='bbox 1867 3435 1942 3480; x_wconf 89' lang='lat' dir='ltr'>vero</span> <span class='ocrx_word' id='word_1_166' title='bbox 1960 3418 2056 3500; x_wconf 90' lang='lat' dir='ltr'>justum</span> 
     </span>
     <span class='ocr_line' id='line_1_21' title="bbox 705 3511 2056 3598; baseline 0.001 -23"><span class='ocrx_word' id='word_1_167' title='bbox 705 3511 743 3575; x_wconf 88' lang='lat' dir='ltr'>de</span> <span class='ocrx_word' id='word_1_168' title='bbox 766 3513 1009 3577; x_wconf 84' lang='lat' dir='ltr'>Ordinationibus</span> <span class='ocrx_word' id='word_1_169' title='bbox 1032 3515 1198 3577; x_wconf 89' lang='lat' dir='ltr'>secundum</span> <span class='ocrx_word' id='word_1_170' title='bbox 1226 3513 1412 3595; x_wconf 90' lang='lat' dir='ltr'>disciplinam</span> <span class='ocrx_word' id='word_1_171' title='bbox 1441 3514 1625 3576; x_wconf 71' lang='lat' dir='ltr'>orientalem</span> <span class='ocrx_word' id='word_1_172' title='bbox 1656 3513 1909 3579; x_wconf 79' lang='lat' dir='ltr'>commentarium</span> <span class='ocrx_word' id='word_1_173' title='bbox 1937 3524 2056 3598; x_wconf 89' lang='lat' dir='ltr'>paratum</span> 
     </span>
     <span class='ocr_line' id='line_1_22' title="bbox 704 3611 2055 3695; baseline 0.001 -21"><span class='ocrx_word' id='word_1_174' title='bbox 704 3612 876 3694; x_wconf 88' lang='lat' dir='ltr'>babeamus,</span> <span class='ocrx_word' id='word_1_175' title='bbox 899 3615 929 3676; x_wconf 92' lang='lat' dir='ltr'>in</span> <span class='ocrx_word' id='word_1_176' title='bbox 957 3631 1016 3694; x_wconf 94' lang='lat' dir='ltr'>quo</span> <span class='ocrx_word' id='word_1_177' title='bbox 1046 3614 1154 3693; x_wconf 90' lang='lat' dir='ltr'>multa,</span> <span class='ocrx_word' id='word_1_178' title='bbox 1184 3632 1263 3695; x_wconf 91' lang='lat' dir='ltr'>quae</span> <span class='ocrx_word' id='word_1_179' title='bbox 1285 3612 1321 3675; x_wconf 94' lang='lat' dir='ltr'>ad</span> <span class='ocrx_word' id='word_1_180' title='bbox 1345 3611 1536 3676; x_wconf 90' lang='lat' dir='ltr'>Patriarcbae</span> <span class='ocrx_word' id='word_1_181' title='bbox 1565 3612 1783 3676; x_wconf 87' lang='lat' dir='ltr'>ordinationem</span> <span class='ocrx_word' id='word_1_182' title='bbox 1811 3616 1979 3695; x_wconf 88' lang='lat' dir='ltr'>pertinent,</span> <span class='ocrx_word' id='word_1_183' title='bbox 2000 3632 2055 3675; x_wconf 91' lang='lat' dir='ltr'>cum</span> 
     </span>
     <span class='ocr_line' id='line_1_23' title="bbox 704 3711 2053 3796; baseline -0.001 -21"><span class='ocrx_word' id='word_1_184' title='bbox 704 3711 769 3775; x_wconf 90' lang='lat' dir='ltr'>aliis</span> <span class='ocrx_word' id='word_1_185' title='bbox 793 3713 1053 3778; x_wconf 83' lang='lat' dir='ltr'>observationibus</span> <span class='ocrx_word' id='word_1_186' title='bbox 1076 3714 1254 3791; x_wconf 83' lang='lat' dir='ltr'>reseremus,</span> <span class='ocrx_word' id='word_1_187' title='bbox 1276 3731 1372 3796; x_wconf 89' lang='lat' dir='ltr'>pauca</span> <span class='ocrx_word' id='word_1_188' title='bbox 1402 3720 1515 3774; x_wconf 91' lang='lat' dir='ltr'>tantum</span> <span class='ocrx_word' id='word_1_189' title='bbox 1538 3720 1568 3775; x_wconf 92' lang='lat' dir='ltr'>et</span> <span class='ocrx_word' id='word_1_190' title='bbox 1590 3713 1764 3775; x_wconf 89' lang='lat' dir='ltr'>necessaria</span> <span class='ocrx_word' id='word_1_191' title='bbox 1785 3720 1877 3776; x_wconf 90' lang='lat' dir='ltr'>notae</span> <span class='ocrx_word' id='word_1_192' title='bbox 1908 3721 2053 3795; x_wconf 88' lang='lat' dir='ltr'>sequentes</span> 
     </span>
     <span class='ocr_line' id='line_1_24' title="bbox 704 3811 2052 3895; baseline 0.001 -22"><span class='ocrx_word' id='word_1_193' title='bbox 704 3813 907 3878; x_wconf 89' lang='lat' dir='ltr'>continebunt.</span> <span class='ocrx_word' id='word_1_194' title='bbox 951 3813 1071 3877; x_wconf 88' lang='lat' dir='ltr'>Interea</span> <span class='ocrx_word' id='word_1_195' title='bbox 1094 3814 1263 3895; x_wconf 89' lang='lat' dir='ltr'>comparari</span> <span class='ocrx_word' id='word_1_196' title='bbox 1285 3830 1346 3874; x_wconf 92' lang='lat' dir='ltr'>non</span> <span class='ocrx_word' id='word_1_197' title='bbox 1376 3812 1442 3874; x_wconf 89' lang='lat' dir='ltr'>sine</span> <span class='ocrx_word' id='word_1_198' title='bbox 1470 3811 1569 3874; x_wconf 85' lang='lat' dir='ltr'>fructu</span> <span class='ocrx_word' id='word_1_199' title='bbox 1598 3819 1741 3893; x_wconf 77' lang='lat' dir='ltr'>potentat</span> <span class='ocrx_word' id='word_1_200' title='bbox 1771 3830 1837 3874; x_wconf 80' lang='lat' dir='ltr'>cunr</span> <span class='ocrx_word' id='word_1_201' title='bbox 1867 3815 1927 3874; x_wconf 89' lang='lat' dir='ltr'>isto</span> <span class='ocrx_word' id='word_1_202' title='bbox 1955 3813 2052 3888; x_wconf 87' lang='lat' dir='ltr'>Ollcio,</span> 
     </span>
     <span class='ocr_line' id='line_1_25' title="bbox 703 3910 2051 3995; baseline 0.002 -23"><span class='ocrx_word' id='word_1_203' title='bbox 703 3928 781 3992; x_wconf 89' lang='lat' dir='ltr'>quae</span> <span class='ocrx_word' id='word_1_204' title='bbox 804 3912 938 3975; x_wconf 88' lang='lat' dir='ltr'>blorinus</span> <span class='ocrx_word' id='word_1_205' title='bbox 960 3913 1071 3993; x_wconf 90' lang='lat' dir='ltr'>publici</span> <span class='ocrx_word' id='word_1_206' title='bbox 1091 3913 1168 3995; x_wconf 87' lang='lat' dir='ltr'>juris</span> <span class='ocrx_word' id='word_1_207' title='bbox 1190 3912 1262 3975; x_wconf 88' lang='lat' dir='ltr'>lecit</span> <span class='ocrx_word' id='word_1_208' title='bbox 1275 3910 1392 3974; x_wconf 89' lang='lat' dir='ltr'>Graeca</span> <span class='ocrx_word' id='word_1_209' title='bbox 1415 3918 1447 3973; x_wconf 92' lang='lat' dir='ltr'>et</span> <span class='ocrx_word' id='word_1_210' title='bbox 1465 3910 1599 3992; x_wconf 82' lang='lat' dir='ltr'>Syriaca,</span> <span class='ocrx_word' id='word_1_211' title='bbox 1622 3913 1701 3973; x_wconf 90' lang='lat' dir='ltr'>inter</span> <span class='ocrx_word' id='word_1_212' title='bbox 1714 3929 1792 3993; x_wconf 90' lang='lat' dir='ltr'>quae</span> <span class='ocrx_word' id='word_1_213' title='bbox 1808 3919 1838 3973; x_wconf 90' lang='lat' dir='ltr'>et</span> <span class='ocrx_word' id='word_1_214' title='bbox 1851 3911 2051 3988; x_wconf 75' lang='lat' dir='ltr'>Alexandrina,</span> 
     </span>
     <span class='ocr_line' id='line_1_26' title="bbox 703 4009 2052 4093; baseline 0.001 -22"><span class='ocrx_word' id='word_1_215' title='bbox 703 4009 864 4072; x_wconf 88' lang='lat' dir='ltr'>similitudo</span> <span class='ocrx_word' id='word_1_216' title='bbox 887 4012 1014 4072; x_wconf 88' lang='lat' dir='ltr'>maxima</span> <span class='ocrx_word' id='word_1_217' title='bbox 1037 4011 1210 4089; x_wconf 84' lang='lat' dir='ltr'>intercedit3</span> <span class='ocrx_word' id='word_1_218' title='bbox 1244 4030 1343 4093; x_wconf 89' lang='lat' dir='ltr'>neque</span> <span class='ocrx_word' id='word_1_219' title='bbox 1372 4010 1403 4072; x_wconf 95' lang='lat' dir='ltr'>id</span> <span class='ocrx_word' id='word_1_220' title='bbox 1432 4011 1537 4072; x_wconf 84' lang='lat' dir='ltr'>mirum</span> <span class='ocrx_word' id='word_1_221' title='bbox 1567 4029 1634 4073; x_wconf 87' lang='lat' dir='ltr'>cum</span> <span class='ocrx_word' id='word_1_222' title='bbox 1664 4011 1762 4073; x_wconf 90' lang='lat' dir='ltr'>omnia</span> <span class='ocrx_word' id='word_1_223' title='bbox 1784 4029 1823 4073; x_wconf 88' lang='lat' dir='ltr'>ex</span> <span class='ocrx_word' id='word_1_224' title='bbox 1852 4011 1958 4075; x_wconf 89' lang='lat' dir='ltr'>eodem</span> <span class='ocrx_word' id='word_1_225' title='bbox 1983 4011 2052 4073; x_wconf 84' lang='lat' dir='ltr'>lente</span> 
     </span>
     <span class='ocr_line' id='line_1_27' title="bbox 702 4109 2051 4192; baseline -0.001 -21"><span class='ocrx_word' id='word_1_226' title='bbox 702 4110 879 4191; x_wconf 88' lang='lat' dir='ltr'>prodierint.</span> <span class='ocrx_word' id='word_1_227' title='bbox 924 4110 1087 4174; x_wconf 88' lang='lat' dir='ltr'>Orientalia</span> <span class='ocrx_word' id='word_1_228' title='bbox 1110 4114 1188 4174; x_wconf 87' lang='lat' dir='ltr'>euim</span> <span class='ocrx_word' id='word_1_229' title='bbox 1211 4110 1313 4175; x_wconf 90' lang='lat' dir='ltr'>oillcia</span> <span class='ocrx_word' id='word_1_230' title='bbox 1336 4110 1434 4173; x_wconf 90' lang='lat' dir='ltr'>omnia</span> <span class='ocrx_word' id='word_1_231' title='bbox 1458 4110 1592 4172; x_wconf 89' lang='lat' dir='ltr'>Graecae</span> <span class='ocrx_word' id='word_1_232' title='bbox 1615 4118 1684 4172; x_wconf 93' lang='lat' dir='ltr'>sunt</span> <span class='ocrx_word' id='word_1_233' title='bbox 1706 4113 1847 4192; x_wconf 82' lang='lat' dir='ltr'>originis:</span> <span class='ocrx_word' id='word_1_234' title='bbox 1870 4129 1928 4174; x_wconf 88' lang='lat' dir='ltr'>mee</span> <span class='ocrx_word' id='word_1_235' title='bbox 1951 4114 1978 4174; x_wconf 92' lang='lat' dir='ltr'>iu</span> <span class='ocrx_word' id='word_1_236' title='bbox 1997 4109 2051 4171; x_wconf 86' lang='lat' dir='ltr'>Eu·</span> 
     </span>
     <span class='ocr_line' id='line_1_28' title="bbox 704 4209 2050 4275; baseline -0.001 -5"><span class='ocrx_word' id='word_1_237' title='bbox 704 4209 863 4273; x_wconf 84' lang='lat' dir='ltr'>charistiae</span> <span class='ocrx_word' id='word_1_238' title='bbox 902 4212 990 4275; x_wconf 87' lang='lat' dir='ltr'>medo</span> <span class='ocrx_word' id='word_1_239' title='bbox 1025 4213 1254 4275; x_wconf 89' lang='lat' dir='ltr'>consecratione</span> <span class='ocrx_word' id='word_1_240' title='bbox 1281 4209 1336 4274; x_wconf 91' lang='lat' dir='ltr'>sed</span> <span class='ocrx_word' id='word_1_241' title='bbox 1367 4210 1397 4271; x_wconf 92' lang='lat' dir='ltr'>in</span> <span class='ocrx_word' id='word_1_242' title='bbox 1431 4209 1568 4272; x_wconf 91' lang='lat' dir='ltr'>omuibus</span> <span class='ocrx_word' id='word_1_243' title='bbox 1602 4210 1814 4273; x_wconf 88' lang='lat' dir='ltr'>Sacramentis.</span> <span class='ocrx_word' id='word_1_244' title='bbox 1867 4209 1941 4273; x_wconf 86' lang='lat' dir='ltr'>Cum</span> <span class='ocrx_word' id='word_1_245' title='bbox 1968 4217 2050 4272; x_wconf 76' lang='lat' dir='ltr'>auum</span> 
     </span>
     <span class='ocr_line' id='line_1_29' title="bbox 702 4307 2049 4391; baseline -0.001 -21"><span class='ocrx_word' id='word_1_246' title='bbox 702 4308 866 4391; x_wconf 92' lang='lat' dir='ltr'>pleraeque</span> <span class='ocrx_word' id='word_1_247' title='bbox 904 4312 1130 4390; x_wconf 88' lang='lat' dir='ltr'>caeremoniae,</span> <span class='ocrx_word' id='word_1_248' title='bbox 1165 4319 1195 4374; x_wconf 92' lang='lat' dir='ltr'>et</span> <span class='ocrx_word' id='word_1_249' title='bbox 1230 4312 1383 4374; x_wconf 88' lang='lat' dir='ltr'>orationes</span> <span class='ocrx_word' id='word_1_250' title='bbox 1413 4327 1491 4391; x_wconf 89' lang='lat' dir='ltr'>quae</span> <span class='ocrx_word' id='word_1_251' title='bbox 1524 4307 1562 4371; x_wconf 91' lang='lat' dir='ltr'>ad</span> <span class='ocrx_word' id='word_1_252' title='bbox 1597 4309 1834 4372; x_wconf 86' lang='lat' dir='ltr'>consecrandum</span> <span class='ocrx_word' id='word_1_253' title='bbox 1866 4310 2049 4373; x_wconf 88' lang='lat' dir='ltr'>Patriarcbam</span> 
     </span>
     <span class='ocr_line' id='line_1_30' title="bbox 701 4407 2048 4492; baseline -0.003 -22"><span class='ocrx_word' id='word_1_254' title='bbox 701 4407 938 4472; x_wconf 81' lang='lat' dir='ltr'>Alexandrinum</span> <span class='ocrx_word' id='word_1_255' title='bbox 960 4412 1100 4492; x_wconf 90' lang='lat' dir='ltr'>usurpari</span> <span class='ocrx_word' id='word_1_256' title='bbox 1122 4412 1231 4490; x_wconf 91' lang='lat' dir='ltr'>solent,</span> <span class='ocrx_word' id='word_1_257' title='bbox 1254 4410 1292 4472; x_wconf 91' lang='lat' dir='ltr'>ab</span> <span class='ocrx_word' id='word_1_258' title='bbox 1315 4409 1373 4471; x_wconf 91' lang='lat' dir='ltr'>illis</span> <span class='ocrx_word' id='word_1_259' title='bbox 1396 4426 1473 4490; x_wconf 91' lang='lat' dir='ltr'>quae</span> <span class='ocrx_word' id='word_1_260' title='bbox 1485 4407 1671 4472; x_wconf 91' lang='lat' dir='ltr'>ordinationi</span> <span class='ocrx_word' id='word_1_261' title='bbox 1684 4408 1903 4491; x_wconf 83' lang='lat' dir='ltr'>Episcoporunr</span> <span class='ocrx_word' id='word_1_262' title='bbox 1925 4409 2048 4491; x_wconf 84' lang='lat' dir='ltr'>propriae</span> 
     </span>
     <span class='ocr_line' id='line_1_31' title="bbox 701 4507 2047 4592; baseline -0.003 -22"><span class='ocrx_word' id='word_1_263' title='bbox 701 4517 770 4571; x_wconf 90' lang='lat' dir='ltr'>sunt</span> <span class='ocrx_word' id='word_1_264' title='bbox 792 4526 853 4571; x_wconf 93' lang='lat' dir='ltr'>non</span> <span class='ocrx_word' id='word_1_265' title='bbox 874 4509 996 4572; x_wconf 88' lang='lat' dir='ltr'>multum</span> <span class='ocrx_word' id='word_1_266' title='bbox 1019 4510 1168 4588; x_wconf 88' lang='lat' dir='ltr'>dillerant,</span> <span class='ocrx_word' id='word_1_267' title='bbox 1192 4529 1228 4573; x_wconf 91' lang='lat' dir='ltr'>ea</span> <span class='ocrx_word' id='word_1_268' title='bbox 1250 4517 1363 4573; x_wconf 87' lang='lat' dir='ltr'>tantum</span> <span class='ocrx_word' id='word_1_269' title='bbox 1381 4509 1561 4591; x_wconf 81' lang='lat' dir='ltr'>attingemus</span> <span class='ocrx_word' id='word_1_270' title='bbox 1585 4527 1663 4590; x_wconf 90' lang='lat' dir='ltr'>quae</span> <span class='ocrx_word' id='word_1_271' title='bbox 1686 4508 1850 4592; x_wconf 86' lang='lat' dir='ltr'>singularia</span> <span class='ocrx_word' id='word_1_272' title='bbox 1873 4517 1951 4588; x_wconf 89' lang='lat' dir='ltr'>sunt,</span> <span class='ocrx_word' id='word_1_273' title='bbox 1972 4507 2047 4586; x_wconf 92' lang='lat' dir='ltr'>idque</span> 
     </span>
     <span class='ocr_line' id='line_1_32' title="bbox 701 4607 2047 4691; baseline 0 -22"><span class='ocrx_word' id='word_1_274' title='bbox 701 4616 842 4688; x_wconf 88' lang='lat' dir='ltr'>quantum</span> <span class='ocrx_word' id='word_1_275' title='bbox 864 4611 1029 4691; x_wconf 90' lang='lat' dir='ltr'>poterimus</span> <span class='ocrx_word' id='word_1_276' title='bbox 1051 4611 1240 4675; x_wconf 82' lang='lat' dir='ltr'>brevissime.</span> <span class='ocrx_word' id='word_1_277' title='bbox 1284 4609 1359 4672; x_wconf 89' lang='lat' dir='ltr'>Nam</span> <span class='ocrx_word' id='word_1_278' title='bbox 1382 4608 1511 4671; x_wconf 88' lang='lat' dir='ltr'>Historia</span> <span class='ocrx_word' id='word_1_279' title='bbox 1533 4607 1772 4671; x_wconf 87' lang='lat' dir='ltr'>Patriarcbarum</span> <span class='ocrx_word' id='word_1_280' title='bbox 1793 4607 2047 4672; x_wconf 84' lang='lat' dir='ltr'>Alexandrinorum</span> 
     </span>
     <span class='ocr_line' id='line_1_33' title="bbox 700 4706 2045 4791; baseline -0.001 -23"><span class='ocrx_word' id='word_1_281' title='bbox 700 4725 800 4789; x_wconf 90' lang='lat' dir='ltr'>nuper</span> <span class='ocrx_word' id='word_1_282' title='bbox 821 4708 912 4788; x_wconf 91' lang='lat' dir='ltr'>edita,</span> <span class='ocrx_word' id='word_1_283' title='bbox 935 4710 1184 4791; x_wconf 91' lang='lat' dir='ltr'>praecedensque</span> <span class='ocrx_word' id='word_1_284' title='bbox 1214 4709 1405 4786; x_wconf 88' lang='lat' dir='ltr'>Dissertatio,</span> <span class='ocrx_word' id='word_1_285' title='bbox 1428 4706 1638 4771; x_wconf 87' lang='lat' dir='ltr'>Commentarii</span> <span class='ocrx_word' id='word_1_286' title='bbox 1661 4707 1814 4791; x_wconf 87' lang='lat' dir='ltr'>eujusdam</span> <span class='ocrx_word' id='word_1_287' title='bbox 1845 4710 1882 4772; x_wconf 92' lang='lat' dir='ltr'>ad</span> <span class='ocrx_word' id='word_1_288' title='bbox 1905 4710 1976 4772; x_wconf 88' lang='lat' dir='ltr'>banc</span> <span class='ocrx_word' id='word_1_289' title='bbox 1996 4706 2045 4768; x_wconf 94' lang='lat' dir='ltr'>or-</span> 
     </span>
     <span class='ocr_line' id='line_1_34' title="bbox 701 4803 2043 4891; baseline -0.003 -24"><span class='ocrx_word' id='word_1_290' title='bbox 701 4804 881 4870; x_wconf 88' lang='lat' dir='ltr'>dinationem</span> <span class='ocrx_word' id='word_1_291' title='bbox 903 4807 972 4870; x_wconf 87' lang='lat' dir='ltr'>loco</span> <span class='ocrx_word' id='word_1_292' title='bbox 996 4826 1066 4872; x_wconf 91' lang='lat' dir='ltr'>esse</span> <span class='ocrx_word' id='word_1_293' title='bbox 1089 4816 1225 4890; x_wconf 89' lang='lat' dir='ltr'>possunt,</span> <span class='ocrx_word' id='word_1_294' title='bbox 1248 4827 1314 4871; x_wconf 90' lang='lat' dir='ltr'>cum</span> <span class='ocrx_word' id='word_1_295' title='bbox 1337 4807 1417 4869; x_wconf 91' lang='lat' dir='ltr'>nulla</span> <span class='ocrx_word' id='word_1_296' title='bbox 1439 4825 1473 4868; x_wconf 92' lang='lat' dir='ltr'>re</span> <span class='ocrx_word' id='word_1_297' title='bbox 1495 4808 1591 4890; x_wconf 89' lang='lat' dir='ltr'>magis</span> <span class='ocrx_word' id='word_1_298' title='bbox 1615 4808 1782 4889; x_wconf 89' lang='lat' dir='ltr'>disciplina,</span> <span class='ocrx_word' id='word_1_299' title='bbox 1805 4827 1893 4891; x_wconf 87' lang='lat' dir='ltr'>quarn</span> <span class='ocrx_word' id='word_1_300' title='bbox 1915 4803 2043 4886; x_wconf 81' lang='lat' dir='ltr'>exemplis</span> 
     </span>
     <span class='ocr_line' id='line_1_35' title="bbox 700 4906 902 4970; baseline 0.015 -4"><span class='ocrx_word' id='word_1_301' title='bbox 700 4906 902 4970; x_wconf 86' lang='lat' dir='ltr'>confirmetur.</span> 
     </span>
    </p>

    <p class='ocr_par' dir='ltr' id='par_1_5' title="bbox 700 5005 2041 5188">
     <span class='ocr_line' id='line_1_36' title="bbox 787 5005 2041 5091; baseline -0.002 -23"><span class='ocrx_word' id='word_1_302' title='bbox 787 5005 983 5071; x_wconf 88' lang='lat' dir='ltr'>Conditiones</span> <span class='ocrx_word' id='word_1_303' title='bbox 1013 5025 1090 5089; x_wconf 91' lang='lat' dir='ltr'>quae</span> <span class='ocrx_word' id='word_1_304' title='bbox 1121 5008 1316 5087; x_wconf 89' lang='lat' dir='ltr'>requiruntur</span> <span class='ocrx_word' id='word_1_305' title='bbox 1351 5006 1382 5069; x_wconf 93' lang='lat' dir='ltr'>in</span> <span class='ocrx_word' id='word_1_306' title='bbox 1411 5025 1449 5070; x_wconf 90' lang='lat' dir='ltr'>ee</span> <span class='ocrx_word' id='word_1_307' title='bbox 1486 5006 1536 5087; x_wconf 91' lang='lat' dir='ltr'>qui</span> <span class='ocrx_word' id='word_1_308' title='bbox 1564 5007 1602 5069; x_wconf 92' lang='lat' dir='ltr'>ad</span> <span class='ocrx_word' id='word_1_309' title='bbox 1630 5005 1862 5071; x_wconf 89' lang='lat' dir='ltr'>Patriarchalem</span> <span class='ocrx_word' id='word_1_310' title='bbox 1890 5005 2041 5091; x_wconf 81' lang='lat' dir='ltr'>dignitatem</span> 
     </span>
     <span class='ocr_line' id='line_1_37' title="bbox 700 5103 2039 5188; baseline -0.003 -22"><span class='ocrx_word' id='word_1_311' title='bbox 700 5103 831 5188; x_wconf 88' lang='lat' dir='ltr'>eligitur,</span> <span class='ocrx_word' id='word_1_312' title='bbox 853 5109 957 5188; x_wconf 91' lang='lat' dir='ltr'>paucis</span> <span class='ocrx_word' id='word_1_313' title='bbox 979 5104 1205 5188; x_wconf 89' lang='lat' dir='ltr'>comprehendit</span> <span class='ocrx_word' id='word_1_314' title='bbox 1215 5106 1345 5169; x_wconf 80' lang='lat' dir='ltr'>Robrica</span> <span class='ocrx_word' id='word_1_315' title='bbox 1367 5104 1503 5169; x_wconf 89' lang='lat' dir='ltr'>initialis:</span> <span class='ocrx_word' id='word_1_316' title='bbox 1527 5115 1557 5169; x_wconf 91' lang='lat' dir='ltr'>et</span> <span class='ocrx_word' id='word_1_317' title='bbox 1579 5105 1648 5169; x_wconf 88' lang='lat' dir='ltr'>illae</span> <span class='ocrx_word' id='word_1_318' title='bbox 1670 5124 1774 5171; x_wconf 90' lang='lat' dir='ltr'>omnes</span> <span class='ocrx_word' id='word_1_319' title='bbox 1797 5108 1827 5169; x_wconf 93' lang='lat' dir='ltr'>in</span> <span class='ocrx_word' id='word_1_320' title='bbox 1843 5103 2039 5171; x_wconf 83' lang='lat' dir='ltr'>Dissertatiouc</span> 
     </span>
    </p>
   </div>
   <div class='ocr_carea' id='block_1_5' title="bbox 0 0 2268 6034">
    <p class='ocr_par' dir='ltr' id='par_1_6' title="bbox 0 0 2268 6034">
     <span class='ocr_line' id='line_1_38' title="bbox 0 0 2268 6034; baseline 0 9"><span class='ocrx_word' id='word_1_321' title='bbox 0 0 2268 6034; x_wconf 95' lang='lat' dir='ltr'> </span> 
     </span>
    </p>
   </div>
  </div>
 </body>
</html>
