4525 6034
576 573 1199 654 snuuuttnslnlt.
1523 579 1570 652 13

218 816 223 823 -
303 767 464 862 Populus.
506 763 750 854 Misericordia,
776 785 847 860 pax
873 774 908 835 et
934 762 1131 837 sacrificium
1157 762 1273 837 laudis.
1588 775 1897 844 necernnnpn‘nm.

307 886 373 957 Ter
398 887 528 977 stponm
554 886 668 952 muna
691 880 749 952 bic
773 883 824 974 fit,
846 885 993 974 prinmo
1010 882 1242 954 aSncerdote
1258 904 1362 977 super
1381 907 1419 956 ae
1445 886 1571 975 ipsum:
1587 870 1760 1003 {sgfflifi
1793 958 1841 1003 ,θ
1874 958 1885 1003 ί

209 1003 351 1074 secundo
378 1022 481 1093 super
507 999 687 1071 Diaconos
711 984 961 1070 ministrantes:
986 1002 1090 1071 tertio
1116 1022 1219 1093 super
1240 999 1411 1093 populace.
1587 973 1810 1095 ,MJJZZJ'W‘m'
1843 973 1900 1004 ⁰⁰⁴²

301 1117 486 1190 Sacerdos.
524 1113 687 1187 Dominus
714 1110 928 1185 vobiscum.¹
1612 1130 1635 1175 1.
1658 1121 1689 1175 ‘o
1711 1124 1809 1193 Κύριος
1832 1123 1899 1193 μετὰ

300 1232 462 1327 Populea.
499 1229 544 1301 Et
569 1253 646 1302 cum
671 1232 788 1326 spiritu
814 1226 912 1303 ιιιο.2
1588 1206 1814 1347 ”fmffdfflz
1851 1299 1901 1346 τ,

299 1350 486 1422 Sacerdos.
526 1348 667 1421 Sursum
691 1346 804 1418 levate
831 1348 934 1420 corda
961 1345 1108 1421 vestra³
1588 1319 1736 1446 πζζύμαῗξς
1749 1318 1816 1431 ff
1869 1317 1899 1347 ⁰⁰

299 1466 463 1561 Popndus.
505 1464 676 1537 Habemus
704 1464 747 1536 ad
772 1461 994 1536 Dorniuum.⁴
1604 1470 1630 1518 3·
1653 1467 1718 1518 'Avw
1751 1466 1822 1533 ἐμῶν
1854 1466 1902 1526 τὰς

299 1583 486 1655 Sacerdos.
527 1580 659 1653 Gratias
687 1603 825 1673 agamus
851 1575 971 1653 Deo.⁵
1587 1552 1791 1705 “figam
1809 1636 1837 1697 ὃς
1852 1634 1902 1691 τὸν

299 1701 464 1795 Populos
505 1699 651 1791 Dignum
678 1710 712 1771 et
734 1701 858 1790 justum
886 1692 980 1771 est⁶
1586 1724 1694 1790 neam.
1793 1662 1807 1709 ρ

300 1817 487 1889 Sacerdos.
522 1817 669 1907 Dignum
701 1823 735 1886 et
760 1817 905 1905 justum,
939 1814 1073 1905 dignum
1100 1824 1135 1886 et
1157 1815 1281 1905 justum
1308 1822 1377 1900 est,
1410 1834 1494 1887 vere
1521 1826 1575 1888 est
1604 1808 1901 1912 ⁵35³tfft‘01‘inw0'v

205 1937 354 2028 dignum,
394 1935 617 2022 conveniens,
656 1935 903 2021 necessarium,
940 1930 1074 2024 dignum
1107 1941 1142 2003 et
1172 1932 1316 2022 justum,
1349 1927 1492 2004 Domine
1519 1936 1574 2027 qui
1587 1899 1779 2042 ἵρζζέωωὶ
1789 1944 1899 2040 mm

205 2055 334 2139 existis,
371 2048 513 2121 Domine
538 2049 632 2121 Deus
657 2070 761 2138 vere,
801 2052 856 2142 qui
884 2071 922 2121 es
950 2058 1027 2121 ante
1053 2047 1207 2139 saecrda,
1232 2068 1381 2139 regnans
1407 2069 1513 2144 usque
1539 2053 1573 2122 in

205 2182 390 2258 aeternum,
422 2170 478 2263 qui
511 2170 546 2239 iu
576 2166 722 2239 excelsis
755 2164 902 2253 habitas,
943 2175 977 2237 et
1011 2163 1142 2237 humilia
1173 2165 1333 2260 respicis,
1368 2167 1423 2259 qui
1450 2166 1572 2237 creasti

83 2288 90 2301 '
205 2287 329 2359 coelum
357 2296 392 2358 et
415 2295 558 2375 weram,
598 2306 690 2355 mare
724 2293 758 2355 et
790 2285 900 2355 omnia
936 2305 1022 2378 quae
1054 2285 1089 2354 in
1121 2284 1171 2352 eis
1198 2291 1285 2371 suut,
1311 2280 1412 2353 Pater
1437 2282 1572 2356 Domini

205 2402 263 2474 Dei
290 2414 324 2475 et
352 2402 539 2476 Saivatmis
565 2403 671 2473 nostri
704 2401 786 2474 Jesu
815 2398 952 2487 Christi,
989 2401 1045 2494 qui
1071 2408 1189 2470 cuncta
1215 2396 1360 2471 visibilia
1388 2411 1422 2472 et
1448 2403 1572 2473 invisi-

205 2518 276 2591 bilia
302 2542 366 2617 per
393 2542 468 2591 eum
495 2521 630 2606 creasti,
658 2515 780 2589 sedens
806 2538 908 2611 super
929 2514 1079 2588 thronum
1099 2512 1230 2607 gloriae
1250 2525 1339 2607 tuae,
1367 2540 1464 2613 quem
1485 2519 1573 2592 ado-

205 2647 273 2708 rant
299 2657 418 2710 omues
444 2644 628 2731 potestates
654 2642 802 2707 sanctae.

304 2754 496 2827 Diaconos.
534 2751 598 2837 Qui
625 2751 750 2824 sedetis
778 2752 914 2841 surgite.
1610 2750 1642 2802 Οἱ
1664 2754 1808 2818 καθημένω
1832 2746 1899 2803 nn.

301 2869 487 2941 Sacerdos.
528 2867 627 2941 Circa
654 2890 751 2962 quem
779 2869 962 2939 consistunt
988 2866 1113 2956 Augeii
1140 2872 1174 2936 et
1197 2862 1414 2957 Archangeli,
1440 2866 1576 2941 Princi-
1589 2856 1674 2903 ‘'W‘'

207 2992 308 3078 patus,
335 2986 539 3073 Potestates,
566 2982 703 3074 Throni,
730 2983 994 3071 Domiuationes,
1020 2983 1179 3071 Virtutes.

302 3102 492 3173 Diaconos.
530 3099 584 3174 Ad
612 3099 782 3173 Orientem
809 3105 957 3198 aspicite.
1589 3110 1898 3181 stantemstantem.

303 3218 487 3289 Sacerdos.
529 3218 567 3287 ln
601 3220 737 3289 circuitu
773 3222 860 3289 euim
895 3226 950 3289 tuo
982 3228 1070 3291 stant
1101 3216 1298 3308 Cherubim,
1332 3217 1438 3290 oculis
1473 3217 1575 3313 pleni,

209 3343 238 3404 et
262 3334 438 3431 Seraphim
464 3356 529 3406 sex
554 3331 615 3404 alis
641 3336 803 3425 instructi,
829 3334 985 3431 hymnum
999 3335 1130 3429 gloriae
1145 3338 1323 3407 concinunt
1348 3334 1574 3411 indesinenter

209 3447 369 3523 dicentes:

307 3567 468 3662 Populea.
508 3567 664 3657 Sanctus,
692 3566 848 3656 Sanctus,
875 3567 1018 3641 Sanctus
1045 3568 1217 3640 Dominus.

308 3684 481 3756 Sacerdos
515 3690 567 3755 ter
597 3686 634 3754 in
668 3684 799 3754 modom
832 3689 944 3755 crucia
975 3685 1133 3779 oipnnbit,
1166 3687 1278 3777 priano
1304 3708 1343 3759 ae
1368 3688 1486 3780 ipsun,
1511 3711 1573 3761 ae·

210 3803 314 3871 eundo
338 3805 521 3889 ministros,
548 3806 651 3872 tertio
676 3799 857 3893 populum:
886 3808 952 3872 tum
978 3802 1079 3873 dicet.
1277 3784 1279 3789 ’
1460 3889 1462 3897 y

315 3918 468 4008 Sanctus,
495 3918 657 4007 Sanctus,
691 3917 833 3990 Sanctus
861 3939 898 3989 es
929 3941 1032 4005 vere,
1064 3918 1208 3991 Domine
1241 3918 1335 3990 Deus
1361 3929 1490 4009 noster,
1518 3927 1574 4016 qui

210 4031 352 4108 ionuasti
377 4058 454 4124 nos,
480 4034 587 4107 iecisti
613 4056 689 4123 nos,
716 4044 750 4106 et
775 4038 915 4130 posuisti
941 4056 1004 4108 nos
1030 4038 1064 4106 in
1082 4034 1241 4130 paradiso
1268 4034 1460 4131 voluptatis.
1489 4035 1573 4110 Cum

214 4160 317 4222 antem
341 4152 497 4234 mandate
523 4160 579 4221 tua
605 4153 695 4222 circa
721 4149 847 4242 lignum
873 4155 964 4223 vitae
996 4151 1219 4223 violassemus
1255 4174 1316 4247 per
1343 4151 1573 4246 deceptionem

213 4272 380 4362 serpentis,
420 4292 440 4339 a
481 4271 551 4339 vita
592 4277 728 4338 aeterna
764 4266 1025 4355 excidissemns,
1069 4279 1103 4339 et
1138 4293 1158 4340 a
1192 4268 1348 4364 paradiso
1392 4267 1572 4362 voluptatis

213 4384 304 4471 ejecti
335 4383 533 4474 fuissemus,
564 4404 632 4455 non
667 4387 701 4454 io
726 4384 823 4456 finem
857 4405 964 4478 nsque
998 4383 1175 4456 deseruisti
1206 4407 1288 4476 nos,
1322 4384 1384 4456 sed
1416 4387 1570 4457 continuo

212 4497 300 4571 nobis
331 4523 393 4596 per
425 4498 604 4596 propbetas
635 4509 711 4571 tuos
747 4510 882 4572 sanctos
920 4503 1087 4596 promissa
1123 4499 1270 4573 edidisti:
1310 4505 1345 4572 in
1381 4502 1571 4574 novissimis

213 4633 289 4687 vero
316 4617 453 4706 diebus,
479 4614 576 4688 nobis
604 4615 796 4689 sedentibus
830 4621 863 4689 in
897 4616 1044 4689 tenebris
1080 4627 1114 4688 et
1147 4615 1263 4690 umbra
1292 4619 1418 4707 mortis,
1452 4617 1570 4691 Filium

213 4738 293 4803 mum
331 4734 535 4826 unigenitum
576 4730 753 4806 Dominmn
787 4733 896 4806 Deum
936 4742 970 4804 et
1001 4732 1212 4805 salvatorem
1252 4733 1367 4807 desum
1408 4731 1571 4809 Christnun

174 4904 178 4911 .
213 4848 432 4939 manifestasti,
459 4853 514 4944 qui
539 4852 728 4923 incamatns
755 4862 807 4924 est
833 4850 875 4923 de
888 4852 1013 4947 Spiritu
1039 4864 1155 4925 sancto
1182 4862 1217 4925 et
1242 4875 1288 4924 ex
1308 4856 1440 4948 uirgine
1458 4866 1572 4927 sancta

215 4957 324 5057 bieria,
350 4976 384 5038 et
409 4965 509 5038 bomo
537 4964 644 5040 iactus
672 4977 735 5059 est,
763 4971 817 5062 qni
843 4971 934 5041 viam
961 4968 1076 5044 salutis
1095 4991 1159 5043 nos
1186 4969 1307 5061 docuit,
1336 4983 1370 5043 et
1395 4994 1572 5069 supernam

215 5073 295 5152 illan
319 5087 523 5156 nativitatem
550 5105 612 5179 per
638 5106 758 5177 aquam
785 5094 819 5156 et
845 5089 994 5182 spiritum
1024 5085 1121 5159 nobis
1157 5086 1311 5181 donavit,
1336 5088 1481 5186 iecitque
1509 5112 1572 5163 nos
