4525 6034
618 580 659 655 ut
681 578 887 657 mutauit
905 574 1086 653 humanu
1104 576 1136 653 S.
1153 574 1299 652 BhSlLIl.
1567 573 1640 649 321

274 764 378 827 versio
405 761 554 842 Arabica,
582 762 691 827 ioanni
720 762 947 847 chrysostomo.
998 762 1059 825 llas
1086 760 1241 824 autoribus
1269 759 1332 823 suis
1366 777 1506 823 asserere
1531 759 1645 823 frustra

273 863 376 941 foret,
398 880 499 944 neque
521 881 636 944 operae
662 865 791 945 pretium
819 870 867 925 est
894 862 933 925 de
961 862 1079 924 illarum
1106 860 1225 944 origine
1254 859 1349 923 fusius
1372 859 1542 940 inquirere:
1571 859 1644 922 satis

275 964 356 1025 enim
378 961 436 1025 illis
458 979 514 1024 sua
537 963 682 1026 autoritas
712 969 848 1041 constat,
879 979 945 1023 cum
973 961 1103 1024 diuersis
1132 959 1296 1041 Ecclesiis,
1325 959 1520 1024 Orthodoxae
1549 977 1645 1040 prae-

274 1062 379 1125 sertim
402 1060 553 1140 Graecae,
577 1080 655 1141 quae
677 1061 779 1124 Basilii
799 1061 935 1143 liturgia
958 1060 1116 1139 utebatur,
1139 1076 1311 1123 communes
1340 1058 1460 1122 luerint.
1509 1060 1576 1124 iam
1606 1060 1646 1124 de

274 1160 430 1236 doctrina,
454 1177 541 1239 quam
564 1160 633 1222 illae
657 1163 810 1224 orationes
833 1159 1005 1239 continent,
1027 1175 1088 1222 non
1110 1159 1184 1221 nihil
1207 1166 1254 1220 est
1275 1158 1506 1222 observandum.
1629 1222 1633 1229 ,

362 1260 476 1321 Veram
499 1266 529 1322 et
553 1261 681 1322 intimam
704 1259 1001 1322 communicationem
1023 1260 1147 1341 corpori
1170 1266 1202 1321 et
1222 1259 1362 1340 sanguini
1384 1257 1496 1321 Christi
1517 1258 1647 1335 Domini,

274 1359 354 1421 haec
375 1360 470 1421 verba
492 1350 676 1441 significant:
701 1359 740 1422 Ut
759 1360 791 1421 in
809 1378 890 1439 paro
912 1359 1081 1420 testinnonio
1106 1360 1310 1421 candentiae
1330 1366 1454 1420 metrae
1475 1358 1647 1438 acccipien-

275 1467 323 1520 ιιι
347 1467 465 1538 partem
492 1462 750 1539 sanctificatorum
784 1458 900 1520 tueritne
925 1459 1066 1520 minanter
1098 1466 1206 1520 sancto
1232 1459 1357 1538 corpori
1386 1456 1501 1520 citrini
1528 1458 1582 1536 tui,
1608 1475 1648 1520 aa

274 1558 367 1636 dione
396 1559 601 1639 nudpierater.
652 1559 757 1639 ltaque
787 1565 956 1641 agnoscunt
986 1559 1037 1639 qui
1058 1559 1099 1619 ita
1120 1557 1294 1637 loquuntur,
1323 1556 1431 1619 fideles
1460 1556 1646 1636 accipientes

273 1650 398 1739 μερίδα
418 1655 483 1720 τῶν
504 1646 726 1742 ἁγιασμᾰτων,
744 1658 929 1738 partiendam
951 1658 1162 1720 elementarem
1185 1663 1441 1733 conseantontm,
1464 1656 1544 1718 uniri
1572 1676 1648 1720 cor-

273 1758 347 1837 pori
376 1755 501 1834 Christi,
531 1764 562 1819 et
588 1758 669 1839 quod
696 1757 849 1839 sequitur,
878 1756 992 1819 babere
1019 1757 1101 1818 itiaon
1129 1755 1315 1818 habitantem
1343 1757 1376 1817 in
1404 1754 1547 1818 conalibus
1574 1758 1648 1819 mis.

273 1854 384 1936 Neque
406 1854 455 1918 hie
477 1857 635 1938 argutandi
657 1857 742 1920 locus
765 1864 822 1932 est,
844 1857 930 1938 quasi
953 1857 1023 1917 unio
1052 1856 1102 1918 illa
1124 1856 1175 1917 liat
1197 1873 1254 1936 per
1274 1853 1373 1934 fidem,
1398 1873 1438 1917 ex
1460 1855 1545 1936 eujus
1568 1854 1648 1919 effe-

276 1962 330 2017 ctu
351 1955 428 2034 solo,
450 1963 483 2017 ut
505 1956 598 2039 vulgo
621 1956 732 2019 docent
752 1956 968 2030 Protestantes,
991 1955 1078 2036 panis
1107 1963 1139 2017 et
1161 1953 1239 2016 calix
1261 1952 1343 2035 fiant,
1366 1953 1458 2038 digne
1480 1955 1648 2017 eommuni-

277 2055 427 2132 cantibus‚
450 2073 560 2137 eorpus
583 2064 614 2118 at
635 2058 760 2138 sanguis
784 2054 904 2119 Christi.
948 2054 1022 2116 Nem
1045 2072 1105 2117 non
1127 2054 1291 2135 loquuntur
1312 2053 1352 2117 de
1371 2072 1457 2130 vere,
1480 2053 1534 2116 sed
1557 2053 1648 2138 digne

277 2154 472 2235 suscipiendo
496 2172 627 2237 corpore
656 2163 688 2218 et
716 2155 865 2238 sanguine
887 2154 1006 2217 Domini
1036 2144 1276 2233 chrodega'ttenot
1304 2152 1410 2217 ταῦτα
1437 2141 1546 2232 α’ξὶως.
1590 2151 1649 2226 Qui

276 2272 357 2317 vero
378 2253 501 2337 indigne
523 2256 880 2337 suscipiunt7privantur
901 2273 957 2336 spe
979 2262 1010 2317 et
1031 2255 1142 2318 viatico
1160 2255 1241 2316 vitae
1264 2261 1417 2332 aeternae,
1441 2253 1540 2316 iructu
1562 2252 1649 2316 scili-

199 2426 206 2437 ‚
277 2361 330 2416 cet
351 2354 567 2433 Eucharistiae,
591 2371 652 2416 non
674 2372 805 2436 corpore
829 2361 862 2416 et
882 2355 1031 2437 sangnine
1054 2353 1181 2417 Domini
1217 2354 1303 2434 Nam,
1326 2361 1359 2418 ut
1382 2352 1452 2417 olibi
1473 2352 1568 2417 insius
1591 2351 1649 2414 de-

277 2453 520 2532 monstravimus,
544 2452 652 2516 Graeci
675 2462 706 2516 et
720 2452 891 2517 Orientales
913 2471 1017 2516 omnes
1042 2450 1202 2516 Christiani
1232 2454 1358 2517 credunt
1377 2455 1485 2536 impios
1508 2453 1648 2534 accipere

278 2572 393 2635 corpus
415 2552 542 2615 Domini.

368 2654 490 2732 Verum,
512 2653 540 2714 si
562 2671 639 2734 quae
663 2651 741 2715 ioret
770 2653 880 2716 inillis
903 2652 1005 2715 verbis
1028 2652 1201 2731 difficultas,
1235 2660 1435 2717 evanesceret
1462 2652 1512 2716 illa
1539 2650 1647 2735 procul

278 2753 372 2817 dubio
402 2771 459 2834 per
485 2770 621 2833 eaquae
643 2753 673 2815 iu
695 2756 833 2835 sequenti
856 2754 993 2816 oratione
1016 2752 1168 2836 leguntur.
1191 2752 1252 2830 Oai
1272 2754 1472 2833 mactificaeti
1487 2753 1649 2833 proposita

210 2896 216 2902 -
277 2856 364 2917 dono
389 2855 461 2927 ista,
480 2872 538 2932 per
558 2853 698 2931 illapsam
726 2855 911 2916 sanctissimi
938 2854 983 2914 tui
1008 2852 1149 2933 Spirinta.
1200 2853 1248 2916 Ex
1277 2853 1336 2916 illis
1366 2854 1444 2916 anim
1472 2851 1648 2935 agnoscitur

278 2960 462 3017 consecrata
484 2953 541 3033 jam
564 2950 668 3029 luisse,
691 2961 722 3015 et
744 2952 822 3017 saeta
846 2972 914 3017 esse
938 2971 1049 3035 corpus
1079 2960 1110 3015 et
1131 2955 1318 3036 sanguinem,
1341 2970 1401 3015 non
1424 2958 1586 3035 expectata
1607 2948 1646 3011 il-

278 3052 378 3115 lomm
399 3052 629 3132 participatione
651 3071 708 3134 per
730 3051 817 3116 tidem
847 3053 1142 3116 communicantium:
1173 3052 1312 3116 effectum
1339 3071 1415 3115 vero
1445 3070 1506 3116 non
1529 3050 1648 3113 illorum

278 3151 362 3231 fidei,
385 3151 440 3214 sed
463 3153 633 3232 operationi
655 3151 783 3234 Spiritus
805 3155 900 3216 sancti
928 3162 1020 3216 totum
1050 3154 1150 3233 tribui,
1172 3160 1206 3215 ιιι
1227 3154 1357 3234 probant
1386 3170 1490 3216 omnes
1518 3150 1648 3212 Invoca-

278 3251 372 3313 tionis
395 3250 523 3332 Spiritus
546 3253 641 3313 sancti
664 3251 821 3331 formulae,
844 3271 932 3334 quae,
955 3254 1012 3315 nisi
1032 3252 1188 3315 manifeste
1212 3255 1257 3316 vis
1280 3253 1382 3317 verbis
1405 3253 1465 3332 liat,
1488 3268 1558 3315 non‘
1570 3267 1648 3332 pos-

281 3358 353 3413 sunt
375 3349 455 3413 aliud
479 3349 662 3434 significare,
683 3358 717 3414 ut
738 3350 808 3414 alibi
829 3352 925 3415 fusius
949 3353 1107 3433 probatum
1129 3359 1186 3416 est.

427 3609 526 3709 Εὐχή
550 3619 611 3708 τῆς
636 3613 916 3712 κεφαλοκλισὶας
972 3616 1093 3687 Oratio
1120 3615 1354 3687 inclinationis
1379 3617 1514 3710 capitia.

375 3821 430 3900 Ao
453 3834 674 3917 suscipiendam
697 3834 938 3899 benedictionem
961 3837 1143 3916 Sacerdotis,
1174 3846 1205 3900 et
1227 3844 1334 3919 postea
1356 3836 1532 3921 generalem
1554 3836 1650 3900 abso-

281 3938 437 4001 lutionem.
481 3939 609 4002 blaxima
632 3940 698 4022 ejus
720 3958 792 4022 pars
813 3940 925 4024 legitur
950 3941 981 4003 in
1004 3939 1130 4023 Coptica
1153 3939 1258 4022 Cyrilli
1279 3940 1427 4024 Liturgia,
1450 3958 1513 4004 non
1535 3941 1566 4003 in
1587 3940 1650 4003 Ba-

281 4037 407 4100 siliana:
430 4045 461 4100 at
482 4039 512 4099 in
534 4039 629 4101 altera
652 4040 708 4102 ista
736 4046 830 4103 totum
856 4039 955 4102 locum
977 4041 1130 4122 Interpres
1160 4039 1306 4103 llaronita
1336 4043 1412 4104 mire
1435 4043 1588 4123 corrupit:
1616 4049 1651 4104 ut

281 4134 363 4200 inira
385 4136 584 4219 particulatim
613 4139 800 4203 ostendetur.
852 4138 988 4220 Parifiea
1013 4147 1150 4202 nonnam
1177 4141 1351 4202 nnerrorem
1379 4141 1541 4220 hominem,
1572 4142 1652 4202 nata

278 4255 380 4317 ριινιιε
400 4246 447 4301 est
466 4239 635 4318 miganiae
654 4239 735 4317 tilius
764 4248 841 4319 tuus,
865 4257 950 4321 quem
971 4243 1141 4319 nucepntn‘
1160 4258 1271 4303 nanae.
1316 4240 1360 4304 Ea
1390 4240 1484 4304 verba
1513 4237 1650 4322 perfecte

282 4343 495 4415 repraesentat
515 4337 725 4419 interpretatio
747 4337 872 4421 Coptica
894 4339 981 4421 hujus
1003 4338 1075 4414 loci,
1097 4340 1127 4402 in
1151 4338 1311 4421 Cyrillina:
1334 4340 1441 4423 quibus
1465 4341 1647 4423 unigenitum

282 4434 392 4497 Filium
414 4434 472 4498 Dei
494 4439 605 4518 suscipi
629 4438 659 4500 in
681 4438 869 4502 Eucharistia
890 4437 1071 4502 confitentur
1091 4438 1299 4503 Alexandrini.
1612 4422 1623 4437 ⁸

529 4668 588 4771 Ea
614 4700 773 4797 Litargia
798 4700 1184 4796 Praesanetifieatorrnn
1208 4701 1253 4773 D.
1279 4701 1404 4774 Marci.

390 4908 494 4986 lencm
516 4920 637 4985 multum
660 4921 954 5002 animadvertendus,
976 4923 1065 4989 docet
1093 4923 1231 5009 osithae
1256 4920 1337 5007 apud
1357 4916 1527 5007 Aegyptios
1548 4922 1651 4989 hilur-

289 5023 371 5108 giam
392 5020 732 5107 Praesanetihentorum‚
755 5034 787 5091 et
809 5027 928 5109 quidem
961 5024 1081 5093 nomine
1102 5028 1139 5095 D.
1162 5028 1266 5110 blaroi,
1289 5027 1327 5093 da
1351 5045 1410 5111 qua
1431 5046 1467 5094 re
1488 5027 1557 5093 alibi
1578 5029 1652 5096 nihil

1698 4710 1728 4764 Ρ.
1748 4713 1790 4766 76.
1809 4714 1826 4769 i.
1843 4716 1888 4768 2⁵.
