4525 6034
1279 575 1510 654 NOTAE

1158 851 1193 920 l.
1221 849 1319 920 Haec
1346 854 1398 919 eat
1425 871 1510 920 curo
1535 872 1621 920 meu.

792 1040 904 1120 Vuruo
927 1060 1028 1115 tamen
1050 1053 1079 1114 in
1102 1053 1228 1134 reliquis
1256 1052 1390 1134 Syriacis
1413 1051 1575 1136 liturgiis,
1604 1069 1666 1114 uox
1695 1069 1772 1134 quae
1806 1052 1923 1132 proprie
1947 1050 2040 1131 Gurpru

701 1157 851 1241 significat
872 1164 1048 1237 usurpatur,
1071 1174 1133 1219 non
1156 1174 1341 1238 synonyma,
1372 1157 1429 1218 atsi
1452 1157 1488 1218 ab
1511 1156 1673 1239 Aegyptiis
1696 1173 1789 1218 voces
1813 1153 1909 1232 Σῶμα
1929 1162 1954 1215 et
1976 1143 2040 1192 Μ

700 1255 909 1320 indill'erenter
931 1262 1135 1336 usurpentur,
1165 1262 1198 1317 ut
1228 1274 1245 1318 a
1275 1254 1451 1318 Christianis
1474 1255 1606 1317 Arabica
1629 1253 1831 1317 scribentibus
1852 1265 1910 1322 'tm
1931 1175 2039 1332 ubi-i),

701 1373 807 1416 verum
829 1371 891 1416 non
914 1371 953 1416 eo
976 1354 1006 1416 in
1029 1354 1108 1416 loco.
1152 1353 1232 1416 Nihil
1254 1354 1333 1416 enim
1363 1355 1460 1417 minus
1488 1353 1704 1432 conveniebat,
1733 1371 1823 1434 quarn
1850 1351 1880 1412 iu
1907 1356 2041 1433 praecipua

701 1453 906 1532 sanctiorique
919 1453 1074 1535 Liturgiae
1098 1461 1185 1534 parte
1207 1454 1362 1534 explicare
1375 1453 1540 1517 verborum
1562 1455 1690 1534 copiam,
1713 1470 1792 1532 quae
1814 1452 1900 1514 etiam
1920 1451 1944 1512 si
1963 1451 2041 1531 aliquo

702 1550 807 1614 colore
830 1553 970 1614 excusari
992 1559 1109 1632 posset,
1132 1551 1208 1628 sola,
1230 1560 1263 1614 ut
1285 1554 1315 1614 in
1337 1553 1424 1615 simili
1458 1561 1636 1637 argumento
1658 1552 1849 1634 Augustinus
1876 1550 1953 1625 dixit,
1971 1552 2042 1611 nori-

701 1656 764 1711 tate
786 1650 952 1731 perturbat.
976 1650 1062 1713 Unde
1074 1659 1108 1713 ut
1130 1650 1266 1732 plurimis
1288 1652 1455 1733 iisdemque
1478 1651 1666 1734 gravissimis
1690 1645 1857 1731 'lbeolbgis
1878 1666 1935 1711 non
1954 1649 2043 1729 placuit

700 1748 849 1810 immutari
871 1756 994 1812 veteres
1017 1749 1128 1812 Christi
1151 1752 1315 1813 verborum
1336 1750 1481 1814 formulas
1511 1753 1570 1813 nisi
1592 1750 1716 1814 totidem
1748 1749 1873 1831 syllabis
1905 1765 1964 1810 eam
1984 1768 2043 1828 quae

701 1844 835 1910 Romano
858 1847 983 1911 Curione
1005 1850 1208 1928 continemur,
1232 1851 1452 1930 exprimerent,
1482 1850 1572 1913 modo
1596 1869 1636 1912 ex
1662 1847 1833 1929 Evangelio
1856 1854 1904 1908 aut
1924 1846 2045 1928 Apostolo

702 1944 874 2028 descriptae
897 1955 1016 2010 essent:
1040 1948 1081 2010 ita
1103 1966 1166 2011 oon
1178 1949 1325 2013 immerito
1339 1949 1520 2012 damnavere
1535 1949 1717 2012 biissionarii
1729 1947 1843 2010 similes
1858 1947 1934 2025 huic,
1955 1964 2045 2026 easque

700 2044 865 2109 abolendas
888 2054 1085 2111 censuerunt.
1140 2046 1190 2110 An
1212 2066 1287 2111 vero
1310 2048 1386 2111 baec
1408 2049 1571 2111 immutatio
1595 2048 1734 2118 ellectum
1757 2046 1983 2110 consecrationis
2001 2048 2045 2106 irn-

700 2145 813 2225 pediat,
837 2145 1022 2227 expendere,
1046 2146 1195 2230 longioris
1217 2166 1332 2228 operae
1354 2148 1444 2225 iuret,
1467 2165 1525 2211 nec
1547 2147 1584 2210 ad
1601 2147 1768 2210 institutum
1786 2145 2045 2226 nostrurnpertinet.

699 2243 778 2307 Nihil
801 2243 898 2308 simila
920 2247 951 2308 in
974 2244 1099 2308 Graecis
1122 2246 1280 2310 veteribus
1303 2246 1460 2331 liturgiis,
1484 2248 1587 2309 autin
1610 2246 1754 2327 Syr-iocis,
1777 2252 1837 2307 tam
1860 2244 2045 2320 llalcbitarun,

700 2361 790 2424 quarn
811 2344 1071 2424 Nestorianorum,
1095 2353 1147 2407 aut
1167 2345 1381 2410 Jacobitarum.
1416 2347 1477 2420 Sed
1499 2363 1599 2427 neque
1622 2346 1813 2408 recentiores
1836 2343 1905 2405 illae
1926 2342 2047 2423 trequen-

699 2448 748 2505 ter
770 2449 934 2523 usurpatae
956 2442 1097 2506 videntur
1117 2443 1231 2523 luisse,
1262 2465 1330 2508 cum
1352 2447 1538 2526 reliquarum
1561 2462 1634 2507 usus
1656 2443 1763 2519 inerit,
1794 2445 1896 2524 sitque
1916 2442 2048 2504 mannum

699 2559 798 2622 prope
825 2542 1027 2622 quotidianus.
1082 2543 1117 2606 ln
1144 2541 1250 2606 Latina
1278 2562 1400 2627 quoque
1428 2545 1567 2608 Ecclesia
1593 2543 1764 2623 exemplum
1792 2543 1907 2604 nullum
1931 2538 2047 2614 occurri,

701 2658 761 2721 quo
785 2659 819 2703 se
843 2642 921 2702 tueri
943 2642 1434 2726 potuissetlgnatiusPatriarcha,
1457 2652 1508 2706 aut
1530 2645 1596 2724 ejus
1618 2643 1745 2705 similes:
1769 2660 1838 2703 cum
1861 2641 1918 2703 etsi
1938 2641 1964 2700 in
1973 2638 2047 2697 Prac-

699 2739 863 2802 sationibus
888 2741 1077 2821 praesertim,
1101 2743 1168 2804 sive
1190 2741 1337 2823 illatione,
1362 2743 1609 2820 Contestatione,
1639 2742 1712 2804 Post
1733 2741 1848 2820 Pridie,
1870 2747 1903 2802 ut
1923 2739 1986 2802 olim
2002 2753 2047 2796 ro·

699 2838 847 2901 cabantur
869 2847 899 2901 et
921 2840 952 2901 in
975 2839 1040 2902 aliis
1057 2841 1152 2903 Oliicii
1174 2843 1254 2904 sacri
1276 2844 1411 2924 partibus
1426 2842 1607 2905 observetur
1629 2840 1789 2922 aliquando
1812 2839 1939 2902 uberior
1955 2841 2047 2917 nysta-

699 2938 813 2999 riorum
836 2945 867 2999 et
890 2939 1057 3001 orationum
1080 2941 1243 3020 expositio,
1265 2943 1296 3004 in
1318 2942 1421 3005 verbis
1444 2950 1542 3004 tamen
1559 2940 1670 3003 Christi
1692 2938 1876 3016 referendis,
1898 2937 1998 3000 nullum
2011 2936 2049 2995 aul

700 3036 845 3120 exiguum
868 3037 1028 3101 discrimen
1051 3047 1107 3104 est.
1505 3044 1509 3052 '

1098 3303 1134 3372 5.
1175 3301 1356 3372 invocatio
1382 3300 1536 3395 Spiritus
1560 3304 1682 3373 suncti.

811 3491 847 3569 lr
870 3522 908 3565 ea
930 3520 1052 3584 quoque
1074 3504 1222 3582 oratione,
1245 3513 1278 3567 at
1300 3506 1330 3566 in
1360 3504 1486 3586 reliquis
1508 3504 1662 3588 liturgiae
1684 3521 1758 3566 suaa
1782 3503 1920 3583 partibus
1941 3498 2051 3562 rhetori-

701 3611 787 3682 cqtur
809 3605 958 3688 ignatius:
982 3606 1037 3669 scd
1059 3607 1099 3670 ita
1121 3616 1155 3670 ut
1178 3611 1458 3689 perspicuavcram
1476 3607 1692 3670 elementorum
1714 3606 1986 3668 transmutationem
2005 3600 2049 3661 ill's

699 3705 802 3767 uerbis
832 3705 980 3785 inculcet,
1018 3725 1097 3788 quae
1131 3707 1213 3770 nulla
1247 3708 1324 3770 ialsa
1351 3708 1601 3789 interpretatione
1629 3708 1660 3767 in
1691 3706 1865 3786 oppositam
1897 3699 2051 3767 seduction

701 3802 878 3884 detorqueri
908 3814 1031 3886 queant.
1083 3807 1224 3887 Spiritum
1247 3815 1384 3869 sanctum
1413 3808 1594 3868 directorem
1621 3813 1725 3868 vocat:
1758 3803 1819 3866 boc
1852 3812 1901 3868 est
1927 3796 2051 3878 eumqui

700 3918 757 3964 nos
780 3901 893 3965 inducit
916 3905 946 3965 in
969 3922 1103 3980 omnem,
1126 3907 1205 3968 ιίααι
1218 3904 1356 3968 Christos
1375 3908 1517 3986 promisit
1535 3907 1711 3967 ceritatem:
1734 3901 1894 3985 Syriacum
1916 3903 1987 3965 enim
2006 3916 2051 3960 no-

700 4019 769 4063 men
792 4003 917 4083 proprie
938 4011 1103 4083 usurpatur
1125 4004 1164 4067 de
1187 4004 1326 4068 docendo
1349 4014 1381 4068 et
1404 4004 1572 4088 dirigendo,
1595 4003 1676 4066 unde
1698 4001 1896 4083 Apostolicas
1918 3999 2051 4064 Constitu·

701 4101 810 4179 tiones,
832 4098 1062 4165 Διδασκαλίαι
1088 4103 1183 4187 vulgo
1211 4103 1396 4185 appellatas,
1425 4123 1518 4186 saepe
1548 4103 1618 4185 Syri
1644 4112 1737 4170 nrnrt
1764 4111 1891 4165 vocant
1933 4097 2050 4181 Spiritum

701 4206 837 4261 sanctum
861 4199 971 4263 dicitu
994 4202 1082 4264 Patre
1105 4203 1294 4283 procedere,
1324 4212 1356 4265 at
1377 4222 1395 4266 a
1417 4204 1493 4266 Filia
1514 4219 1592 4284 quae
1623 4202 1797 4265 essentialia
1827 4210 1899 4263 sunt
1924 4199 2050 4278 scupea,

700 4299 808 4380 quibus
831 4299 933 4362 verbis
957 4299 1126 4364 orthodoxa
1150 4302 1286 4365 doctrina
1309 4302 1348 4366 de
1378 4305 1578 4384 processione
1601 4302 1729 4382 Spiritus
1751 4302 1853 4363 sancti
1876 4300 1914 4360 ab
1934 4303 2051 4372 utroque,

701 4398 784 4460 clare
807 4402 992 4463 continetur:
1016 4409 1047 4463 et
1068 4400 1146 4463 haec
1166 4400 1280 4464 locutio
1302 4403 1334 4464 in
1356 4401 1421 4465 aliis
1445 4420 1564 4483 quoque
1580 4401 1723 4484 liturgiis
1745 4400 1883 4462 occurrit
1904 4403 1935 4458 et
1954 4395 1983 4455 ia
2000 4387 2051 4452 Go-

700 4497 826 4577 dicibus,
850 4518 925 4581 quos
947 4501 1069 4562 Latinas
1092 4517 1197 4562 manus
1219 4518 1370 4581 nunquam
1392 4503 1541 4585 tetigisse,
1564 4501 1761 4564 certissimum
1783 4506 1843 4560 est
1889 4493 1972 4569 Quod
1991 4491 2051 4552 euin

701 4595 770 4676 Syri
793 4605 824 4658 et
846 4595 954 4677 reliqui
977 4596 1148 4661 Orientales
1172 4597 1344 4680 Symbolum
1376 4600 1490 4681 absque
1512 4600 1562 4662 illa
1585 4598 1736 4662 additione
1763 4591 1827 4659 τοῦ
1847 4597 1970 4676 filioque
1987 4587 2052 4652 reai-

700 4700 774 4772 tent,
797 4695 869 4758 nibil
893 4695 1040 4759 adversus
1063 4715 1167 4760 corum
1188 4698 1355 4761 doctrinam
1377 4698 1495 4780 probat.
1540 4698 1648 4761 Postea
1671 4696 1811 4778 illapsum
1835 4698 1868 4758 in
1890 4695 2051 4758 sacramanta

702 4802 808 4873 aperte
832 4794 988 4878 distinguit
1010 4796 1156 4877 lgnatius,
1178 4805 1209 4858 ct
1231 4816 1299 4860 eum
1323 4800 1374 4879 qui
1396 4798 1483 4862 simul
1505 4800 1537 4860 in
1558 4797 1663 4862 lidales
1686 4796 1876 4877 postulatur:
1905 4811 1962 4876 quo
1980 4788 2051 4854 tasti-

700 4896 801 4956 monio
825 4902 859 4956 ut
881 4894 1001 4957 intinitis
1024 4896 1101 4974 aliis,
1124 4898 1273 4960 evertitur
1295 4897 1447 4962 abnormis
1459 4897 1577 4961 Claudii
1597 4897 1733 4962 salmasii
1749 4894 1931 4978 Theologia,
1951 4888 2051 4956 duab

700 4990 835 5071 Epistola
860 4994 896 5055 ad
918 4994 1065 5057 loannem
1088 4995 1255 5075 Dallaeum,
1278 5005 1437 5078 utrumque
1460 4997 1598 5079 illapsum
1619 4997 1661 5058 ita
1683 4997 1852 5080 conjungit,
1876 5003 1909 5057 ut
1921 5013 1959 5057 arr
1974 4989 2050 5053 alteru

698 5087 731 5149 in
753 5088 860 5154 tidelas
882 5111 940 5175 par
963 5089 1105 5158 eumdem
1129 5096 1345 5179 sanctificatos,
1367 5103 1514 5178 sequatur
1541 5094 1618 5160 alter
1644 5096 1676 5159 in
1705 5094 1787 5160 dona
1813 5094 1983 5179 proposita:
2006 5101 2049 5149 mr
