4525 6034
1088 1167 1694 1346 LllUliGlll

790 1499 1990 1621 ntiotslittttltossi

714 1711 851 1804 marus
880 1737 997 1806 nomn
1031 1737 1200 1807 omnum
1229 1738 1509 1808 imeneorum
1537 1741 1750 1813 clruououn
1783 1742 1947 1818 onnam,
1974 1743 2056 1810 nnn

789 1870 921 1939 nonius
941 1871 1107 1940 inmun
1128 1872 1266 1940 monna
1288 1872 1341 1939 nn
1364 1872 1564 1943 omuoorun
1585 1874 1766 1944 moenem.
1787 1876 1814 1942 J.
1836 1875 1867 1943 o.
1890 1876 1993 1943 mnu

1203 2147 1323 2219 Oratio
1351 2154 1431 2218 onte
1455 2146 1592 2218 Pacem.

778 2341 896 2468 Deus
924 2372 1068 2441 omnium
1093 2368 1249 2466 Domine,
1274 2383 1410 2468 praesta
1436 2371 1533 2445 nobis
1566 2370 1708 2462 indignis
1744 2372 1884 2444 salutern
1910 2373 2004 2460 banc,
2025 2381 2055 2445 ut
2170 2427 2172 2434 ,

681 2483 839 2592 jabsque
870 2484 948 2558 dolo
975 2487 1141 2577 conjuncti
1175 2510 1238 2583 per
1269 2488 1437 2560 vinculum
1463 2490 1626 2574 caritatis,
1660 2485 1839 2560 salutemus
1874 2491 2055 2559 invicemin

711 2600 828 2674 osculo
859 2613 974 2676 sancto
1002 2612 1035 2674 et
1060 2602 1186 2694 divino,
1214 2605 1456 2701 offeramusque
1477 2603 1537 2677 tibi
1553 2601 1696 2695 gloriam
1722 2611 1756 2673 et
1781 2603 1925 2694 laudem,
1950 2607 2056 2696 ιιιιίξθ-
2103 2631 2105 2636 ·

709 2719 844 2814 nitoque
870 2718 955 2792 Filio
982 2729 1040 2792 tuo
1068 2729 1101 2791 et
1127 2720 1262 2817 Spiritui
1288 2732 1417 2811 sancto,
1443 2742 1541 2810 nunc,
1568 2729 1631 2791 etc.

811 2835 974 2930 Populus.
1026 2835 1146 2908 Amen.

813 2952 997 3023 Sacerdos.
1050 2953 1134 3025 Pax.

812 3063 986 3162 Populos.>
1027 3067 1072 3140 Et
1098 3092 1172 3141 oum
1198 3069 1321 3166 Spiritu
1348 3078 1414 3143 tuo.
1466 3070 1592 3142 Demus
1618 3069 1751 3141 Pacem.

812 3185 999 3258 Sacerdos.
1052 3186 1130 3282 lpse
1157 3189 1276 3281 quies
1303 3185 1395 3260 solus
1425 3184 1587 3259 Dominus
1614 3187 1820 3271 misericors,
1860 3185 1914 3278 qui
1944 3188 2052 3254 inex-

710 3300 809 3374 oelsis
835 3302 975 3394 habitas,
1002 3311 1036 3374 et
1061 3301 1194 3374 humilia
1212 3306 1362 3401 respicis,
1390 3307 1481 3375 mitte
1496 3300 1746 3374 benedictiones
1773 3299 1814 3370 ad
1843 3322 1904 3373 eos
1930 3301 1980 3396 qui
2001 3303 2047 3370 in-

711 3416 832 3490 clinant
865 3418 950 3492 colla
987 3441 1048 3490 sua
1081 3441 1195 3492 coram
1229 3427 1283 3511 te,
1316 3430 1351 3491 et
1381 3416 1521 3490 benedic
1552 3417 1615 3489 illis
1649 3439 1710 3514 per
1744 3420 1888 3509 gratiam
1912 3417 2049 3509 unigeniti

710 3533 784 3606 Filii
810 3538 868 3625 tui,
895 3545 929 3606 et
954 3534 1095 3631 Spiritus
1122 3538 1170 3607 tui
1197 3538 1315 3622 sancti,
1341 3557 1440 3623 nunc,
1468 3545 1529 3607 etc.
1582 3534 1702 3605 Amen.

812 3651 904 3723 Deus
931 3660 1026 3747 pater
1052 3655 1107 3746 qui
1132 3674 1194 3747 per
1221 3674 1367 3724 amorem
1393 3662 1482 3723 tuum
1509 3672 1590 3742 erga
1617 3649 1767 3722 homines
1794 3674 1963 3744 magnum,
1994 3653 2048 3721 mi-

594 3769 599 3781 ‘
713 3769 786 3840 sisti
813 3767 913 3839 filium
939 3777 1028 3839 tuum
1054 3768 1284 3859 inmundum,
1316 3780 1351 3841 ut
1383 3791 1482 3841 ovem
1509 3778 1675 3840 errantem
1701 3765 1894 3856 reduceret,
1919 3790 1959 3838 ne
1986 3768 2050 3838 Do·

711 3886 798 3954 mine
825 3885 959 3976 rejicias
990 3883 1112 3956 cultum
1144 3884 1231 3957 bunc
1264 3896 1422 3974 nostrum,
1450 3885 1605 3959 sacrificii
1630 3883 1725 3976 buJus
1752 3887 1933 3972 incruenti3
1959 3903 2051 3977 quau·

574 3997 579 4008 '
712 3999 887 4095 doquidem
912 4003 946 4072 in
971 4000 1236 4075 miserationibus
1263 4006 1327 4074 tuis
1354 4013 1388 4074 et
1412 4025 1479 4074 non
1504 4005 1538 4074 in
1560 4003 1686 4094 justitia
1719 4009 1835 4072 nostra
1869 4000 2048 4072 confidimus.

711 4114 765 4187 Ne
792 4115 833 4188 ad
856 4115 1012 4209 judicium
1030 4115 1126 4189 nobis
1153 4121 1267 4191 veniat
1284 4122 1475 4215 mysterium
1501 4118 1577 4208 hoc,
1605 4116 1693 4212 quod
1708 4115 1750 4188 ed
1770 4116 1909 4190 salutem
1925 4125 2049 4188 nostran

689 4235 889 4306 *institutum
916 4245 982 4306 est:
1009 4232 1069 4307 sed
1096 4234 1138 4305 ad
1165 4234 1378 4308 abolitionem
1402 4244 1615 4331 peccatorum
1630 4243 1832 4322 nostrorum,
1860 4244 1893 4305 et
1918 4232 1956 4305 od
1978 4250 2049 4322 gra·

712 4354 830 4421 tiorum
857 4351 1020 4420 actionem
1045 4348 1255 4422 referendam
1281 4349 1360 4442 tihi,
1387 4363 1421 4423 et
1446 4353 1616 4443 unigenito
1644 4347 1729 4421 Filio
1762 4359 1838 4439 tuo,
1872 4361 1904 4422 et
1934 4341 2049 4443 Spiritui

713 4475 840 4552 sancto,
866 4487 963 4556 nunc,
990 4473 1052 4537 etc.

815 4581 1001 4653 Diaconos.
1053 4581 1185 4666 Stemus
1212 4581 1377 4654 decenter.

814 4699 975 4793 Populos.
1025 4699 1286 4773 Misericordiae.

814 4817 996 4888 Sacerdos.
1049 4816 1174 4890 Gratia.

814 4932 975 5027 Populos.
1027 4932 1071 5006 Et
1096 4955 1170 5004 cum
1197 4932 1312 5026 spiritu
1337 4939 1404 5000 tuo.

813 5049 996 5127 Sacerdos.
1048 5049 1187 5125 Sursum
1212 5046 1324 5122 corda.
