4525 6034
702 572 753 645 58
1079 571 1699 652 OBSERVATIONES

702 776 743 818 ex
773 756 956 835 Chrismate,
988 764 1078 837 atque
1109 756 1138 818 id
1167 763 1214 819 est
1244 755 1326 837 quod
1349 756 1479 840 sigillum
1510 758 1688 839 appellatur.
1732 757 1795 835 lta,
1829 765 1862 819 ut
1892 767 2012 822 notatur
2033 761 2062 823 ad

702 856 883 939 marginem,
905 857 1012 947 novies
1033 875 1125 936 super
1146 857 1283 932 mulas,
1305 857 1423 937 siquam
1445 858 1727 936 mensurnam.
1773 857 1830 919 Ter
1849 860 1983 937 mimum
2003 859 2063 921 aba·

701 972 759 1034 que
788 955 965 1018 chrimate:
995 964 1041 1017 ter
1066 974 1134 1017 eum
1163 956 1344 1017 clrrlsmate:
1372 963 1403 1017 et
1430 964 1476 1018 ter
1498 964 1571 1036 post
1599 957 1843 1019 chrismationem
1870 956 1936 1017 eolo
1963 958 2063 1037 prun.

702 1052 825 1115 intereo
842 1061 996 1123 ,cananum
1015 1055 1134 1137 hymni,
1156 1062 1186 1115 et
1211 1057 1366 1117 orationes
1394 1054 1523 1136 aliquot,
1557 1056 1735 1136 tandemque
1763 1054 1935 1134 Episcopus
1963 1054 2064 1116 teoto

702 1154 840 1231 intepres
862 1153 1023 1216 elementale
1048 1155 1150 1232 unqit,
1185 1173 1226 1243 ea
1254 1154 1337 1214 omni
1359 1162 1458 1232 parte.
1503 1153 1661 1216 Diaconos
1686 1154 1859 1232 proclamat
1886 1152 2062 1233 Catholicam,

704 1268 760 1313 seu
783 1250 955 1314 Orationem
979 1253 1154 1336 generalem
1161 1272 1170 1327 ;
1194 1270 1272 1333 quae
1294 1253 1338 1314 sie
1358 1253 1473 1333 incipit.
1517 1251 1628 1314 lterum
1655 1261 1743 1333 atque
1772 1253 1881 1313 Ouum
1908 1271 1969 1331 pro
1997 1254 2063 1313 atta-

606 1378 609 1385 >
703 1349 790 1412 ribaus
812 1352 881 1412 istis
901 1371 979 1431 quae
1001 1359 1180 1413 contectato
1201 1360 1287 1427 eam,
1311 1359 1341 1413 et
1360 1352 1478 1430 repleta
1497 1352 1599 1432 qratia
1629 1352 1735 1413 divina
1761 1359 1791 1413 et
1818 1352 1941 1429 airtrtte,
1972 1358 2064 1412 attente

704 1450 916 1528 deprecamur:
938 1457 972 1511 nt
991 1449 1140 1511 Dominus
1161 1452 1193 1511 in
1214 1450 1276 1511 itta
1296 1451 1493 1530 complaceat,
1516 1448 1739 1530 offeranmrqnc
1760 1468 1851 1529 nuper
1871 1450 1925 1510 ttto
1947 1449 2063 1511 oblatio·

703 1548 953 1626 conspirituales
975 1557 1005 1610 et
1025 1549 1191 1622 adularer,
1214 1568 1326 1629 emptis
1346 1551 1584 1625 sanctissimum,
1614 1556 1643 1609 et
1664 1549 1789 1627 somate
1811 1550 1985 1628 metionis:
2010 1568 2063 1610 can

702 1646 763 1725 fide
786 1647 959 1709 orthodoxo
980 1647 1142 1709 Dominam
1163 1648 1375 1726 deprecemur:
1410 1656 1443 1710 ut
1465 1649 1568 1709 veniat
1590 1657 1620 1710 et
1640 1646 1783 1708 illabatur
1805 1666 1896 1726 super
1918 1666 1958 1708 ea
1977 1647 2062 1727 Spiri-

704 1751 753 1806 tus
774 1753 912 1823 sanctus,
947 1746 989 1807 ad
1010 1749 1287 1821 consecrationem,
1316 1753 1345 1807 et
1367 1748 1652 1808 consummationem
1677 1747 1887 1826 mpstniomm
1908 1746 2063 1807 dicinomu

704 1861 783 1923 quoe
804 1844 864 1905 llis
893 1847 1100 1924 imponuntur,
1129 1843 1292 1906 Dominum
1320 1846 1532 1925 deprecemur,
1559 1854 1616 1910 etc.
1659 1846 1830 1927 Episcopus
1859 1847 2062 1907 caeremoniam

704 1942 859 2005 concludit
881 1943 1018 2006 oratione
1040 1945 1205 2027 gratiarum
1228 1944 1366 2008 actionis.

395 2046 594 2101 Exittisrittbus
607 2063 691 2117 agno-
791 2042 839 2135 En
861 2041 911 2104 illa
934 2050 966 2104 et
988 2041 1135 2123 adjunctis
1158 2042 1300 2123 precibus
1323 2050 1423 2124 patet,
1447 2051 1558 2125 quanta
1571 2043 1610 2105 sit
1622 2041 1818 2105 Orientalium
1837 2041 2061 2105 Christianorum

379 2136 458 2186 scitur
472 2130 639 2187 Orientalium
656 2135 811 2222 fi-retigto
833 2142 914 2204 cirea
937 2141 1058 2221 altaria,
1083 2159 1162 2222 quae
1183 2159 1277 2223 saepe
1299 2141 1435 2204 Mensam
1456 2144 1537 2204 otae
1559 2141 1721 2223 appellant,
1753 2144 1822 2223 quia
1846 2161 1885 2204 ex
1907 2142 1967 2204 illis
1993 2142 2063 2205 aeci-

350 2238 353 2249 ·
378 2218 433 2274 des.

703 2241 913 2321 pitur,parn's
934 2243 1016 2303 ottae
1038 2243 1150 2322 quide
1176 2242 1260 2304 coelo
1288 2242 1444 2304 descendit
1474 2249 1504 2303 et
1531 2243 1587 2304 dat
1613 2243 1708 2303 eitam
1735 2243 1866 2303 mmtdo:
1900 2244 1953 2323 qui
1980 2243 2006 2303 in
2031 2257 2060 2302 eo

705 2347 918 2418 consecratur,
942 2348 973 2403 ct
995 2341 1164 2420 reponitur.
1209 2340 1252 2403 Ea
1274 2341 1368 2403 verba
1392 2340 1542 2404 multoties
1566 2343 1597 2402 in
1619 2341 1677 2403 isto
1700 2341 1939 2404 consecrationis
1971 2339 2061 2415 atheio,

704 2447 736 2501 et
758 2441 788 2500 in
812 2438 876 2501 aliis
899 2440 1045 2520 repetita,
1069 2447 1186 2502 eertum
1208 2439 1278 2502 hdei
1302 2441 1447 2522 Syrorum
1471 2439 1509 2502 de
1530 2439 1719 2502 Eucharistia
1742 2447 1963 2523 argumentum,
1983 2456 2061 2519 prae-

704 2546 751 2601 ter
767 2536 832 2600 ‘alia
854 2538 945 2602 multa
968 2538 1211 2618 subministrant,
1235 2557 1302 2601 cum
1325 2540 1364 2601 ita
1388 2539 1471 2619 loqui
1493 2556 1582 2602 nemo
1605 2539 1720 2619 possit,
1751 2541 1802 2619 qui
1830 2555 1890 2601 non
1920 2538 2020 2601 credat
2036 2538 2061 2599 in

702 2637 808 2713 altari,
830 2656 888 2718 per
909 2656 1054 2701 summum
1076 2638 1268 2716 miraculum,
1302 2637 1445 2700 illabente
1473 2637 1605 2715 scilicet,
1635 2645 1668 2699 ut
1696 2638 1792 2715 aiunt,
1823 2624 1932 2718 spiritu
1962 2644 2060 2713 sancto,

700 2755 811 2817 panem
834 2745 864 2800 et
887 2738 987 2800 vinum
1009 2738 1074 2800 lieri
1097 2755 1209 2820 corpus
1232 2745 1262 2799 et
1284 2738 1464 2817 sanguinem
1487 2736 1614 2799 Christi:
1644 2754 1707 2798 non
1737 2735 1796 2798 lide
1824 2736 1892 2799 sola
1921 2735 2061 2817 recipien-

597 2904 606 2912 ,
701 2837 784 2899 tium.
840 2836 959 2919 Quippe
992 2837 1158 2900 secundum
1191 2836 1269 2899 hanc
1303 2837 1535 2899 Protestantium
1562 2836 1747 2911 doctrinam,
1776 2837 1828 2916 qui
1857 2836 1983 2899 medium
2011 2848 2059 2913 quo

702 2935 814 3000 Christi
836 2954 948 3017 corpus
970 2937 1001 2997 in
1023 2935 1232 2999 Eucharistiae
1256 2936 1464 2998 communione
1488 2936 1652 3016 accipitur,
1675 2933 1765 2997 fidem
1787 2953 1858 2997 esse
1881 2932 2059 3009 contendunt,

701 3036 841 3116 quamdiu
863 3034 1012 3097 elementa
1034 3036 1120 3116 panis
1145 3042 1176 3098 et
1205 3034 1269 3097 vini
1289 3036 1320 3096 in
1349 3034 1436 3096 altari
1469 3041 1557 3112 sunt,
1591 3035 1677 3115 panis
1708 3041 1739 3096 et
1771 3034 1872 3096 vinum
1903 3041 1986 3111 sunt,
2012 3048 2059 3091 nec

701 3134 862 3215 quidquam
885 3133 980 3198 aliud:
1005 3135 1062 3197 etsi
1084 3134 1284 3196 intervenerit
1306 3135 1517 3215 pronunciatio
1539 3132 1704 3195 verborum
1727 3130 1853 3211 Christi,
1878 3141 1909 3194 et
1924 3129 2059 3194 lnvoeatio

702 3232 829 3314 Spiritus
852 3236 958 3326 sancti.
1003 3233 1073 3315 Syri
1100 3252 1176 3296 vero
1207 3242 1238 3296 et
1266 3233 1377 3313 reliqui
1404 3233 1574 3315 Orientales
1604 3230 1782 3309 Christiani,
1817 3233 1849 3293 in
1883 3234 1950 3313 ipso
1977 3228 2058 3302 altari,

687 3334 930 3427 'consecratione
953 3341 1094 3413 peracta,
1117 3333 1296 3414 profitentur
1319 3334 1452 3395 existere
1476 3349 1589 3411 corpus
1612 3333 1709 3412 ipsum
1732 3330 1845 3395 Christi
1865 3330 1990 3408 Donum,
2009 3344 2059 3389 non

700 3433 799 3493 minus
822 3450 909 3512 quam
933 3430 1003 3493 olim
1027 3433 1057 3493 in
1080 3431 1261 3512 praesepio,
1286 3432 1316 3494 in
1339 3449 1431 3494 cruce
1454 3438 1485 3493 et
1515 3432 1545 3493 in
1575 3429 1728 3511 sepulcro.
1773 3429 1811 3491 Ut
1845 3432 1924 3492 enirn
1958 3426 2059 3503 Graeci,

700 3531 867 3612 praecipue
890 3531 1057 3593 Germanus
1080 3530 1252 3592 Patriarcha
1276 3529 1640 3612 Constantinopolitanus,
1670 3531 1700 3591 in
1724 3529 1855 3592 Theoria
1883 3548 1938 3591 sua
1964 3526 2060 3589 Eccle-

701 3630 844 3709 siastico,
868 3630 936 3692 dum
958 3630 1101 3712 mysticas
1125 3629 1230 3691 altaris
1253 3630 1489 3711 significationes
1513 3628 1675 3708 explicant,
1698 3631 1740 3689 ita
1765 3645 1886 3708 quoque
1907 3625 2059 3690 Orientales

701 3732 808 3794 iisdem
831 3731 1106 3813 eqarparationibus
1129 3740 1269 3810 utuntur,
1294 3732 1331 3794 ad
1355 3728 1618 3792 commendandam
1634 3726 1769 3789 altarium
1787 3726 1971 3810 dignitatem,
1992 3719 2061 3804 quod

582 3852 597 3865 -
699 3831 813 3908 inillis
835 3851 910 3894 vere
933 3832 1058 3895 credant
1081 3830 1231 3894 Christum
1254 3830 1451 3919 immolatum,
1473 3836 1504 3890 et
1526 3828 1703 3909 sanguinem
1726 3826 1792 3908 ejus
1814 3826 1942 3888 ellusum
1968 3825 1997 3885 in
2016 3838 2061 3882 ca·

701 3929 776 4006 lice,
800 3929 872 3995 licet
894 3930 1100 4008 invisibiliter,
1125 3932 1269 3992 existere.
1314 3929 1396 3991 llaec
1419 3927 1517 3989 omnia
1539 3924 1753 3988 confirmantur
1779 3924 1883 3987 verbis
1910 3924 2062 3986 orationum

701 4046 779 4107 quae
805 4031 837 4091 in
868 4030 1055 4092 dedicatione
1083 4028 1241 4091 Ecclesiae
1270 4029 1410 4109 usurpari
1440 4026 1553 4103 solent,
1587 4042 1715 4105 quarum
1747 4023 1858 4105 plures
1881 4019 2061 4086 dicunturia

700 4127 804 4191 Ollltio
833 4129 1072 4192 consecrationis
1102 4128 1256 4207 altarium,
1280 4128 1345 4189 sive
1368 4124 1557 4187 Tabularum.
1604 4123 1742 4185 Omnium
1755 4130 1855 4185 autem
1871 4123 1983 4184 illarum
1997 4134 2061 4178 ora·

699 4228 827 4305 tionum,
848 4229 880 4290 in
904 4229 1032 4291 diversis
1055 4226 1179 4305 ritibus,
1203 4226 1346 4301 Graecis,
1370 4224 1520 4306 Syriacis,
1543 4221 1694 4306 Copticis,
1718 4222 1844 4298 etaliis,
1866 4239 1924 4284 una
1950 4215 2060 4281 eadem·

671 4345 760 4409 que
783 4328 932 4390 sententia
961 4335 1021 4390 est:
1051 4326 1228 4405 illarumque
1251 4344 1313 4388 non
1341 4325 1438 4385 minus
1468 4341 1556 4403 quam
1586 4322 1842 4384 caeremoniarum
1871 4318 2059 4387 conformitas,

698 4427 841 4490 unitatem
865 4426 934 4489 fidei
958 4427 995 4489 de
1017 4424 1224 4488 Eucharistiae
1251 4425 1444 4488 Sacramenta
1471 4424 1584 4484 invicte
1615 4420 1817 4496 demonstrat,
1849 4438 1924 4502 quae
1950 4415 2060 4478 Lahnae

700 4544 821 4607 quoque
843 4524 1001 4587 Ecclesiae
1028 4522 1304 4601 benedictionibus,
1335 4522 1486 4596 altarium,
1516 4529 1547 4583 et
1575 4536 1716 4585 vasorum
1745 4537 1899 4581 sacrorum
1931 4516 2058 4579 accurate

701 4625 852 4686 convenit.
896 4624 980 4685 llaec
1007 4623 1098 4705 igitur
1126 4623 1225 4685 omnia
1255 4640 1323 4684 curn
1353 4619 1580 4683 Reformatores
1610 4618 1814 4699 sustulerunt,
1845 4634 1903 4679 aon
1930 4611 2059 4694 magist

701 4722 854 4785 Romanae
876 4722 1053 4800 Ecclesiae,
1077 4739 1166 4801 quam
1189 4720 1226 4783 ab
1250 4720 1448 4783 Orientalium
1470 4720 1599 4781 omnium
1622 4716 1778 4798 disciplina
1801 4725 1833 4780 et
1862 4716 1993 4779 acarna
2012 4725 2059 4769 re-

701 4831 868 4886 cesserunt.
913 4821 1020 4901 Neque
1043 4821 1175 4882 oratorie
1198 4820 1278 4883 dicta
1300 4816 1498 4882 existimanda
1520 4823 1607 4896 sunt,
1638 4833 1717 4896 quae
1747 4816 1786 4878 de
1815 4815 1872 4877 hoc
1892 4812 2056 4893 argumento

699 4919 842 5004 leguntur
863 4922 894 4982 in
917 4922 980 4982 istis
1005 4919 1214 4998 Orationibus,
1237 4937 1305 4981 curn
1328 4919 1432 4982 eadem
1453 4916 1560 4994 verba,
1583 4914 1757 4996 similesque
1779 4912 1944 4977 sententiae
1966 4907 2056 4969 extent

700 5021 823 5099 pariter
837 5021 867 5081 in
889 5019 1050 5103 Litargiis,
1074 5020 1104 5080 in
1127 5018 1264 5081 formulis
1286 5019 1451 5102 gratiarum
1474 5014 1600 5077 actionis
1628 5021 1699 5095 post
1727 5011 1932 5076 Eucharistiae
1958 5020 2056 5069 susce·
