4525 6034
602 1053 1202 1233 LlTUllGlll

443 1386 1353 1507 sltclttotttttls

328 1627 428 1715 Quat
460 1627 499 1703 Ill
532 1624 682 1702 MISSALI
714 1624 930 1704 cuatotloo
963 1627 1235 1705 CHRYSOSTOMO
1272 1629 1477 1706 TlllblllTlllb

775 1899 896 1972 Oratio
923 1901 1039 1971 Pacis.

324 2097 441 2202 Duos
466 2144 587 2215 magne
614 2133 649 2194 et
675 2134 811 2195 aeterne
838 2124 892 2216 qui
919 2144 957 2193 es
984 2124 1201 2217 tranquillitas
1228 2132 1263 2194 et
1287 2147 1372 2220 pax,
1405 2127 1527 2199 canas
1554 2137 1590 2199 et
1664 2125 1669 2131 ’

217 2240 295 2314 lons
321 2238 587 2326 misericordiae,
620 2239 661 2310 da
688 2261 824 2335 pacem,
856 2238 1018 2326 Domine,
1053 2238 1227 2312 Ecclesiae
1260 2248 1354 2329 tuae,
1390 2251 1425 2313 et
1458 2241 1588 2314 custodi

219 2357 373 2430 mundum
400 2360 627 2453 pergratiam
654 2366 759 2441 tuam,
794 2362 826 2425 et
851 2354 1037 2427 referemus
1063 2356 1121 2429 tibi
1148 2356 1287 2447 gloriam
1314 2368 1348 2428 et
1373 2357 1522 2450 laudem,
1554 2372 1588 2434 et

217 2473 303 2548 Filio
329 2485 386 2547 tuo
413 2477 597 2565 unigenito,
624 2483 657 2542 et
683 2472 817 2567 Spiritui
844 2481 969 2543 sancto.
1446 2481 1449 2488 '

323 2591 509 2663 Diaconos.
562 2590 687 2661 Demus
714 2611 851 2684 pacem,
878 2597 940 2659 etc.

324 2706 508 2779 Sacerdos.
545 2706 652 2793 Mitte,
678 2705 834 2794 Domine,
860 2703 1118 2777 misericordiam
1147 2713 1234 2775 tuam
1262 2715 1297 2775 et
1322 2705 1467 2778 extende
1495 2709 1585 2780 dex-

218 2834 323 2895 teram
350 2835 438 2897 tuam
465 2820 595 2918 plenam
622 2819 921 2906 benedictionibus„
947 2817 1154 2913 benedicque
1177 2842 1297 2894 servos
1316 2832 1403 2911 tuos,
1431 2827 1486 2919 qui
1499 2847 1587 2897 nunc

220 2937 364 3012 inclinati
391 2948 467 3013 sunt
491 2960 604 3010 coram
632 2940 805 3028 majestate
833 2944 907 3023 ma,
934 2946 968 3008 et
993 2934 1176 3008 referemus
1202 2935 1261 3008 tibi
1286 2936 1434 3028 laudem,
1471 2950 1534 3013 etc.

322 3055 505 3127 Sacerdos.
558 3054 724 3129 confirma
751 3075 825 3140 nos,
852 3053 1012 3136 Domine,
1040 3060 1075 3122 ut
1101 3051 1279 3124 oderamus
1306 3053 1363 3126 tibi
1390 3054 1585 3127 sacrificium

219 3171 283 3243 lroc
310 3171 477 3267 spirituale
505 3184 538 3244 et
564 3177 785 3254 incruentum,
819 3191 881 3264 pro
916 3173 1064 3263 peccatis
1100 3178 1134 3239 et
1166 3171 1359 3262 iusipientiis
1385 3174 1502 3263 gregis
1529 3176 1586 3257 tui,

218 3297 254 3358 ut
281 3287 394 3358 deleas
422 3297 454 3357 et
482 3284 613 3358 auferas
641 3289 826 3379 iniquitates
854 3295 999 3372 nostras,
1022 3292 1055 3355 et
1073 3283 1257 3356 referemus
1274 3285 1332 3357 tibi
1348 3283 1501 3376 gloriam,
1522 3297 1583 3358 etc.

324 3403 512 3473 Diaconos.
565 3402 697 3471 Stemus
730 3400 894 3472 decenter.

323 3518 507 3590 Sacerdos.
563 3514 703 3603 Caritas,
732 3529 794 3588 etc.

323 3634 518 3705 inclinatas.
571 3632 647 3705 'l'ibi
674 3655 736 3703 rex
766 3630 890 3718 mundi,
922 3633 1014 3702 Deus
1041 3632 1153 3718 Pater,
1180 3653 1253 3701 cum
1280 3628 1375 3721 Filio,
1403 3640 1438 3700 et
1463 3631 1585 3728 Spiritu

220 3762 348 3836 sancto,
372 3754 461 3842 juste
488 3749 626 3822 debetur
653 3753 760 3820 omnis
786 3750 966 3840 gratiarum
994 3750 1087 3818 actio.

325 3868 475 3938 Electrae
499 3887 623 3937 coceio,
679 3864 804 3936 Omnes
832 3862 972 3935 Ordines
999 3874 1033 3934 et
1058 3861 1201 3954 agmina,
1230 3866 1464 3957 exercitusque
1496 3886 1583 3935 coe-

218 3985 335 4071 lestes,
359 3982 482 4073 Angeli
511 3992 545 4053 et
570 3979 788 4072 Archangeli,
815 3977 991 4052 Cherubim
1020 3990 1053 4050 et
1079 3979 1264 4074 Seraphim,
1293 3977 1419 4050 Throui
1445 3989 1479 4050 et
1504 3978 1584 4052 Do-

218 4103 416 4172 minutiones
442 4097 625 4170 invisibiles
639 4108 687 4193 ⁸et
712 4094 979 4178 innumerabiles,
1006 4094 1230 4166 indesinenter
1250 4093 1422 4168 laudantes
1439 4106 1473 4167 et
1486 4096 1583 4167 cclc-

219 4216 369 4303 brantes,
388 4213 500 4287 oribus
516 4215 735 4309 incorporeis,
760 4211 966 4305 vocibusque
980 4209 1266 4298 inenarrabilibus,
1293 4211 1447 4306 hymnum
1464 4214 1583 4292 trium-

218 4330 348 4428 phalem
376 4345 544 4419 canentes,
573 4330 726 4416 clamant,
753 4327 991 4406 vociferantur,
1019 4336 1052 4396 et
1079 4325 1196 4398 dicunt.

326 4447 483 4541 Populos.
536 4447 688 4519 Sanctus.

324 4564 498 4636 Sacerdos
525 4563 714 4633 inclinatae.
767 4560 859 4631 Vere
886 4560 1027 4631 Sanctus
1054 4583 1103 4636 es,
1131 4563 1222 4632 Deos
1249 4560 1360 4642 Pater,
1389 4566 1422 4628 et
1441 4558 1583 4653 Spiritus
1682 4627 1685 4632 .

219 4691 355 4754 sanctus
382 4693 468 4767 titus,
497 4684 551 4775 qui
578 4688 738 4776 perpetuo
767 4674 992 4751 sanctificatur
1017 4700 1091 4748 curu
1117 4676 1203 4747 Filio
1230 4685 1287 4747 tuo
1305 4682 1421 4744 sancto
1439 4672 1583 4746 Domino

219 4808 336 4871 nostro
362 4799 444 4869 lesu
472 4797 614 4871 Christo.

323 4913 472 4985 Elocuta
497 4937 593 4986 coca.
647 4912 711 4998 Qui
737 4933 799 5006 pro
834 4908 947 4998 nobisx
963 4911 1098 4979 caritate
1131 4929 1191 4979 sua
1227 4909 1414 4977 incantatus
1448 4914 1515 4992 est,
1551 4916 1585 4976 et

219 5042 357 5127 propter
384 5029 524 5104 salutern
550 5040 698 5102 nostram
725 5030 912 5099 exinanitus
940 5035 992 5097 est
1017 5023 1215 5110 vohrntorie,
1243 5032 1277 5093 et
1292 5023 1326 5092 in
1346 5041 1447 5092 carne
1462 5042 1583 5117 passus

221 5156 283 5218 est.
335 5148 373 5218 ln
400 5157 497 5219 nocte
525 5167 608 5217 vero
636 5145 802 5242 passionis
829 5145 959 5238 accepit
984 5162 1103 5237 ponem
1130 5143 1164 5211 in
1190 5159 1306 5211 manus
1333 5159 1411 5212 suas
1438 5147 1584 5223 amotas,
