4525 6034
671 941 676 958 t

1166 987 1177 1000 x

603 1075 1215 1259 attuatii

255 1377 1582 1533 nannonnn⁸nrosuonoann

303 1651 559 1731 contestata
579 1653 610 1731 S.
625 1652 753 1732 notio
770 1654 819 1731 tt
837 1655 868 1733 S.
883 1655 977 1732 unat
996 1643 1253 1732 eutolmium
1270 1648 1521 1731 ooototttttos.

223 1925 375 1998 Accedit
399 1926 576 1999 Sacerdos
602 1929 649 1998 od
675 1928 933 2017 celebrandam,
970 1935 1090 2022 torque
1125 1924 1312 1997 inclinatur
1339 1944 1456 1997 coram
1482 1928 1600 2026 ctam,

277 2050 372 2137 cujac
395 2044 540 2116 medium
566 2043 758 2115 occulatur:
785 2052 852 2115 tom
879 2067 988 2116 coroa
1014 2045 1172 2115 deutrum
1198 2048 1232 2113 ct
1257 2046 1449 2132 aratrum,
1478 2050 1513 2115 et
1538 2047 1599 2115 io-

279 2162 427 2232 cla‘ootor
454 2161 501 2231 od
526 2164 599 2253 ejus
620 2167 757 2253 portem
782 2162 1026 2234 sublimiorem:
1067 2160 1115 2231 El
1142 2160 1236 2230 dicit.

330 2357 507 2461 Banamc
540 2384 694 2456 Domine.
749 2383 854 2458 Orate
888 2407 951 2482 pro
985 2407 1039 2455 me
1071 2385 1211 2474 Patres,
1243 2381 1364 2457 fratres
1399 2393 1433 2455 et
1466 2385 1601 2457 Domini

223 2504 308 2590 mei,
334 2511 371 2573 ut
395 2503 489 2574 Deus
517 2499 573 2571 det
597 2498 675 2571 mihi
702 2503 859 2575 virtutem
885 2511 920 2574 et
945 2499 1212 2597 possibilitatem,
1240 2521 1306 2594 quo
1333 2499 1502 2595 perficiam
1528 2502 1599 2572 mi-

138 2664 140 2668 <
224 2622 397 2691 misterium
423 2616 503 2704 hoc,
531 2615 574 2687 ad
600 2615 689 2711 quod
716 2621 864 2704 accessi,
892 2622 1158 2720 suscipiaturque
1185 2615 1310 2689 oblatio
1337 2615 1422 2689 haec
1449 2639 1494 2688 ex
1520 2640 1600 2689 ma-

225 2735 324 2808 nibus
351 2732 583 2806 imbecillitatis
610 2755 726 2822 meae,
753 2757 816 2830 pro
843 2737 918 2825 me,
944 2758 1007 2831 pro
1034 2734 1154 2822 vobis,
1188 2743 1222 2804 et
1254 2754 1317 2828 pro
1351 2743 1421 2806 toto
1455 2755 1601 2830 corpore

224 2850 404 2926 Ecclesiae
431 2859 569 2924 sanctae
596 2847 809 2940 Catholicae,
838 2874 900 2949 per
925 2855 1068 2944 gratiam
1096 2855 1169 2945 ejus
1196 2861 1231 2922 et
1256 2851 1487 2921 miserationes
1514 2852 1601 2943 eJus,

222 2966 428 3042 insaecula.
481 2967 601 3040 Amen.

328 3084 376 3155 Et
409 3082 625 3176 respondeat.
687 3080 837 3152 Christus
871 3080 1029 3153 exaudiat
1068 3085 1238 3155 orationes
1274 3093 1365 3171 tuas,
1401 3092 1600 3179 gratamque

222 3198 346 3273 haheat
372 3198 570 3272 sacrificium
595 3207 701 3276 mum:
728 3199 887 3294 suscipiat
913 3195 1116 3270 oblationem
1148 3210 1257 3291 tuam,
1292 3200 1502 3296 honoretque
1535 3222 1599 3273 sa-

223 3315 408 3389 cerdotium
435 3326 542 3403 tuum,
570 3325 604 3386 et
631 3313 686 3385 det
712 3312 810 3386 uobis
842 3335 906 3410 per
937 3313 1170 3387 mediationem
1202 3326 1307 3404 tuam,
1340 3319 1474 3390 veniam
1508 3316 1599 3390 deli-.

222 3440 352 3504 olorum
378 3443 583 3520 nostrorum,
609 3440 643 3500 et
661 3432 895 3502 remissionem
913 3440 1130 3527 peccatorum
1149 3442 1352 3523 nostrorum,
1378 3436 1600 3530 pergratiam

223 3570 318 3621 suam
345 3557 380 3620 et
404 3548 635 3624 miserationes
662 3567 742 3618 suas
768 3550 802 3619 in
829 3546 973 3620 saecula.

328 3664 415 3735 Moc
440 3663 585 3734 ioclioot
616 3686 654 3735 cc
685 3663 733 3734 od
762 3669 899 3756 portem
930 3666 1147 3756 infertorem,
1182 3667 1300 3736 codem
1328 3667 1598 3759 proooottoodo,

130 3838 133 3848 ι
223 3781 408 3875 codemque
432 3781 532 3853 modo
559 3782 610 3853 tttt
636 3783 861 3878 respondeat:
888 3789 955 3855 tom
973 3782 1159 3856 inclinatur
1178 3809 1297 3858 cereos
1316 3785 1430 3857 altare
1449 3794 1484 3858 ct
1504 3786 1598 3858 dicit.

327 3898 421 3970 Deus
457 3902 600 3971 omnium
635 3899 818 3989 Dominus,
853 3904 896 3974 sit
928 3924 1003 3973 cum
1037 3901 1191 3976 omnibus
1228 3902 1327 3976 nobis
1363 3926 1426 3999 per
1458 3906 1600 3997 gratiam

226 4036 319 4087 suam
348 4024 381 4086 et
406 4016 661 4105 miserationes,
688 4020 721 4089 in
748 4015 892 4090 saecula.
944 4018 1065 4092 Amen.

330 4130 378 4201 ut
411 4131 596 4204 inclinatos
629 4133 676 4203 od
708 4133 901 4204 Diocooom
933 4138 992 4228 qai
1024 4141 1075 4206 cst
1108 4159 1132 4205 o
1162 4139 1324 4226 sinistro,
1357 4136 1451 4228 dicii.
1504 4134 1599 4206 Deus

224 4249 367 4320 omnium
393 4248 555 4320 Dominus
582 4248 754 4322 confirmet
779 4248 886 4322 verba
914 4260 980 4338 tua,
1008 4259 1043 4322 et
1068 4261 1219 4348 praestet
1244 4251 1304 4324 tibi
1325 4274 1455 4347 pacem,
1483 4254 1597 4326 susci-

223 4365 360 4460 piatque
387 4363 588 4437 oblationem
614 4365 701 4439 hanc
727 4389 773 4438 ex
800 4366 951 4440 manilius
980 4370 1079 4455 meis,
1106 4390 1170 4463 pro
1197 4389 1270 4458 me,
1304 4378 1339 4439 et
1363 4389 1427 4464 pro
1454 4376 1506 4456 te,
1536 4389 1599 4463 pro

223 4489 295 4554 toto
322 4503 466 4577 corpore
492 4481 669 4555 Ecclesiae
703 4493 841 4555 sanctae
869 4482 1081 4574 Catholicae,
1116 4493 1151 4555 et
1182 4505 1244 4579 pro
1279 4485 1440 4558 universo
1476 4482 1599 4555 mundo

222 4600 454 4694 pergratiam
481 4600 554 4691 ejus
582 4610 616 4672 et
641 4601 873 4674 miserationes
901 4601 973 4692 ejus
1000 4603 1034 4671 iu
1061 4600 1206 4675 saecrda.
1341 4621 1349 4638 ·

527 4875 678 4948 Inclinat
702 4898 741 4948 sc
767 4875 814 4947 cat
839 4876 953 4948 altore
979 4882 1015 4948 ct
1039 4882 1176 4948 secreto
1202 4876 1295 4947 dicit.

325 5066 469 5139 Domine
496 5078 531 5140 et
556 5068 649 5143 Deus
675 5077 792 5140 noster
816 5089 861 5139 ne
887 5070 1032 5165 aspicias
1060 5067 1103 5139 ad
1129 5064 1365 5138 multitudinem
1381 5073 1598 5162 peecatorum

222 5192 430 5273 nostrorum,
457 5207 567 5281 neque
594 5194 766 5258 avertatur
801 5182 943 5277 dignitas
964 5184 1033 5258 'aaa
1064 5193 1204 5281 propter
1236 5185 1437 5277 gravitatem
1471 5183 1596 5276 neqni-

1320 5299 1396 5374 to*
1456 5321 1459 5350 ⁴
