<?xml version="1.0" encoding="UTF-8"?>
<!DOCTYPE html PUBLIC "-//W3C//DTD XHTML 1.0 Transitional//EN"
    "http://www.w3.org/TR/xhtml1/DTD/xhtml1-transitional.dtd">
<html xmlns="http://www.w3.org/1999/xhtml" xml:lang="en" lang="en">
 <head>
  <title>
</title>
<meta http-equiv="Content-Type" content="text/html;charset=utf-8" />
  <meta name='ocr-system' content='tesseract 3.04.00' />
  <meta name='ocr-capabilities' content='ocr_page ocr_carea ocr_par ocr_line ocrx_word'/>
</head>
<body>
  <div class='ocr_page' id='page_1' title='image "./liturgiarumorie00unkngoog/liturgiarumorie00unkngoog_0955.png"; bbox 0 0 4525 6034; ppageno 0'>
   <div class='ocr_carea' id='block_1_1' title="bbox 468 565 1590 648">
    <p class='ocr_par' dir='ltr' id='par_1_1' title="bbox 468 565 1590 648">
     <span class='ocr_line' id='line_1_1' title="bbox 468 565 1590 648; baseline 0.003 -4"><span class='ocrx_word' id='word_1_1' title='bbox 468 567 689 646; x_wconf 79' lang='lat' dir='ltr'><strong>thUllGlh</strong></span> <span class='ocrx_word' id='word_1_2' title='bbox 718 568 749 645; x_wconf 87' lang='lat' dir='ltr'><strong>S.</strong></span> <span class='ocrx_word' id='word_1_3' title='bbox 776 568 976 646; x_wconf 77' lang='lat' dir='ltr'><strong>Johhhts</strong></span> <span class='ocrx_word' id='word_1_4' title='bbox 1004 567 1340 648; x_wconf 67' lang='lat' dir='ltr'><strong>chrisostomi.</strong></span> <span class='ocrx_word' id='word_1_5' title='bbox 1514 565 1590 647; x_wconf 76' lang='lat'><strong>243</strong></span> 
     </span>
    </p>
   </div>
   <div class='ocr_carea' id='block_1_2' title="bbox 211 753 1592 2813">
    <p class='ocr_par' dir='ltr' id='par_1_2' title="bbox 212 753 1592 1543">
     <span class='ocr_line' id='line_1_2' title="bbox 303 753 1591 849; baseline 0.004 -23"><span class='ocrx_word' id='word_1_6' title='bbox 303 753 502 828; x_wconf 70' lang='lat' dir='ltr'><strong>&#39;Sacerdos</strong></span> <span class='ocrx_word' id='word_1_7' title='bbox 555 754 739 828; x_wconf 88' lang='lat' dir='ltr'><strong>Adorande</strong></span> <span class='ocrx_word' id='word_1_8' title='bbox 780 757 836 849; x_wconf 88' lang='lat' dir='ltr'><strong>qui</strong></span> <span class='ocrx_word' id='word_1_9' title='bbox 869 753 911 827; x_wconf 92' lang='lat' dir='ltr'><strong>ab</strong></span> <span class='ocrx_word' id='word_1_10' title='bbox 945 755 1088 848; x_wconf 82' lang='lat' dir='ltr'><strong>Angelis</strong></span> <span class='ocrx_word' id='word_1_11' title='bbox 1124 755 1336 831; x_wconf 89' lang='lat' dir='ltr'><strong>benediceris</strong></span> <span class='ocrx_word' id='word_1_12' title='bbox 1368 766 1402 829; x_wconf 91' lang='lat' dir='ltr'><strong>et</strong></span> <span class='ocrx_word' id='word_1_13' title='bbox 1437 759 1591 831; x_wconf 88' lang='lat' dir='ltr'><strong>sanctifi-</strong></span> 
     </span>
     <span class='ocr_line' id='line_1_3' title="bbox 214 870 1592 981; baseline 0.004 -39"><span class='ocrx_word' id='word_1_14' title='bbox 214 872 315 958; x_wconf 86' lang='lat' dir='ltr'><strong>caris,</strong></span> <span class='ocrx_word' id='word_1_15' title='bbox 335 882 369 944; x_wconf 88' lang='lat' dir='ltr'><strong>et</strong></span> <span class='ocrx_word' id='word_1_16' title='bbox 383 872 423 943; x_wconf 93' lang='lat' dir='ltr'><strong>ab</strong></span> <span class='ocrx_word' id='word_1_17' title='bbox 437 870 624 944; x_wconf 89' lang='lat' dir='ltr'><strong>hominihus</strong></span> <span class='ocrx_word' id='word_1_18' title='bbox 637 873 780 942; x_wconf 89' lang='lat' dir='ltr'><strong>terrenis</strong></span> <span class='ocrx_word' id='word_1_19' title='bbox 794 870 977 944; x_wconf 88' lang='lat' dir='ltr'><strong>celebraris</strong></span> <span class='ocrx_word' id='word_1_20' title='bbox 1001 882 1036 944; x_wconf 87' lang='lat' dir='ltr'><strong>et</strong></span> <span class='ocrx_word' id='word_1_21' title='bbox 1049 873 1223 960; x_wconf 80' lang='lat' dir='ltr'><strong>exaltaris,</strong></span> <span class='ocrx_word' id='word_1_22' title='bbox 1240 876 1362 981; x_wconf 79' lang='lat' dir='ltr'><strong>quiquo</strong></span> <span class='ocrx_word' id='word_1_23' title='bbox 1376 872 1419 945; x_wconf 86' lang='lat' dir='ltr'><strong>ab</strong></span> <span class='ocrx_word' id='word_1_24' title='bbox 1439 876 1592 948; x_wconf 90' lang='lat' dir='ltr'><strong>omnibus</strong></span> 
     </span>
     <span class='ocr_line' id='line_1_4' title="bbox 215 987 1592 1085; baseline 0.006 -29"><span class='ocrx_word' id='word_1_25' title='bbox 215 989 379 1058; x_wconf 79' lang='lat' dir='ltr'><strong>creaturis</strong></span> <span class='ocrx_word' id='word_1_26' title='bbox 406 1010 480 1058; x_wconf 90' lang='lat' dir='ltr'><strong>cum</strong></span> <span class='ocrx_word' id='word_1_27' title='bbox 504 990 623 1059; x_wconf 86' lang='lat' dir='ltr'><strong>timore</strong></span> <span class='ocrx_word' id='word_1_28' title='bbox 635 997 669 1057; x_wconf 87' lang='lat' dir='ltr'><strong>et</strong></span> <span class='ocrx_word' id='word_1_29' title='bbox 683 996 830 1059; x_wconf 89' lang='lat' dir='ltr'><strong>tremore</strong></span> <span class='ocrx_word' id='word_1_30' title='bbox 844 987 997 1059; x_wconf 90' lang='lat' dir='ltr'><strong>adoraris</strong></span> <span class='ocrx_word' id='word_1_31' title='bbox 1016 1000 1051 1060; x_wconf 90' lang='lat' dir='ltr'><strong>et</strong></span> <span class='ocrx_word' id='word_1_32' title='bbox 1063 987 1281 1081; x_wconf 85' lang='lat' dir='ltr'><strong>glorificaris3</strong></span> <span class='ocrx_word' id='word_1_33' title='bbox 1296 992 1422 1085; x_wconf 78' lang='lat' dir='ltr'>aspice,</span> <span class='ocrx_word' id='word_1_34' title='bbox 1436 992 1592 1081; x_wconf 79' lang='lat' dir='ltr'>Domine,</span> 
     </span>
     <span class='ocr_line' id='line_1_5' title="bbox 213 1098 1592 1200; baseline 0.006 -30"><span class='ocrx_word' id='word_1_35' title='bbox 213 1098 357 1174; x_wconf 79' lang='lat' dir='ltr'><strong>famulos</strong></span> <span class='ocrx_word' id='word_1_36' title='bbox 385 1112 471 1191; x_wconf 93' lang='lat' dir='ltr'><strong>tuos,</strong></span> <span class='ocrx_word' id='word_1_37' title='bbox 500 1105 554 1197; x_wconf 91' lang='lat' dir='ltr'><strong>qui</strong></span> <span class='ocrx_word' id='word_1_38' title='bbox 580 1124 667 1173; x_wconf 91' lang='lat' dir='ltr'><strong>nunc</strong></span> <span class='ocrx_word' id='word_1_39' title='bbox 694 1111 727 1173; x_wconf 89' lang='lat' dir='ltr'><strong>te</strong></span> <span class='ocrx_word' id='word_1_40' title='bbox 752 1106 922 1191; x_wconf 86' lang='lat' dir='ltr'><strong>invocant,</strong></span> <span class='ocrx_word' id='word_1_41' title='bbox 949 1114 983 1176; x_wconf 91' lang='lat' dir='ltr'><strong>et</strong></span> <span class='ocrx_word' id='word_1_42' title='bbox 1010 1104 1050 1175; x_wconf 91' lang='lat' dir='ltr'><strong>da</strong></span> <span class='ocrx_word' id='word_1_43' title='bbox 1078 1104 1153 1191; x_wconf 80' lang='lat' dir='ltr'><strong>iltis,</strong></span> <span class='ocrx_word' id='word_1_44' title='bbox 1180 1115 1217 1176; x_wconf 89' lang='lat' dir='ltr'><strong>nt</strong></span> <span class='ocrx_word' id='word_1_45' title='bbox 1242 1127 1316 1176; x_wconf 92' lang='lat' dir='ltr'><strong>cum</strong></span> <span class='ocrx_word' id='word_1_46' title='bbox 1344 1109 1486 1200; x_wconf 89' lang='lat' dir='ltr'><strong>puritate</strong></span> <span class='ocrx_word' id='word_1_47' title='bbox 1513 1110 1592 1178; x_wconf 89' lang='lat' dir='ltr'><strong>ani-</strong></span> 
     </span>
     <span class='ocr_line' id='line_1_6' title="bbox 213 1216 1592 1316; baseline 0.004 -30"><span class='ocrx_word' id='word_1_48' title='bbox 213 1237 291 1287; x_wconf 90' lang='lat' dir='ltr'><strong>mae</strong></span> <span class='ocrx_word' id='word_1_49' title='bbox 322 1227 357 1288; x_wconf 88' lang='lat' dir='ltr'><strong>ct</strong></span> <span class='ocrx_word' id='word_1_50' title='bbox 390 1221 564 1289; x_wconf 76' lang='lat' dir='ltr'><strong>sanctitate</strong></span> <span class='ocrx_word' id='word_1_51' title='bbox 597 1222 750 1313; x_wconf 93' lang='lat' dir='ltr'><strong>corporis</strong></span> <span class='ocrx_word' id='word_1_52' title='bbox 783 1216 961 1291; x_wconf 80' lang='lat' dir='ltr'><strong>offeramus</strong></span> <span class='ocrx_word' id='word_1_53' title='bbox 996 1219 1053 1292; x_wconf 90' lang='lat' dir='ltr'><strong>tihi</strong></span> <span class='ocrx_word' id='word_1_54' title='bbox 1088 1221 1259 1300; x_wconf 84' lang='lat' dir='ltr'><strong>orationes</strong></span> <span class='ocrx_word' id='word_1_55' title='bbox 1286 1242 1408 1316; x_wconf 91' lang='lat' dir='ltr'><strong>puras,</strong></span> <span class='ocrx_word' id='word_1_56' title='bbox 1440 1218 1592 1292; x_wconf 89' lang='lat' dir='ltr'><strong>oblatio-</strong></span> 
     </span>
     <span class='ocr_line' id='line_1_7' title="bbox 212 1331 1590 1432; baseline 0.005 -31"><span class='ocrx_word' id='word_1_57' title='bbox 212 1353 342 1426; x_wconf 90' lang='lat' dir='ltr'><strong>nesque</strong></span> <span class='ocrx_word' id='word_1_58' title='bbox 374 1331 616 1427; x_wconf 78' lang='lat' dir='ltr'><strong>acceptabiles:</strong></span> <span class='ocrx_word' id='word_1_59' title='bbox 643 1343 677 1405; x_wconf 93' lang='lat' dir='ltr'><strong>et</strong></span> <span class='ocrx_word' id='word_1_60' title='bbox 703 1332 829 1406; x_wconf 85' lang='lat' dir='ltr'><strong>fructus</strong></span> <span class='ocrx_word' id='word_1_61' title='bbox 855 1333 1018 1407; x_wconf 82' lang='lat' dir='ltr'><strong>labiorum</strong></span> <span class='ocrx_word' id='word_1_62' title='bbox 1046 1344 1234 1407; x_wconf 91' lang='lat' dir='ltr'><strong>nostrorum</strong></span> <span class='ocrx_word' id='word_1_63' title='bbox 1262 1338 1328 1409; x_wconf 88' lang='lat' dir='ltr'><strong>sint</strong></span> <span class='ocrx_word' id='word_1_64' title='bbox 1353 1335 1395 1407; x_wconf 92' lang='lat' dir='ltr'><strong>ad</strong></span> <span class='ocrx_word' id='word_1_65' title='bbox 1420 1334 1590 1432; x_wconf 88' lang='lat' dir='ltr'><strong>henepla-</strong></span> 
     </span>
     <span class='ocr_line' id='line_1_8' title="bbox 213 1447 1590 1543; baseline 0.006 -28"><span class='ocrx_word' id='word_1_66' title='bbox 213 1448 313 1519; x_wconf 90' lang='lat' dir='ltr'><strong>citum</strong></span> <span class='ocrx_word' id='word_1_67' title='bbox 341 1458 374 1518; x_wconf 91' lang='lat' dir='ltr'><strong>et</strong></span> <span class='ocrx_word' id='word_1_68' title='bbox 392 1447 607 1521; x_wconf 75' lang='lat' dir='ltr'><strong>uoluntatem</strong></span> <span class='ocrx_word' id='word_1_69' title='bbox 636 1448 815 1521; x_wconf 87' lang='lat' dir='ltr'><strong>divinitatis</strong></span> <span class='ocrx_word' id='word_1_70' title='bbox 842 1458 932 1540; x_wconf 90' lang='lat' dir='ltr'><strong>tuac,</strong></span> <span class='ocrx_word' id='word_1_71' title='bbox 959 1459 994 1522; x_wconf 89' lang='lat' dir='ltr'><strong>ct</strong></span> <span class='ocrx_word' id='word_1_72' title='bbox 1018 1449 1205 1524; x_wconf 82' lang='lat' dir='ltr'><strong>referemus</strong></span> <span class='ocrx_word' id='word_1_73' title='bbox 1241 1451 1298 1522; x_wconf 89' lang='lat' dir='ltr'><strong>tibi</strong></span> <span class='ocrx_word' id='word_1_74' title='bbox 1334 1450 1493 1543; x_wconf 81' lang='lat' dir='ltr'><strong>gloriam,</strong></span> <span class='ocrx_word' id='word_1_75' title='bbox 1528 1464 1590 1526; x_wconf 90' lang='lat' dir='ltr'><strong>etc.</strong></span> 
     </span>
    </p>

    <p class='ocr_par' dir='ltr' id='par_1_3' title="bbox 318 1562 654 1656">
     <span class='ocr_line' id='line_1_9' title="bbox 318 1562 654 1656; baseline 0.009 -24"><span class='ocrx_word' id='word_1_76' title='bbox 318 1562 481 1656; x_wconf 79' lang='lat' dir='ltr'><strong>Populus.</strong></span> <span class='ocrx_word' id='word_1_77' title='bbox 534 1565 654 1636; x_wconf 89' lang='lat' dir='ltr'><strong>Amen.</strong></span> 
     </span>
    </p>

    <p class='ocr_par' dir='ltr' id='par_1_4' title="bbox 318 1677 887 1752">
     <span class='ocr_line' id='line_1_10' title="bbox 318 1677 887 1752; baseline 0.004 -4"><span class='ocrx_word' id='word_1_78' title='bbox 318 1677 506 1751; x_wconf 77' lang='lat' dir='ltr'><strong>Diaconos.</strong></span> <span class='ocrx_word' id='word_1_79' title='bbox 559 1679 693 1752; x_wconf 88' lang='lat' dir='ltr'><strong>Stemus</strong></span> <span class='ocrx_word' id='word_1_80' title='bbox 720 1680 887 1752; x_wconf 87' lang='lat' dir='ltr'><strong>decenter.</strong></span> 
     </span>
    </p>

    <p class='ocr_par' dir='ltr' id='par_1_5' title="bbox 316 1792 797 1885">
     <span class='ocr_line' id='line_1_11' title="bbox 316 1792 797 1885; baseline 0.01 -23"><span class='ocrx_word' id='word_1_81' title='bbox 316 1792 479 1885; x_wconf 77' lang='lat' dir='ltr'><strong>Populea.</strong></span> <span class='ocrx_word' id='word_1_82' title='bbox 533 1793 797 1868; x_wconf 89' lang='lat' dir='ltr'><strong>Misericordiae.</strong></span> 
     </span>
    </p>

    <p class='ocr_par' dir='ltr' id='par_1_6' title="bbox 317 1908 835 1983">
     <span class='ocr_line' id='line_1_12' title="bbox 317 1908 835 1983; baseline 0.006 -3"><span class='ocrx_word' id='word_1_83' title='bbox 317 1908 502 1981; x_wconf 77' lang='lat' dir='ltr'><strong>Sacerdos.</strong></span> <span class='ocrx_word' id='word_1_84' title='bbox 557 1909 689 1983; x_wconf 83' lang='lat' dir='ltr'><strong>Caritas</strong></span> <span class='ocrx_word' id='word_1_85' title='bbox 716 1911 835 1983; x_wconf 89' lang='lat' dir='ltr'><strong>Patris.</strong></span> 
     </span>
    </p>

    <p class='ocr_par' dir='ltr' id='par_1_7' title="bbox 317 2024 916 2122">
     <span class='ocr_line' id='line_1_13' title="bbox 317 2024 916 2122; baseline 0.003 -28"><span class='ocrx_word' id='word_1_86' title='bbox 317 2024 479 2118; x_wconf 79' lang='lat' dir='ltr'><strong>Populus.</strong></span> <span class='ocrx_word' id='word_1_87' title='bbox 532 2024 676 2098; x_wconf 89' lang='lat' dir='ltr'><strong>Etcum</strong></span> <span class='ocrx_word' id='word_1_88' title='bbox 704 2029 916 2122; x_wconf 87' lang='lat' dir='ltr'><strong>spiritutno.</strong></span> 
     </span>
    </p>

    <p class='ocr_par' dir='ltr' id='par_1_8' title="bbox 317 2139 833 2214">
     <span class='ocr_line' id='line_1_14' title="bbox 317 2139 833 2214; baseline 0.004 -4"><span class='ocrx_word' id='word_1_89' title='bbox 317 2139 500 2213; x_wconf 82' lang='lat' dir='ltr'><strong>Sacerdos.</strong></span> <span class='ocrx_word' id='word_1_90' title='bbox 554 2141 694 2213; x_wconf 88' lang='lat' dir='ltr'><strong>Sursum</strong></span> <span class='ocrx_word' id='word_1_91' title='bbox 721 2142 833 2214; x_wconf 88' lang='lat' dir='ltr'><strong>corda.</strong></span> 
     </span>
    </p>

    <p class='ocr_par' dir='ltr' id='par_1_9' title="bbox 318 2254 981 2348">
     <span class='ocr_line' id='line_1_15' title="bbox 318 2254 981 2348; baseline 0.005 -22"><span class='ocrx_word' id='word_1_92' title='bbox 318 2255 478 2348; x_wconf 77' lang='lat' dir='ltr'><strong>Populus.</strong></span> <span class='ocrx_word' id='word_1_93' title='bbox 532 2254 701 2329; x_wconf 86' lang='lat' dir='ltr'><strong>Habemus</strong></span> <span class='ocrx_word' id='word_1_94' title='bbox 728 2258 770 2328; x_wconf 92' lang='lat' dir='ltr'><strong>ad</strong></span> <span class='ocrx_word' id='word_1_95' title='bbox 796 2259 981 2329; x_wconf 90' lang='lat' dir='ltr'><strong>Dominum.</strong></span> 
     </span>
    </p>

    <p class='ocr_par' dir='ltr' id='par_1_10' title="bbox 319 2372 969 2464">
     <span class='ocr_line' id='line_1_16' title="bbox 319 2372 969 2464; baseline 0.003 -23"><span class='ocrx_word' id='word_1_96' title='bbox 319 2372 500 2444; x_wconf 78' lang='lat' dir='ltr'><strong>Sacerdos.</strong></span> <span class='ocrx_word' id='word_1_97' title='bbox 555 2373 688 2445; x_wconf 89' lang='lat' dir='ltr'><strong>Gratias</strong></span> <span class='ocrx_word' id='word_1_98' title='bbox 716 2394 855 2464; x_wconf 89' lang='lat' dir='ltr'><strong>agamus</strong></span> <span class='ocrx_word' id='word_1_99' title='bbox 882 2375 969 2446; x_wconf 87' lang='lat' dir='ltr'><strong>Deo.</strong></span> 
     </span>
    </p>

    <p class='ocr_par' dir='ltr' id='par_1_11' title="bbox 318 2486 973 2581">
     <span class='ocr_line' id='line_1_17' title="bbox 318 2486 973 2581; baseline 0.005 -25"><span class='ocrx_word' id='word_1_100' title='bbox 318 2486 479 2580; x_wconf 75' lang='lat' dir='ltr'><strong>Populos.</strong></span> <span class='ocrx_word' id='word_1_101' title='bbox 532 2489 677 2581; x_wconf 90' lang='lat' dir='ltr'><strong>Dignum</strong></span> <span class='ocrx_word' id='word_1_102' title='bbox 704 2499 738 2561; x_wconf 87' lang='lat' dir='ltr'><strong>et</strong></span> <span class='ocrx_word' id='word_1_103' title='bbox 760 2491 884 2580; x_wconf 88' lang='lat' dir='ltr'><strong>justum</strong></span> <span class='ocrx_word' id='word_1_104' title='bbox 912 2498 973 2562; x_wconf 89' lang='lat' dir='ltr'><strong>cst.</strong></span> 
     </span>
    </p>

    <p class='ocr_par' dir='ltr' id='par_1_12' title="bbox 211 2604 1588 2813">
     <span class='ocr_line' id='line_1_18' title="bbox 315 2604 1588 2698; baseline 0.002 -23"><span class='ocrx_word' id='word_1_105' title='bbox 315 2605 491 2677; x_wconf 78' lang='lat' dir='ltr'><strong>Sacerdos</strong></span> <span class='ocrx_word' id='word_1_106' title='bbox 522 2605 714 2676; x_wconf 72' lang='lat' dir='ltr'><strong>inclinatae.</strong></span> <span class='ocrx_word' id='word_1_107' title='bbox 767 2604 860 2676; x_wconf 87' lang='lat' dir='ltr'><strong>Vere</strong></span> <span class='ocrx_word' id='word_1_108' title='bbox 887 2604 988 2697; x_wconf 90' lang='lat' dir='ltr'><strong>digne</strong></span> <span class='ocrx_word' id='word_1_109' title='bbox 1014 2614 1048 2676; x_wconf 90' lang='lat' dir='ltr'><strong>ct</strong></span> <span class='ocrx_word' id='word_1_110' title='bbox 1070 2607 1195 2696; x_wconf 91' lang='lat' dir='ltr'><strong>justum</strong></span> <span class='ocrx_word' id='word_1_111' title='bbox 1223 2615 1287 2693; x_wconf 88' lang='lat' dir='ltr'><strong>est,</strong></span> <span class='ocrx_word' id='word_1_112' title='bbox 1314 2616 1350 2677; x_wconf 94' lang='lat' dir='ltr'><strong>ut</strong></span> <span class='ocrx_word' id='word_1_113' title='bbox 1375 2604 1435 2678; x_wconf 95' lang='lat' dir='ltr'><strong>tibi</strong></span> <span class='ocrx_word' id='word_1_114' title='bbox 1461 2608 1588 2698; x_wconf 90' lang='lat' dir='ltr'><strong>gratias</strong></span> 
     </span>
     <span class='ocr_line' id='line_1_19' title="bbox 211 2718 1588 2813; baseline -0.001 -21"><span class='ocrx_word' id='word_1_115' title='bbox 211 2742 369 2813; x_wconf 89' lang='lat' dir='ltr'><strong>agamus:</strong></span> <span class='ocrx_word' id='word_1_116' title='bbox 397 2720 588 2809; x_wconf 89' lang='lat' dir='ltr'><strong>adoremus,</strong></span> <span class='ocrx_word' id='word_1_117' title='bbox 615 2719 850 2813; x_wconf 86' lang='lat' dir='ltr'><strong>glorificemus,</strong></span> <span class='ocrx_word' id='word_1_118' title='bbox 876 2720 1048 2792; x_wconf 90' lang='lat' dir='ltr'><strong>laudemus</strong></span> <span class='ocrx_word' id='word_1_119' title='bbox 1076 2730 1110 2791; x_wconf 90' lang='lat' dir='ltr'><strong>et</strong></span> <span class='ocrx_word' id='word_1_120' title='bbox 1127 2720 1327 2810; x_wconf 84' lang='lat' dir='ltr'><strong>exaltamus,</strong></span> <span class='ocrx_word' id='word_1_121' title='bbox 1354 2721 1485 2792; x_wconf 89' lang='lat' dir='ltr'><strong>honore</strong></span> <span class='ocrx_word' id='word_1_122' title='bbox 1511 2718 1588 2791; x_wconf 88' lang='lat' dir='ltr'><strong>affi-</strong></span> 
     </span>
    </p>
   </div>
   <div class='ocr_carea' id='block_1_3' title="bbox 211 2834 1698 2929">
    <p class='ocr_par' dir='ltr' id='par_1_13' title="bbox 211 2834 1698 2929">
     <span class='ocr_line' id='line_1_20' title="bbox 211 2834 1698 2929; baseline -0.001 -22"><span class='ocrx_word' id='word_1_123' title='bbox 211 2838 359 2925; x_wconf 81' lang='lat' dir='ltr'><strong>ciamus,</strong></span> <span class='ocrx_word' id='word_1_124' title='bbox 387 2834 587 2929; x_wconf 83' lang='lat' dir='ltr'><strong>juhilcmus,</strong></span> <span class='ocrx_word' id='word_1_125' title='bbox 620 2834 857 2908; x_wconf 87' lang='lat' dir='ltr'><strong>benedicamus</strong></span> <span class='ocrx_word' id='word_1_126' title='bbox 896 2846 931 2907; x_wconf 88' lang='lat' dir='ltr'><strong>et</strong></span> <span class='ocrx_word' id='word_1_127' title='bbox 969 2836 1213 2910; x_wconf 87' lang='lat' dir='ltr'><strong>sanctificemus</strong></span> <span class='ocrx_word' id='word_1_128' title='bbox 1246 2860 1346 2910; x_wconf 91' lang='lat' dir='ltr'><strong>unam</strong></span> <span class='ocrx_word' id='word_1_129' title='bbox 1379 2837 1590 2926; x_wconf 85' lang='lat' dir='ltr'><strong>majestatem</strong></span> <span class='ocrx_word' id='word_1_130' title='bbox 1691 2843 1698 2860; x_wconf 86' lang='lat'><strong>¹</strong></span> 
     </span>
    </p>
   </div>
   <div class='ocr_carea' id='block_1_4' title="bbox 198 2950 1675 5007">
    <p class='ocr_par' dir='ltr' id='par_1_14' title="bbox 212 2950 1589 3372">
     <span class='ocr_line' id='line_1_21' title="bbox 212 2950 1589 3046; baseline -0.004 -23"><span class='ocrx_word' id='word_1_131' title='bbox 212 2951 383 3023; x_wconf 78' lang='lat' dir='ltr'><strong>Trinitatis</strong></span> <span class='ocrx_word' id='word_1_132' title='bbox 411 2961 558 3040; x_wconf 89' lang='lat' dir='ltr'><strong>sanctae,</strong></span> <span class='ocrx_word' id='word_1_133' title='bbox 586 2952 736 3043; x_wconf 90' lang='lat' dir='ltr'><strong>ejusdem</strong></span> <span class='ocrx_word' id='word_1_134' title='bbox 764 2950 991 3042; x_wconf 90' lang='lat' dir='ltr'><strong>substantiae,</strong></span> <span class='ocrx_word' id='word_1_135' title='bbox 1025 2962 1059 3024; x_wconf 87' lang='lat' dir='ltr'><strong>et</strong></span> <span class='ocrx_word' id='word_1_136' title='bbox 1090 2950 1283 3026; x_wconf 91' lang='lat' dir='ltr'><strong>adorandae</strong></span> <span class='ocrx_word' id='word_1_137' title='bbox 1310 2956 1343 3024; x_wconf 92' lang='lat' dir='ltr'><strong>in</strong></span> <span class='ocrx_word' id='word_1_138' title='bbox 1371 2950 1475 3024; x_wconf 88' lang='lat' dir='ltr'><strong>trihus</strong></span> <span class='ocrx_word' id='word_1_139' title='bbox 1502 2971 1589 3046; x_wconf 88' lang='lat' dir='ltr'><strong>per-</strong></span> 
     </span>
     <span class='ocr_line' id='line_1_22' title="bbox 213 3065 1587 3164; baseline -0.002 -24"><span class='ocrx_word' id='word_1_140' title='bbox 213 3072 315 3156; x_wconf 90' lang='lat' dir='ltr'><strong>sonis,</strong></span> <span class='ocrx_word' id='word_1_141' title='bbox 343 3066 464 3156; x_wconf 90' lang='lat' dir='ltr'><strong>Patris,</strong></span> <span class='ocrx_word' id='word_1_142' title='bbox 490 3065 576 3156; x_wconf 84' lang='lat' dir='ltr'><strong>Filii,</strong></span> <span class='ocrx_word' id='word_1_143' title='bbox 604 3077 638 3139; x_wconf 90' lang='lat' dir='ltr'><strong>et</strong></span> <span class='ocrx_word' id='word_1_144' title='bbox 664 3068 807 3164; x_wconf 87' lang='lat' dir='ltr'><strong>Spiritus</strong></span> <span class='ocrx_word' id='word_1_145' title='bbox 834 3071 954 3156; x_wconf 88' lang='lat' dir='ltr'><strong>sancti,</strong></span> <span class='ocrx_word' id='word_1_146' title='bbox 991 3091 1099 3163; x_wconf 88' lang='lat' dir='ltr'><strong>neque</strong></span> <span class='ocrx_word' id='word_1_147' title='bbox 1131 3071 1218 3140; x_wconf 92' lang='lat' dir='ltr'><strong>onim</strong></span> <span class='ocrx_word' id='word_1_148' title='bbox 1251 3067 1353 3141; x_wconf 91' lang='lat' dir='ltr'><strong>laude</strong></span> <span class='ocrx_word' id='word_1_149' title='bbox 1384 3077 1501 3139; x_wconf 88' lang='lat' dir='ltr'><strong>nostra</strong></span> <span class='ocrx_word' id='word_1_150' title='bbox 1528 3069 1587 3137; x_wconf 91' lang='lat' dir='ltr'><strong>in-</strong></span> 
     </span>
     <span class='ocr_line' id='line_1_23' title="bbox 213 3169 1589 3284; baseline -0.001 -31"><span class='ocrx_word' id='word_1_151' title='bbox 213 3183 305 3275; x_wconf 85' lang='lat' dir='ltr'><strong>diget</strong></span> <span class='ocrx_word' id='word_1_152' title='bbox 338 3187 497 3276; x_wconf 88' lang='lat' dir='ltr'><strong>majestas</strong></span> <span class='ocrx_word' id='word_1_153' title='bbox 534 3196 610 3270; x_wconf 87' lang='lat' dir='ltr'><strong>tua,</strong></span> <span class='ocrx_word' id='word_1_154' title='bbox 636 3183 798 3276; x_wconf 88' lang='lat' dir='ltr'><strong>Domine,</strong></span> <span class='ocrx_word' id='word_1_155' title='bbox 830 3206 939 3279; x_wconf 91' lang='lat' dir='ltr'><strong>neque</strong></span> <span class='ocrx_word' id='word_1_156' title='bbox 972 3169 1087 3284; x_wconf 87' lang='lat' dir='ltr'><strong>nostra</strong></span> <span class='ocrx_word' id='word_1_157' title='bbox 1121 3187 1305 3276; x_wconf 86' lang='lat' dir='ltr'><strong>gratiarum</strong></span> <span class='ocrx_word' id='word_1_158' title='bbox 1340 3186 1472 3254; x_wconf 90' lang='lat' dir='ltr'><strong>actione</strong></span> <span class='ocrx_word' id='word_1_159' title='bbox 1505 3203 1589 3276; x_wconf 90' lang='lat' dir='ltr'><strong>opus</strong></span> 
     </span>
     <span class='ocr_line' id='line_1_24' title="bbox 213 3296 328 3372; baseline 0.017 -4"><span class='ocrx_word' id='word_1_160' title='bbox 213 3296 328 3372; x_wconf 88' lang='lat' dir='ltr'><strong>habes.</strong></span> 
     </span>
    </p>

    <p class='ocr_par' dir='ltr' id='par_1_15' title="bbox 198 3414 1675 4759">
     <span class='ocr_line' id='line_1_25' title="bbox 318 3414 1590 3502; baseline -0.004 -15"><span class='ocrx_word' id='word_1_161' title='bbox 318 3416 468 3488; x_wconf 72' lang='lat' dir='ltr'><strong>hteeam</strong></span> <span class='ocrx_word' id='word_1_162' title='bbox 494 3439 619 3487; x_wconf 86' lang='lat' dir='ltr'><strong>ccccm.</strong></span> <span class='ocrx_word' id='word_1_163' title='bbox 673 3417 758 3488; x_wconf 86' lang='lat' dir='ltr'><strong>Sunt</strong></span> <span class='ocrx_word' id='word_1_164' title='bbox 784 3420 872 3488; x_wconf 90' lang='lat' dir='ltr'><strong>enim</strong></span> <span class='ocrx_word' id='word_1_165' title='bbox 897 3415 956 3489; x_wconf 90' lang='lat' dir='ltr'><strong>tibi</strong></span> <span class='ocrx_word' id='word_1_166' title='bbox 982 3414 1174 3488; x_wconf 86' lang='lat' dir='ltr'><strong>laudatores</strong></span> <span class='ocrx_word' id='word_1_167' title='bbox 1195 3417 1368 3502; x_wconf 83' lang='lat' dir='ltr'><strong>innumeri,</strong></span> <span class='ocrx_word' id='word_1_168' title='bbox 1397 3426 1430 3485; x_wconf 88' lang='lat' dir='ltr'><strong>et</strong></span> <span class='ocrx_word' id='word_1_169' title='bbox 1449 3416 1590 3485; x_wconf 90' lang='lat' dir='ltr'><strong>virtutes</strong></span> 
     </span>
     <span class='ocr_line' id='line_1_26' title="bbox 214 3528 1589 3626; baseline -0.002 -25"><span class='ocrx_word' id='word_1_170' title='bbox 214 3529 374 3603; x_wconf 81' lang='lat' dir='ltr'><strong>excelsae</strong></span> <span class='ocrx_word' id='word_1_171' title='bbox 402 3532 559 3621; x_wconf 84' lang='lat' dir='ltr'><strong>infinitae,</strong></span> <span class='ocrx_word' id='word_1_172' title='bbox 593 3529 772 3604; x_wconf 89' lang='lat' dir='ltr'><strong>Cherubim</strong></span> <span class='ocrx_word' id='word_1_173' title='bbox 807 3534 1024 3624; x_wconf 88' lang='lat' dir='ltr'><strong>congregati,</strong></span> <span class='ocrx_word' id='word_1_174' title='bbox 1052 3529 1225 3625; x_wconf 85' lang='lat' dir='ltr'><strong>Seraphim</strong></span> <span class='ocrx_word' id='word_1_175' title='bbox 1254 3528 1419 3626; x_wconf 88' lang='lat' dir='ltr'><strong>praeclari</strong></span> <span class='ocrx_word' id='word_1_176' title='bbox 1454 3528 1589 3614; x_wconf 88' lang='lat' dir='ltr'><strong>milleni,</strong></span> 
     </span>
     <span class='ocr_line' id='line_1_27' title="bbox 215 3646 1591 3740; baseline -0.002 -23"><span class='ocrx_word' id='word_1_177' title='bbox 215 3657 250 3718; x_wconf 90' lang='lat' dir='ltr'><strong>et</strong></span> <span class='ocrx_word' id='word_1_178' title='bbox 275 3652 496 3739; x_wconf 84' lang='lat' dir='ltr'><strong>congregatio</strong></span> <span class='ocrx_word' id='word_1_179' title='bbox 524 3647 789 3721; x_wconf 90' lang='lat' dir='ltr'><strong>innumerabilis:</strong></span> <span class='ocrx_word' id='word_1_180' title='bbox 817 3646 1040 3719; x_wconf 88' lang='lat' dir='ltr'><strong>multitudines</strong></span> <span class='ocrx_word' id='word_1_181' title='bbox 1069 3658 1104 3719; x_wconf 92' lang='lat' dir='ltr'><strong>ct</strong></span> <span class='ocrx_word' id='word_1_182' title='bbox 1131 3649 1264 3738; x_wconf 89' lang='lat' dir='ltr'><strong>agmina</strong></span> <span class='ocrx_word' id='word_1_183' title='bbox 1299 3667 1385 3740; x_wconf 87' lang='lat' dir='ltr'><strong>quae</strong></span> <span class='ocrx_word' id='word_1_184' title='bbox 1420 3646 1591 3740; x_wconf 88' lang='lat' dir='ltr'><strong>supputari</strong></span> 
     </span>
     <span class='ocr_line' id='line_1_28' title="bbox 215 3761 1589 3859; baseline -0.003 -25"><span class='ocrx_word' id='word_1_185' title='bbox 215 3785 282 3835; x_wconf 93' lang='lat' dir='ltr'><strong>non</strong></span> <span class='ocrx_word' id='word_1_186' title='bbox 310 3774 466 3857; x_wconf 90' lang='lat' dir='ltr'><strong>possunt:</strong></span> <span class='ocrx_word' id='word_1_187' title='bbox 494 3762 627 3836; x_wconf 91' lang='lat' dir='ltr'><strong>ordines</strong></span> <span class='ocrx_word' id='word_1_188' title='bbox 655 3766 794 3859; x_wconf 80' lang='lat' dir='ltr'><strong>expansi</strong></span> <span class='ocrx_word' id='word_1_189' title='bbox 822 3767 909 3855; x_wconf 89' lang='lat' dir='ltr'><strong>ignis</strong></span> <span class='ocrx_word' id='word_1_190' title='bbox 926 3762 1137 3836; x_wconf 85' lang='lat' dir='ltr'><strong>devorantis:</strong></span> <span class='ocrx_word' id='word_1_191' title='bbox 1164 3766 1305 3833; x_wconf 89' lang='lat' dir='ltr'><strong>virtutes</strong></span> <span class='ocrx_word' id='word_1_192' title='bbox 1319 3761 1489 3832; x_wconf 90' lang='lat' dir='ltr'><strong>mirandae</strong></span> <span class='ocrx_word' id='word_1_193' title='bbox 1506 3783 1589 3831; x_wconf 92' lang='lat' dir='ltr'><strong>car-</strong></span> 
     </span>
     <span class='ocr_line' id='line_1_29' title="bbox 214 3874 1590 3974; baseline -0.004 -24"><span class='ocrx_word' id='word_1_194' title='bbox 214 3877 314 3950; x_wconf 91' lang='lat' dir='ltr'><strong>bonis</strong></span> <span class='ocrx_word' id='word_1_195' title='bbox 342 3878 507 3965; x_wconf 88' lang='lat' dir='ltr'><strong>ardentis,</strong></span> <span class='ocrx_word' id='word_1_196' title='bbox 540 3879 692 3970; x_wconf 89' lang='lat' dir='ltr'><strong>legiones</strong></span> <span class='ocrx_word' id='word_1_197' title='bbox 719 3877 934 3951; x_wconf 87' lang='lat' dir='ltr'><strong>absconditae</strong></span> <span class='ocrx_word' id='word_1_198' title='bbox 976 3902 1063 3974; x_wconf 85' lang='lat' dir='ltr'><strong>quae</strong></span> <span class='ocrx_word' id='word_1_199' title='bbox 1098 3881 1262 3949; x_wconf 88' lang='lat' dir='ltr'><strong>sustinent</strong></span> <span class='ocrx_word' id='word_1_200' title='bbox 1294 3898 1424 3947; x_wconf 88' lang='lat' dir='ltr'><strong>currum</strong></span> <span class='ocrx_word' id='word_1_201' title='bbox 1453 3874 1590 3947; x_wconf 87' lang='lat' dir='ltr'><strong>Cheru-</strong></span> 
     </span>
     <span class='ocr_line' id='line_1_30' title="bbox 198 3987 1589 4088; baseline -0.005 -22"><span class='ocrx_word' id='word_1_202' title='bbox 198 3987 295 4081; x_wconf 89' lang='lat' dir='ltr'><strong>bim,</strong></span> <span class='ocrx_word' id='word_1_203' title='bbox 324 3998 418 4087; x_wconf 89' lang='lat' dir='ltr'><strong>cajus</strong></span> <span class='ocrx_word' id='word_1_204' title='bbox 440 3998 682 4066; x_wconf 88' lang='lat' dir='ltr'><strong>conversiones</strong></span> <span class='ocrx_word' id='word_1_205' title='bbox 699 3995 843 4067; x_wconf 88' lang='lat' dir='ltr'><strong>infinitae</strong></span> <span class='ocrx_word' id='word_1_206' title='bbox 864 4006 955 4069; x_wconf 89' lang='lat' dir='ltr'><strong>sunt:</strong></span> <span class='ocrx_word' id='word_1_207' title='bbox 982 4006 1110 4066; x_wconf 91' lang='lat' dir='ltr'><strong>turmae</strong></span> <span class='ocrx_word' id='word_1_208' title='bbox 1133 3990 1320 4088; x_wconf 86' lang='lat' dir='ltr'><strong>Seraphim,</strong></span> <span class='ocrx_word' id='word_1_209' title='bbox 1349 4012 1434 4085; x_wconf 83' lang='lat' dir='ltr'><strong>quae</strong></span> <span class='ocrx_word' id='word_1_210' title='bbox 1461 3989 1589 4059; x_wconf 89' lang='lat' dir='ltr'><strong>alarum</strong></span> 
     </span>
     <span class='ocr_line' id='line_1_31' title="bbox 216 4104 1590 4205; baseline -0.004 -26"><span class='ocrx_word' id='word_1_211' title='bbox 216 4131 351 4181; x_wconf 89' lang='lat' dir='ltr'><strong>suarum</strong></span> <span class='ocrx_word' id='word_1_212' title='bbox 379 4113 488 4182; x_wconf 91' lang='lat' dir='ltr'><strong>sonitu</strong></span> <span class='ocrx_word' id='word_1_213' title='bbox 516 4111 778 4205; x_wconf 88' lang='lat' dir='ltr'><strong>superliminaria</strong></span> <span class='ocrx_word' id='word_1_214' title='bbox 806 4120 1037 4182; x_wconf 89' lang='lat' dir='ltr'><strong>commovent:</strong></span> <span class='ocrx_word' id='word_1_215' title='bbox 1071 4107 1241 4181; x_wconf 86' lang='lat' dir='ltr'><strong>multitudo</strong></span> <span class='ocrx_word' id='word_1_216' title='bbox 1272 4104 1468 4200; x_wconf 90' lang='lat' dir='ltr'><strong>praeclara,</strong></span> <span class='ocrx_word' id='word_1_217' title='bbox 1503 4121 1590 4197; x_wconf 91' lang='lat' dir='ltr'><strong>quae</strong></span> 
     </span>
     <span class='ocr_line' id='line_1_32' title="bbox 216 4218 1590 4319; baseline -0.004 -24"><span class='ocrx_word' id='word_1_218' title='bbox 216 4246 236 4295; x_wconf 88' lang='lat' dir='ltr'><strong>e</strong></span> <span class='ocrx_word' id='word_1_219' title='bbox 265 4225 374 4296; x_wconf 88' lang='lat' dir='ltr'><strong>medio</strong></span> <span class='ocrx_word' id='word_1_220' title='bbox 401 4246 579 4319; x_wconf 91' lang='lat' dir='ltr'><strong>prunarum</strong></span> <span class='ocrx_word' id='word_1_221' title='bbox 607 4225 801 4314; x_wconf 91' lang='lat' dir='ltr'><strong>ardentium,</strong></span> <span class='ocrx_word' id='word_1_222' title='bbox 823 4237 915 4299; x_wconf 91' lang='lat' dir='ltr'><strong>motu</strong></span> <span class='ocrx_word' id='word_1_223' title='bbox 942 4248 1003 4298; x_wconf 92' lang='lat' dir='ltr'><strong>suo</strong></span> <span class='ocrx_word' id='word_1_224' title='bbox 1030 4225 1223 4319; x_wconf 85' lang='lat' dir='ltr'><strong>percipitur:</strong></span> <span class='ocrx_word' id='word_1_225' title='bbox 1255 4220 1344 4293; x_wconf 92' lang='lat' dir='ltr'><strong>mille</strong></span> <span class='ocrx_word' id='word_1_226' title='bbox 1376 4218 1475 4291; x_wconf 90' lang='lat' dir='ltr'><strong>millia</strong></span> <span class='ocrx_word' id='word_1_227' title='bbox 1504 4240 1590 4312; x_wconf 89' lang='lat' dir='ltr'><strong>quae</strong></span> 
     </span>
     <span class='ocr_line' id='line_1_33' title="bbox 216 4337 1589 4436; baseline -0.004 -26"><span class='ocrx_word' id='word_1_228' title='bbox 216 4349 304 4411; x_wconf 91' lang='lat' dir='ltr'><strong>stant</strong></span> <span class='ocrx_word' id='word_1_229' title='bbox 329 4361 443 4411; x_wconf 88' lang='lat' dir='ltr'><strong>coram</strong></span> <span class='ocrx_word' id='word_1_230' title='bbox 472 4350 515 4425; x_wconf 89' lang='lat' dir='ltr'><strong>te,</strong></span> <span class='ocrx_word' id='word_1_231' title='bbox 543 4348 577 4411; x_wconf 89' lang='lat' dir='ltr'><strong>et</strong></span> <span class='ocrx_word' id='word_1_232' title='bbox 603 4340 771 4436; x_wconf 73' lang='lat' dir='ltr'><strong>myriades</strong></span> <span class='ocrx_word' id='word_1_233' title='bbox 799 4340 983 4435; x_wconf 74' lang='lat' dir='ltr'><strong>myriadum</strong></span> <span class='ocrx_word' id='word_1_234' title='bbox 1011 4362 1097 4435; x_wconf 81' lang='lat' dir='ltr'><strong>quae</strong></span> <span class='ocrx_word' id='word_1_235' title='bbox 1114 4338 1249 4410; x_wconf 89' lang='lat' dir='ltr'><strong>laudant</strong></span> <span class='ocrx_word' id='word_1_236' title='bbox 1276 4337 1454 4407; x_wconf 88' lang='lat' dir='ltr'><strong>essentiam</strong></span> <span class='ocrx_word' id='word_1_237' title='bbox 1481 4346 1589 4405; x_wconf 89' lang='lat' dir='ltr'><strong>tuam:</strong></span> 
     </span>
     <span class='ocr_line' id='line_1_34' title="bbox 216 4451 1590 4552; baseline -0.007 -24"><span class='ocrx_word' id='word_1_238' title='bbox 216 4468 250 4528; x_wconf 90' lang='lat' dir='ltr'><strong>et</strong></span> <span class='ocrx_word' id='word_1_239' title='bbox 276 4478 342 4527; x_wconf 90' lang='lat' dir='ltr'><strong>una</strong></span> <span class='ocrx_word' id='word_1_240' title='bbox 369 4478 457 4527; x_wconf 88' lang='lat' dir='ltr'><strong>voce</strong></span> <span class='ocrx_word' id='word_1_241' title='bbox 484 4456 599 4547; x_wconf 88' lang='lat' dir='ltr'><strong>nitida,</strong></span> <span class='ocrx_word' id='word_1_242' title='bbox 625 4478 758 4552; x_wconf 89' lang='lat' dir='ltr'><strong>unoque</strong></span> <span class='ocrx_word' id='word_1_243' title='bbox 785 4465 947 4529; x_wconf 90' lang='lat' dir='ltr'><strong>concentu</strong></span> <span class='ocrx_word' id='word_1_244' title='bbox 968 4454 1111 4543; x_wconf 88' lang='lat' dir='ltr'><strong>amabili,</strong></span> <span class='ocrx_word' id='word_1_245' title='bbox 1141 4464 1239 4526; x_wconf 90' lang='lat' dir='ltr'><strong>cantu</strong></span> <span class='ocrx_word' id='word_1_246' title='bbox 1267 4453 1374 4537; x_wconf 86' lang='lat' dir='ltr'><strong>suavi,</strong></span> <span class='ocrx_word' id='word_1_247' title='bbox 1401 4451 1590 4543; x_wconf 82' lang='lat' dir='ltr'><strong>linguisque</strong></span> 
     </span>
     <span class='ocr_line' id='line_1_35' title="bbox 216 4566 1675 4665; baseline -0.005 -22"><span class='ocrx_word' id='word_1_248' title='bbox 216 4574 377 4643; x_wconf 88' lang='lat' dir='ltr'><strong>materiae</strong></span> <span class='ocrx_word' id='word_1_249' title='bbox 405 4570 612 4665; x_wconf 87' lang='lat' dir='ltr'><strong>expertibus,</strong></span> <span class='ocrx_word' id='word_1_250' title='bbox 639 4571 781 4643; x_wconf 89' lang='lat' dir='ltr'><strong>clamant</strong></span> <span class='ocrx_word' id='word_1_251' title='bbox 808 4570 892 4643; x_wconf 89' lang='lat' dir='ltr'><strong>alter</strong></span> <span class='ocrx_word' id='word_1_252' title='bbox 918 4573 960 4642; x_wconf 91' lang='lat' dir='ltr'><strong>ad</strong></span> <span class='ocrx_word' id='word_1_253' title='bbox 987 4572 1141 4658; x_wconf 91' lang='lat' dir='ltr'><strong>alterum,</strong></span> <span class='ocrx_word' id='word_1_254' title='bbox 1168 4568 1320 4642; x_wconf 89' lang='lat' dir='ltr'><strong>laudibus</strong></span> <span class='ocrx_word' id='word_1_255' title='bbox 1347 4566 1491 4637; x_wconf 89' lang='lat' dir='ltr'><strong>aeternis</strong></span> <span class='ocrx_word' id='word_1_256' title='bbox 1518 4584 1590 4635; x_wconf 89' lang='lat' dir='ltr'><strong>vo·</strong></span> <span class='ocrx_word' id='word_1_257' title='bbox 1672 4627 1675 4636; x_wconf 89' lang='lat'>.</span> 
     </span>
     <span class='ocr_line' id='line_1_36' title="bbox 216 4686 604 4759; baseline 0 -2"><span class='ocrx_word' id='word_1_258' title='bbox 216 4686 397 4759; x_wconf 84' lang='lat' dir='ltr'><strong>ailerantm</strong></span> <span class='ocrx_word' id='word_1_259' title='bbox 425 4696 458 4757; x_wconf 90' lang='lat' dir='ltr'><strong>et</strong></span> <span class='ocrx_word' id='word_1_260' title='bbox 485 4686 604 4759; x_wconf 90' lang='lat' dir='ltr'><strong>dicunt.</strong></span> 
     </span>
    </p>

    <p class='ocr_par' dir='ltr' id='par_1_16' title="bbox 321 4801 686 4895">
     <span class='ocr_line' id='line_1_37' title="bbox 321 4801 686 4895; baseline 0.003 -23"><span class='ocrx_word' id='word_1_261' title='bbox 321 4801 482 4895; x_wconf 78' lang='lat' dir='ltr'><strong>Populus.</strong></span> <span class='ocrx_word' id='word_1_262' title='bbox 534 4803 686 4875; x_wconf 86' lang='lat' dir='ltr'><strong>Sanctus.</strong></span> 
     </span>
    </p>

    <p class='ocr_par' dir='ltr' id='par_1_17' title="bbox 320 4912 1589 5007">
     <span class='ocr_line' id='line_1_38' title="bbox 320 4912 1589 5007; baseline -0.006 -20"><span class='ocrx_word' id='word_1_263' title='bbox 320 4917 498 4989; x_wconf 79' lang='lat' dir='ltr'><strong>Sacerdos</strong></span> <span class='ocrx_word' id='word_1_264' title='bbox 524 4919 715 4990; x_wconf 79' lang='lat' dir='ltr'><strong>inclinatur.</strong></span> <span class='ocrx_word' id='word_1_265' title='bbox 769 4916 885 4989; x_wconf 89' lang='lat' dir='ltr'><strong>Voces</strong></span> <span class='ocrx_word' id='word_1_266' title='bbox 910 4917 1064 5002; x_wconf 88' lang='lat' dir='ltr'><strong>Domine,</strong></span> <span class='ocrx_word' id='word_1_267' title='bbox 1091 4912 1268 5007; x_wconf 90' lang='lat' dir='ltr'><strong>Seraphim</strong></span> <span class='ocrx_word' id='word_1_268' title='bbox 1295 4913 1474 4983; x_wconf 87' lang='lat' dir='ltr'><strong>essentiam</strong></span> <span class='ocrx_word' id='word_1_269' title='bbox 1499 4918 1589 4982; x_wconf 93' lang='lat' dir='ltr'><strong>tuam</strong></span> 
     </span>
    </p>
   </div>
   <div class='ocr_carea' id='block_1_5' title="bbox 155 5021 1590 5226">
    <p class='ocr_par' dir='ltr' id='par_1_18' title="bbox 155 5021 1590 5226">
     <span class='ocr_line' id='line_1_39' title="bbox 215 5021 1590 5131; baseline -0.009 -25"><span class='ocrx_word' id='word_1_270' title='bbox 215 5033 404 5131; x_wconf 84' lang='lat' dir='ltr'><strong>explicant:</strong></span> <span class='ocrx_word' id='word_1_271' title='bbox 440 5043 566 5106; x_wconf 88' lang='lat' dir='ltr'><strong>turmae</strong></span> <span class='ocrx_word' id='word_1_272' title='bbox 594 5032 773 5107; x_wconf 89' lang='lat' dir='ltr'><strong>Cherubim</strong></span> <span class='ocrx_word' id='word_1_273' title='bbox 806 5030 1034 5106; x_wconf 89' lang='lat' dir='ltr'><strong>absconditam</strong></span> <span class='ocrx_word' id='word_1_274' title='bbox 1067 5040 1217 5102; x_wconf 88' lang='lat' dir='ltr'><strong>natmam</strong></span> <span class='ocrx_word' id='word_1_275' title='bbox 1253 5038 1341 5099; x_wconf 76' lang='lat' dir='ltr'><strong>mam</strong></span> <span class='ocrx_word' id='word_1_276' title='bbox 1375 5021 1590 5096; x_wconf 89' lang='lat' dir='ltr'><strong>benedicunt:</strong></span> 
     </span>
     <span class='ocr_line' id='line_1_40' title="bbox 155 5140 1384 5226; baseline 0.002 -13"><span class='ocrx_word' id='word_1_277' title='bbox 155 5212 171 5226; x_wconf 76' lang='grc'><em>,</em></span> <span class='ocrx_word' id='word_1_278' title='bbox 254 5169 379 5214; x_wconf 65' lang='lat' dir='ltr'><strong>romuli.</strong></span> <span class='ocrx_word' id='word_1_279' title='bbox 747 5201 753 5210; x_wconf 86' lang='lat'><strong>.</strong></span> <span class='ocrx_word' id='word_1_280' title='bbox 1334 5140 1384 5215; x_wconf 79' lang='grc'><strong>34</strong></span> 
     </span>
    </p>
   </div>
   <div class='ocr_carea' id='block_1_6' title="bbox 0 0 2279 6034">
    <p class='ocr_par' dir='ltr' id='par_1_19' title="bbox 0 0 2279 6034">
     <span class='ocr_line' id='line_1_41' title="bbox 0 0 2279 6034; baseline 0 0"><span class='ocrx_word' id='word_1_281' title='bbox 0 0 2279 6034; x_wconf 95' lang='lat' dir='ltr'><strong> </strong></span> 
     </span>
    </p>
   </div>
  </div>
 </body>
</html>
