4525 6034
723 584 799 657 soa
1047 567 1051 574 '
1229 583 1591 690 urrunnun

721 781 819 844 natus
846 780 970 843 estex
996 773 1070 844 sinu
1096 779 1170 860 tuo,
1197 781 1232 844 et
1257 793 1397 864 germen
1424 769 1631 846 substantiae
1657 783 1753 864 tuae,
1780 778 1836 869 qui
1867 783 1995 873 apparuit
2017 781 2048 852 al

684 917 691 930 ¹
721 899 868 961 nostram
904 887 1146 961 simihtudiuem
1179 910 1281 984 super
1322 900 1445 963 terram
1479 888 1608 986 absque
1642 901 1802 987 peccato,
1835 902 1868 965 et
1896 891 1988 968 iaetus
2011 909 2050 970 est

721 1004 821 1079 bomo
849 1028 894 1077 ex
920 1004 1038 1093 nobis,
1064 1027 1126 1101 per
1152 1008 1297 1097 gratiam
1324 1028 1428 1078 suam.
1481 1005 1525 1078 Dt
1551 1006 1677 1088 idcirco
1703 1005 1746 1079 ad
1759 1008 1966 1103 placationem
1983 1022 2050 1085 tuam

722 1119 890 1194 oberimus
923 1120 1067 1193 Domine
1095 1124 1272 1217 passiones
1298 1121 1520 1212 voluntarias,
1545 1126 1744 1212 immeritas,
1770 1133 1806 1194 et
1831 1122 1979 1197 sdntares
1993 1132 2051 1218 agui

720 1241 793 1309 viui
820 1240 874 1333 qui
901 1235 1086 1309 immolatus
1113 1248 1166 1309 est
1191 1261 1253 1333 pro
1280 1238 1388 1311 salute
1405 1249 1534 1327 nostra,
1561 1242 1721 1333 unigeniti
1737 1239 1814 1312 Filii
1831 1242 1890 1328 tui,
1913 1262 2051 1337 perquem

721 1377 784 1427 nos
812 1376 945 1451 quoque
971 1354 1233 1427 misericordiam
1260 1377 1453 1450 speramus,
1480 1364 1542 1428 etc.

825 1471 986 1565 Papulas.
1041 1471 1194 1559 Quietem
1222 1482 1365 1566 praesta.

825 1589 1010 1661 Sacerdos.
1065 1586 1220 1674 Quietem
1246 1598 1382 1682 praesta
1417 1598 1451 1659 et
1482 1610 1585 1683 parce
1620 1588 1785 1680 Domine,
1817 1588 1911 1662 auler
1943 1599 1973 1662 et
1998 1588 2054 1661 dele

722 1705 840 1777 delicta
868 1713 902 1776 et
927 1707 1132 1800 insipientias
1159 1706 1276 1796 gregis
1302 1706 1359 1790 tui,
1386 1711 1419 1775 et
1445 1703 1571 1778 dimitte
1592 1703 1742 1776 delectus
1769 1727 1896 1797 aarum,
1921 1711 1969 1803 qui
1991 1729 2055 1802 spe-

721 1833 797 1894 rant
822 1825 855 1892 in
884 1831 926 1908 te,
953 1822 1161 1893 voluntarios
1187 1822 1262 1892 sive
1289 1818 1544 1910 involuntariam
1570 1831 1670 1894 notos
1697 1831 1730 1892 et
1755 1824 1907 1914 ignotos,
1937 1822 2057 1896 occultos

721 1950 755 2010 et
788 1937 1003 2026 manifestos,
1046 1939 1219 2034 praeteriti
1257 1945 1291 2008 et
1330 1938 1533 2030 insequentis
1567 1940 1735 2032 temporis.
1788 1938 1845 2012 Ad
1880 1950 1912 2012 te
1943 1940 2056 2011 Domina

721 2055 843 2128 clamat
867 2077 955 2147 grex
983 2064 1069 2143 tuus,
1096 2063 1129 2125 et
1156 2052 1198 2125 ad
1226 2062 1259 2124 te
1286 2052 1431 2149 postulat
1442 2056 1576 2125 veniam
1596 2057 1919 2150 praevaricationum
1943 2078 2057 2144 suarum,

721 2194 807 2268 quae
841 2182 918 2268 post
948 2169 1147 2266 baptismum
1183 2179 1217 2240 et
1249 2166 1493 2241 mundationem
1520 2174 1736 2259 commissae,
1763 2173 1933 2272 animabus
1961 2175 2059 2244 nostis

720 2287 882 2361 maculam
910 2298 966 2360 aut
992 2287 1102 2360 labero
1130 2289 1377 2383 impresserunt
1420 2286 1475 2358 Da
1500 2287 1598 2360 nobis
1624 2288 1767 2359 Domine
1792 2298 1829 2360 ot
1854 2312 1936 2385 pure
1960 2309 2059 2360 occur·

720 2427 833 2477 ramus
867 2404 972 2476 vultui
999 2402 1140 2500 pacifico
1167 2411 1243 2490 tuo,
1276 2411 1310 2472 et
1343 2412 1477 2498 praesta
1509 2402 1607 2475 nobis
1634 2402 1785 2476 fiduciam
1813 2406 1940 2502 absque
1963 2403 2060 2476 muiu-

720 2524 836 2610 sione‚
872 2542 986 2593 coram
1013 2517 1098 2592 solio
1132 2529 1189 2591 tuo
1222 2517 1394 2590 tremendo
1421 2529 1456 2591 et
1481 2518 1674 2593 metuendo:
1706 2531 1806 2616 utque
1837 2525 2060 2595 excusationem

718 2635 900 2710 habeamus
927 2641 961 2708 in
988 2635 1041 2707 dio
1067 2646 1134 2722 tuo,
1161 2638 1195 2705 in
1223 2658 1288 2730 quo
1314 2633 1524 2708 metabuntur
1548 2638 1594 2732 pii
1616 2646 1650 2709 et
1671 2640 1765 2730 justi,
1792 2638 2061 2712 exurltabuntPro-

719 2754 839 2850 phetae
866 2766 901 2828 et
932 2752 1088 2849 Apostoli
1123 2754 1190 2840 tui3
1225 2749 1432 2846 gloriamque
1465 2763 1712 2850 consequentur
1746 2758 1802 2851 qni
1834 2756 1981 2829 iecemnt
2009 2776 2062 2827 uo-

719 2869 876 2944 luntatem
903 2880 1010 2943 mam:
1037 2872 1166 2941 tristitia
1182 2890 1266 2941 vero
1285 2868 1466 2941 obruentur
1491 2871 1603 2964 iniqui,
1631 2880 1665 2943 et
1684 2872 1970 2945 immisericordes
1993 2893 2062 2967 poe-
2179 2959 2180 2964 Ἰ

719 2991 854 3060 nitentia
882 2996 1068 3079 tangentur.
1121 2986 1262 3057 Praesta
1289 2983 1387 3057 nobis
1413 2985 1558 3058 Domine
1589 2986 1686 3059 linem
1715 2984 1957 3079 Christianum,
1980 2990 2063 3059 mise-
2178 2973 2180 3004 '

718 3103 884 3177 ricordiae
915 3126 934 3174 a
966 3113 999 3174 te
1031 3101 1288 3188 exhibitionem,
1321 3111 1354 3173 et
1386 3113 1421 3173 ut
1453 3102 1542 3194 digni
1574 3102 1751 3176 efficiamur
1789 3116 1884 3177 sorte
1919 3104 2063 3177 beatomm

719 3220 849 3293 illorum
877 3224 932 3315 qui
959 3219 1017 3292 tibi
1043 3221 1244 3306 servierunt,
1271 3239 1379 3311 neque
1404 3218 1606 3314 repellamur
1631 3218 1673 3292 ab
1702 3223 1789 3293 ostio
1817 3225 1917 3314 regni
1940 3224 1991 3293 tui
2033 3217 2064 3288 Et

719 3341 803 3410 sicut
829 3340 862 3408 in
890 3334 1041 3408 omnibus
1069 3335 1226 3428 adjuvisti
1252 3333 1430 3407 adorantes
1457 3345 1501 3424 te,
1528 3358 1596 3408 uon
1612 3339 1781 3432 privemur
1808 3341 2002 3412 remissione
2022 3338 2064 3407 in·

720 3456 945 3549 sipientiaram
972 3463 1179 3540 nostrarum3
1210 3459 1247 3522 ut
1280 3453 1424 3524 omnium
1451 3474 1553 3525 causa
1587 3463 1621 3525 et
1646 3464 1784 3550 propter
1817 3457 1928 3528 omuia
1957 3451 2064 3546 glorii-

719 3579 814 3640 cetur
845 3572 880 3640 in
911 3568 1009 3641 nobis
1040 3590 1161 3639 nomen
1194 3577 1283 3638 tuum
1316 3578 1484 3657 sanctum,
1517 3569 1678 3666 simulque
1703 3571 1839 3642 Domini
1873 3570 1937 3643 Dei
1960 3571 2064 3643 Salus-

720 3688 814 3776 toris,
841 3696 876 3757 et
901 3685 1118 3757 'vivificatoris
1145 3684 1249 3756 nostri
1274 3681 1357 3757 Jesu
1383 3683 1516 3773 Christi,
1542 3695 1576 3758 et
1602 3685 1743 3783 Spiritus
1770 3691 1817 3760 tui
1844 3690 1960 3760 sancti.

823 3801 985 3895 Papulas.
1038 3800 1093 3888 Ut,
1120 3811 1185 3874 etc.

822 3917 1007 3990 Sacmdos.
1060 3919 1145 3989 Pax.

761 4031 782 4126 ⁸.
823 4033 984 4128 Popalas.
1036 4033 1180 4106 Etcum
1208 4037 1324 4131 spiritu
1351 4043 1418 4106 tuo.

823 4151 1007 4223 Sacerdos.
1060 4150 1313 4224 Misericordiae
1337 4151 1404 4222 Dei
1429 4152 1501 4223 sint

822 4267 983 4361 Populea.
1035 4266 1079 4339 Et
1105 4289 1179 4340 cum
1205 4270 1322 4364 spiritu
1348 4277 1414 4339 tuo.

824 4384 1003 4457 Diaconos
1028 4386 1114 4456 dicit
1141 4384 1360 4457 Catbols'casa.
1414 4383 1588 4457 Sacertm
1609 4385 1743 4478 sraapd
1768 4389 1803 4455 et
1827 4386 1953 4478 manat.

823 4501 1011 4574 Diaconm
1064 4500 1231 4594 Angelus,
1257 4509 1319 4574 etc.

961 4776 1137 4849 Sacerdos
1163 4776 1248 4849 dicit
1275 4777 1474 4850 Orationem
1499 4782 1580 4850 aste
1604 4774 1705 4849 Pater
1730 4783 1858 4849 noster.

823 4968 916 5039 Deus
942 4967 1055 5056 Pater,
1081 4966 1225 5040 Domine
1252 4970 1415 5060 omnium,
1447 4992 1468 5042 a
1499 4970 1593 5061 cujus
1624 4975 1706 5038 nutu
1735 4965 1886 5068 pendent
1916 4972 2066 5040 creamrw

721 5092 756 5154 et
781 5086 892 5156 omnia
919 5104 1005 5177 quae
1039 5086 1073 5154 in
1099 5088 1150 5192 eis
1186 5096 1279 5159 sunt:
1311 5088 1367 5183 qui
1398 5097 1528 5159 mentes
1554 5104 1733 5181 supemas‚
1757 5081 1881 5179 planas
1908 5076 2064 5179 splendore
