4525 6034
565 621 813 699 PHILOXENI
848 620 1224 701 HIEROPOLITANI.
1498 625 1569 701 311
1698 634 1702 643 “

320 808 495 881 Sacerdos
521 809 712 882 inclinatus.
764 809 906 882 Sanctus
939 832 977 884 es
1011 810 1104 883 Deus
1135 811 1250 885 Pater:
1281 810 1424 885 Sanctus
1450 818 1575 907 unige-

216 928 303 997 nitus
322 926 425 998 Filius
444 936 518 999 tuus
539 936 690 998 sanctus:
717 925 858 999 Sanctus
873 926 1014 1022 Spiritus
1029 937 1102 1000 tuus
1124 939 1276 1003 sanctus:
1304 933 1357 1025 qui
1375 932 1497 1001 creasti
1514 952 1576 1025 per

216 1046 360 1133 gratiam
391 1054 480 1113 tuam
514 1064 621 1134 genus
652 1040 845 1131 humanum,
871 1041 1170 1140 habitationemque
1203 1048 1236 1117 in
1268 1046 1425 1141 paradiso
1458 1046 1576 1120 dedisti

215 1156 275 1242 illi,
295 1158 564 1255 voluptatemque
581 1156 687 1252 qualis
704 1160 737 1228 in
754 1181 795 1230 eo
816 1170 899 1247 erat,
918 1164 1136 1254 praeparasti.
1171 1161 1254 1235 Cum
1270 1171 1379 1234 autem
1395 1188 1415 1236 a
1430 1164 1575 1256 maligno

215 1277 289 1366 ejus
310 1273 489 1370 deceptore
505 1274 659 1347 seductus
675 1272 804 1363 linisset,
818 1285 851 1346 et
872 1299 892 1347 a
906 1284 941 1345 te
956 1278 990 1346 in
1003 1276 1138 1348 exilium
1151 1277 1277 1371 pulsus,
1296 1276 1444 1372 dejectus
1462 1290 1513 1353 est
1534 1280 1576 1352 ad

214 1389 357 1461 intimam
376 1401 513 1479 sortem,
539 1389 815 1485 humilitatemque
837 1394 963 1479 mortis
991 1401 1025 1463 et
1041 1415 1115 1464 cnm
1131 1393 1173 1464 ad
1192 1416 1232 1466 ea
1254 1394 1431 1467 translatus
1447 1395 1574 1486 linisset,

215 1508 333 1577 misisti
360 1504 506 1578 Verbum
533 1507 640 1579 Deum
665 1510 869 1599 unigenitum
893 1506 1010 1579 Fihum
1037 1519 1137 1596 tuum,
1166 1513 1221 1604 qui
1246 1509 1373 1606 absque
1398 1516 1576 1605 mutatione

215 1625 405 1695 incarnatus
432 1633 484 1696 est
518 1621 560 1695 de
586 1623 709 1718 Spiritu
743 1633 875 1710 sancto,
909 1646 955 1694 ex
988 1623 1096 1696 illaria
1127 1624 1267 1717 Virgine
1297 1627 1482 1700 benedicta.
1534 1629 1573 1702 In

213 1738 334 1810 mundo
369 1738 547 1810 secundum
581 1737 858 1835 dispensationem
893 1762 986 1811 suam
1019 1751 1241 1815 conversatus
1273 1753 1337 1835 est,
1374 1743 1573 1840 reduxitque

213 1876 277 1928 nos
304 1853 346 1926 ad
371 1857 510 1949 patriam
536 1864 684 1926 nostram
709 1858 890 1950 pristinam.

316 1971 465 2042 Elccoos
490 1994 615 2042 vocem.
668 1970 732 2056 Qui
759 1994 833 2044 cum
858 1974 1049 2045 universam
1076 1972 1354 2069 dispensationem
1387 1999 1482 2048 suam
1508 2000 1571 2050 sa-

213 2088 351 2164 lutarem
379 2101 413 2163 et
438 2093 530 2162 vitae
556 2091 699 2187 plenam,
725 2091 978 2185 complevisset,
1014 2094 1219 2184 virtutesque
1250 2101 1284 2162 et
1308 2091 1466 2165 mbacnla
1491 2099 1571 2166 uni-

211 2211 323 2280 versis
349 2213 510 2281 creaturis
537 2207 753 2298 exhibuisset,
778 2218 1042 2304 potestatemque
1067 2204 1201 2278 rebellis
1228 2218 1262 2279 ct
1292 2208 1476 2283 seductoris
1503 2233 1571 2281 un-

213 2323 311 2420 dique
343 2323 545 2399 sustulisset:
579 2334 677 2419 atque
713 2323 754 2397 ad
788 2326 978 2419 passionem
1004 2322 1182 2396 salutarem
1213 2345 1275 2419 per
1307 2346 1455 2396 amorem
1489 2346 1572 2418 erga

211 2439 361 2513 homines
387 2464 481 2514 suum
506 2444 665 2529 venienS,
698 2462 819 2533 agnum
851 2440 939 2512 iham
972 2439 1116 2532 legalem
1146 2432 1161 2475 ³
1187 2462 1260 2511 cum
1296 2441 1392 2514 turba
1419 2439 1570 2537 discipu·
1605 2452 1610 2463 '

211 2555 319 2629 lorum
352 2578 486 2631 suorum
519 2556 736 2631 comedisset:
779 2559 947 2653 accipiens
978 2578 1098 2652 panem
1129 2559 1163 2628 in
1196 2578 1311 2629 manus
1345 2578 1423 2630 suas
1455 2580 1569 2652 puras,

210 2685 355 2761 sanctas,
381 2672 605 2745 immaculatas
632 2683 666 2745 et
691 2672 890 2769 impollutas,
917 2672 1055 2745 elevans
1071 2673 1186 2747 oculos
1212 2676 1245 2743 in
1272 2672 1413 2763 coelum,
1439 2674 1571 2768 aspexit

210 2789 252 2862 ad
279 2800 312 2862 te
337 2789 430 2861 Dens
456 2789 557 2862 Pater
582 2799 615 2860 et
641 2792 767 2881 gratias
794 2792 874 2881 agit,
900 2795 921 2871 †
946 2787 1128 2879 benedixit,
1155 2788 1421 2878 tsanctihcavit,
1447 2796 1468 2872 †
1492 2788 1568 2862 ire-

209 2908 278 2999 git,
314 2905 467 3000 deditque
499 2906 665 3002 discipulis
698 2909 766 2978 suis
798 2906 922 2978 sanctis
952 2903 1082 2978 dicens:
1120 2907 1287 3006 Accipite:
1323 2905 1485 2980 comedite
1524 2929 1570 2978 ex

211 3046 271 3096 eo:
298 3022 372 3094 Hoc
399 3032 451 3094 est
476 3043 597 3118 corpus
623 3043 745 3111 meum,
771 3019 859 3115 quod
883 3041 949 3092 vos
976 3031 1010 3092 et
1034 3020 1155 3095 multos
1182 3021 1296 3093 fideles
1322 3031 1500 3117 praeparat
1525 3020 1569 3094 ad

207 3143 311 3211 vitam
338 3148 515 3211 aeternam.

310 3256 471 3352 Populos.
521 3260 641 3333 Amen.

310 3373 493 3447 Sacerdos.
545 3376 700 3448 Similiter
727 3375 827 3446 etiarn
862 3382 896 3444 et
930 3371 1067 3444 cahcem
1099 3373 1179 3441 vino
1212 3380 1246 3442 et
1276 3393 1361 3465 aqua
1393 3380 1565 3467 tempera-

207 3499 293 3579 tum,
329 3495 456 3587 accepit
482 3503 516 3564 et
548 3496 674 3585 gratias
701 3494 781 3583 egit,
806 3496 827 3572 †
853 3488 1043 3577 benedixit,
1069 3493 1089 3569 τ
1116 3486 1344 3577 sanctificavit,
1370 3494 1390 3570 †
1417 3497 1451 3559 et
1477 3487 1565 3561 dedit

206 3604 325 3678 iisdem
350 3606 519 3703 discipulis
551 3606 726 3704 Apostolis
762 3608 830 3679 suis
864 3607 1002 3679 sanctis:
1035 3602 1163 3675 dicens:
1189 3604 1363 3699 Accipite,
1389 3603 1492 3677 bibite
1518 3628 1564 3677 ex

207 3745 250 3794 eo
276 3745 341 3795 vos
375 3747 507 3797 omnes:
539 3724 602 3796 Hic
636 3733 687 3796 est
714 3726 850 3814 sanguis
880 3745 973 3795 meus
1008 3719 1212 3792 Testamenti
1237 3718 1346 3810 Novi,
1379 3722 1467 3816 quod
1498 3744 1563 3797 vos

207 3848 241 3911 et
265 3838 384 3913 multos
410 3839 525 3914 lideles
550 3851 728 3936 praeparat
754 3837 797 3910 ad
822 3841 924 3911 vitam
950 3847 1128 3910 aeternam.

310 3955 469 4050 Populus.
520 3957 639 4029 Amen.

309 4071 492 4144 Sacerdos.
532 4073 673 4169 Semper
700 4081 808 4144 autem
834 4074 879 4142 ita
905 4069 1005 4140 facite
1026 4067 1068 4139 ad
1087 4071 1435 4141 commemorationem
1450 4072 1565 4142 mortis

206 4210 322 4259 meae:
350 4192 618 4285 quotiescumque
644 4192 730 4260 enim
757 4209 876 4284 panem
897 4186 982 4257 hunc
1007 4181 1245 4257 manducabitis
1271 4195 1304 4256 et
1330 4184 1466 4257 cahcem
1480 4185 1566 4257 hunc

206 4302 340 4395 bibetis,
365 4310 481 4378 mortis
507 4328 603 4378 meae
629 4308 820 4378 memoriam
846 4304 988 4392 faciatis,
1014 4311 1048 4372 at
1068 4305 1346 4374 resurrectionem
1372 4323 1480 4373 meam
1497 4324 1564 4374 an-

207 4420 408 4510 nuntiabitis,
435 4422 542 4495 donec
567 4424 709 4494 veniam.

311 4537 470 4631 Populos.
521 4539 640 4611 Mortis
666 4548 743 4609 tuae
768 4537 918 4610 Domine.

311 4652 485 4727 Sacerdos
518 4654 654 4726 cloccas
684 4676 810 4725 vocem.
863 4650 1063 4722 Universam
1103 4649 1275 4745 periodum
1312 4648 1566 4744 dispensationis

205 4779 283 4842 tuae
308 4771 461 4859 Domina,
488 4780 802 4858 commemorantes,
835 4766 1116 4863 obstupescimus,
1150 4777 1183 4838 et
1216 4766 1413 4839 admiramur
1442 4766 1565 4858 judicia

204 4888 428 4960 inscrutabilia
456 4898 525 4960 tua:
553 4872 778 4983 abyssumque
803 4880 1086 4981 impenetrabilem
1112 4882 1365 4979 dispensationis
1397 4889 1474 4953 tuae
1500 4906 1564 4957 sa-

206 5000 321 5076 lutaris
353 5012 490 5099 propter
520 5026 598 5077 nos:
634 5013 829 5098 conceptum
865 5012 970 5087 tuum,
1003 5022 1064 5095 per
1098 5021 1195 5094 quem
1237 4996 1401 5070 benedicti
1436 4996 1566 5069 brenrnt

161 5145 166 5153 ·
207 5141 325 5192 omnes
358 5122 527 5217 concepti:
562 5123 765 5193 nativitatem
795 5129 885 5191 tuam
916 5114 1117 5207 mirabilem,
1162 5126 1196 5188 et
1226 5114 1385 5187 miraculo
1417 5114 1565 5210 plenam:
