4525 6034
700 563 776 637 574
1127 565 1634 645 utssuttunvto

698 774 807 846 eaque
832 751 1026 837 luvocatio,
1053 774 1140 847 quae
1167 751 1263 825 alteri
1290 752 1506 848 subsequenti
1532 757 1634 829 valde
1660 756 1775 828 similis
1803 766 1865 846 est,
1890 761 1973 832 initio
1988 760 2042 833 bi-

698 871 828 959 turgiae
845 868 982 958 dicitur,
1008 867 1111 960 longe
1126 872 1319 965 priusquam
1342 874 1602 966 pronuncientur
1618 872 1724 945 verba
1742 873 1925 946 Domiuica.
1968 873 2053 949 Duas'

697 989 810 1079 itaque
848 985 1082 1058 invocationes
1116 984 1241 1058 babent
1271 986 1444 1084 Coptitae,
1479 1011 1589 1084 neque
1619 993 1713 1085 prior
1747 994 1963 1086 posteriorem
1988 1016 2044 1066 er-

699 1101 816 1190 cludit,
844 1112 878 1173 et
905 1101 1011 1174 simile
1043 1101 1197 1197 quiddam
1232 1102 1432 1176 observatur
1465 1107 1497 1176 iu
1532 1105 1654 1179 Officiis
1681 1106 1831 1180 Gothicis
1864 1118 1897 1179 et
1925 1113 2045 1181 vctusds

700 1217 890 1292 Gallicanis.
943 1218 1023 1290 Inde
1050 1220 1243 1310 conjectura
1271 1218 1345 1291 duci
1371 1230 1502 1315 potest,
1528 1224 1561 1292 in
1588 1221 1787 1295 Nestoriana
1821 1223 1967 1316 generali
1993 1223 2045 1296 bi-

699 1339 809 1428 turgia
842 1334 1004 1431 duplicem
1039 1357 1172 1431 quoque
1201 1336 1429 1411 Invocationis
1455 1337 1631 1411 formulam
1656 1338 1776 1412 inisse:
1802 1339 1865 1413 sed
1892 1351 1926 1412 ut
1947 1362 2046 1412 veron

697 1452 875 1540 fateamur,
903 1455 965 1524 etsi
998 1455 1191 1546 conjectura
1227 1454 1512 1526 verisimilitudine
1544 1478 1611 1529 non
1645 1466 1755 1546 caret,
1788 1454 1926 1552 probari
1955 1466 2047 1528 taum

698 1568 826 1664 absque
853 1567 1002 1642 subsidio
1029 1578 1237 1642 vetustorum
1264 1570 1414 1644 codicum
1442 1574 1503 1643 vix
1529 1582 1651 1666 potest.
1704 1572 1789 1644 Nam
1825 1572 1912 1667 quod
1943 1570 2047 1643 Meae-

697 1690 767 1760 sius
795 1709 869 1758 eam
897 1684 1071 1758 sustulisse
1097 1686 1269 1775 videatur,
1295 1708 1363 1758 non
1389 1685 1488 1781 plane
1514 1687 1630 1782 liquet,
1658 1710 1767 1784 neque
1783 1689 1875 1784 quod
1892 1692 1924 1760 iu
1942 1686 2049 1762 Codice

697 1801 836 1898 Josephi
862 1801 1076 1875 Patriarchae
1101 1823 1200 1875 mauu
1228 1803 1396 1898 descripto
1423 1827 1490 1878 non
1517 1817 1700 1900 comparet,
1727 1804 1849 1901 probat
1875 1828 1947 1877 eam
1973 1808 2050 1877 exti-

697 1924 778 1991 tisse
805 1923 838 1992 in
866 1922 1007 2014 antiquis
1034 1917 1223 2006 codicibus,
1255 1942 1331 1991 cunr
1365 1922 1439 2016 ipse
1465 1921 1632 2016 Josepbus
1667 1925 1731 1994 etsi
1758 1919 1801 1992 ad
1827 1920 1977 1993 Romana
1998 1943 2050 1992 sa-

698 2058 757 2108 cra
784 2038 963 2126 transierit,
989 2034 1186 2129 Romaeque
1213 2033 1372 2109 Codicem
1400 2061 1495 2112 suum
1522 2042 1710 2133 scripserit,
1736 2038 1964 2111 invocationis
1987 2035 2051 2107 ior-

699 2175 787 2225 mam
814 2155 847 2224 in
874 2153 947 2225 aliis
974 2151 1102 2225 duabus
1122 2151 1295 2245 Liturgiis,
1320 2153 1437 2227 iisdem
1453 2153 1579 2242 verbis,
1607 2165 1640 2226 et
1658 2154 1776 2226 eodem
1796 2154 1875 2226 loco
1891 2155 2053 2226 retinuerit

698 2268 737 2341 ln
773 2268 837 2342 nilis
869 2291 972 2364 porro
1007 2267 1135 2342 duabus
1170 2268 1339 2342 Theodori
1365 2282 1400 2343 et
1426 2269 1590 2360 Nestorii,
1629 2271 1803 2344 invocatio
1838 2274 1969 2361 integra
2002 2277 2052 2350 est,

701 2386 883 2481 similisque
910 2389 1076 2482 usurpatis
1103 2384 1191 2482 apud
1217 2385 1301 2460 alias
1325 2385 1498 2460 Ecclesiae
1524 2386 1695 2461 formulis:
1727 2398 1762 2460 ut
1788 2390 1821 2458 in
1849 2391 1928 2473 ista,
1954 2386 2054 2459 eadem

698 2501 806 2576 verba
833 2511 909 2575 sunt
935 2505 1080 2598 quaein
1106 2502 1257 2594 Liturgia
1287 2502 1530 2599 chrysostomi.

410 2632 514 2684 hostiae
525 2632 684 2696 tractique.
801 2619 910 2692 XXV.
964 2619 1060 2707 Quae
1096 2619 1226 2692 hostiae
1259 2618 1475 2710 fractionem,
1510 2623 1755 2709 intinctionem,
1782 2621 2056 2713 signationemque

375 2720 533 2818 ¹⁰⁸P⁰¹¹f¹⁶¹¹‘
579 2720 684 2818 antarum
699 2748 868 2835 spectant,
905 2757 1113 2808 communem
1153 2746 1407 2830 repraesentant
1442 2734 1606 2809 Ecclesiis
1649 2734 1802 2808 omnibus
1847 2732 2056 2808 Orientalibus

375 2804 547 2945 fflwmm
569 2807 684 2874 damph·
699 2852 1033 2948 Occidentalibusque
1060 2851 1279 2949 disciplinam,
1307 2876 1405 2948 quae,
1432 2857 1460 2925 si
1489 2852 1575 2926 absit
1599 2851 1682 2926 fides
1708 2852 1809 2924 realis
1831 2851 2056 2924 elementorum

697 2978 731 3044 in
758 2993 881 3067 corpus
916 2981 951 3042 et
982 2971 1180 3062 sanguinem
1213 2966 1336 3041 Christi
1368 2972 1666 3056 transmutationis,
1700 2968 1811 3041 locum
1844 2967 1972 3040 babere
2001 2986 2058 3037 non

697 3098 820 3186 potest,
849 3086 937 3183 quod
965 3088 1046 3160 satis
1072 3087 1185 3159 testati
1211 3096 1286 3158 sunt
1310 3087 1553 3172 Protestantes,
1580 3108 1656 3159 cum
1681 3085 1904 3157 haecomnia
1929 3083 2058 3156 fonditus

698 3209 900 3284 sustulerint.
952 3207 1000 3280 At
1032 3205 1120 3303 quod
1154 3206 1290 3279 diverso
1326 3205 1425 3276 modo
1459 3202 1578 3275 fractio
1613 3201 1691 3288 dat,
1730 3205 1764 3273 in
1799 3201 1983 3298 pluresque
2011 3196 2058 3270 vel

695 3331 874 3426 pauciores
900 3323 1097 3421 particulas:
1126 3332 1182 3395 aut
1200 3326 1281 3394 ritus
1298 3320 1473 3414 frangendi
1493 3331 1526 3392 et
1544 3318 1763 3412 consignandi
1779 3341 1849 3391 non
1875 3325 1921 3390 sit
1939 3319 2059 3391 omnino

697 3446 822 3530 similis
848 3465 966 3539 parum
992 3439 1104 3512 refert.
1156 3439 1239 3512 illud
1266 3441 1352 3512 enim
1379 3437 1555 3509 discrimen
1583 3460 1651 3508 non
1676 3436 1776 3509 modo
1796 3438 1884 3507 inter
1908 3433 2058 3507 Graecam

699 3572 732 3632 et
758 3559 945 3631 Romanam
970 3555 1160 3629 Ecclesiam
1187 3555 1259 3646 luit,
1286 3578 1360 3627 cum
1387 3577 1514 3628 summa
1542 3563 1634 3627 esset
1664 3556 1751 3625 inter
1780 3564 1959 3648 utramque
1984 3571 2060 3621 con·

699 3677 833 3762 cordia,
860 3676 921 3749 sed
946 3684 982 3747 ut
1015 3672 1157 3763 Graeci,
1189 3675 1236 3745 ita
1266 3669 1467 3744 Mazarabes
1501 3669 1640 3744 hostiam
1675 3672 1710 3740 in
1744 3669 1858 3765 plures
1891 3664 2060 3766 particulas

700 3792 859 3880 dividunt,
886 3790 974 3863 nulla
1001 3791 1078 3862 inde
1104 3791 1263 3862 novitatis
1290 3799 1346 3861 aut
1373 3789 1614 3882 superstitionis
1642 3789 1858 3859 accusatione
1887 3795 2016 3858 exorta.

410 3914 686 3981 saronmpnctoaua-
803 3907 926 3982 XXVI.
978 3908 1098 3980 Partes
1130 3905 1204 3979 illas
1236 3905 1408 3997 Liturgiae
1440 3906 1656 3998 praecipuas,
1691 3924 1773 3997 quas
1806 3901 2059 3994 designavimus

392 4001 493 4136 mii?
519 4000 687 4053 N⁰⁸t⁰f³⁰⁰⁸⁸
699 4025 891 4123 simplicitas
918 4047 979 4099 sua
1006 4022 1230 4097 commendat:
1257 4025 1290 4094 in
1317 4022 1390 4094 aliis
1417 4021 1481 4093 stili
1508 4018 1686 4092 Orientalis
1713 4017 1787 4113 plus
1813 4021 1917 4107 inest,
1945 4028 1979 4089 et
2001 4038 2058 4087 no-

393 4103 503 4153 w
521 4097 588 4140 Μ’
699 4144 814 4216 taralis
841 4140 927 4237 apud
960 4139 1032 4214 illas
1068 4148 1188 4232 gentes
1221 4139 1400 4212 verborum
1437 4135 1670 4221 redrmdantia,
1704 4138 1738 4206 in
1776 4156 1842 4230 qua
1870 4134 1991 4206 dudum
2016 4141 2060 4203 est

699 4284 773 4332 cum
801 4258 990 4351 elegantiae
1020 4258 1166 4353 purioris
1192 4251 1324 4329 laudern
1358 4252 1458 4351 Syri,
1492 4250 1691 4346 Arabesque
1717 4250 1829 4324 solent
1854 4256 2059 4324 constituere.

697 4378 735 4451 In
762 4376 826 4448 illis
853 4371 1106 4469 interpretandis
1140 4376 1185 4444 ita
1210 4375 1341 4444 versati
1368 4392 1499 4457 sumus,
1533 4379 1569 4441 nt
1593 4390 1704 4461 neque
1731 4368 1840 4441 stilum
1868 4366 2058 4441 floridiorem

698 4495 939 4578 affectaremus
967 4488 1056 4583 quod
1081 4488 1209 4561 Masius
1236 4488 1317 4561 iecit
1342 4490 1375 4560 in
1402 4510 1443 4559 ea
1465 4509 1561 4582 quam
1589 4482 1679 4556 dedit
1703 4483 1879 4578 Liturgiae
1904 4484 2059 4582 Syriacae

697 4609 823 4683 Basilio
850 4605 992 4679 tributae
1018 4609 1195 4678 versione:
1221 4628 1330 4701 neque
1356 4603 1498 4676 verbum
1523 4599 1632 4673 verbo
1659 4599 1864 4673 reddendum
1882 4601 2059 4673 arbitrare·

698 4752 781 4801 mur.
833 4726 871 4798 ld
898 4746 981 4798 sane
1008 4744 1112 4820 saepe
1138 4722 1210 4795 lieri
1235 4745 1303 4795 non
1328 4731 1457 4820 potest:
1493 4742 1569 4791 narn
1605 4720 1803 4814 synonqmis
1830 4717 1977 4791 abundat
1998 4716 2059 4788 liu-

702 4869 768 4938 gua
795 4844 956 4940 Syriaca,
988 4863 1074 4935 quae
1107 4861 1175 4912 uuo
1207 4862 1314 4937 prope
1347 4837 1421 4914 solo
1454 4835 1563 4910 verbo
1596 4833 1716 4907 Latino
1751 4836 1895 4930 exprimi
1920 4839 2059 4931 possunt

701 4965 749 5036 lta
776 4983 850 5034 vox
874 4957 1113 5030 misericordia
1146 4979 1233 5052 quae
1263 4959 1418 5029 continuo
1446 4957 1605 5038 occurrit,
1633 4974 1694 5047 per
1720 4959 1861 5046 quatrmr
1886 4962 1943 5025 aul
1967 4952 2057 5047 quitt-

702 5102 767 5175 que
793 5077 953 5172 Syriacas
980 5076 1187 5170 exprimitur,
1214 5083 1249 5145 ut
1275 5071 1361 5168 apud
1385 5071 1524 5143 Latinos
1554 5071 1730 5139 minmaiio
1758 5076 1793 5139 et
1817 5066 2056 5151 nriseriwrdia,
2168 5097 2174 5108 ·
