4525 6034
442 584 699 661 AllelllliRllll
724 581 993 661 incontinenti
1019 578 1293 658 intumuerint..
1502 577 1575 654 451

256 769 355 868 Ὑπὲρ
371 777 433 867 τῆς
455 774 495 845 ἐν
511 767 689 866 πνεύματι
707 769 801 869 ᾰγίῳ
816 770 880 866 (la-
964 769 1032 840 Pro
1058 768 1152 840 suma
1185 770 1259 858 ejus
1289 775 1324 838 et
1348 769 1404 862 pia
1434 768 1469 837 in
1495 763 1580 861 Spi-

207 885 378 982 βαίαςκυὶ
394 883 682 984 πὀεβοῦςαύτοὺ
695 883 875 960 mcccci-
912 885 976 957 ritu
1002 893 1118 957 sancto
1147 885 1398 973 constitutione,
1431 890 1581 960 sanctum

207 1021 305 1085 οεως·
336 999 404 1077 cdv
428 1002 536 1101 ἅγιον
562 1000 787 1097 ceredam·
808 1007 876 1076 τοῦ
912 998 1146 1096 supplicemus.
1165 1000 1343 1072 Dominum
1352 997 1580 1106 deprecemur.

207 1117 333 1217 κυρίου
351 1115 553 1213 δεηθώρυυ.

255 1231 356 1330 Ὑπὲρ
382 1240 444 1328 τῆς
474 1235 753 1334 ἐγχειρισθεὶσης
782 1230 881 1330 αὐτῷ
958 1232 1025 1303 Pro
1041 1231 1196 1303 Ecclesia
1211 1232 1274 1325 ipsi
1293 1233 1482 1303 commissa.
1501 1228 1580 1301 Do-

207 1349 403 1445 ὰκλησίας·
420 1357 488 1424 τοῦ
503 1335 633 1449 κυρίου
647 1347 848 1446 domitium.
906 1351 1030 1420 minum
1057 1349 1286 1444 deprecemur.

255 1464 356 1562 Ὑπὲρ
378 1471 439 1560 τῆς
456 1462 571 1540 αὐτοῦ
587 1464 679 1540 κατὰ
706 1463 798 1540 θεὸν
820 1460 883 1538 ad
959 1463 1027 1534 Pro
1054 1485 1116 1550 eo,
1151 1472 1186 1535 ut
1211 1463 1287 1535 Deo
1320 1460 1463 1557 placeat.
1502 1462 1582 1534 Do·-

206 1577 437 1680 υρεστήσεως·
456 1587 522 1656 τοῦ
535 1581 665 1679 κυρίου
673 1577 875 1677 dentitione.
908 1582 1032 1651 minum
1059 1577 1287 1676 deprecemur.

255 1695 357 1793 Ὑπὲρ
392 1703 454 1792 τῆς
490 1694 636 1787 εὐζοίας
670 1693 783 1771 αὐτοῦ
821 1694 882 1770 καὶ
959 1695 1027 1766 Pro
1054 1691 1145 1766 hona
1171 1697 1242 1766 vita
1269 1696 1353 1785 ejus,
1383 1702 1582 1766 mansuetu-

206 1809 876 1912 calmacnatcucxctacctcyvoow
915 1811 991 1882 dine
1023 1821 1057 1881 et
1091 1810 1254 1881 modestia
1288 1808 1330 1879 ad
1357 1812 1583 1901 cognitionem

206 1924 421 2025 εὐθύτητος·
444 1937 511 2003 τοῦ
527 1930 656 2028 κυρίου
672 1926 874 2024 deodrico.
914 1925 1127 1999 rectitudinis,
1154 1926 1333 1998 Dominum
1354 1924 1581 2020 deprecemur.

255 2042 357 2142 Ὑπὲρ
388 2053 457 2119 τοῦ
485 2047 760 2140 καταξυυθῆυαι
790 2044 883 2140 ἡμᾶς
960 2043 1005 2115 Ut
1037 2042 1128 2134 digni
1164 2039 1347 2113 efficiamur
1372 2038 1492 2113 bravio
1519 2064 1583 2118 su-

206 2167 271 2234 τοῦ
295 2159 479 2259 βραβείου
509 2167 570 2257 τῆς
599 2160 676 2236 ἅνω
711 2158 876 2256 κλήσεως·
913 2183 1042 2257 pernae
1067 2160 1267 2230 vocationis.
1311 2157 1489 2229 Dominum
1517 2156 1583 2227 de-

205 2282 270 2351 τοῦ
284 2276 417 2375 κυρίου
433 2275 635 2374 ὃεηθώμευ.
917 2296 1108 2372 precemur.

258 2390 401 2477 Πάντες
421 2393 510 2491 ὑπὲρ
535 2397 672 2468 ἑαυτῶν
692 2391 753 2465 καὶ
770 2390 884 2489 ἀλλή-
963 2393 1088 2466 Omnes
1115 2413 1178 2487 pro
1205 2389 1303 2462 nohis
1330 2393 1424 2488 ipsis,
1452 2397 1485 2462 et
1503 2412 1583 2460 mu·
1719 2475 1725 2490 ·

208 2515 283 2585 λων
299 2514 542 2609 &coemendo
568 2509 634 2586 τὸν
653 2507 781 2607 κύριον
802 2510 877 2584 ἱκε-
918 2521 975 2582 tuo
993 2511 1148 2580 intentius
1162 2506 1341 2579 Dominum
1356 2506 1584 2602 deprecemur.

164 2670 172 2683 ·
207 2623 402 2721 τεύοωρυυ.
964 2624 1125 2719 Popotnc.
1166 2623 1272 2721 llyrie
1299 2623 1446 2712 eleison,
1473 2628 1537 2693 ter.

247 2932 379 3003 Senior
398 2931 592 3023 Episcopus
612 2931 792 3003 deotercm
807 2955 903 3002 ntem
914 2934 1063 3024 imponet
1076 2952 1180 3025 super
1197 2936 1301 3023 capot
1321 2932 1394 3019 ρὐο
1408 2926 1536 2999 dicens.

309 3150 482 3223 Vocamus
516 3150 557 3222 N.
594 3149 737 3224 electum
770 3176 907 3227 servum
939 3155 1004 3226 Ilei
1038 3150 1339 3247 Archiepiscopum
1372 3162 1407 3223 et
1431 3149 1585 3223 Patriar-

206 3266 321 3356 cham,
349 3268 383 3336 in
408 3264 566 3338 Ecclesia
599 3265 749 3340 delectus
785 3278 945 3363 experte,
981 3277 1096 3340 sancte
1122 3266 1187 3339 Dei
1221 3267 1418 3355 innstbifis,
1443 3275 1476 3338 et
1501 3270 1585 3352 nvi.

205 3381 298 3454 urbis
328 3381 494 3454 Christum
521 3385 674 3471 amantis,
702 3382 920 3456 Orthodoxae
936 3383 1181 3470 Alexandriae,
1209 3393 1243 3455 et
1259 3386 1410 3475 regionis
1423 3382 1585 3480 Aegypti,

207 3508 242 3570 et
267 3497 381 3570 linium
409 3500 497 3590 ejus:
526 3497 568 3569 ad
594 3497 736 3590 gloriam
763 3510 797 3571 et
823 3497 983 3573 bonorem
1004 3503 1294 3587 sanctissimaeet
1310 3498 1586 3572 consubstantia-

205 3612 247 3686 lis
275 3613 466 3702 Trinitatis,
493 3614 617 3702 Patris,
645 3623 679 3687 et
705 3613 797 3704 unii,
824 3625 859 3687 et
884 3615 1026 3711 Spiritus
1054 3618 1170 3688 sancti.
1223 3614 1279 3686 Ad
1292 3637 1410 3711 pacem
1427 3624 1461 3687 et
1487 3615 1587 3687 aedi·
1663 3627 1668 3637 ‘

205 3729 398 3802 ficationem
423 3727 600 3802 Ecclesiae
628 3743 785 3821 sanctae,
812 3755 910 3827 quum
936 3732 1095 3805 formavit
1109 3753 1172 3827 per
1192 3731 1454 3802 lucarnationem
1482 3753 1586 3817 suam,

207 3855 241 3917 et
267 3868 331 3941 per
357 3849 549 3917 universam
576 3845 860 3943 dispensationem
877 3865 1070 3943 suannper
1087 3847 1338 3919 crucifixionem
1356 3869 1462 3933 suam,
1488 3869 1586 3918 mor-

206 3972 274 4034 tem
302 3970 338 4031 et
364 3964 644 4035 resurrectionem
671 3985 778 4051 suam,
804 3964 897 4036 Deus
925 3986 971 4035 ex
996 3964 1089 4050 Deo,
1116 3965 1305 4054 mrigenitus
1330 3961 1433 4034 Filius
1460 3962 1587 4049 Patris,

206 4075 373 4149 Dominus
399 4087 516 4148 noster
540 4078 639 4149 lesus
659 4077 825 4150 Christus:
853 4078 896 4151 ad
924 4080 1239 4150 demonstrationem
1263 4077 1459 4170 judiciorum
1487 4081 1588 4148 veri-

206 4194 297 4280 tatis,
320 4202 575 4288 sanctarumque
592 4193 873 4289 praedictionum3
889 4194 1117 4290 donorumque
1132 4214 1322 4266 sacrorum:
1339 4191 1587 4266 doctrinamm-

208 4330 274 4402 que
314 4307 487 4380 illustrium
528 4308 691 4400 fidolum,
727 4320 761 4382 et
793 4312 1073 4384 resurrectionem
1107 4332 1154 4381 ex
1191 4312 1348 4396 mortuis,
1391 4318 1425 4379 et
1465 4311 1587 4403 pignus

207 4421 413 4496 immutabile
438 4428 603 4519 usquein
630 4436 810 4501 aeternum.
862 4426 983 4498 Amen.

250 4553 395 4645 Ἄξιος,
425 4554 524 4641 ἄξιος
529 4614 541 4647 ,
571 4553 671 4642 ἄξιος
703 4556 808 4655 ἄββα
839 4567 880 4634 Δ.
967 4558 1120 4653 Populus
1155 4559 1288 4630 οἰουιοέ.
1347 4559 1498 4650 DignuS,
1534 4555 1586 4627 di-

208 4666 494 4768 οἷρχιεπίσκοπος.
866 4671 876 4687 “
921 4697 1026 4769 gnus,
1053 4674 1173 4768 dignus
1200 4685 1253 4748 est
1278 4674 1378 4746 Pater
1398 4673 1439 4745 N.
1459 4670 1588 4744 Archi-

920 4795 1110 4888 episcopus.

320 4920 401 4991 Tunc
427 4922 563 4993 elevant
587 4946 691 5017 saper
718 4931 823 5018 capnt
849 4930 922 5016 ejas
947 4931 1094 5020 pontana
1120 4922 1322 5016 Evangelio,
1351 4931 1386 4996 ct
1411 4926 1486 4994 dom
1507 4924 1585 4995 olu—

207 5041 342 5123 ποίου,
376 5037 507 5131 Dignus
535 5049 603 5127 est,
636 5043 810 5133 imponunt
836 5062 880 5111 cc
915 5045 1023 5133 capiti
1058 5041 1138 5132 epae.
1201 5040 1287 5110 Mac
1319 5037 1363 5111 eo
1392 5047 1588 5128 removent,-

238 5176 329 5218 romus
341 5177 357 5218 t
1333 5162 1380 5236 73
