4525 6034
707 583 730 656 6
1087 576 1265 656 ORDO
1321 575 1696 657 COMMUNIS

706 772 870 843 cntionem
896 768 1079 863 patiuntur:
1116 786 1179 861 pro
1211 763 1347 838 infirmis
1374 775 1408 836 et
1439 769 1632 862 oppressis3
1667 789 1729 863 pro
1764 772 1805 842 iis
1838 769 1979 844 omullus
2008 775 2054 867 pai

705 885 859 957 dixerunt
885 894 919 955 et
943 892 1188 979 praeceperunt
1212 880 1331 970 nobis,
1364 891 1400 953 ut
1425 884 1459 952 in
1483 886 1608 955 nostris
1635 883 1677 954 ad
1709 895 1743 957 te
1771 885 1933 959 Christum
1963 887 2053 960 Βιιιιιι

703 1011 855 1075 nostrum
880 998 1052 1097 precibus,
1080 1021 1196 1071 eorum
1222 1001 1505 1088 meminissemus3
1537 1022 1600 1095 pro
1633 1004 1722 1075 vivis
1758 1011 1792 1072 ct
1826 1005 1972 1075 mortuis:
2002 1024 2053 1099 pro

705 1120 887 1189 animarum
922 1117 1074 1210 ipsorum
1108 1117 1219 1210 quiete
1250 1113 1452 1187 incoelesti
1485 1112 1689 1188 Jerusalem:
1723 1139 1786 1212 per
1818 1119 2053 1191 intercessiones

704 1232 813 1304 Patris
839 1235 944 1304 nostri
970 1230 1109 1320 Adami,
1138 1238 1172 1301 et
1197 1228 1294 1301 Evae
1320 1233 1434 1303 matris
1460 1241 1614 1321 nostrae3
1640 1255 1703 1327 per
1718 1233 1966 1328 deprecationes
1981 1258 2053 1308 san-

704 1358 779 1420 ctae
805 1350 975 1441 genitricis
1001 1348 1066 1418 Dei
1091 1345 1237 1418 Mariae:
1263 1369 1326 1442 per
1352 1349 1522 1419 orationes
1537 1345 1777 1444 Prophetarum
1785 1340 1807 1438 ,'
1821 1349 2054 1445 Apostolorum,

703 1466 906 1560 Martyrum,
934 1460 1176 1536 confessorum
1202 1472 1237 1534 et
1263 1463 1399 1534 Patrum
1418 1472 1628 1553 nostrorum,
1653 1463 1838 1537 Doctorum
1857 1464 2054 1538 Orthodoxae

703 1579 799 1669 fidei:
833 1602 895 1675 per
933 1601 1054 1675 preces
1087 1582 1255 1671 virginum
1286 1581 1457 1674 utriusque
1490 1600 1615 1670 sexus,
1648 1590 1682 1651 et
1714 1583 1859 1655 omnium
1886 1593 2054 1681 sanctornm

705 1708 804 1792 atque
826 1699 1012 1787 justorum,
1039 1706 1073 1766 et
1097 1694 1284 1767 referemus
1311 1693 1369 1767 tibi
1395 1694 1553 1782 Domine,
1581 1695 1743 1788 gloriam,
1769 1696 1901 1770 laudem
1926 1707 1957 1769 et
1979 1697 2053 1769 ado·

703 1816 886 1903 rationem,
912 1821 946 1883 et
971 1812 1063 1883 Patri
1088 1821 1145 1882 tuo
1172 1821 1207 1882 et
1233 1810 1368 1907 Spiritui
1395 1820 1452 1884 turo
1479 1815 1561 1883 vivo
1589 1821 1623 1883 et
1648 1822 1765 1885 sancto
1779 1834 1867 1886 uuna
1882 1824 1915 1886 et
1928 1835 2054 1909 sempor.

807 1929 872 2001 His
900 1951 967 2022 pro
1004 1934 1155 2021 tempore
1186 1927 1242 1999 cel
1273 1926 1477 1998 Sacerdotis
1508 1927 1657 1999 arbitrio
1692 1929 1919 2024 momatur
1949 1931 2055 1999 cariae

705 2045 851 2137 ejusdem
870 2046 1008 2138 perceris
1031 2043 1229 2131 Orationes,
1251 2045 1298 2114 ad
1316 2042 1517 2137 Deiparam,
1536 2044 1734 2132 Prooemia,
1754 2044 1901 2133 Sedrae,
1921 2048 2055 2115 carram

704 2162 965 2256 Eplraemitica
979 2159 1034 2230 ccl
1045 2159 1254 2247 Jaeoditica,
1282 2160 1466 2232 Orationes
1475 2182 1543 2254 pro
1555 2164 1664 2231 variis
1682 2162 1949 2252 necessitatium,
1973 2184 2055 2232 corn-

703 2279 936 2350 mandationes
960 2279 1113 2371 vicorem
1139 2282 1174 2348 et
1197 2281 1414 2348 mortuoram.
1467 2276 1643 2348 Sacerdos
1673 2275 1817 2347 inclinat
1849 2300 1887 2348 rc
1918 2277 2056 2349 occetano

705 2396 818 2466 attare
844 2394 1059 2464 dextrorsum
1085 2398 1121 2463 et
1145 2395 1393 2482 aristereon,
1419 2414 1500 2463 moa
1518 2392 1742 2486 Presbyterio
1769 2395 1806 2461 in
1821 2395 1965 2464 circuita
1987 2397 2055 2483 aar,

705 2518 740 2583 ct
761 2510 890 2605 populo
917 2513 975 2604 pai
996 2531 1090 2603 puae
1117 2508 1209 2579 illam
1235 2514 1294 2579 eat.

810 2626 913 2699 Orate
938 2648 1001 2722 pro
1028 2648 1081 2696 me
1108 2632 1247 2721 propter
1272 2623 1457 2697 Dominum.
1511 2622 1627 2697 Gloria
1652 2624 1744 2697 Patri
1769 2637 1803 2697 et
1829 2625 1915 2699 Filio
1939 2635 1971 2696 et
1984 2622 2054 2719 Spi-

704 2746 780 2815 ritui
814 2750 953 2832 sancto,
987 2750 1054 2812 ῑιιιιι
1084 2742 1178 2812 initio
1211 2750 1355 2831 nostro,
1388 2763 1485 2837 quam
1517 2744 1551 2812 iu
1585 2740 1660 2812 line.
1720 2741 1831 2838 Super
1865 2764 1928 2816 nos
1963 2749 2055 2811 autem

704 2867 918 2956 peccatores,
944 2855 1193 2929 misericordiae
1219 2865 1253 2927 et
1279 2859 1448 2930 miseratio
1475 2854 1680 2929 effundantur
1707 2860 1741 2928 in
1766 2868 1909 2955 utroque
1936 2853 2054 2929 saeculo

704 2998 811 3068 nunc,
839 2983 902 3047 ate.
1584 3040 1587 3053 ,

807 3093 993 3164 moeonas.
1045 3092 1112 3164 Pro
1139 3112 1225 3185 pace
1252 3100 1285 3162 et
1311 3090 1560 3185 aanprillitate:
1587 3098 1625 3162 ot
1648 3115 1762 3186 sopra

808 3207 991 3279 Sacerdos.
1044 3207 1183 3279 Praesta
1207 3206 1352 3278 Domine
1383 3208 1475 3281 Deus
1508 3211 1700 3280 misericors
1733 3219 1767 3280 et
1801 3218 1931 3281 amator
1959 3205 2054 3277 homi·

704 3346 798 3411 num,
824 3334 860 3396 ut
885 3347 960 3395 oum
985 3325 1140 3412 scientia,
1173 3325 1309 3412 timore,
1344 3334 1378 3395 et
1410 3323 1579 3419 disciplina
1605 3324 1790 3420 spirituali,
1824 3345 1925 3418 pure,
1958 3342 2054 3393 coram

704 3449 740 3511 te
765 3443 1005 3528 consistamus,
1032 3449 1148 3511 sancte
1175 3436 1234 3510 tihi
1259 3442 1503 3512 ministremus:
1537 3450 1637 3536 teque
1663 3440 1855 3530 laudemus,
1889 3451 1924 3512 ut
1947 3438 2054 3511 Domi-

705 3578 783 3628 num
809 3566 843 3629 et
869 3559 1012 3628 omnium
1038 3556 1207 3651 opificem:
1234 3560 1288 3628 cui
1315 3555 1465 3628 adoratio
1492 3566 1526 3628 et
1551 3556 1657 3628 honor
1684 3556 1847 3629 uenenum
1880 3557 1922 3629 al)
1957 3557 2052 3628 omni-

703 3671 791 3763 ltus3
816 3672 958 3744 Domine
983 3669 1078 3743 Deus
1103 3683 1217 3746 noster
1242 3670 1300 3743 tibi
1326 3672 1434 3764 gloria
1459 3675 1492 3743 in
1521 3672 1673 3763 saecula,
1698 3673 1818 3745 Amen.

809 3789 858 3860 Et
884 3793 937 3857 ter
963 3789 1118 3858 incensat
1142 3791 1305 3881 mysteria
1330 3793 1367 3860 in
1393 3792 1506 3860 oracio
1527 3794 1691 3883 sormam,
1718 3796 1754 3860 ct
1778 3793 1814 3861 in
1834 3787 1957 3861 orbern.
1981 3786 2052 3858 lloa

704 3906 831 3976 dicitnr
857 3904 901 3974 alr
931 3902 1090 3974 omnibns.

809 4020 974 4093 Miserere
994 4023 1061 4092 mei
1082 4020 1175 4093 Deus
1193 4020 1372 4093 secundum
1389 4043 1544 4114 magnam
1564 4018 1825 4093 misericordiam
1844 4030 1942 4093 tuam
1965 4035 2052 4111 aare

705 4139 752 4208 ad
775 4142 875 4232 finem
900 4136 1039 4208 Psalmi.

809 4254 993 4326 Sacerdos.
1028 4253 1193 4327 Miserere
1218 4255 1283 4326 mei
1310 4253 1455 4325 Domine
1479 4252 1658 4325 secundum
1683 4253 1943 4327 misericordiam
1967 4262 2049 4337 tuum

706 4381 740 4444 et
765 4373 894 4443 remitte
918 4380 1057 4468 peccata
1083 4380 1199 4443 nostra
1225 4394 1286 4467 per
1312 4368 1519 4440 clementiam
1545 4378 1642 4441 tuam
1695 4368 1792 4440 Lava
1823 4371 2001 4464 iniqrritates
2022 4371 2049 4435 et

704 4489 867 4583 nequitias
892 4497 1044 4577 nostras,
1069 4486 1271 4558 multitudine
1296 4487 1517 4559 miserationis
1543 4495 1631 4557 tuae.
1660 4483 1730 4557 Cor
1756 4486 1910 4557 mundum
1936 4483 2047 4557 creain

704 4602 822 4696 nobis,
849 4606 1062 4699 spiritumque
1087 4602 1289 4676 rectitudinis
1315 4612 1349 4674 et
1375 4601 1582 4688 humilitatis,
1617 4611 1651 4672 et
1676 4600 1860 4674 sanctificet
1885 4601 2046 4692 cogitatio-

703 4743 765 4793 nes
791 4729 934 4793 nostras.
960 4717 1078 4791 Parius
1106 4726 1159 4791 est
1184 4721 1271 4791 enim
1297 4722 1425 4810 magis,
1451 4741 1549 4813 quam
1575 4716 1770 4790 holocausta
1795 4716 1933 4812 pacifica
1956 4709 2046 4784 etle-

704 4834 795 4927 galia
821 4835 993 4907 sacrificia.
1022 4835 1118 4906 Doce
1144 4836 1274 4930 iniquos
1299 4836 1389 4905 viam
1416 4845 1504 4906 tuam
1530 4843 1564 4905 et
1590 4842 1739 4907 errantes
1766 4832 1807 4903 ad
1833 4844 1868 4905 tc
1894 4835 2044 4912 conuerte,

706 4961 743 5022 ut
774 4951 906 5045 linguae
942 4968 1056 5024 eornm
1088 4953 1247 5042 justitiam
1282 4959 1370 5022 tuam
1406 4946 1595 5041 celebrent,
1635 4961 1670 5022 et
1701 4947 1960 5024 miserationibus
1993 4943 2043 5015 tuis

707 5071 851 5143 aeternis
877 5068 967 5161 digni
994 5068 1191 5161 efficiantur,
1216 5066 1332 5157 Pater,
1358 5064 1441 5158 Fili,
1468 5076 1532 5138 etc.
