4525 6034
295 1376 636 1496 diuturni
679 1395 702 1461 ¹·
751 1377 1122 1498 diluuntur
1160 1381 1374 1499 (llllllN
1390 1383 1498 1527 TIS,

428 1599 493 1689 QUI
518 1599 806 1677 ABULFleGlUS
833 1601 881 1676 ΕΤ
906 1600 1119 1678 nan-flmm
1144 1600 1282 1680 ordros
1309 1602 1391 1680 usi.

708 1854 831 1924 Oratio
858 1861 939 1926 onte
963 1855 1103 1926 Pacem,

291 2049 450 2152 Donum
478 2077 571 2166 Deus
598 2078 752 2148 virtutum
785 2076 901 2165 sortis,
935 2079 1146 2171 omnipotens
1182 2087 1216 2148 et
1247 2074 1407 2164 bellator,
1449 2082 1504 2173 qui
1539 2051 1600 2176 per

222 2195 394 2264 caritatem
421 2201 509 2263 tuam
535 2214 621 2287 pace
647 2191 779 2287 reples,
807 2195 863 2287 qui
888 2214 949 2287 per
975 2195 1117 2284 gratiam
1145 2195 1234 2266 tuam
1248 2193 1426 2266 confirmas
1445 2198 1478 2265 in
1500 2218 1600 2291 pace:

223 2312 379 2403 quicum
406 2329 558 2381 essemus
585 2310 619 2379 in
646 2307 767 2397 nihilo,
795 2306 915 2379 dedisti
940 2306 1039 2381 nobis
1065 2319 1101 2379 ut
1128 2330 1299 2396 essemus,
1334 2316 1368 2380 et
1392 2331 1455 2404 per
1481 2299 1601 2382 Filium

223 2434 314 2495 tuum
342 2423 514 2510 dilectum,
543 2427 597 2517 qui
624 2427 757 2515 genitus
784 2446 831 2494 ox
857 2433 890 2495 te
917 2433 969 2495 est
995 2423 1037 2496 ah
1067 2435 1227 2515 aeterno,
1253 2426 1422 2497 innovasti
1450 2434 1601 2498 naturam
1681 2517 1684 2524 .

224 2551 375 2613 nostram
406 2548 571 2624 creatam,
608 2538 714 2610 salute
747 2536 846 2610 nobis
878 2542 1056 2633 praestita,
1088 2543 1173 2611 iram
1204 2541 1303 2610 etiam
1337 2539 1502 2614 adversus
1535 2563 1599 2614 nos

210 2646 478 2751 compescuisti,
506 2656 704 2749 seruistique
730 2656 764 2725 in
790 2652 888 2726 nobis
915 2664 950 2725 et
979 2653 1020 2726 ad
1047 2676 1111 2727 nos
1135 2657 1296 2742 invicem,
1323 2655 1602 2749 tranquillitatem,

223 2774 416 2861 caritatem,
443 2780 477 2841 et
502 2769 725 2841 concordiam.
778 2769 831 2842 'lu
856 2792 944 2842 nunc
969 2770 1114 2842 Domine
1143 2774 1198 2865 qui
1213 2792 1306 2842 amas
1322 2769 1601 2865 tranquillitatem,

224 2894 258 2957 et
285 2890 340 2980 qui
366 2908 452 2981 poce
479 2884 677 2973 delectaris,
701 2885 827 2977 largire
853 2884 951 2959 nohis
978 2895 1014 2957 ut
1040 2889 1144 2958 simus
1170 2886 1245 2957 Filii
1272 2889 1419 2960 caritatis
1444 2896 1477 2958 et
1503 2897 1601 2957 tran-

224 3002 401 3097 quillitatis.
456 2998 634 3094 conjunge
668 3021 731 3073 nos
771 3023 888 3074 omnes
923 3000 981 3073 illo
1022 2999 1281 3073 benevolentiae
1313 3001 1466 3089 vinculo,
1503 3000 1601 3096 quale

224 3120 452 3191 necessarium
469 3127 521 3189 est
540 3115 582 3187 ad
609 3114 876 3188 conservandam
902 3138 1101 3212 compagem
1128 3127 1162 3188 et
1189 3116 1402 3189 concordiam
1424 3116 1600 3189 membro-

226 3256 298 3305 rum
326 3235 480 3329 corporis
500 3231 740 3304 Ecclesiastici.
792 3231 924 3304 Averte
944 3231 1074 3305 anobis
1092 3254 1225 3306 omnem
1239 3230 1363 3322 dolum,
1390 3231 1601 3321 divisionem,

224 3349 337 3423 cordis
365 3348 608 3444 duplicitatem,
634 3346 848 3441 linguamque
874 3346 958 3419 inira
1005 3358 1092 3420 atam
1125 3356 1159 3420 et
1189 3347 1381 3442 loquentem
1414 3346 1601 3439 maqmifica.

224 3464 278 3535 Da
304 3466 404 3536 etiam
430 3462 528 3535 nobis
555 3471 589 3533 ut
615 3461 853 3557 amplectentes
880 3466 970 3534 invio
993 3486 1044 3553 m,
1070 3466 1103 3535 in
1131 3465 1247 3557 spiritu
1282 3461 1414 3552 humili,
1449 3465 1599 3558 accipia-

224 3602 298 3652 mus
325 3586 493 3651 monetam
520 3581 618 3670 signo
645 3580 737 3649 vitas
764 3582 961 3674 impressam
1009 3601 1107 3673 quam
1143 3576 1254 3650 docuit
1288 3600 1372 3665 nos,
1408 3581 1463 3672 qui
1495 3581 1602 3649 vitam

223 3691 322 3765 nobis
349 3689 514 3787 praestitit
540 3692 690 3765 Christus
716 3691 817 3765 lesus
843 3692 942 3765 Dom'
989 3717 1006 3766 s
1032 3704 1169 3782 noster,
1197 3705 1230 3766 ct
1256 3696 1329 3788 pari
1354 3696 1483 3764 ratione
1509 3696 1601 3764 ima-

225 3811 356 3902 ginem,
384 3806 426 3879 ad
452 3808 626 3905 exemplar
652 3817 808 3879 exactum
833 3809 934 3881 lenita
961 3832 978 3881 s
1003 3812 1097 3902 regis
1124 3813 1231 3884 nostri
1247 3807 1456 3896 delineatam,
1484 3811 1602 3903 spiritu

225 3923 337 3996 humili
364 3934 398 3996 et
425 3927 533 3996 anima
561 3947 657 4021 pura,
682 3927 761 3996 unio
788 3935 902 3997 nostra
930 3929 1109 4022 exprimat,
1136 3926 1317 3998 constricta
1338 3922 1479 3997 vincudis
1506 3927 1602 3996 cari-

228 4042 304 4112 tatis
332 4049 367 4111 et
393 4038 578 4113 dilectionis
605 4037 863 4125 indissolubilis,
890 4050 957 4111 tam
982 4052 1113 4130 tecum,
1141 4063 1239 4135 qiam
1256 4043 1343 4110 inter
1361 4059 1425 4110 nos
1442 4041 1600 4124 invicem,

224 4177 287 4251 per
314 4177 389 4226 eum
415 4159 521 4251 ipsum
548 4155 741 4247 largitorem
769 4154 1030 4250 tranquillitatis,
1057 4159 1113 4251 qui
1140 4166 1174 4227 et
1201 4159 1274 4251 ipsa
1292 4153 1510 4249 tranquillitas
1537 4161 1601 4240 est,

223 4272 427 4362 unigenitum
453 4270 573 4343 Filium
600 4280 706 4361 tuum,
733 4293 807 4342 cum
835 4293 901 4366 quo
928 4283 962 4343 te
989 4270 1086 4343 decet
1103 4269 1212 4364 gloria
1240 4281 1272 4342 ct
1288 4268 1394 4343 honor
1411 4268 1506 4343 simul
1525 4288 1601 4338 cum

226 4384 352 4481 Spiritu
377 4394 435 4458 tuo
462 4396 579 4459 sancto
606 4408 711 4473 nunc,
738 4397 799 4458 etc.

329 4500 492 4595 Populos.
545 4504 664 4574 Amen.

331 4615 515 4688 Sacerdos.
568 4619 652 4689 Pax.

331 4731 494 4824 Populus.
547 4730 591 4803 m
617 4753 693 4803 cum
719 4733 835 4826 spiritu
861 4740 929 4804 tuo.

332 4847 521 4920 Diaconos.
574 4848 640 4919 Det
665 4849 891 4941 unusquisque
918 4869 1046 4942 pacem.

336 4963 499 5057 Populus.
553 4961 797 5057 Unusquisque.

331 5078 521 5150 Diaconos.
573 5077 665 5152 Post.
