4525 6034
497 631 544 706 IN
574 626 829 707 LlTURGth
862 627 1279 706 utstottntotttttt.
1502 629 1578 704 609

205 813 343 897 illapsum
358 813 455 877 sancti
470 813 601 895 Spiritus
614 816 645 878 in
668 813 746 877 dona
767 813 935 895 proposita,
959 829 1079 878 causam
1101 814 1219 878 scilicet
1240 813 1406 897 principem
1429 813 1577 893 miraculi,

206 931 267 996 quo
291 915 386 996 majus
409 914 507 976 animo
530 913 651 995 concipi
673 931 733 976 non
755 919 867 995 potest,
889 912 1059 995 designant,
1083 913 1216 996 illudque
1237 915 1303 978 fieri
1325 931 1385 976 non
1407 914 1437 975 in
1461 912 1578 993 lideles,

205 1022 239 1077 ut
260 1014 319 1096 ipsi
341 1032 397 1096 par
419 1012 508 1076 fidem
530 1014 679 1077 elementa
702 1012 887 1094 accipientes
910 1013 1074 1095 suscipiant
1092 1029 1204 1095 corpus
1220 1023 1251 1078 et
1266 1015 1445 1098 sanguinem
1456 1012 1579 1092 Christi,

206 1113 321 1177 dicunt:
345 1113 399 1176 sed
422 1114 453 1175 in
476 1131 584 1193 panem
606 1120 637 1176 et
658 1114 770 1190 vinum,
795 1113 895 1194 posita
917 1130 1011 1193 super
1031 1131 1166 1176 mensam
1189 1112 1429 1189 sacerdotalem,
1451 1130 1509 1175 seu
1531 1112 1579 1176 al-

205 1221 286 1290 tare;
317 1214 348 1275 in
376 1213 474 1294 ipsum
504 1213 615 1292 altare,
647 1230 707 1294 quo
730 1220 868 1294 tempore
896 1211 1027 1274 nondum
1057 1212 1215 1276 distributa
1244 1222 1306 1292 est,
1337 1218 1368 1274 ct
1395 1218 1579 1293 susceptaa

206 1312 494 1377 communicantibus
505 1312 704 1392 Eucharistia,
728 1311 848 1374 adeout
862 1310 898 1374 iis
920 1311 994 1375 solis
1016 1313 1119 1376 verbis
1143 1312 1322 1375 excludatur
1334 1328 1460 1394 prorsus
1475 1329 1579 1375 eorum

207 1413 321 1494 opinio,
344 1412 395 1493 qui
418 1410 490 1474 licet
512 1411 680 1474 realitatem
702 1411 860 1493 quamdam
882 1411 1045 1486 admittant,
1070 1430 1136 1474 eam
1150 1420 1263 1494 negant
1276 1411 1445 1475 consistere
1463 1411 1579 1491 absque

206 1530 263 1575 usu
286 1509 481 1574 sacramenti.
526 1510 630 1592 ltaque
659 1509 771 1594 Angeli
799 1497 858 1573 illis
887 1511 917 1572 in
947 1511 1133 1575 orationibus
1167 1511 1307 1575 dicuntur
1329 1510 1424 1573 altare
1447 1511 1580 1573 circum-

206 1619 288 1674 stare
319 1629 386 1673 cum
416 1611 522 1674 timore
552 1619 582 1672 et
613 1617 761 1688 tremore,
793 1618 824 1672 et
850 1610 989 1691 aspicere
1017 1609 1213 1674 Sacerdotem
1246 1610 1435 1694 frangentem
1466 1628 1579 1692 corpus

208 1709 334 1774 Christi:
359 1728 437 1790 quae
458 1711 554 1772 verba
575 1710 660 1772 nihili
683 1708 792 1786 forent,
814 1711 841 1773 si
863 1709 914 1791 qni
936 1709 986 1772 illa
1005 1711 1036 1772 in
1049 1709 1196 1773 Ecclesiis
1213 1710 1349 1773 canenda
1365 1711 1579 1791 praescripse-

206 1816 288 1889 runt,
312 1810 520 1889 credidissent,
543 1808 616 1872 nihil
637 1818 699 1872 tum
720 1809 814 1872 inisse
837 1810 868 1871 in
889 1828 992 1873 mensa
1006 1809 1223 1889 Eucharistiae,
1246 1817 1370 1892 praeter
1391 1808 1470 1871 nuda
1493 1810 1579 1890 panis

207 1911 326 1972 etvini
349 1909 515 1988 elementa,
545 1928 623 1991 quae
651 1927 708 1990 per
735 1909 823 1972 iidem
849 1916 992 1990 suscepta
1013 1907 1193 1972 exhiberent
1215 1926 1327 1990 corpus
1350 1916 1381 1971 ct
1403 1909 1581 1990 sanguinem

208 2007 328 2072 Christi.
374 2005 448 2070 Cum
471 2007 562 2071 etiam
582 2010 613 2071 in
635 2008 740 2071 iisdem
763 2007 956 2071 Orationibus
979 2006 1089 2071 dicunt.
1117 2007 1227 2071 Omnes
1246 2009 1351 2089 fideles
1373 2027 1441 2070 cam
1463 2009 1581 2071 taetitia

207 2109 346 2188 spiritus,
368 2109 467 2169 cerate
488 2116 519 2170 et
540 2109 737 2188 confiteamur
758 2108 871 2189 absque
892 2108 1001 2188 dudio,
1031 2109 1136 2170 cidere
1157 2127 1214 2170 mos
1235 2127 1328 2188 saper
1349 2107 1443 2169 abari
1462 2114 1580 2184 sancto,

206 2206 325 2288 Apnam
332 2205 393 2268 Dei
409 2210 461 2286 qai
478 2209 612 2289 quotidie
633 2227 706 2270 ecce
728 2209 922 2287 sacrificatio
942 2208 1215 2287 sacramentaliter,
1238 2216 1269 2269 at
1287 2208 1365 2270 aicit
1385 2207 1418 2268 in
1439 2206 1581 2269 saccata:

207 2307 366 2386 unicuiqae
387 2307 545 2383 dividitur,
568 2314 598 2369 et
616 2327 678 2370 non
692 2308 794 2388 deficit
807 2308 1065 2383 antimminaitar,
1087 2305 1176 2370 iidem
1199 2324 1283 2370 suam
1304 2307 1580 2388 perspectissimam

207 2405 330 2484 iaciunt,
353 2424 421 2467 cum
443 2406 556 2470 similes
579 2409 743 2471 sententias
755 2405 948 2486 Relonnatio,
971 2408 1060 2470 etiam
1076 2424 1093 2466 a
1110 2405 1357 2470 Sacramentariis
1370 2403 1581 2480 remotissima,

208 2505 290 2569 serre
303 2508 479 2587 nonpossit.
514 2507 573 2580 Qui
595 2507 674 2570 enim
696 2509 738 2570 ita
758 2507 932 2587 loquuntur,
956 2505 1136 2589 significant,
1159 2505 1189 2568 id
1212 2505 1293 2587 quod
1315 2504 1420 2568 vident
1440 2506 1472 2566 in
1495 2503 1582 2565 altari

135 2603 137 2608 ⁴
208 2606 349 2686 positum,
373 2623 442 2668 esse
465 2623 576 2686 corpus
600 2604 722 2684 Christi,
746 2605 847 2668 vivum
869 2606 995 2686 scilicet,
1018 2604 1139 2687 quando
1161 2604 1235 2668 illud
1251 2612 1362 2668 vocant
1375 2603 1493 2684 Apnam
1504 2602 1582 2665 Dei.-

208 2713 379 2788 agnoscunt
408 2705 605 2784 sacrificium,
638 2705 721 2786 quod
750 2705 820 2768 dum
850 2705 1113 2769 Sacramentaliter
1138 2706 1204 2768 sive
1231 2705 1358 2786 mystice
1385 2701 1451 2764 fieri
1480 2700 1582 2764 dicunt

211 2813 382 2885 agnoscunt
404 2804 584 2867 sacrificium
605 2805 792 2867 incruentum
814 2807 898 2887 cujas
921 2803 1163 2886 frequentissima
1186 2804 1297 2867 mentio
1320 2809 1367 2866 est
1388 2803 1418 2864 in
1439 2801 1583 2882 precibus

207 2902 384 2986 Liturgicis,
415 2903 543 2980 Latinis,
573 2903 698 2966 Graecis
728 2911 758 2966 et
781 2903 846 2966 aliis
869 2904 1083 2985 cujuscumque
1108 2903 1241 2986 linguae.
1284 2901 1384 2965 Dividi
1406 2917 1526 2982 quoquc
1549 2901 1581 2963 in

206 3010 311 3083 partes
334 3021 445 3083 corpus
468 3003 595 3082 Christi,
623 3010 654 3064 et
676 3001 814 3066 fidelibus
837 3002 985 3079 distribui,
1007 3004 1048 3065 ita
1069 3009 1103 3064 ut
1124 3020 1224 3083 neque
1248 3002 1378 3079 deficiat,
1400 3017 1499 3080 neque
1521 3001 1581 3062 mi-

207 3112 330 3180 nuatur,
362 3102 400 3164 ad
430 3102 577 3165 elementa
604 3103 692 3182 panis
720 3103 840 3164 etvini
867 3102 977 3166 reterri
1006 3120 1068 3166 non
1095 3111 1213 3184 potest,
1241 3121 1308 3165 cum
1330 3100 1380 3163 illa
1402 3099 1581 3180 minuantur,

143 3207 149 3217 “
207 3201 399 3263 absumantur
421 3208 452 3263 et
474 3201 626 3265 deiciant:
650 3202 743 3284 igitur
764 3201 803 3263 ad
824 3202 921 3282 ipsum
945 3221 1057 3285 corpus
1070 3202 1181 3265 Christi
1202 3200 1366 3265 referenda
1388 3206 1472 3261 sunt:
1496 3205 1580 3262 tanto

206 3301 304 3381 magis
328 3299 408 3381 quod
432 3298 501 3363 alibi
524 3302 598 3364 satis
621 3319 706 3363 suam
729 3300 786 3381 ipsi
808 3300 898 3363 iidem
920 3302 1086 3382 explicent:
1111 3320 1177 3364 cum
1198 3301 1281 3364 Elias
1304 3300 1421 3363 illorum
1444 3297 1581 3361 Catholi-

208 3417 262 3462 cus
284 3398 343 3462 hoo
366 3400 487 3461 nomine
510 3401 632 3479 tertius,
655 3401 686 3462 in
708 3399 906 3481 Expositione
928 3400 1014 3481 fidei,
1036 3420 1124 3483 quam
1148 3401 1284 3483 scripsit,
1307 3418 1375 3463 cum
1397 3405 1481 3460 esset
1502 3397 1580 3460 Hie-

206 3496 438 3578 rosolymitanus
460 3497 669 3581 Metropolim,
699 3506 805 3580 aperte
827 3506 954 3563 testatus
976 3499 1066 3563 fuerit
1087 3503 1201 3564 matari
1221 3499 1420 3563 substantiam
1438 3499 1531 3576 panis
1552 3504 1583 3559 et

206 3597 285 3671 cini,
313 3597 346 3658 ia
373 3595 572 3660 adamatica
601 3601 741 3678 corporis
762 3605 793 3660 et
813 3601 971 3681 sangoinis
992 3599 1122 3680 Christi,
1151 3609 1185 3664 ut
1212 3620 1253 3663 ex
1282 3598 1376 3682 ipsius
1406 3597 1579 3660 testimonio

207 3703 336 3771 constat,
359 3694 440 3775 quod
463 3696 533 3758 alibi
555 3698 722 3761 retulimus.
760 3698 849 3771 Quod
871 3701 898 3762 si
920 3718 1127 3782 quaecumque
1149 3699 1208 3764 illis
1231 3698 1417 3764 orationibus
1439 3697 1580 3759 contine-

207 3802 266 3873 tur,
290 3794 424 3857 oratorio
446 3797 547 3875 potius
570 3815 658 3878 quam
681 3797 866 3881 Theologice
896 3798 992 3878 dicte,
1025 3800 1160 3864 nonnulli
1191 3799 1388 3877 contendant,
1423 3796 1580 3860 fatebimur

206 3912 268 3956 non
290 3895 387 3956 omnia
410 3895 508 3976 rigide
531 3903 561 3958 et
583 3896 620 3960 ad
642 3897 759 3960 literam
781 3898 992 3983 intelligenda,
1022 3910 1056 3964 ut
1085 3901 1136 3964 illa
1158 3901 1304 3981 Spiritum
1326 3908 1465 3962 sanctam
1485 3897 1580 3960 hadi-

207 4001 273 4055 tare
294 3996 326 4056 in
344 4013 428 4073 pane
449 4004 479 4057 et
501 3999 691 4059 commisceri
711 3998 743 4059 in
766 3998 870 4060 calice.
916 4000 975 4064 Sed
998 3998 1104 4063 saltem
1125 3998 1279 4063 fatendum
1301 4006 1358 4077 est,
1381 3997 1457 4061 baec
1480 4006 1512 4061 et
1533 3997 1580 4059 si-

206 4092 285 4155 milia
307 4094 400 4156 scribi
422 4111 483 4156 non
504 4113 598 4177 posse
621 4097 658 4159 ab
682 4097 718 4159 iis
741 4097 920 4178 quiveram
942 4105 972 4160 et
993 4099 1221 4162 substantialem
1237 4099 1452 4162 elementorum
1476 4107 1579 4160 trans-

207 4194 401 4255 mutationem
422 4210 484 4256 non
508 4194 685 4258 crederent:
709 4205 769 4259 tum
786 4197 913 4279 simplici
926 4216 1031 4277 sensu,
1045 4199 1219 4283 significare
1231 4199 1437 4280 operationem
1450 4197 1579 4260 divinam

207 4290 238 4352 in
261 4291 340 4352 dona
362 4293 534 4373 proposita,
565 4312 622 4376 per
644 4296 762 4378 insigne
786 4305 817 4359 et
839 4299 919 4360 omni
942 4298 1068 4362 humana
1089 4299 1208 4363 ratione
1229 4299 1371 4380 superius
1393 4298 1579 4376 miraculum,

208 4408 337 4472 nonper
352 4394 630 4457 communicantium
642 4394 740 4474 iidem,
763 4415 851 4478 quam
872 4406 906 4461 ut
921 4400 1125 4461 necessariam
1138 4401 1308 4481 requirunt,
1332 4396 1369 4459 ad
1384 4393 1579 4478 percipienda

209 4489 591 4570 cumirnctuSacramonta,
601 4512 661 4557 non
673 4514 748 4559 vero
764 4496 800 4558 ad
810 4497 995 4561 alliciendum
1005 4506 1037 4560 ut
1045 4498 1411 4562 bantcommunicantibus
1427 4513 1538 4578 corpus
1550 4501 1581 4556 et

208 4590 334 4671 sanguis
345 4588 467 4667 Christi,
490 4593 521 4653 in
543 4611 620 4674 quae
644 4603 838 4659 transmutata
862 4615 932 4660 esse
954 4599 1041 4678 panis
1064 4608 1094 4662 et
1109 4599 1171 4662 vini
1184 4599 1342 4676 elementa,
1361 4598 1423 4678 J'am
1442 4595 1580 4672 credunt,

209 4688 321 4768 alioqui
343 4689 456 4752 similes
480 4694 632 4757 orationes
656 4702 724 4758 ante
747 4697 984 4760 communionem
1007 4716 1067 4761 non
1096 4707 1287 4779 usurparent.
1333 4697 1394 4762 Sed
1421 4695 1480 4760 alio
1511 4694 1579 4757 loco

207 4786 305 4850 fusius
328 4789 486 4870 probatum
510 4800 572 4872 est,
601 4793 798 4858 Nestorianos
825 4813 887 4860 non
910 4798 1006 4860 minus
1029 4816 1117 4880 quam
1139 4798 1273 4880 reliquos
1296 4795 1466 4860 Orientalcs
1489 4793 1581 4858 Chri-

207 4888 322 4950 stianos
349 4887 390 4951 de
418 4892 548 4953 veritate
578 4894 716 4974 corporis
744 4904 775 4957 et
803 4897 960 4979 sanguinis
983 4895 1095 4961 Christi
1117 4901 1148 4961 in
1169 4898 1374 4974 Eucharistia,
1397 4896 1475 4959 idem
1499 4893 1579 4976 quod

209 4986 341 5051 Romana
363 4995 447 5052 tenet
467 4990 621 5074 Ecclesia,
646 4994 789 5058 credere:
812 4995 952 5079 illamque
976 5015 1165 5062 communem
1187 5017 1257 5063 esse
1278 4995 1407 5061 omnium
1430 4992 1581 5058 Christia-
