4525 6034
729 580 805 655 506
1298 580 1531 660 NOTAE

727 765 823 830 lusius
847 775 1048 849 exponerent,
1070 767 1099 830 id
1123 766 1193 850 Syri
1215 767 1458 850 frequentissime
1480 767 1635 848 lecerunt,
1657 778 1690 833 ut
1712 778 1801 834 autor
1822 772 1902 834 istius
1922 771 2051 856 liturgiae,

728 864 854 930 aliorum
877 868 1026 950 exemplo.
1071 866 1196 930 Addidit
1225 876 1325 931 autem
1355 867 1436 950 quod
1464 887 1505 930 ex
1526 868 1694 954 Evangelio
1717 887 1780 933 nou
1800 870 1936 947 babetur,
1961 875 2004 935 sed
2024 895 2053 938 er

728 967 888 1030 traditione
910 987 928 1031 a
951 967 1050 1029 multis
1078 968 1191 1030 sanctis
1222 968 1360 1031 Patribus
1389 967 1580 1047 confirmata,
1612 968 1762 1032 Christum
1792 970 1970 1034 Sacramenta
1994 973 2053 1053 quod

726 1067 900 1130 instituebat
928 1067 1179 1141 communicasse;
1209 1067 1349 1148 idemque
1379 1068 1559 1130 observatur
1585 1069 1615 1130 in
1638 1068 1781 1152 Liturgiis
1804 1068 2010 1150 Alexandrinis,
2032 1073 2054 1133 ir

726 1167 931 1243 Nestorianis,
963 1175 993 1229 et
1020 1168 1050 1228 in
1073 1166 1221 1248 aliquibus
1245 1168 1378 1250 Syriacis
1399 1166 1584 1231 lacobiticis.
1631 1166 1743 1230 Omnes
1765 1169 1923 1231 secundum
1943 1169 2054 1252 Evange-

727 1267 810 1328 listas
840 1274 870 1328 et
897 1267 1019 1329 Paulum
1048 1266 1227 1348 Apostolum
1258 1266 1368 1330 habent
1396 1267 1476 1348 qnod
1500 1286 1557 1346 pro
1579 1266 1667 1329 vobis
1688 1275 1719 1329 et
1734 1286 1794 1347 pro
1816 1269 1912 1329 multis
1928 1269 2055 1350 srmrpitu,

726 1373 757 1429 et
775 1386 835 1447 pro
856 1367 944 1428 uobis
966 1375 996 1428 et
1013 1387 1073 1447 pro
1094 1367 1195 1428 multis
1216 1364 1394 1447 effunditur,
1423 1365 1524 1429 nullae
1556 1365 1650 1429 ferme
1672 1374 1705 1429 ut
1727 1366 1776 1428 hic
1797 1367 1920 1449 legitur,
1944 1388 1994 1448 pro
2010 1371 2056 1430 mic

725 1466 837 1527 mucidi.
873 1466 943 1530 'Sed
966 1473 1069 1528 emant
1091 1466 1211 1547 integra
1234 1464 1345 1529 Christi
1367 1466 1472 1543 verba,
1494 1464 1561 1528 Hoc
1582 1475 1629 1528 ert
1650 1465 1768 1546 Corpus
1789 1487 1894 1542 meum,
1914 1475 1952 1543 et,
1969 1468 2059 1530 llicest

726 1564 811 1625 cotia
837 1567 994 1645 sorrprtinis
1023 1567 1091 1629 mei.
1137 1564 1170 1626 ln
1199 1551 1259 1627 uno
1290 1564 1404 1628 Codice
1434 1565 1561 1629 deerunt
1591 1565 1622 1627 iu
1648 1564 1745 1629 dorma
1772 1564 1875 1628 calicis
1896 1568 2057 1630 consecrandi

725 1661 802 1725 baec
824 1665 924 1726 verba.
962 1664 1020 1726 Hic
1042 1672 1089 1725 eat
1107 1663 1240 1744 Surrguia
1261 1683 1345 1726 meam
1366 1664 1447 1727 Nooi
1468 1665 1648 1726 Testamenti
1667 1667 1719 1745 qui
1735 1684 1796 1745 pro
1817 1665 2058 1747 eobhefflmditm

725 1769 853 1842 peccato
875 1762 975 1843 potius
998 1762 1111 1824 librarii
1132 1764 1359 1843 praetermissa,
1384 1781 1472 1845 quam
1494 1771 1579 1826 certo
1604 1762 1742 1842 consilio,
1765 1781 1834 1825 oum
1856 1765 1885 1824 iu
1899 1763 2058 1843 alteroejas·
2082 1749 2091 1770 ⁸

726 1861 794 1925 dem
823 1860 980 1946 Liturgiae
1009 1863 1177 1944 exemplari
1207 1870 1342 1942 exstent,
1374 1863 1454 1925 unde
1484 1862 1533 1925 illa
1564 1862 1779 1943 supplevimus.
1824 1862 1901 1925 Sane
1928 1864 1957 1924 iu
1981 1864 2058 1943 pausia

723 1959 783 2023 illis
811 1961 954 2044 Liturgiis
982 1981 1058 2043 quae
1088 1949 1183 2024 verba
1207 1961 1319 2025 Christi
1349 1965 1502 2042 omittunt,
1532 1963 1563 2024 in
1593 1969 1719 2043 utraque
1749 1961 1848 2025 forma
1876 1961 2057 2038 desideruntu,

723 2078 785 2124 non
809 2063 839 2123 in
862 2061 1018 2128 alterutra.
1062 2060 1257 2143 Paraphrusis
1280 2064 1469 2144 sequentium
1491 2061 1664 2138 verborum,
1687 2064 1926 2143 quotiescumque
1942 2061 2059 2140 ferentin

723 2161 751 2224 si
773 2178 834 2223 nou
856 2170 998 2225 accurate
1020 2179 1088 2224 cum
1110 2161 1314 2244 Evangelistis
1337 2165 1496 2238 convenit,
1525 2170 1556 2224 at
1583 2162 1776 2243 perspicuum
1805 2163 1938 2223 continet
1960 2158 2017 2221 idei
2032 2156 2059 2219 de

722 2259 913 2324 Eucharistia
935 2259 1167 2338 contessionem,
1191 2280 1269 2342 quae
1292 2263 1319 2324 si
1341 2261 1411 2343 quid
1436 2261 1627 2330 obscuritatis
1650 2263 1680 2323 in
1703 2260 1761 2323 illis
1775 2261 1975 2336 verbisiorea
1993 2258 2059 2339 plene

723 2359 899 2439 discuteret,
922 2360 992 2424 duur
1015 2361 1096 2443 quod
1120 2361 1270 2425 Christum
1289 2361 1446 2442 Apostolis
1469 2360 1693 2424 denuntiantem
1714 2369 1927 2441 repraesentat
1940 2358 2060 2441 liturgiae

724 2468 826 2540 autor,
853 2460 990 2524 omnibus
1013 2460 1052 2524 ad
1073 2460 1243 2523 Ecclesiam
1265 2479 1349 2524 suam
1373 2461 1578 2543 spectantibus
1602 2459 1780 2524 Christianis
1801 2462 1975 2542 praedicare
1993 2456 2062 2520 iutel-

722 2558 864 2642 ligendus
887 2561 935 2623 sit.

722 2908 757 2980 3.
796 2907 841 2979 tu
867 2908 1052 2979 adueniens
1077 2911 1305 3003 requiescens,
1332 2915 1367 2980 et
1393 2907 1537 2979 illubens
1552 2930 1655 3001 super
1670 2912 1834 3000 mysteria
1860 2907 1946 2978 boec
1968 2925 2062 3000 poam

960 3004 1093 3119 quidem
1119 3031 1319 3098 lruumrutet
1344 3027 1380 3095 iu
1407 3022 1541 3117 Corpus
1564 3024 1636 3095 Dei
1661 3027 1781 3113 nostri,
1810 3031 1876 3095 etc.

817 3217 871 3295 Da
893 3227 1113 3312 significatione
1135 3246 1254 3308 vocum,
1278 3246 1355 3310 quae
1378 3228 1408 3290 in
1430 3228 1488 3290 bac
1510 3228 1647 3290 oratione
1669 3224 1863 3308 frequentius
1886 3225 2060 3290 aChristian'o

721 3332 924 3396 Orientalibus
946 3339 1130 3414 usurpantur
1152 3334 1182 3394 in
1204 3331 1466 3395 observationibus
1482 3331 1770 3412 adaliasLiturgias
1785 3331 1968 3407 dictumest,
1989 3345 2062 3411 quan

719 3441 781 3496 tum
803 3435 877 3496 satis
899 3441 979 3495 erut:
1003 3439 1167 3512 notumque
1181 3430 1317 3495 diversas
1332 3431 1410 3511 illas,
1432 3432 1545 3506 veniat,
1560 3430 1714 3506 ι’ἱὶαϋαιιιν,
1729 3431 1913 3512 requiescat,
1928 3427 2061 3501 cumbet

719 3532 826 3595 eodem
849 3550 942 3594 sensu
964 3533 1116 3614 usurpari:
1141 3531 1301 3612 aliquando
1323 3550 1422 3611 unam,
1445 3529 1550 3613 plures
1573 3530 1705 3610 saepius,
1728 3529 1783 3591 sed
1807 3530 2062 3607 sententiasemper

719 3632 833 3697 cadem.
856 3631 910 3695 llla
923 3640 981 3710 est,
1005 3631 1153 3694 adventus
1176 3632 1303 3713 Spiritus
1325 3632 1421 3695 sancti
1444 3630 1584 3712 precibus
1600 3628 1756 3691 Ecclesiae
1776 3621 1960 3709 postulatus,
1979 3641 2061 3705 nempe

719 3729 844 3793 effectus
867 3732 973 3814 aliquis
995 3750 1088 3814 supra
1110 3739 1235 3794 naturae
1259 3731 1410 3811 ordinem,
1441 3731 1622 3813 insigneque
1644 3726 1835 3789 miraculum:
1866 3734 1899 3790 ut
1920 3729 2062 3808 requiescat

718 3848 813 3911 super
835 3830 914 3894 dona
935 3832 1107 3913 proposita,
1138 3832 1196 3894 hoc
1218 3839 1282 3909 est,
1305 3839 1339 3894 ut
1361 3832 1391 3894 in
1413 3830 1639 3909 illisoperetur
1660 3826 1749 3904 illud,
1777 3826 1909 3889 mirabrli
1931 3827 2061 3907 illapsuct

718 3930 945 3995 obumbratione
974 3950 1042 4007 sua,
1073 3931 1319 4013 quemadmodum
1348 3931 1377 3993 in
1407 3936 1539 3992 sanctum
1561 3928 1715 4010 Virginem
1739 3928 1962 4006 superveniens
1982 3925 2062 3986 lucur-

718 4031 846 4093 nationis
863 4029 1037 4111 mysterium
1060 4033 1090 4095 in
1106 4051 1143 4095 ea
1157 4030 1334 4094 mirabiliter
1355 4029 1482 4111 perfecit
1502 4035 1535 4090 ut
1557 4027 1667 4090 docent
1682 4042 1786 4088 omnes
1800 4025 1972 4088 Orientales
1983 4022 2062 4086 Theo·

717 4129 799 4213 logi,
822 4130 1037 4212 cujuscumque
1064 4140 1176 4195 sectae.
1222 4131 1297 4195 Cum
1319 4148 1394 4192 vero
1424 4131 1454 4191 in
1484 4127 1622 4209 sequenti
1656 4126 1801 4188 orationis
1839 4133 1929 4207 parte
1961 4124 2062 4186 effectu

716 4229 768 4292 ille
783 4230 934 4294 mirabiles
949 4230 1147 4314 significetur,
1165 4249 1260 4294 voces
1274 4230 1373 4292 vanas
1385 4229 1415 4290 in
1428 4228 1571 4310 Liturgiis
1587 4225 1718 4307 Syriacis
1731 4224 1944 4301 observamus,
1964 4235 2061 4306 quartu

717 4331 799 4393 nulla
821 4331 969 4414 integram
992 4332 1037 4394 rei
1061 4332 1254 4396 mutationem
1275 4348 1337 4393 non
1359 4328 1523 4414 significan
1553 4330 1579 4391 si
1606 4327 1723 4389 unicam
1751 4326 1923 4405 excipimus
1944 4325 2062 4426 quaeest

717 4443 793 4497 mnu
816 4431 1050 4512 respondentem
1072 4431 1208 4495 Graecae
1230 4418 1409 4507 ἀναδεῖξαι.
1453 4428 1540 4491 lstam
1571 4443 1665 4508 porro
1694 4425 1773 4487 idem
1795 4425 1970 4509 significare
1989 4439 2019 4484 ac
2034 4436 2061 4481 ro

716 4530 824 4593 ποιεῖν
845 4531 1004 4612 probatum
1026 4540 1083 4609 est,
1107 4538 1198 4613 atquo
1221 4530 1298 4594 adeo
1321 4548 1383 4593 vox
1395 4527 1519 4610 Syriaca
1536 4524 1643 4589 eodem
1664 4523 1754 4587 modo
1777 4523 2000 4607 interpretanda
2018 4524 2060 4592 ast,

715 4637 748 4692 ut
770 4632 942 4714 complures
965 4633 1041 4695 aliae
1065 4631 1199 4694 Graecae
1223 4629 1360 4712 originis,
1375 4646 1447 4691 non
1468 4626 1557 4689 modo
1580 4626 1610 4688 in
1632 4623 1702 4689 stilo
1723 4621 1959 4702 Ecclesiastico,
1979 4617 2061 4686 sedit

716 4731 851 4794 omnibus
873 4751 971 4814 prope
993 4731 1169 4814 disciplinis,
1193 4747 1268 4812 quas
1287 4728 1356 4809 Syri
1378 4745 1433 4790 sua
1454 4725 1557 4809 lingua
1579 4723 1818 4806 explicaverunt.
1866 4723 1967 4787 Verba
1986 4725 2059 4781 aneu

716 4828 823 4910 quibus
844 4838 967 4895 utuntur
990 4832 1029 4895 ad
1051 4830 1276 4914 significandam
1304 4826 1599 4904 murmurationem,
1628 4822 1721 4905 uulgo
1751 4822 1944 4904 respondent
1967 4819 2059 4883 anea

713 4916 838 5015 ποιήσῃ
856 4930 966 5010 sumat,
988 4929 1118 5013 efficiat:
1141 4927 1300 5011 aliquando
1321 4911 1481 5010 τελειώσῃ
1498 4925 1655 5006 perficiet:
1681 4923 1713 4984 in
1734 4922 1893 4987 nonnullis
1915 4929 1946 4984 ut
1965 4921 1991 4981 iu
2009 4917 2059 4984 itit,

714 5028 786 5107 quid
808 5046 865 5109 per
888 5049 924 5092 ea
946 5030 1041 5093 verba
1063 5029 1289 5113 intelligendum
1309 5027 1349 5091 sit
1371 5025 1541 5107 exprimunt
1562 5042 1620 5105 per
1640 5003 1737 5112 tybnu
1764 5040 1847 5104 quae
1870 5039 1935 5085 vox
1953 5031 2059 5098 retpot-

715 5125 766 5192 det
789 5127 925 5212 Graecae
945 5118 1178 5213 μεταβάλλειν.
1222 5128 1267 5194 Ea
1290 5127 1424 5192 occurrit
1440 5126 1484 5200 ,in
1505 5122 1570 5188 solu
1594 5142 1635 5187 ex
1657 5120 1793 5205 Graecis,
1822 5120 1961 5205 Liturgia
1980 5112 2057 5188 Chry·
