4525 6034
709 557 786 633 aaa
1280 521 1513 646 norun

812 748 908 822 Atta.
970 751 1046 847 lpsa
1081 775 1198 826 manus
1238 752 1380 827 dextera
1422 777 1509 850 quae
1544 754 1677 830 elevata
1713 766 1766 830 est
1800 779 1897 854 snper
1927 762 2039 856 quinque

708 887 828 960 panes,
855 889 901 938 ex
928 866 1045 963 quibus
1071 871 1181 941 satiati
1207 878 1284 945 sunt
1307 869 1459 946 homines
1486 875 1630 968 quinque
1655 872 1757 963 mille,
1782 873 1960 969 residuique
1979 876 2041 950 lue-

708 992 786 1054 runt
816 981 933 1055 decern
959 983 1103 1081 cophini,
1130 985 1251 1059 eadem
1265 989 1456 1082 requieseat
1481 999 1516 1060 et
1540 986 1666 1061 habitet
1691 1011 1793 1086 super
1817 988 1900 1061 hanc
1922 1013 2042 1067 menen

708 1120 885 1173 servornm
912 1111 1055 1190 tuorum,
1082 1112 1117 1174 ut
1142 1102 1374 1199 multiplicetur
1400 1115 1434 1177 et
1452 1104 1609 1193 abundet,
1635 1104 1764 1178 strlnilis
1779 1119 1972 1203 permaneat,
1992 1131 2043 1180 ne-

708 1238 774 1312 que
800 1214 944 1288 maort:
971 1239 1034 1312 per
1059 1222 1244 1293 orationem
1271 1223 1416 1293 omnium
1442 1224 1498 1317 qui
1524 1221 1718 1317 placuerunt
1743 1220 1811 1296 tibi.

811 1331 907 1403 Alio.
960 1333 1054 1406 neus
1082 1338 1228 1408 omnium
1253 1335 1416 1410 Dominus
1450 1340 1505 1432 qui
1532 1340 1694 1411 saturavit
1719 1360 1841 1412 servos
1873 1360 1947 1412 snos
1969 1337 2046 1411 honis

710 1452 793 1538 suis,
819 1447 967 1522 dicamne
994 1470 1111 1523 omnes
1138 1450 1281 1544 gloriam
1314 1456 1439 1526 nomini
1471 1455 1557 1546 ejas,
1584 1477 1685 1550 snper
1710 1478 1861 1529 mensam
1891 1458 1996 1542 istam
2024 1466 2048 1527 et

709 1574 849 1661 propter
876 1588 938 1639 eos
966 1568 1020 1661 qui
1047 1590 1121 1640 eam
1156 1578 1465 1665 praeparaverunt,
1498 1581 1533 1643 et
1567 1593 1669 1667 snper
1702 1570 1833 1644 domum
1860 1571 2049 1662 teredona,

709 1704 756 1753 ex
782 1704 848 1777 qua
874 1680 1068 1778 productum
1095 1695 1150 1757 est
1175 1684 1240 1758 hoe
1266 1686 1473 1777 alimentum,
1509 1695 1543 1759 et
1575 1709 1637 1784 pro
1673 1692 1781 1761 anima
1815 1698 1949 1788 propter
1972 1712 2050 1783 qoam

709 1796 856 1870 oblatum
883 1811 954 1889 est3
981 1801 1210 1875 misericordia
1236 1812 1270 1875 et
1293 1802 1558 1892 henedictiones,
1586 1815 1620 1876 et
1641 1807 1750 1897 matie
1764 1805 1829 1878 Dei
1855 1808 1957 1878 nostri
1979 1805 2050 1878 ado-

708 1913 804 1986 randi
828 1920 977 2008 veniant,
1001 1928 1220 2014 permaneant
1246 1928 1280 1991 et
1305 1918 1523 2008 effundantur,
1551 1930 1751 2015 spargantur
1775 1932 1810 1994 et
1834 1931 1979 2014 regnent
2001 1943 2050 1993 sn-

708 2051 770 2127 per
804 2053 866 2106 nos
899 2042 934 2105 et
967 2054 1070 2130 super
1094 2057 1161 2110 vos
1187 2058 1262 2109 cum
1295 2040 1569 2134 perseverantia,
1601 2060 1688 2110 nuno
1721 2047 1756 2110 et
1788 2062 1939 2135 semper,
1969 2050 1998 2110 et
2025 2042 2051 2108 in

708 2145 846 2221 saecula
867 2147 1089 2224 saeculorum.

806 3077 903 3178 ln
975 3085 1403 3182 nnstotttl
1474 3089 1977 3185 LITURGIdll

1307 3297 1482 3383 ttttt.

804 3549 857 3628 Dr
879 3561 959 3625 illios
981 3562 1159 3644 antiquitate
1181 3570 1213 3625 et
1234 3562 1354 3645 origine
1375 3561 1504 3625 dirimire
1526 3563 1558 3624 in
1577 3561 1798 3626 Dissertatione
1821 3567 1957 3646 praevia
1986 3565 2061 3628 Exti-

706 3665 781 3728 tisse
811 3683 905 3746 porro
935 3666 1023 3730 ἰιιῑιιιιι
1051 3666 1217 3750 liturgiam
1247 3666 1408 3746 ardwitus
1437 3665 1518 3746 apud
1546 3665 1760 3747 Nestorianos‚
1797 3676 1925 3749 praeter
1957 3669 2061 3733 codices

706 3765 946 3848 manuscriptos,
975 3773 1125 3830 testantur
1153 3773 1278 3829 autores
1308 3763 1393 3847 Syri,
1422 3773 1512 3847 atqm
1542 3766 1622 3828 inter
1644 3783 1698 3829 eos
1720 3766 1915 3851 Hebedjesn,
1940 3770 1989 3850 qui
2008 3785 2061 3828 erm

705 3872 863 3943 recenset,
894 3874 928 3928 ut
957 3868 1046 3929 etiarn
1067 3864 1256 3929 Echellensis
1279 3866 1346 3947 ejus
1368 3866 1509 3928 meminit.
1554 3864 1631 3928 Nota
1655 3884 1776 3948 qnoque
1797 3867 1953 3932 Lusitanis
1974 3867 2063 3930 Diam·

706 3963 887 4045 perennibus
909 3964 975 4043 tuit,
997 3965 1100 4047 quiin
1124 3964 1264 4046 synodali
1283 3964 1415 4027 Decreto
1438 3983 1503 4026 eam
1525 3967 1667 4045 usurpari
1681 3965 1912 4048 prohibuerunt.
1934 3967 2063 4031 Adrenae

708 4062 890 4143 orientales,
913 4066 965 4146 qui
987 4067 1060 4128 satis
1082 4064 1183 4128 sciunt
1205 4072 1316 4146 quanta
1333 4065 1412 4127 inter
1423 4063 1618 4127 orthodoxos
1644 4072 1675 4127 et
1691 4065 1843 4130 Jacobitas
1867 4086 1978 4132 nomen
1997 4062 2063 4130 istud

706 4161 826 4226 laboret
846 4163 982 4242 infamia,
1005 4164 1110 4228 delere
1131 4163 1206 4227 illud
1229 4183 1269 4226 ex
1290 4163 1375 4227 libris
1397 4164 1460 4227 saie
1482 4163 1593 4240 solent,
1615 4164 1696 4244 qnod
1717 4168 1747 4227 in
1769 4185 1827 4230 sao
1848 4167 1934 4231 Elias
1956 4165 2062 4238 fecerat,

707 4269 741 4323 ut
762 4263 793 4323 in
814 4260 940 4326 ioannis
963 4263 1203 4328 transformaret.
1247 4261 1355 4327 Codex
1385 4262 1513 4345 tosepni
1534 4263 1725 4328 Patriarclrae
1759 4266 1880 4329 titulum
1910 4267 1996 4331 alium
2014 4278 2063 4324 nor

660 4401 662 4408 ·
706 4359 798 4426 habet
810 4364 868 4426 nisi
883 4364 991 4426 tertiae
1006 4363 1172 4447 liturgiae.
1202 4361 1416 4428 decentiorem
1428 4362 1507 4426 illam
1521 4381 1592 4426 esse
1614 4363 1728 4426 duabus
1743 4364 1819 4444 aliis,
1836 4368 1898 4448 ipsi
1912 4360 2064 4429 Nesterittti

706 4468 894 4543 agnoscant,
923 4480 990 4525 cum
1018 4463 1084 4544 ejus
1114 4481 1187 4526 usus
1217 4462 1382 4525 communis
1410 4462 1548 4542 nonsit,
1571 4461 1627 4525 sed
1649 4464 1741 4526 certis
1764 4464 1874 4532 diebus
1898 4467 2061 4549 assignatus,

705 4568 739 4623 ut
760 4569 882 4624 notatur
902 4560 933 4624 in
956 4561 1050 4624 titulo.
1097 4561 1176 4626 Usus
1199 4562 1390 4644 quotidianas
1414 4570 1498 4625 certa
1521 4562 1704 4643 antiquitatis
1726 4563 1841 4645 primae
1865 4573 1941 4627 nota
1962 4569 2020 4639 est,
2037 4562 2063 4619 ut
2191 4584 2192 4589 ¹

705 4677 747 4720 ex
776 4658 900 4723 aliarum
929 4660 1136 4724 Ecclesiarum
1164 4661 1313 4744 exemplis
1342 4667 1433 4743 patet.
1478 4660 1522 4723 lta
1554 4663 1666 4743 quippe
1694 4662 1800 4726 iacobi
1827 4662 1970 4745 Litargia
1998 4656 2062 4740 apud

646 4829 654 4846 ‚
706 4758 801 4839 Syros
824 4759 899 4823 alios
928 4761 1094 4843 praecipua
1125 4770 1270 4824 censetur
1300 4768 1331 4824 et
1352 4762 1571 4840 vetustissima,
1598 4762 1667 4841 quia
1688 4762 1824 4843 reliquae
1847 4763 1888 4825 ab
1913 4783 1949 4826 ea
1970 4772 2061 4843 preces

704 4857 830 4934 multas,
860 4867 891 4922 et
920 4878 1106 4925 communem
1136 4860 1224 4925 edicit
1247 4860 1370 4924 sormam
1393 4862 1553 4942 accipiunt.
1597 4860 1651 4923 llla
1671 4862 1789 4925 ratione
1810 4862 1978 4946 Litnrgiarn
1998 4873 2061 4940 quat

705 4957 924 5038 Apostolorum
953 4959 1064 5023 dicitur
1094 4961 1176 5042 apud
1201 4959 1400 5024 Nestorianos
1428 4962 1554 5044 primam
1583 4967 1615 5024 et
1636 4962 1834 5043 conquierere
1857 4982 1931 5027 esse
1952 4961 2061 5030 mmm,

704 5056 771 5118 sive
792 5058 881 5120 ritum
903 5067 1039 5124 veterem
1060 5060 1265 5124 Ecclesiarum
1287 5060 1525 5142 Mesopotamiae
1546 5068 1770 5143 repraesentat,
1793 5064 1877 5145 quod
1899 5063 1973 5127 satis
1991 5056 2061 5122 reri·
