4525 6034
577 884 1410 1131 tiitttiit

706 1235 1257 1419 contimtum

367 1516 1701 1648 nnoonricoconvnnsnn.·

756 1784 1212 1839 *ww——

577 2004 866 2088 ittutsta
906 2006 1120 2090 ded'i'i
1159 2007 1401 2090 institi,

727 2215 876 2279 onnrro
899 2198 1250 2281 nninrnaanoms.

400 2407 560 2511 Donrnu
587 2439 643 2530 qui
668 2438 757 2509 nosti
783 2434 886 2507 corda
913 2439 1076 2525 omnium,
1104 2446 1220 2509 sancte
1254 2445 1287 2508 et
1313 2439 1347 2508 in
1373 2441 1497 2510 sanctis
1524 2441 1666 2534 requie-

291 2574 414 2644 scens,
449 2552 541 2625 solus
577 2557 649 2625 sine
687 2561 848 2649 peccato,
884 2561 918 2622 et
956 2561 1076 2648 potens
1113 2552 1156 2623 ad
1188 2555 1417 2624 remissionem
1449 2563 1665 2649 peccatorum

292 2668 552 2742 concedendam.
605 2669 657 2741 'l'u
695 2669 839 2741 Domine
872 2672 940 2742 scis
976 2668 1205 2761 indignitatem
1240 2692 1369 2759 meam,
1403 2694 1523 2766 meque
1559 2678 1664 2749 minus

289 2795 546 2883 praeparatum,
580 2809 645 2858 nec
672 2786 869 2858 sufficienter
896 2785 1106 2882 dispositum,
1134 2793 1170 2857 ιιι
1196 2785 1355 2857 accedam
1382 2786 1424 2858 ad
1449 2793 1665 2865 ministerium

289 2900 359 2975 hoc
384 2912 475 2974 tuum
501 2914 659 2976 sanctum.
712 2902 782 2975 Sed
807 2924 871 2973 neo
899 2911 988 2973 tanta
1013 2901 1092 2972 mihi
1118 2900 1317 2974 confidentia
1342 2913 1406 2993 est,
1431 2913 1467 2974 ut
1493 2907 1665 2998 accedam,

292 3028 327 3090 et
354 3021 503 3114 operiam
529 3043 569 3092 os
595 3043 706 3092 meum
740 3042 855 3092 coram
881 3019 991 3110 gloria
1025 3028 1081 3089 tua
1116 3029 1251 3090 sancta:
1279 3018 1340 3091 sed
1367 3019 1547 3093 secundum
1573 3022 1665 3093 mul-

289 3135 463 3208 titudinem
496 3137 692 3210 clementioe
731 3147 820 3227 tuae,
853 3138 993 3229 ignosco
1027 3134 1109 3206 mihi·
1129 3138 1316 3231 peccatori,
1350 3144 1384 3207 et
1409 3136 1560 3208 concede
1586 3138 1664 3210 mihi

290 3261 328 3322 ut
360 3255 527 3325 inveniam
560 3257 705 3346 gratiam
737 3261 771 3325 et
802 3250 1066 3324 misericordiam
1098 3254 1132 3322 in
1163 3251 1226 3322 hac
1260 3251 1362 3341 hona3
1398 3262 1432 3323 et
1464 3254 1554 3324 mitte
1587 3255 1664 3327 mihi

290 3370 521 3441 virtrrtemex
548 3368 633 3458 alto,
666 3378 702 3440 ut
731 3372 884 3465 incipiam
918 3378 953 3440 et
977 3390 1174 3464 praeparor,
1206 3369 1459 3464 perfidiamque,
1495 3372 1663 3443 sicuttibi

292 3482 450 3579 placitum
476 3496 540 3577 est,
566 3489 782 3557 ministerium
808 3494 897 3557 tuum
924 3495 1087 3575 sanctum,
1113 3484 1294 3557 secundum
1320 3484 1564 3580 beneplacitum
1590 3510 1662 3559 vo-

290 3598 425 3675 luntatis
451 3613 542 3693 tuae,
569 3625 642 3674 cum
670 3602 829 3674 odoribus
856 3602 968 3674 thuris.
1002 3602 1063 3693 Ita,
1090 3600 1246 3693 Domine,
1274 3611 1347 3674 esto
1374 3600 1559 3690 nobiscum,
1587 3614 1661 3677 esto

292 3720 405 3789 socius
433 3721 546 3816 operis
573 3722 697 3809 nostri3
722 3718 864 3792 benedic
889 3716 998 3808 nobiS,
1025 3727 1059 3787 tu
1086 3739 1124 3788 es
1152 3723 1240 3789 enim
1266 3719 1419 3789 remissio
1447 3728 1663 3810 peecatorum

292 3845 493 3925 nostrorum,
519 3834 578 3907 lux
604 3839 787 3908 animamm
812 3845 1011 3921 nostrarmm
1038 3835 1119 3923 vita,
1143 3832 1308 3922 fortitudo,
1337 3845 1370 3906 et
1383 3835 1501 3907 fiducia
1526 3846 1663 3922 nostra3

291 3959 327 4022 tu
361 3973 401 4025 es
434 3954 508 4048 ipse
544 3955 597 4024 cui
633 3973 762 4025 sursum
795 3955 950 4025 mittimus
985 3948 1135 4040 laudem,
1162 3951 1318 4043 gloriam,
1354 3961 1388 4022 et
1420 3950 1661 4040 adorationem,

290 4066 403 4159 Pater3
428 4066 495 4140 Fili
526 4079 560 4141 et
591 4069 733 4165 Spiritus
769 4077 902 4158 sancte,
936 4089 1022 4139 nuno
1054 4076 1087 4138 et
1113 4089 1247 4162 semper
1275 4078 1309 4138 et
1334 4090 1440 4163 usque
1466 4071 1499 4138 in
1526 4066 1660 4141 saecula

291 4184 503 4257 saeculorum
529 4188 683 4257 omnium.
735 4185 855 4260 Amen.

545 4418 666 4489 Oratio
688 4423 868 4512 postquam
889 4425 1139 4511 praeparatum
1158 4422 1267 4511 suerit
1292 4417 1413 4487 altore.

394 4625 579 4697 Sacerdos.
633 4624 685 4697 To
717 4625 857 4696 Domine
892 4624 1031 4699 docuisti
1071 4646 1134 4697 nos
1169 4646 1324 4716 magnum
1363 4623 1428 4694 hoo
1467 4624 1661 4718 mysterium

291 4740 425 4815 salutis:
453 4746 645 4815 invocasti
671 4764 734 4815 nos
762 4739 912 4833 abjectos
940 4752 974 4814 et
1000 4740 1154 4834 indignos
1182 4763 1302 4814 servos
1328 4749 1423 4829 tuos,
1450 4747 1486 4809 ut
1512 4761 1662 4811 essemus

289 4860 427 4931 ministri
455 4856 568 4930 altaris
594 4860 641 4928 tui
668 4860 783 4930 saneti.
837 4857 889 4929 Tu
920 4857 1081 4948 Domine,
1113 4858 1206 4929 effice
1238 4878 1302 4928 nos
1335 4855 1454 4948 dignos
1490 4876 1552 4950 per
1583 4857 1662 4926 vir-

289 4984 390 5046 tutem
417 4975 560 5070 Spiritus
587 4978 631 5045 tui
660 4975 791 5065 Sancti,
824 4984 860 5046 ut
885 4972 948 5047 hoc
973 4977 1188 5047 ministerium
1214 4972 1435 5068 perficiamus,
1462 4975 1505 5043 ita
1534 4982 1661 5043 utnon

289 5091 472 5163 incidamus
505 5094 539 5163 in
573 5091 730 5183 judicium
766 5113 880 5163 coram
911 5092 1018 5182 gloria
1053 5101 1108 5163 tua
1144 5113 1283 5183 magna,
1325 5099 1357 5161 et
1390 5089 1568 5161 offeramus
1602 5088 1661 5160 tihi

1380 5204 1455 5276 io*
