4525 6034
575 560 1205 639 SANCTIGYRILLI.
1526 565 1577 639 45

200 764 289 825 tuum
316 760 483 843 sanetum,
510 762 545 824 et
570 750 712 848 populus
738 759 814 823 tuns
840 753 874 821 in
900 748 1185 822 benedictionibus
1211 749 1330 824 millies
1357 751 1516 844 millenis,
1545 763 1579 826 et
1591 770 1623 821 u·
1635 769 1694 821 coa,
1703 773 1793 843 scau.
1809 785 1833 827 a
1846 777 1905 827 aue
2030 776 2035 792 ·

199 870 311 941 decies
338 869 460 942 millies
488 868 602 941 decies
628 869 781 958 millenis,
806 866 909 938 iaciat
934 866 1140 940 voluntatem
1166 878 1265 939 tuam.
1592 859 1903 961 ⁰l⁹¹¹⁰l⁰l“'⁸“”⁸lf“⁸⁰⁸·

298 986 491 1058 Diaconos.
545 985 610 1071 Qui
637 985 773 1075 sedetis,
800 986 937 1076 surgite.

299 1101 490 1174 Sacerdos.
543 1101 650 1176 Solve
677 1105 844 1197 captivos:
878 1098 975 1173 salva
1011 1121 1072 1172 eos
1099 1102 1155 1196 qui
1180 1104 1414 1173 necessitatem
1441 1104 1579 1198 patiun-

196 1227 263 1289 tur:
306 1223 496 1292 esurientes
531 1223 634 1291 satia:
670 1216 824 1291 conforta
858 1216 1100 1313 pusillanimes:
1141 1216 1256 1313 lapsos
1298 1222 1410 1310 erige:
1453 1228 1579 1291 stantes

197 1336 377 1407 confirma:
405 1343 557 1407 errantes
590 1342 771 1409 conuerte:
801 1334 927 1428 perduc
953 1355 1014 1405 eos
1042 1355 1159 1406 omnes
1184 1333 1225 1404 ad
1242 1336 1333 1406 viam
1348 1335 1463 1407 salutis
1485 1344 1578 1407 tuae:

196 1473 335 1522 numera
361 1450 440 1524 illos
466 1474 583 1525 omnes
611 1473 686 1523 cum
712 1449 836 1546 populo
864 1460 937 1521 tuo:
971 1449 1079 1522 libera
1113 1472 1178 1522 nos
1212 1474 1232 1522 a
1259 1454 1408 1546 peccatis
1438 1454 1577 1524 nostris:

197 1577 284 1660 esto,
313 1569 474 1657 Domine,
500 1567 598 1642 nobis
625 1577 739 1640 custos
767 1575 801 1637 et
826 1575 999 1661 protector
1025 1569 1058 1639 in
1084 1565 1248 1639 omnibus.

298 1684 492 1755 ffluconuc.
544 1684 600 1756 Ad
627 1683 797 1755 Orientem
823 1685 969 1777 aspicite.

300 1800 491 1873 Sacerdos.
544 1802 596 1873 Τιι
628 1824 666 1874 cs
700 1802 795 1873 Deus
831 1799 988 1873 excelsus
1021 1822 1122 1895 super
1158 1821 1274 1872 omnes
1306 1802 1509 1896 principatus
1545 1812 1580 1875 et

198 1927 406 2015 potestates,
434 1917 611 2010 dignitates
638 1927 672 1988 et
696 1917 956 2005 dominationes,
993 1926 1027 1987 et
1054 1939 1155 2012 super
1181 1938 1279 1988 omne
1305 1940 1450 2005 nomen.
1488 1916 1577 2012 quod

97 2118 103 2127 ι
198 2037 363 2106 nominari
390 2042 516 2131 potest,
542 2056 610 2106 non
628 2033 736 2105 solnm
762 2035 795 2104 in
821 2032 885 2104 hoc
913 2033 1060 2123 sacerdo,
1076 2032 1137 2105 sed
1157 2036 1254 2104 etiarn
1270 2039 1304 2104 in
1330 2033 1458 2107 buturo:
1486 2044 1521 2105 tu
1539 2056 1577 2106 es

67 2202 75 2217 .
199 2175 314 2224 coram
330 2175 400 2246 quo
414 2156 573 2225 assistunt
584 2149 673 2221 mille
685 2148 806 2221 milleni
819 2159 853 2219 et
866 2149 978 2221 decies
993 2148 1123 2238 millies,
1139 2149 1250 2221 decies
1264 2149 1353 2221 mille
1366 2151 1488 2222 milleni
1497 2154 1577 2223 An-

201 2269 267 2360 geli
289 2278 324 2339 et
353 2265 561 2360 Archangeli
579 2269 703 2355 sancti,
740 2264 798 2337 tibi
809 2268 1045 2341 ministrantes.
1097 2263 1173 2338 'libi
1188 2269 1347 2338 assistunt
1366 2291 1493 2356 coram,
1511 2266 1577 2339 due
1689 2342 1695 2361 ‚

200 2383 354 2456 animalia
382 2383 626 2476 gloriosissima
662 2405 727 2455 sex
753 2382 815 2454 alis
842 2386 1021 2474 instructa,
1059 2381 1160 2479 plena
1188 2381 1317 2474 oculis,
1344 2383 1519 2480 Seraphim
1545 2393 1579 2455 et
1718 2458 1721 2467 ,

201 2499 398 2574 Cherubim:
435 2498 561 2572 duabus
596 2500 656 2571 alis
691 2509 807 2591 tegunt
838 2498 942 2571 iacies
970 2522 1066 2594 suas,
1093 2509 1232 2596 propter
1259 2500 1462 2573 divinitatem
1488 2508 1578 2573 tuam
1623 2489 1904 2560 ¹¹³⁶⁸¹Wlffl⁰t⁰⁸l⁶

199 2617 415 2708 invisibilem,
442 2639 505 2687 neo
531 2625 642 2688 mente
670 2614 1019 2711 comprehensibilem:
1052 2615 1179 2689 duabus
1214 2627 1331 2709 tegunt
1364 2618 1470 2714 pedes
1497 2640 1578 2690 suos
1592 2575 1674 2628 “md

201 2743 234 2805 et
260 2733 391 2806 duabus
417 2732 550 2806 volant:

302 2851 482 2922 Sacerdos
508 2850 582 2920 ulta
606 2872 702 2920 noce.
754 2847 990 2945 Unusquisque
1017 2871 1133 2921 eorum
1160 2872 1296 2945 semper
1321 2857 1356 2922 te
1382 2848 1579 2923 sanctificat:

202 2967 260 3038 sed
286 2976 321 3039 et
349 2991 426 3038 cum
453 2966 606 3039 omnibus
634 2969 689 3061 qui
716 2976 750 3038 te
777 2966 1000 3055 sanctificant,
1028 2968 1162 3061 suscipe
1189 2988 1321 3062 quoque
1339 2969 1580 3040 sanctificatio-

203 3106 275 3155 nem
303 3095 455 3156 nestram
483 3107 502 3154 a
529 3081 640 3173 nobis
662 3084 816 3173 Domine,
843 3091 878 3152 ut
904 3104 978 3153 curn
1005 3081 1071 3154 iths
1099 3091 1132 3153 te
1159 3081 1343 3171 laudemus,
1371 3082 1529 3155 dicentes.

303 3201 469 3294 Populus.
523 3200 679 3288 Sanctus
707 3197 863 3287 Sanctus,
890 3196 1042 3270 Sanctus.

304 3316 493 3388 Sacerdos
548 3317 642 3388 Vere
677 3314 766 3411 pleni
799 3324 874 3388 sunt
905 3314 992 3385 coeli
1026 3324 1060 3386 et
1094 3325 1184 3386 terra
1220 3315 1329 3408 gloria
1365 3327 1419 3388 tna
1453 3327 1581 3405 sancta,

204 3456 263 3529 per
289 3433 410 3505 Filium
436 3442 525 3504 tuum
552 3435 754 3525 unigenitum
780 3432 973 3521 Dominum,
998 3433 1126 3522 Deum,
1152 3430 1364 3506 Salvatorem
1391 3443 1426 3504 et
1450 3431 1582 3524 Regem

204 3560 354 3623 nostrum
383 3556 528 3621 omnium
553 3549 667 3623 desum
696 3549 871 3623 Christum.
926 3546 1030 3644 lmple
1054 3546 1118 3620 hoc
1146 3549 1340 3621 sacrificium
1368 3560 1476 3640 tuum,
1501 3548 1581 3621 Do-

206 3669 304 3755 mine,
331 3665 566 3738 benedictione
600 3689 686 3762 quae
720 3691 739 3738 a
767 3675 800 3737 te
834 3676 886 3738 est
911 3689 973 3761 per
1007 3665 1159 3760 illapsum
1190 3687 1291 3762 super
1324 3666 1415 3738 illam
1448 3668 1582 3762 spiritns

207 3786 250 3853 tui
277 3782 403 3854 Sancti.
432 3783 484 3869 †⁸
503 3784 631 3853 Amen:
667 3793 701 3853 et
734 3782 967 3855 benedictione
993 3781 1143 3853 benedic.
1170 3775 1226 3871 Η
1252 3782 1375 3855 Amen:
1403 3794 1437 3855 et
1462 3779 1581 3879 purib-

205 3903 339 3969 cutione
366 3898 515 3994 purifica,
541 3899 661 3970 Amen.
714 3898 809 3971 llaec
836 3890 923 3972 dona
949 3909 1005 3970 tua
1037 3898 1229 3971 veneranda
1261 3903 1435 3995 proposita
1467 3922 1581 3971 coram

206 4023 250 4104 te,
279 4013 365 4086 hune
391 4037 510 4109 punem
538 4025 572 4086 et
597 4015 683 4086 hunc
710 4015 862 4088 calicem.
915 4015 1047 4111 Quippe
1073 4014 1176 4086 Filius
1198 4025 1272 4087 tuus
1293 4019 1481 4109 unigenitus
1502 4019 1581 4090 Do-

207 4133 326 4221 minus,
351 4133 458 4222 Deus,
485 4130 645 4204 Salvator
672 4142 705 4203 et
730 4154 795 4204 rex
815 4142 932 4205 noster
952 4134 1095 4204 omnium
1110 4132 1210 4206 iesus
1234 4129 1396 4224 Christus,
1423 4156 1465 4205 ea
1482 4141 1583 4204 nocte
1671 4176 1675 4185 ·

210 4271 276 4341 qua
303 4247 434 4320 tradidit
459 4269 498 4320 se
524 4250 644 4342 ipsum,
671 4258 707 4320 ut
731 4258 901 4345 pateretur
935 4270 997 4343 pro
1032 4250 1181 4344 peccatis
1207 4251 1352 4339 nostris,
1379 4259 1455 4321 ante
1481 4269 1581 4319 mor-

209 4370 287 4452 tem,
314 4386 413 4458 quam
439 4367 575 4459 propria
602 4386 662 4436 sua
689 4364 860 4438 voluntate
887 4370 1035 4461 suscepit
1060 4388 1123 4461 pro
1149 4364 1249 4437 nobis
1278 4364 1440 4439 omnibns.

310 4479 473 4573 Populus.
526 4479 710 4553 Credimus.

310 4595 495 4668 Sacerdos.
548 4598 691 4694 Accepit
716 4622 837 4694 panem
862 4602 896 4671 in
921 4619 1038 4671 manus
1065 4621 1145 4672 suas
1172 4609 1317 4690 sanctas,
1344 4599 1581 4692 immaculatas

211 4732 330 4805 puras,
365 4710 503 4805 beatas,
530 4722 564 4785 et
588 4715 819 4806 vivificantes,
851 4726 885 4787 et
910 4719 1063 4811 suspexit
1096 4718 1130 4787 in
1157 4715 1310 4808 coelum,
1341 4716 1384 4788 ad
1415 4725 1450 4791 te
1474 4718 1583 4793 Deum

213 4825 341 4903 Patrem
368 4850 475 4920 suum,
502 4841 536 4901 et
563 4834 707 4904 omnium
733 4832 923 4926 Dominum,
949 4842 984 4904 et
1008 4834 1135 4925 gratias
1155 4835 1240 4925 egit

311 4945 473 5038 Populus.
525 4949 645 5020 Amen.

313 5060 498 5159 Sacerdos.
550 5064 594 5136 Et
619 5063 791 5139 benedixit
815 5065 914 5140 illum.
994 5166 1002 5187 ι

1595 3762 1613 3794 a
1621 3744 1708 3810 Signat
1719 3744 1835 3807 secundo.

1595 3828 1703 3897 dSs'prtut
1716 3833 1793 3884 terlio.
