4525 6034
706 549 769 623 LX
1168 554 1541 633 olsstttluto

708 740 830 815 ciliosis
855 740 920 815 illis
947 741 1086 816 criticis.
1138 741 1264 814 Vemm
1289 745 1420 814 tametsi
1451 741 1710 816 sacramentales
1734 741 1810 816 libri
1835 752 1976 817 veteres
1994 741 2068 814 La-

708 859 784 948 tini,
812 857 931 931 Graeci
958 871 992 932 et
1017 861 1251 954 cujuscumque
1275 857 1428 952 linguae,
1454 859 1659 931 enucleatam
1673 862 1792 933 ritnmn
1811 860 2069 957 descriptionem

700 996 773 1046 nou
798 978 1007 1065 contineant,
1031 999 1108 1047 nam
1135 974 1265 1046 aliunde
1290 973 1505 1070 petebantur,
1530 998 1597 1047 non
1624 975 1748 1048 idcirco
1775 979 1937 1050 novitatis
1953 979 2068 1072 suspi-

707 1094 804 1164 cione
823 1091 1021 1188 aspergeudi
1044 1102 1135 1186 sunt,
1161 1094 1255 1187 quasi
1276 1100 1353 1163 unc
1367 1094 1507 1187 primum
1527 1094 1669 1165 instituta
1687 1092 1857 1190 disciplina
1873 1098 1930 1185 sit,
1958 1114 2068 1187 quan

707 1207 750 1281 dc
776 1207 934 1301 Lituurgiis
965 1207 1099 1283 inscribi
1131 1217 1250 1304 coepta
1284 1217 1345 1280 est
1398 1206 1520 1281 Multos
1552 1208 1711 1282 babemus
1745 1208 1892 1283 Codices
1927 1209 2067 1282 Latinae

706 1324 850 1416 Missae,
875 1325 1025 1413 Alcuini,
1050 1326 1228 1414 Amalarii,
1254 1323 1430 1396 Walairidi
1457 1323 1650 1415 Strabonis,
1675 1323 1852 1418 blicrologi
1872 1337 1909 1399 et
1930 1326 2066 1397 alionum

707 1445 761 1537 qui
788 1441 830 1513 de
856 1441 972 1514 ritibus
996 1441 1231 1514 Eucharisticis
1264 1444 1466 1537 scripserunt
1500 1441 1635 1513 saeculo
1669 1446 1895 1532 recentiores,
1929 1464 2066 1537 quorum

705 1558 813 1630 nullus
839 1579 899 1631 eos
925 1560 1006 1631 ritus
1032 1566 1284 1654 repraesentat,
1310 1578 1393 1654 quos
1421 1567 1554 1630 autores
1581 1558 1626 1629 illi
1652 1561 1900 1631 accuratissime
1923 1580 2064 1630 enume-

705 1686 788 1746 rant
840 1673 998 1747 Vetustos
1017 1674 1169 1747 Graecos
1195 1673 1434 1763 observamus,
1460 1678 1515 1768 qui
1541 1673 1632 1747 solas
1659 1678 1828 1748 orationes
1855 1674 1998 1760 babent,
2023 1672 2064 1744 de

705 1788 820 1862 ritibus
845 1813 951 1887 prope
976 1790 1071 1863 nibil:
1097 1792 1182 1863 alius
1208 1793 1264 1886 qui
1288 1788 1400 1886 plura:
1426 1794 1630 1863 recentiores
1645 1795 1701 1886 qui
1719 1794 1802 1863 ritas
1815 1788 2064 1863 etiambrevis-

706 1908 788 1978 sime
813 1917 999 1979 connotant
1050 1906 1141 1979 Idem
1168 1928 1299 2001 quoque
1325 1905 1524 1979 observatur
1555 1911 1643 1979 circa
1669 1908 1838 2000 Liturgias
1866 1906 2062 1980 Orientales.

704 2021 802 2094 Nulla
828 2023 905 2095 inde
930 2027 1019 2094 circa
1044 2026 1163 2094 riarum
1188 2025 1368 2095 nuumtem
1393 2022 1514 2096 idonea
1539 2026 1731 2118 conjectura
1757 2024 1831 2097 duci
1846 2035 1973 2121 potest:
1989 2044 2064 2111 nam

704 2149 741 2210 ut
764 2138 921 2229 Latinos,
947 2138 1038 2211 multi
1064 2138 1141 2211 data
1167 2162 1271 2236 opera
1303 2150 1380 2212 ante
1412 2161 1517 2212 annos
1548 2140 1656 2230 mille,
1689 2144 1869 2213 minutatim
1905 2145 1938 2212 iu
1973 2139 2061 2212 libris

706 2258 775 2329 suis
801 2260 1098 2348 consignaverunt;
1123 2261 1170 2328 ita
1197 2254 1348 2328 Graecos
1375 2254 1559 2329 Germanum
1584 2254 1801 2347 Patriarcba,
1828 2267 1862 2330 et
1875 2257 2062 2353 complures

708 2372 780 2443 alii:
814 2371 923 2468 Syros
948 2370 1130 2468 Dionysius
1155 2370 1321 2446 Barsalibi
1353 2383 1430 2444 ante
1465 2384 1644 2445 sexcentos
1680 2395 1803 2446 anuos:
1833 2395 1945 2470 neque
1980 2376 2062 2445 enim

706 2488 869 2560 Joannem
893 2489 1065 2561 blaronem
1091 2512 1318 2578 numeramus,
1353 2491 1445 2581 cujus
1478 2491 1611 2560 nomine
1639 2492 1704 2561 viri
1736 2489 1866 2584 quidam
1901 2489 1990 2561 docti
2019 2510 2062 2559 cx

707 2605 781 2678 solo
796 2603 1030 2677 Maronitarum
1057 2609 1237 2701 superioris
1263 2604 1387 2678 saeculi
1412 2607 1600 2677 testimonio
1627 2602 1722 2677 abusi
1740 2615 1829 2678 sunt:
1856 2606 1913 2677 alii
1935 2625 2060 2699 quoque

706 2719 890 2792 Bmsalibio
917 2723 1117 2815 antiquiores
1144 2724 1310 2817 anonymi.
1337 2718 1495 2816 Copticos
1522 2721 1675 2814 designat
1699 2722 1808 2794 multis
1834 2722 1973 2795 inlocis
1993 2721 2059 2793 Se-

705 2860 807 2910 verus
822 2836 1009 2933 Episcopus
1023 2837 1334 2927 Ascbmoninensis,
1359 2847 1484 2933 etpost
1508 2837 1597 2909 illum
1623 2838 1678 2909 alii
1703 2838 1809 2927 muniti,
1836 2861 1965 2934 eosque
1988 2835 2059 2910 Co-

706 2952 831 3025 dicibus
857 2954 1035 3046 Liturgicie
1062 2954 1326 3026 accommodavit
1343 2952 1479 3026 Gabriel
1503 2953 1584 3025 88⁰³
1607 2953 2059 3027 Alexandrinorumlacobi-

706 3080 811 3142 tarum
831 3068 1031 3142 Patiiarcba.
1062 3070 1172 3143 Nemo
1199 3071 1328 3143 illorum
1354 3074 1436 3143 ritus
1456 3093 1496 3143 se
1514 3093 1625 3144 novos
1640 3074 1827 3164 instituere,
1843 3083 1902 3144 aut
1914 3074 2058 3165 antiquos

705 3185 890 3259 reformare
914 3186 1088 3283 professus
1115 3197 1187 3278 est,
1221 3187 1281 3260 sed
1317 3189 1540 3282 unusquisque
1572 3209 1634 3260 eos
1669 3191 1724 3283 qui
1757 3190 1792 3259 in
1817 3188 1972 3260 Ecclesia
2003 3207 2058 3258 sua

706 3307 833 3400 recepti
847 3313 957 3395 erant,
983 3303 1185 3396 designavit:
1212 3313 1310 3399 atque
1330 3302 1459 3375 illorum
1478 3306 1719 3398 antiquitatem,
1745 3302 1818 3376 sola
1831 3326 1909 3376 cum
1923 3306 2058 3378 omnium

706 3418 930 3495 Ecclesiarum
956 3419 1125 3515 disciplina
1151 3418 1364 3492 conformitas
1391 3422 1471 3494 eatis
1497 3419 1710 3494 demonstat.

411 3573 554 3627 qm
573 3571 697 3638 ,qiam
810 3536 879 3608 Sed
904 3534 1034 3631 quando
1060 3535 1212 3626 tandem,
1238 3544 1294 3607 aut
1314 3533 1430 3630 quibus
1447 3535 1673 3609 autoritatibus
1691 3536 1940 3633 probaverunt,
1966 3538 2058 3607 ctiam

389 3658 696 3729 nucupationem,
709 3656 764 3749 qui
788 3656 932 3725 maxima
959 3652 1153 3726 eruditionis
1179 3651 1265 3723 lama
1291 3655 1377 3724 inter
1401 3651 1628 3725 Protestantes
1653 3651 1853 3742 doruenmt,
1883 3654 2058 3726 novitatem

388 3754 518 3803 meo.

708 3772 837 3844 illorum
861 3771 1001 3859 rituum,
1026 3771 1081 3864 qui
1107 3770 1282 3864 perspicua
1308 3767 1516 3840 orthodoxae
1541 3768 1880 3843 circaEucbaristiam
1903 3768 1978 3841 fidei
1995 3764 2058 3835 do-

708 3896 860 3960 cumenta
885 3888 1068 3977 continent,
1095 3883 1307 3958 Orientalium
1332 3887 1526 3980 praesertim
1552 3885 1594 3957 de
1621 3884 1737 3981 quibus
1763 3908 1806 3956 ne
1826 3883 1967 3957 verbum
1984 3881 2058 3975 qui-

710 4005 785 4077 dem
809 4003 968 4075 lecenmt
1020 4002 1138 4098 Neque
1164 4004 1250 4073 emm
1276 4001 1490 4097 Hospiniani,
1515 4000 1692 4093 lilolinaei,
1717 4001 1888 4093 Plessaei,
1915 4010 1949 4072 et
1973 3998 2056 4068 alio·

659 4202 662 4213 ,
707 4144 780 4194 rum
805 4123 894 4192 circa
920 4141 1090 4191 sacronmu
1115 4122 1233 4190 murum
1258 4115 1300 4190 ab
1326 4115 1485 4197 Etbuicis,
1499 4121 1662 4209 originem
1687 4121 1827 4214 ineptias
1852 4118 1918 4189 boc
1936 4112 2054 4187 erudito

708 4237 843 4311 sacciula
869 4257 1033 4331 reponere
1059 4238 1229 4331 quisquam
1256 4236 1356 4307 ausit:
1389 4244 1423 4306 et
1454 4233 1509 4306 illa
1534 4241 1715 4308 Romanam
1746 4234 1851 4308 solam
1877 4232 2054 4307 Ecclesiam

709 4363 884 4449 epactam,
909 4374 977 4424 non
997 4350 1179 4441 Graecam,
1204 4349 1262 4423 vel
1275 4349 1482 4440 Orientales,
1508 4373 1685 4445 quaecum
1706 4352 1761 4423 illa
1786 4372 1960 4423 commune
1984 4339 2055 4416 nibil

709 4468 849 4558 babent,
883 4490 903 4539 a
933 4468 1041 4540 miultis
1077 4465 1232 4539 saeculis.
1282 4466 1367 4538 Nam
1401 4470 1431 4538 si
1463 4466 1636 4561 quidquam
1669 4467 1800 4539 valeret
1832 4467 1948 4539 odiosa
1978 4460 2054 4531 baec

709 4587 929 4682 comparatio,
956 4588 990 4658 in
1015 4582 1117 4656 rebus
1142 4582 1396 4657 indifferentibus
1422 4581 1531 4654 locum
1557 4585 1707 4656 invenire
1731 4593 1877 4680 posset,
1897 4602 1969 4654 omn
2003 4575 2053 4671 pit

710 4712 860 4774 vetenmu
883 4702 1071 4774 Antistitum
1098 4699 1270 4796 prudentia
1296 4702 1540 4794 superstitiosas
1566 4703 1678 4774 varias
1705 4699 1973 4783 consuetudines,
1998 4710 2053 4787 pet

709 4820 793 4891 riuus
817 4821 972 4893 innoxios
999 4816 1196 4891 aboleverit:
1232 4827 1266 4889 at
1296 4815 1380 4888 baec
1411 4814 1454 4887 ad
1479 4825 1718 4890 sacramentum
1743 4814 1968 4888 Eucharistiae
1991 4823 2053 4877 non

711 4936 884 5031 pertinent
936 4935 1019 5008 Sunt
1043 4938 1125 5007 ritus
1151 4934 1337 5027 singulares
1363 4931 1528 5023 nonnulli,
1555 4957 1639 5029 quos
1665 4932 1729 5007 soli
1754 4931 1875 5005 Graeci
1893 4927 2051 5022 usurpant

711 5059 749 5123 ut
773 5071 853 5125 usuc
878 5049 1014 5144 gladioli
1039 5073 1137 5147 quem
1162 5060 1286 5124 vocant
1309 5048 1418 5150 ἁγίαν
1442 5045 1601 5151 λόγχην,
1628 5073 1764 5124 maora
1796 5049 1962 5135 lanceam
1993 5056 2051 5134 qut
