4525 6034
657 592 1195 673 dbElldllllRlllO.
1520 591 1597 668 435

229 786 355 858 Verum
381 782 580 857 obstitenmt
605 783 676 873 atii3
703 794 802 879 atque
827 782 891 855 bac
918 784 1115 854 exactiones
1152 802 1308 873 magnum
1342 802 1445 877 saepe
1477 779 1601 852 melum

192 977 197 983 ,
230 906 343 977 avaris
373 900 439 973 illis
464 899 665 973 Patriarcbis
692 901 951 973 accersiverunt
1003 897 1090 970 Nam
1115 899 1329 993 pecuniarum
1354 918 1416 992 pro
1450 895 1600 969 Ordina-

228 1017 373 1090 tionibus
401 1019 552 1113 acceptio
579 1027 636 1089 ant
661 1019 807 1103 exactio,
835 1019 899 1088 etsi
915 1023 1076 1111 perpetua
1103 1013 1266 1109 quaedam
1291 1012 1353 1084 fuit
1368 1011 1598 1087 Ecclesiarum

229 1132 447 1206 Orientalium
474 1132 628 1205 annuitis
656 1132 800 1206 saecnbs
827 1131 1009 1220 onomius,
1037 1153 1134 1225 quam
1160 1128 1309 1202 Arabum
1342 1131 1493 1223 tyrannis
1520 1151 1598 1199 ma·
1736 1125 1739 1130 “
1873 1163 1876 1170 .

225 1252 337 1342 jorem
363 1253 398 1321 in
423 1249 557 1323 modum
583 1252 677 1321 auxit
701 1259 736 1321 et
749 1248 967 1337 confirmavit,
993 1268 1127 1342 semper
1146 1254 1257 1317 nmen
1278 1242 1483 1335 Canonium,
1500 1241 1599 1316 Gon·

228 1366 519 1461 stitutionibusque
545 1363 772 1462 synodalibus
799 1364 1018 1438 condemnata
1043 1371 1104 1435 est
1156 1361 1276 1434 Mirum
1302 1370 1413 1433 tamen
1439 1360 1528 1456 quod
1548 1369 1598 1433 tot

229 1483 366 1556 saecula
391 1481 489 1574 bnjus
522 1480 640 1578 culpae
668 1480 945 1568 foecundissimo,
980 1483 1042 1552 vix
1074 1477 1174 1550 ubam
1208 1476 1397 1572 exemplum
1431 1474 1596 1548 submini-

229 1607 336 1670 strant
366 1596 555 1670 vindicatae
590 1620 651 1693 per
683 1598 947 1672 Sirnoniacorum
982 1595 1223 1691 depositionem
1255 1592 1515 1665 Ecclesiasticae
1542 1591 1599 1663 di-

230 1712 401 1810 sciplinae.
455 1711 602 1809 cyrillus
633 1712 777 1785 Laklalri
810 1714 913 1800 tilius,
940 1712 983 1784 de
1010 1733 1075 1807 quo
1101 1733 1185 1784 mox
1210 1709 1331 1781 dictum
1358 1719 1421 1797 cst,
1447 1707 1599 1804 qrradra-

230 1833 344 1922 ginta,
381 1830 481 1903 brevi
512 1834 672 1926 temporis
711 1833 819 1926 spatio
860 1830 1025 1903 ordinavit
1058 1827 1267 1924 Episcopus,
1311 1846 1427 1900 omnes
1462 1834 1600 1921 accepta

230 1950 389 2044 pecunia:
416 1969 543 2044 graves
568 1945 646 2019 inde
673 1947 836 2021 adversus
862 1969 938 2019 enm
965 1943 1123 2041 querelae
1150 1952 1367 2029 exarserunt,
1400 1941 1509 2013 multis
1542 1941 1598 2034 qui

229 2067 263 2134 in
287 2062 442 2137 Ecclesia
474 2062 659 2139 Jacobitica
692 2063 865 2160 plurimum
901 2070 1056 2159 poterant
1089 2063 1162 2153 ejm
1197 2059 1439 2155 depositionem
1466 2079 1486 2127 a
1513 2054 1598 2129 Sul-

229 2189 307 2251 tano
333 2178 591 2275 postulantibus:
618 2201 727 2274 neque
753 2182 825 2276 ipse
852 2190 979 2266 temen,
1005 2199 1117 2273 neque
1142 2175 1322 2250 Simoniaci
1345 2172 1507 2270 Episcopi
1541 2171 1599 2243 di-

230 2299 357 2389 gnitate
384 2294 517 2391 spoliati
542 2306 627 2368 sunt

336 2411 521 2487 CXXXVL
548 2411 800 2485 Translationes
826 2411 1071 2507 Episcopomm
1098 2409 1186 2506 quod
1220 2410 1344 2495 annet
1378 2408 1441 2478 0²³5
1473 2424 1598 2500 sulm·
1612 2486 1656 2525 ,ω
1676 2486 1749 2523 „„„
1765 2487 1783 2523 ῃ
1819 2485 1851 2524 aa

228 2552 317 2602 mam
352 2532 452 2601 etiam
490 2537 608 2601 contra
646 2526 805 2601 Oenones
838 2532 1047 2600 autoritatem
1078 2526 1142 2600 sibi
1173 2525 1350 2598 attriburmt
1382 2520 1599 2594 Orientalium

230 2645 459 2720 Ecclesiarnrn
486 2643 714 2734 Patriarcbae,
742 2644 828 2716 adeo
854 2654 889 2716 ut
909 2665 1136 2740 quaecumque
1156 2645 1221 2740 ipsi
1242 2647 1396 2727 statuunt,
1418 2640 1496 2730 jure
1510 2634 1601 2710 facta

231 2762 342 2835 videri
366 2761 488 2850 velim,
514 2763 684 2834 rarismma
710 2771 821 2833 nmen
848 2771 904 2833 ant
928 2760 1036 2832 ferme
1061 2759 1150 2831 nulla
1175 2780 1289 2831 earum
1311 2752 1467 2849 exempla
1484 2756 1518 2826 in
1543 2751 1601 2826 bi-

231 2882 337 2971 storia
370 2880 566 2975 reperimus.
626 2878 757 2975 Nempe
790 2900 866 2950 cum
906 2900 952 2948 ex
985 2875 1150 2948 laudanda
1187 2873 1379 2969 disciplinae
1413 2873 1601 2960 tenacitate,

230 3016 398 3091 nunquam
424 2994 627 3091 Episcopum
654 2993 790 3068 alterius
816 2992 906 3066 sedis
934 2992 976 3066 ad
993 2995 1185 3090 primariam
1198 2988 1461 3063 Alexandrinam
1484 2998 1600 3060 trans-

231 3110 382 3201 tulerint,
408 3132 476 3184 non
503 3110 769 3183 committendum
795 3109 974 3199 duxerunt,
1000 3118 1036 3181 ut
1061 3108 1151 3204 quod
1175 3105 1329 3203 publicae
1354 3104 1502 3178 utilitatis
1514 3126 1601 3199 spe·

232 3230 286 3300 cie
310 3250 379 3301 non
403 3226 541 3318 licebat,
568 3225 611 3299 ob
639 3230 770 3322 privata
797 3227 934 3317 alicujus
961 3223 1136 3298 commoda
1161 3226 1414 3319 permitteretur.

338 3343 537 3418 CXXXVII.
562 3343 734 3416 Antoritas
760 3346 793 3414 in
819 3341 1027 3439 Episcopos,
1054 3341 1160 3437 qualis
1177 3336 1391 3413 Patriarchae
1405 3340 1481 3430 J'ure
1501 3360 1601 3412 com-

232 3468 342 3555 petat,
368 3459 476 3532 multis
504 3462 644 3555 antiquis
659 3457 851 3535 Canonibus
869 3461 1109 3555 praescriptum
1123 3467 1186 3545 est,
1213 3476 1298 3551 quos
1311 3452 1434 3526 babent
1448 3454 1601 3551 Coptitac
1614 3440 1659 3479 '⁰⁰
1679 3442 1715 3479 ⁰⁶·

232 3579 267 3647 in
294 3579 362 3648 suis
390 3574 650 3649 Collectionibus
676 3579 843 3669 integros,
871 3585 905 3648 et
935 3597 1019 3671 quos
1052 3572 1114 3648 sub
1148 3573 1290 3645 diversis
1323 3570 1422 3643 tinibs
1455 3569 1603 3643 refenmt

234 3689 443 3765 Collectores
469 3701 503 3763 et
527 3692 729 3789 Interpretes
754 3689 982 3780 Ebnassalus,
1013 3689 1255 3762 Ecbmimensis
1288 3699 1322 3760 et
1354 3685 1419 3758 alii.
1472 3687 1601 3761 Tamen

235 3830 364 3880 summo
392 3808 585 3904 disciplinae
611 3807 653 3881 ab
681 3812 820 3904 antiquis
853 3807 1006 3881 Patribus
1039 3804 1204 3880 stabilitae
1238 3812 1423 3895 conmmtu,
1456 3804 1603 3876 nonnulli

232 3924 448 4006 Patrimcbae
478 3928 743 4021 suspensionum,
764 3924 1021 4012 interdictorum,
1048 3927 1115 3995 imo
1132 3922 1484 3994 excommunicationis
1516 3941 1601 3992 sen-

232 4043 376 4131 tentias,
403 4063 507 4137 saepe
533 4051 659 4114 terame
685 4041 849 4114 adversus
875 4040 1064 4136 Episcopos
1092 4039 1245 4126 tulenmt,
1271 4048 1307 4109 ut
1329 4036 1492 4111 adversus
1507 4035 1602 4107 Sau-

232 4155 346 4229 butum
375 4155 579 4254 Episcopum
610 4158 753 4247 liberae,
788 4156 930 4231 Michael
965 4155 1157 4229 Patriarcba
1182 4153 1332 4227 LXVEl.
1361 4176 1447 4249 quae
1479 4164 1602 4244 nmen,

229 4284 270 4344 ut
296 4296 339 4346 ea
366 4278 565 4364 occasione,
591 4274 690 4371 plebe
716 4274 941 4348 intercedente
968 4284 1001 4346 ot
1027 4272 1069 4344 ad
1095 4271 1280 4345 saecularia
1313 4270 1436 4361 judicia
1465 4290 1601 4365 provo-

231 4400 353 4480 cante,
379 4393 491 4465 irritae
518 4395 651 4486 saepius
677 4391 810 4464 debant.
862 4390 988 4463 Postea
1014 4390 1121 4481 maj0r
1148 4390 1208 4461 luit
1235 4389 1344 4461 cautio
1372 4382 1532 4474 adbibita,
1558 4406 1603 4457 ne

230 4517 362 4579 temere
387 4503 567 4604 Episcopi,
593 4517 648 4580 aut
673 4512 773 4580 etiam
797 4506 892 4578 Latci
924 4508 1307 4590 excommunicarentur,
1344 4505 1421 4597 paria
1454 4500 1601 4573 nonnrdli

231 4644 283 4694 ex
309 4621 541 4718 desperatione
566 4622 663 4695 tidem
692 4620 911 4716 abnegabant.
963 4621 1059 4694 Unde
1086 4621 1283 4696 indiversis
1306 4617 1600 4695 Constitutionibus

230 4737 461 4834 synodalibus
486 4743 708 4835 posteriorum
734 4738 1000 4812 Patriarcbarum
1026 4743 1163 4812 vetitum
1180 4746 1244 4826 est,
1269 4737 1497 4831 nequisquam
1512 4732 1598 4808 abs-

231 4878 302 4951 que
327 4878 428 4931 causa
454 4859 654 4948 granceiana
681 4860 1040 4929 excommunicaretur:
1064 4856 1262 4952 praesertim
1291 4873 1376 4925 vero
1408 4851 1452 4925 ob
1486 4860 1598 4923 teme-

229 4974 356 5044 rariam
384 4981 418 5044 et
443 4972 667 5068 impudentem
693 4969 810 5067 cyrilli
836 4972 874 5043 E.
900 4969 1042 5044 Lablaki
1068 4969 1292 5058 ambitionem,
1319 4970 1374 5065 spui
1401 4968 1511 5041 omnia
1537 4988 1598 5041 suo

232 5089 412 5183 arbitratu,
440 5091 535 5184 quasi
560 5088 693 5183 legibus
718 5086 963 5161 Ecclesiasticis
989 5087 1115 5162 solutus
1142 5084 1317 5177 turbabat,
1342 5083 1598 5184 Episcoposque

272 5224 386 5272 nonni.
1342 5204 1388 5277 71
