4525 6034
522 566 1311 650 munumlcuonnsvlsonansuenorum
1527 570 1606 644 3οῗ

569 844 690 915 Oratio
715 866 783 938 pra
810 845 922 916 calice
947 850 982 915 el
1007 845 1175 937 mappalia
1201 848 1281 935 ejas.
1654 857 1684 908 r.
1702 857 1746 910 se.
1765 856 1782 908 t
1805 856 1849 908 aa.

333 1054 463 1133 Οκιιοιε
483 1064 656 1128 benedictio
684 1064 715 1125 in
742 1064 867 1145 'antiqua
887 1064 1025 1128 Ecclesia
1054 1070 1197 1145 usurpata
1221 1081 1342 1144 quoquc
1364 1062 1437 1143 luit,
1461 1069 1492 1125 et
1514 1081 1608 1144 prae-

233 1170 341 1251 cipuus
356 1171 454 1233 bonor
477 1168 575 1232 cidem
587 1168 716 1244 habitus,
739 1168 820 1248 quod
841 1170 874 1229 in
895 1187 932 1230 ea
950 1167 1084 1247 femme
1103 1167 1229 1247 ranpnic
1243 1164 1366 1243 Cbristi,
1388 1175 1421 1228 ut
1443 1166 1608 1246 loquuntur
1688 1228 1691 1241 ,

233 1269 329 1331 variis
359 1269 435 1331 locis
470 1275 592 1330 autores
616 1267 769 1329 Historiae
794 1265 1005 1329 Patriarebalis
1028 1264 1268 1328 Alexandrinae:
1297 1267 1327 1327 in
1354 1281 1412 1346 qua
1441 1264 1521 1327 inter
1549 1263 1607 1325 alia

233 1370 316 1430 circa
338 1368 557 1430 Eucharistiam
579 1364 721 1427 miracula
743 1373 924 1427 recensetur
948 1382 1037 1426 unum
1059 1365 1090 1426 in
1113 1363 1208 1426 calice
1231 1362 1361 1441 lactum,
1383 1380 1423 1424 ex
1445 1379 1517 1442 quo,
1541 1380 1607 1423 cum

233 1467 269 1530 ab
293 1466 419 1550 aurifice
441 1464 660 1528 llubamedanc
678 1463 883 1545 frangeretur,
905 1464 1029 1546 sanguis
1043 1463 1182 1525 lluxerit:
1198 1471 1259 1524 tum
1287 1463 1411 1544 sanguis
1438 1461 1525 1541 quasi
1553 1480 1608 1522 re·
1673 1473 1735 1523 Har.
1763 1471 1834 1525 Patr.
1862 1473 1935 1525 Alea.

235 1583 308 1629 cens
332 1565 485 1628 ebullierit
506 1565 536 1625 in
559 1562 618 1626 alic
642 1562 748 1642 calice,
772 1561 841 1624 dum
863 1580 951 1625 sacra
973 1562 1118 1643 mysteria
1140 1560 1276 1644 Bagdadi
1305 1560 1549 1638 celebrarentur,
1576 1568 1609 1621 ut
1636 1577 1663 1629 ο·
1681 1559 1746 1611 270.
1765 1556 1867 1610 0137&-

234 1664 328 1727 multa
352 1664 441 1745 hujus
465 1663 591 1746 generis
622 1661 735 1742 passim
763 1668 868 1723 extant
897 1663 927 1724 in
950 1660 1136 1724 Graecorum
1164 1669 1194 1722 et
1221 1661 1350 1722 omnium
1374 1659 1610 1722 Christianorum

235 1763 435 1827 Orientalium
459 1761 552 1823 libris.
597 1760 685 1833 Quod
708 1768 807 1822 autem
830 1760 956 1823 credant
985 1760 1015 1820 in
1045 1759 1140 1822 calice
1169 1760 1348 1842 sanguinem
1371 1757 1482 1821 Christi
1513 1759 1613 1819 conti-

233 1864 313 1940 neri,
336 1864 397 1923 imo
419 1869 452 1922 ut
474 1860 549 1922 fides
572 1859 672 1933 docet,
696 1858 849 1922 Christum
870 1860 978 1940 ipsum,
1002 1866 1181 1939 argumento
1204 1866 1251 1920 est
1273 1857 1370 1939 ligura
1392 1875 1471 1938 quae
1493 1858 1523 1918 in
1547 1857 1613 1918 llo-

234 1959 512 2047 rologiisssraecis
534 1957 639 2021 Obicio
661 1975 769 2020 sacrae
792 1959 1008 2020 communionis
1031 1959 1181 2038 praemitti
1202 1957 1297 2035 solet,
1327 1957 1359 2018 in
1386 1974 1445 2037 qua
1476 1954 1613 2019 Christus

234 2066 484 2141 repraesentatur
506 2058 537 2119 in
560 2056 665 2119 calice.
709 2056 744 2118 ln
766 2055 845 2118 libro
874 2055 1136 2119 Sacramentorum
1159 2056 1351 2138 Gregoriano
1381 2056 1534 2118 orationes
1564 2055 1614 2117 le·

234 2165 350 2241 guntur
373 2156 410 2219 ad
433 2156 565 2219 Calicem
588 2154 836 2218 benedicendum.
882 2154 1018 2231 Cremna,
1042 2157 1231 2218 dilectissimi
1249 2155 1383 2234 smirci,
1413 2162 1448 2215 nt
1467 2154 1616 2216 bonnm

234 2257 320 2319 Deus
340 2264 454 2331 water,
479 2253 611 2316 Calicem
633 2258 665 2315 in
686 2273 773 2316 ιιιασι
795 2255 845 2315 τοι·
864 2255 1026 2316 minister-ii
1054 2255 1308 2329 consecrandam,
1336 2254 1475 2316 coelestis
1495 2255 1616 2333 pratiae

233 2357 437 2435 inspiratione
458 2354 633 2431 sanctificet.
679 2352 717 2414 Et
738 2354 769 2413 in
793 2351 860 2415 alia.
898 2351 1044 2432 Dianam,
1066 2352 1205 2430 Domine,
1229 2354 1355 2422 calicem
1376 2354 1466 2414 istam
1482 2353 1515 2412 in
1529 2369 1616 2412 nsnm

234 2454 399 2515 minstmsi
411 2456 465 2531 tui,
479 2453 536 2531 pia
548 2450 659 2530 famuli
673 2454 719 2513 tai
734 2450 779 2514 lll.
803 2452 961 2512 eleccione
979 2450 1155 2530 fonnatnm,
1177 2470 1216 2513 ea
1233 2452 1472 2530 sanctificatione
1482 2447 1616 2529 pmsnn-

233 2554 326 2628 dere,
353 2570 414 2632 pua
442 2550 659 2613 Melchisedech
685 2549 797 2629 famuli
824 2550 885 2625 ini,
913 2557 1067 2611 sanatam
1096 2549 1230 2612 Calicem
1249 2549 1422 2628 perfudisti.
1467 2547 1509 2610 Et
1535 2548 1617 2628 qaod

234 2660 303 2713 arte
326 2652 377 2713 vel
396 2650 517 2711 metalla
539 2647 623 2729 effici
641 2668 703 2711 nan
720 2655 823 2728 pateat
843 2647 993 2709 altaribus
1014 2650 1075 2709 tais
1096 2648 1228 2728 dianam,
1256 2649 1312 2728 fiat
1332 2657 1385 2711 tna
1407 2649 1614 2711 amoenam

232 2752 410 2830 pmtiomm.
432 2748 466 2810 ln
489 2747 557 2826 alia,
583 2755 656 2829 post
680 2745 832 2810 nonnulla.
878 2746 1046 2809 Precamnr
1074 2754 1108 2808 at
1132 2748 1212 2809 banc
1234 2746 1367 2808 Calicem
1395 2748 1428 2808 in
1449 2766 1508 2828 pac
1530 2748 1612 2809 cele-
1658 2758 1732 2809 naar.
1746 2755 1819 2825 drap.
1832 2773 1859 2825 p.
1874 2756 1936 2807 15⁵.

233 2848 356 2910 braum
378 2865 482 2910 nemis
503 2856 706 2909 sacrosancta
726 2847 882 2928 mysteria,
906 2847 1067 2907 ακίιιιοοε
1088 2847 1190 2908 sancti
1201 2845 1335 2926 Speciem
1356 2848 1401 2908 ini
1421 2846 1544 2908 caelesti
1555 2845 1611 2907 be·
1624 2841 1938 2911 eenamcenam

233 2947 407 3008 udictiane
428 2948 607 3027 sanctifices.
652 2945 810 3008 Unctionis
832 2962 873 3007 ex
896 2943 1064 3007 Cbrismate
1086 2943 1168 3006 nulla
1190 2946 1318 3008 mentio:
1342 2964 1408 3007 cam
1432 2952 1531 3008 tamen
1553 2944 1612 3006 ad·

234 3044 360 3107 bibitam
388 3043 483 3108 luisse
513 3052 692 3129 argumento
724 3051 787 3121 est,
815 3062 983 3107 consensus
1007 3051 1144 3107 veterum
1167 3043 1312 3108 Codicum
1338 3045 1458 3109 Ratoldi
1492 3051 1522 3107 et
1547 3044 1613 3107 Re-

234 3146 361 3223 mensis,
385 3151 416 3206 et
438 3144 563 3206 aliorum
586 3162 663 3225 quos
686 3145 758 3207 citat
780 3145 828 3206 vir
849 3143 1039 3206 doctissimus
1062 3144 1151 3227 lingo
1173 3145 1345 3209 blenardus.
1385 3145 1467 3208 lllius
1490 3161 1611 3224 quoque
1642 3153 1698 3205 Na.
1711 3153 1862 3220 camenp.
1875 3149 1937 3202 199.

234 3241 323 3304 Ritus
346 3243 479 3305 meminit
500 3241 672 3306 Burcardus
694 3242 713 3305 l.
737 3240 766 3304 3.
790 3261 818 3306 c.
842 3243 894 3306 58.
918 3261 958 3305 ex
980 3244 1138 3324 supposita
1159 3244 1295 3324 Epistola
1318 3244 1428 3308 Felicis
1451 3243 1501 3305 lv.
1525 3247 1611 3324 cujus

236 3341 429 3404 autoritatem
453 3357 513 3405 non
536 3341 724 3417 extollimus3
746 3359 852 3405 verum
875 3343 947 3423 quin
970 3340 1158 3423 disciplinam
1169 3342 1302 3406 Caroliui
1323 3342 1430 3407 saltem
1453 3343 1520 3405 aevi
1536 3360 1614 3405 con-

234 3442 340 3518 tineat,
363 3439 493 3502 dubitari
515 3460 576 3503 non
598 3448 708 3521 potest.

325 3539 435 3602 Graeci
458 3539 572 3601 babent
593 3540 624 3602 in
645 3539 835 3621 Eucbologio
858 3537 985 3601 odicium
1007 3557 1063 3601 seu
1083 3527 1300 3605 Ἀκολουθίαν
1321 3533 1370 3614 εἷς
1390 3534 1536 3624 ἐγκαίνια
1559 3534 1614 3601 δί-
1660 3530 1763 3584 EM·
1779 3547 1806 3599 Ρ·
1823 3528 1886 3581 ⁸⁴⁶·

234 3654 317 3702 σκου
341 3634 397 3700 καί
418 3633 578 3721 ποιηρίου
599 3636 730 3701 nannoni:
753 3640 786 3699 in
808 3640 961 3700 ermamiis
982 3657 1037 3699 aen
1058 3643 1288 3702 corasecratione
1302 3649 1436 3720 patenae
1458 3648 1488 3701 et
1508 3639 1616 3700 calicia

235 3740 328 3799 naci:
350 3738 381 3798 in
404 3756 464 3818 quo
487 3756 549 3800 non
572 3737 668 3801 solum
685 3736 858 3800 benedictio
880 3743 1009 3817 patenae
1027 3745 1058 3799 ct
1071 3738 1174 3801 calicis
1197 3739 1424 3819 praescribitur,
1447 3736 1615 3801 sedetiam
1685 3726 1695 3745 '

236 3837 429 3898 consecratio
452 3856 493 3899 ex
516 3836 693 3900 Cbrismate.
718 3835 822 3899 Oratio
837 3835 912 3912 ¹talis
925 3844 981 3899 est.
1005 3829 1162 3900 Δέσποτα
1183 3828 1277 3923 κο’ριε
1297 3829 1315 3901 e‘
1339 3826 1421 3910 θεὸς
1442 3828 1540 3922 ἡμῶν,
1560 3832 1618 3898 καί

235 3928 287 3995 υἱὲ
310 3930 366 3995 καὶ
389 3922 467 4019 io'ye
493 3935 556 3998 τοῦ
577 3934 663 3999 θεοῦ
684 3931 817 4012 ζῶντος,
839 3921 931 4018 κύριε
959 3924 1065 4018 Ἰησοῦ
1087 3930 1225 4021 Χριστέ,
1260 3927 1278 3999 ὁ
1306 3925 1344 3999 cd
1374 3926 1529 4021 ποτήριον
1557 3931 1618 4019 τῆς

236 4030 350 4116 καινῆς
364 4050 424 4098 σου
447 4021 611 4120 διαθήκης
629 4023 779 4118 ἁγιάσας,
800 4031 857 4096 καί
878 4024 1015 4110 εἰιιδοδς
1041 4022 1124 4099 aial
1148 4030 1197 4109 εἰς
1218 4023 1420 4121 εὐφροσύνην
1440 4030 1526 4097 πᾶσι
1549 4034 1620 4107 τοῖς

235 4121 542 4211 μεταλαμβάνουσιν
562 4129 599 4214 ἐξ
621 4125 742 4197 αὐτοῦ·
775 4122 876 4206 adice
897 4130 952 4196 καὶ
974 4132 1030 4196 νῦν
1054 4128 1202 4197 δέσποτα
1223 4130 1347 4219 Χριστὲ
1371 4125 1390 4197 ὁ
1421 4122 1503 4206 θεὸς
1527 4122 1620 4217 ἡμῶν

236 4218 472 4309 ἐξαπόστειλον
487 4221 526 4295 ιδ
538 4224 669 4312 πνεῦμά
691 4248 752 4297 σου
772 4220 812 4295 ιδ
826 4222 930 4315 ἅγιον,
953 4225 1010 4295 ἐπὶ
1031 4222 1071 4295 ιδ
1088 4224 1246 4317 ποιήριον
1259 4223 1298 4297 τδ
1309 4222 1419 4297 καινὸν
1433 4227 1541 4307 τοῦτο,
1563 4227 1620 4292 καί

238 4318 427 4413 eitimam,
449 4327 504 4394 καὶ
527 4323 663 4416 ἁγίασον
685 4327 741 4393 καί
756 4325 938 4409 τείείωσον,
961 4328 1017 4393 καί
1037 4332 1107 4405 τοῖς
1117 4331 1340 4410 μετασχοῦσιν
1361 4326 1400 4409 ἐξ
1422 4318 1524 4394 αὐτοῦ
1546 4348 1616 4390 πα-

236 4419 365 4514 ράσχου
392 4419 452 4515 τήν
478 4419 620 4516 εἰρήνην,
642 4440 700 4496 etc.
738 4426 810 4492 Kal
832 4423 1006 4514 σφραγίζιι
1028 4419 1114 4493 αὐτοὶ
1136 4430 1179 4514 τῇ
1199 4427 1286 4518 χειρί
1307 4425 1425 4512 λέγων,
1448 4416 1523 4489 idai)
1546 4419 1619 4511 ἡγί-

237 4544 355 4605 ασται,
385 4525 442 4591 καὶ
469 4525 678 4594 τετελείωται
705 4517 744 4593 ιδ
770 4515 929 4613 ποτήριον
950 4525 1128 4617 σωτηρίας,
1156 4525 1212 4592 καί
1240 4521 1258 4592 ὁ
1286 4524 1397 4603 δίσκος
1431 4523 1526 4605 Coie,
1560 4523 1619 4608 τῆς

238 4625 353 4712 καινῆς
379 4614 550 4713 διαθήκης,
579 4623 615 4690 ἐν
641 4614 778 4706 όνίματι
808 4626 870 4689 τοῦ
896 4616 1039 4714 πατρός,
1070 4637 1129 4692 etc.
1173 4629 1355 4691 Dammatar
1383 4627 1511 4689 Domine
1537 4625 1620 4687 Deris

237 4735 351 4802 nasim,
374 4728 433 4789 Fili
454 4735 485 4790 et
504 4728 631 4790 Verbum
651 4726 711 4789 Dei
733 4729 872 4802 niumm,
894 4727 1022 4790 Domine
1043 4727 1119 4790 lesa
1142 4726 1260 4790 Cbriate
1282 4728 1335 4811 pai
1354 4728 1428 4788 naci
1448 4726 1493 4786 tui
1513 4724 1620 4791 Tecta-

239 4828 334 4888 menti
362 4828 489 4889 calicem
517 4829 732 4908 sanctificasti,
762 4834 792 4888 et
816 4828 849 4888 in
876 4828 1023 4889 laetitiam
1050 4829 1168 4889 cunctis
1196 4830 1260 4906 ejus
1286 4826 1400 4905 samm
1429 4822 1622 4887 corisortibac

241 4927 417 4988 accendisti:
438 4927 508 5008 lpse
529 4948 645 5010 qnapae
666 4947 762 5003 nnnc,
790 4926 919 4988 Domine
939 4926 1023 4988 Dens
1050 4934 1171 5000 noster,
1200 4925 1346 5005 Spiritum
1374 4931 1512 4987 sanctam
1541 4933 1623 4987 tantm

181 5036 186 5053 ⁹
240 5042 335 5103 saper
355 5026 482 5088 calicem
498 5028 699 5091 buncnaonm
720 5028 812 5104 mitte,
836 5033 867 5086 et
892 5025 1026 5101 benedic,
1048 5026 1216 5105 sancimen,
1239 5033 1269 5087 et
1289 5043 1437 5087 consecra
1457 5025 1621 5101 illamam.

272 5162 387 5204 mm
1359 5140 1408 5216 55
