4525 6034
728 529 803 639 eoa
1234 564 1591 644 irrorari

826 754 1010 828 Sacerdos.
1046 753 1119 826 Nos
1140 756 1239 846 igitur
1262 764 1470 851 peccatores,
1491 754 1713 829 observantes
1731 753 1885 830 mandata
1898 765 1946 827 tua
1959 768 2045 832 sancta

722 879 757 940 et
782 870 930 960 vivifica,
956 873 1149 943 memoriam
1176 873 1305 961 agimus
1333 869 1586 967 dispensationis
1613 882 1704 945 tuac:
1732 874 1910 943 nativitatis
1932 882 1993 944 tuae
2012 898 2046 947 ex

721 989 879 1082 Virgine:
918 992 1070 1088 baptismi
1096 993 1151 1083 ,tui
1187 1013 1207 1062 a
1239 989 1386 1062 loanne:
1426 990 1616 1084 passionum
1650 999 1778 1060 tuarum
1809 987 2048 1065 voluntariamu:

723 1105 915 1201 sepulturae
941 1117 1018 1180 tuae
1050 1105 1225 1180 salutaris:
1257 1107 1513 1180 resurrectionis
1546 1112 1623 1175 tuae
1654 1103 1844 1196 gloriosae,
1879 1109 2046 1177 ascensionis

723 1231 801 1293 tuae
829 1226 860 1293 in
887 1223 1035 1311 coelum,
1062 1231 1096 1294 et
1122 1225 1283 1294 sessionis
1310 1230 1388 1294 tuae
1414 1219 1457 1292 ad
1489 1219 1661 1291 dexteram
1694 1220 1760 1291 Dei
1789 1220 1913 1292 Patris:
1941 1217 2050 1295 laudes-

724 1360 789 1433 que
815 1349 848 1410 et
874 1340 1096 1414 exaltationes
1122 1341 1247 1410 nomini
1273 1348 1330 1411 tuo
1358 1335 1530 1409 adorando
1558 1334 1743 1408 oderimus:
1769 1357 1886 1408 mrsus
1903 1339 1985 1406 etiam
1999 1338 2049 1409 ad-

722 1466 843 1527 ventus
871 1459 916 1527 tui
942 1453 1095 1544 secundi,
1127 1457 1161 1525 in
1188 1476 1253 1548 quo
1281 1456 1391 1526 omnia
1424 1464 1542 1549 operta
1566 1455 1611 1523 in
1645 1461 1794 1547 apertum
1827 1474 1977 1547 expones.
2018 1453 2051 1526 llt

722 1581 860 1667 propter
885 1571 969 1642 banc
996 1570 1276 1666 dispensationem
1301 1581 1390 1643 tuam
1418 1569 1617 1656 salutarem,
1650 1566 1846 1640 sacrificium
1879 1566 1938 1639 boc
1960 1567 2051 1641 oileri-

721 1710 794 1758 mus
828 1688 909 1775 tibi3
945 1688 1152 1782 vocibusque
1187 1685 1396 1778 gementibus
1430 1696 1464 1758 et
1498 1687 1648 1782 suspiriis
1684 1684 1916 1779 deprecamur,
1947 1695 2052 1759 utnon

721 1801 826 1874 iacias
853 1824 916 1876 nos
943 1813 1069 1899 partem
1096 1806 1183 1894 ignis
1211 1802 1295 1875 illius
1322 1803 1479 1885 ardentia,
1508 1806 1584 1896 quia
1605 1800 1757 1874 Cbrisma
1780 1793 1794 1834 ³
1820 1810 1910 1871 tuum
1934 1813 2054 1874 sanctum

722 1921 886 2010 signatum
913 1922 946 1990 in
972 1920 1069 1992 nobis
1097 1929 1163 1991 est:
1189 1941 1298 2014 oeque
1324 1917 1522 1992 cruciandos
1548 1940 1611 1990 nos
1637 1918 1769 2001 undas,
1802 1920 1836 1987 iu
1868 1914 1987 1987 flamma
2013 1917 2054 1989 illa

719 2033 994 2126 flagrantissima,
1026 2039 1103 2131 quia
1139 2033 1250 2127 sigillo
1286 2038 1394 2107 crucis
1428 2044 1503 2106 tuae
1538 2034 1737 2107 vivificantis
1770 2032 1936 2125 obsignati
1959 2055 2054 2113 sunus.

720 2149 840 2246 Neque
866 2152 1050 2224 dominetur
1075 2156 1201 2225 vermis
1234 2153 1376 2225 stridens
1409 2149 1560 2224 dentibus
1592 2154 1626 2222 in
1659 2148 1806 2222 membra
1837 2159 1969 2237 nostra,
1999 2152 2056 2244 quia

720 2289 843 2362 corpus
870 2278 959 2340 tuum
985 2280 1135 2341 sanctum
1162 2268 1328 2341 conditum
1354 2271 1387 2338 in
1414 2267 1511 2340 nobis
1538 2277 1598 2339 est.
1634 2267 1710 2339 Non
1737 2266 1825 2339 illam
1842 2288 1962 2339 vocem
1975 2268 2056 2336 teni-

719 2383 819 2456 bilem
846 2384 942 2458 uobis
969 2389 1183 2481 pronuncies,
1208 2383 1379 2456 Discedite
1406 2407 1426 2456 a
1453 2406 1507 2456 me
1522 2382 1699 2471 maledicti,
1724 2405 1793 2456 non
1808 2385 1892 2456 novi
1906 2404 1978 2469 vos,
2000 2384 2058 2475 qia

720 2499 844 2572 iratres
880 2512 954 2573 tuos
987 2504 1118 2574 vocasti
1152 2509 1186 2573 et
1218 2498 1392 2597 appellasti
1427 2521 1509 2587 nos,
1545 2522 1590 2571 ex
1623 2522 1708 2594 aqua
1742 2500 1908 2595 baptismi.
1957 2498 2058 2569 Veron

717 2624 856 2713 propter
881 2618 1143 2690 misericordiam
1169 2627 1278 2704 tuam,
1314 2614 1444 2688 colloca
1474 2636 1537 2688 nos
1569 2618 1603 2686 in
1633 2637 1740 2708 regno
1773 2627 1831 2688 tuo
1860 2615 2006 2700 coelesti,
2034 2623 2059 2683 et

717 2732 861 2807 laetifica
894 2755 956 2806 uos
989 2756 1064 2805 cum
1099 2736 1223 2805 sanctis
1259 2735 1323 2804 tuis
1358 2731 1481 2824 gaudio
1515 2731 1720 2803 indeficienti.
1781 2731 1825 2804 Et
1859 2742 1991 2828 propter
2011 2733 2060 2801 istu

718 2852 913 2946 praecipue,
939 2852 1114 2946 poenitens
1137 2846 1291 2920 Ecclesia
1317 2858 1383 2935 trra,
1412 2857 1446 2919 et
1471 2869 1560 2939 grex
1586 2858 1659 2920 tuus
1686 2846 1884 2943 deprecatur
1902 2860 1946 2939 te,
1971 2857 2060 2943 etper

718 2976 762 3051 te,
791 2977 900 3037 tecum
927 2965 1048 3037 clamat
1073 2965 1116 3037 ad
1142 2966 1274 3037 Patrem
1301 2975 1403 3053 mum,
1430 2964 1553 3035 dicens.

823 3081 982 3173 Popclrca.
1034 3080 1199 3153 Miserere
1225 3083 1340 3153 nostri.

822 3196 1006 3268 Sacerdos.
1063 3197 1136 3270 Nos
1163 3219 1295 3292 quoque
1320 3196 1473 3270 Domine.

823 3313 982 3405 Populea.
1035 3313 1086 3385 'le
1110 3312 1293 3386 laudamus.

821 3429 1009 3500 Diaconos.
1062 3430 1170 3516 Quam
1196 3427 1338 3501 timenda
1365 3437 1417 3500 est
1442 3427 1526 3499 baec
1551 3427 1644 3499 bora.

822 3543 997 3617 Sacerdos
1022 3546 1205 3617 inclinatos
1231 3546 1316 3616 dicit
1342 3544 1595 3615 lococotiorcem
1621 3542 1771 3637 Spiritus
1796 3551 1922 3618 coacti.

820 3662 919 3734 Dona
945 3663 1145 3757 paracletico
1171 3662 1314 3759 Spiritus
1341 3664 1386 3733 tui
1412 3662 1537 3749 sancti,
1570 3669 1603 3731 et
1634 3660 1852 3751 vivificantis,
1885 3666 1976 3735 mitte
2004 3657 2064 3733 mibi

718 3797 805 3847 nunc
830 3778 987 3853 Domine:
1022 3777 1164 3874 Spiritus
1197 3779 1282 3853 illius
1315 3780 1370 3874 qui
1399 3797 1508 3871 neque
1542 3787 1712 3871 tempore,
1746 3800 1859 3874 neque
1894 3783 2062 3874 quanfflate

716 3914 825 3985 neque
853 3892 1007 3987 qualitate
1033 3893 1257 3968 circumscribi
1282 3902 1402 3992 potest.
1456 3893 1520 3978 Qui
1546 3913 1646 3987 super
1672 3893 1852 3966 Jordanem
1884 3893 2063 3968 fluviumiu

716 4006 891 4080 columbae
925 4012 1040 4106 specie
1073 4013 1244 4107 apparuit,
1287 4013 1342 4105 qui
1376 4030 1477 4103 super
1508 4008 1693 4102 Apostolos
1730 4021 1871 4085 sanctos
1910 4015 2018 4107 requie
2038 4010 2063 4093 l,

716 4125 749 4194 in
777 4125 983 4198 similitudine
1009 4126 1196 4219 linguarum
1222 4130 1319 4220 ignis.
1372 4126 1449 4222 lpse
1475 4125 1657 4198 sanctificet
1682 4132 1843 4223 mysteria
1876 4129 1980 4217 haec,
2003 4146 2063 4196 me·

720 4262 784 4334 que
811 4252 1025 4337 peccatorem
1052 4242 1204 4333 mundet,
1231 4243 1361 4332 abluat,
1388 4253 1422 4314 et
1448 4240 1598 4337 purificet
1625 4265 1644 4313 a
1670 4244 1884 4338 passionibus
1911 4246 2037 4343 peccati

820 4355 1004 4431 Sacerdos.
1056 4358 1188 4432 Exaudi
1214 4382 1283 4446 me,
1310 4359 1461 4430 Domine.

822 4470 980 4566 Populos.
1033 4475 1139 4573 llyrie
1166 4475 1311 4564 eleison,
1338 4475 1443 4572 llyrie
1470 4473 1614 4563 eleison,
1640 4475 1743 4571 llyrie
1769 4476 1912 4551 eleison.

823 4587 1007 4662 Sacerdos.
1059 4592 1104 4663 Ut
1128 4614 1189 4687 per
1214 4592 1366 4689 illapsum
1393 4613 1504 4681 suum,
1528 4591 1676 4686 perficiat
1707 4616 1826 4689 panem
1856 4599 1974 4686 istrum,
1997 4612 2063 4665 cor-

717 4726 781 4801 pus
809 4703 931 4778 Christi
957 4707 1021 4779 Dei
1046 4711 1162 4781 nostri.

821 4821 981 4916 Populos.
1034 4826 1153 4898 Amen.

716 5054 747 5127 D
822 4937 1005 5013 Sacerdos.
1058 4941 1103 5013 Et
1128 4944 1258 5016 mistum
1273 4942 1361 5038 quod
1386 4944 1420 5014 in
1445 4942 1510 5017 boc
1529 4909 1640 5015 vcalice
1656 4952 1719 5033 est,
1745 4946 1949 5035 sanguinem
1962 4937 2064 5016 cursu

688 5111 690 5115 ,
750 5056 781 5124 ei
807 5060 921 5128 nostri.
