4525 6034
345 590 396 664 DE
418 588 588 666 Sirtibeis
610 585 884 665 Mutcfflrmml
908 590 956 664 ET
974 588 1243 669 JACOBlldRUll
1268 592 1464 669 LITURGllS.
1548 590 1596 676 ΠΙ

218 776 331 868 primis
357 773 612 868 possessoribus
640 779 766 847 restitui
793 776 933 847 curavit.
964 774 1051 846 Nam
1077 785 1113 846 ut
1140 773 1314 849 cedrenus
1342 779 1492 871 scripsit,
1524 798 1592 848 non
1626 776 1729 832 Cedre-
1744 781 1768 832 T·
1785 782 1807 832 ¹·
1816 801 1842 851 r·
1856 784 1917 834 ⁴2⁰·

217 888 316 960 modo
353 888 564 962 Nestorianis
600 888 741 964 favebat
779 889 1044 978 Nuscbirunnus,
1082 890 1144 963 sed
1182 890 1331 985 reliquos
1373 891 1594 982 Christianos,
1607 864 1810 1003 Jssgfflffla}
1825 868 1844 919 ¹·
1857 887 1917 937 Μ·

218 1007 317 1074 etiam
343 1008 377 1073 in
403 1003 554 1093 Perside,
581 1004 623 1076 ad
650 1027 767 1076 eorum
794 1015 922 1078 sectam
949 1004 1212 1099 amplectendam
1238 1004 1398 1096 cogebat:
1427 1016 1525 1100 atque
1552 1030 1593 1080 ea
1663 989 1669 1000 ¹
1730 989 1736 1002 ⁸
1803 989 1810 1002 ⁹

217 1120 349 1189 ratione
374 1116 510 1208 factum,
536 1128 572 1192 ut
599 1123 653 1213 qui
679 1123 713 1189 in
741 1142 782 1190 ea
813 1121 955 1210 regione
983 1119 1161 1193 Christiani
1188 1129 1300 1208 erant,
1337 1141 1454 1191 omnes
1486 1143 1593 1216 prope
1644 1123 1670 1174 T·
1691 1124 1716 1176 ¹·
1731 1142 1757 1192 r·
1776 1124 1837 1173 ¹²¹5·

217 1231 336 1303 eadem
362 1231 497 1305 baeresi
522 1233 742 1305 inficerentur.
769 1232 806 1304 ld
831 1233 965 1305 videtur
991 1233 1144 1306 effectum
1177 1255 1256 1307 esse
1288 1256 1358 1305 non
1385 1232 1427 1305 ab
1454 1234 1593 1325 indige-

216 1350 268 1419 nis
296 1346 407 1441 Syris,
433 1369 510 1419 nam
537 1346 768 1421 Crthodoxam
793 1348 890 1419 fidem
919 1347 1161 1443 sequebantur,
1188 1358 1223 1419 et
1248 1348 1310 1421 sub
1337 1347 1498 1421 Romanis
1525 1351 1594 1419 im-

215 1462 429 1558 peratoribus
455 1461 565 1535 Nisibi
591 1473 626 1534 et
651 1463 804 1534 Edessae
839 1462 972 1536 scholas
1007 1462 1173 1536 babebant
1199 1466 1370 1555 insignes,
1402 1463 1457 1536 ubi
1484 1462 1593 1535 llore-

215 1578 297 1649 bant
323 1598 495 1650 sacrarum
527 1577 696 1649 literarum
729 1578 857 1666 studia,
891 1577 934 1649 de
967 1577 1085 1672 quibus
1112 1577 1273 1668 Junilius,
1310 1577 1535 1651 Cassiodorus
1562 1588 1596 1650 et
1625 1582 1702 1635 mm
1721 1582 1776 1634 me.
1795 1582 1870 1633 imfi-

216 1692 288 1763 clii:
315 1714 433 1764 verum
461 1716 482 1762 a
508 1690 657 1784 fugitivis
685 1703 742 1763 ex'
758 1691 917 1781 Graecia,
951 1695 1006 1786 qui
1033 1695 1176 1788 septimo
1210 1691 1347 1765 saeculo
1383 1697 1593 1787 praesertim,

213 1806 390 1880 Ecclesiae
416 1816 451 1878 et
476 1807 610 1881 scholas
638 1818 899 1904 occupaverunt,
927 1817 1029 1881 totam
1056 1809 1201 1904 denique
1217 1806 1497 1903 Mesopotamiam
1513 1810 1591 1881 Ne-

213 1927 398 1996 storianam
423 1921 581 1995 lecerunt.
609 1925 842 1997 Servaverant
867 1924 913 1995 illi
938 1922 1108 2015 Litargias
1137 1945 1229 2015 suas,
1257 1935 1291 1996 et
1317 1922 1433 1996 Officia
1465 1946 1593 1997 secun-

214 2041 292 2113 dum
320 2038 476 2113 (iraecae
501 2040 696 2130 Ecclesiae,
724 2064 770 2113 ex
799 2064 863 2135 qua
898 2050 1130 2130 recesserant,
1157 2038 1382 2135 disciplinam,
1411 2040 1456 2109 ita
1483 2049 1593 2110 tamen

213 2166 249 2228 nt
275 2156 458 2228 secundum
495 2179 607 2228 mores
640 2156 726 2227 illius
761 2155 908 2245 soeculi,
943 2154 1061 2226 eadem
1095 2155 1203 2227 officia
1235 2154 1382 2249 Syrisce
1417 2151 1593 2227 celebrare

214 2273 401 2367 coeperint,
426 2271 483 2344 ubi
512 2271 644 2344 Graeca
670 2270 785 2362 lingua
810 2293 878 2342 non
904 2280 977 2341 erat
1002 2270 1206 2360 vernacula,
1242 2268 1365 2363 illaque
1397 2272 1593 2340 retinuerint

213 2408 255 2457 eo
284 2385 426 2475 facilius,
453 2387 542 2482 quod
569 2410 643 2459 cum
672 2385 877 2459 Orlbodoxis
903 2384 1069 2477 indigenis
1095 2384 1217 2456 nullam
1241 2386 1507 2456 communionem
1524 2382 1591 2455 ba-

213 2500 342 2573 berent.
388 2500 654 2597 Mesopotarneni
679 2506 834 2597 proprios
859 2504 942 2574 rims
969 2500 1095 2573 babere
1120 2509 1316 2596 potuerunt,
1350 2520 1434 2593 quos
1461 2498 1593 2573 Nesto-

213 2619 301 2689 riani
328 2617 474 2713 amplexi
501 2629 586 2694 sunt.

318 2733 376 2805 lV.
404 2733 493 2806 Fieri
520 2756 653 2830 quoque
679 2736 801 2829 potuit,
833 2743 870 2805 ut
901 2737 1058 2830 proprios
1085 2732 1437 2827 Mesopotamenarum
1462 2727 1592 2803 Eccle-
1640 2746 1918 2815 nempoamenrpro-

213 2850 339 2921 siarum
366 2852 448 2922 ritus
475 2860 707 2945 sequerentur,
734 2853 822 2920 inter
847 2864 931 2944 quos
958 2860 992 2921 et
1018 2872 1080 2923 eos
1116 2852 1172 2944 qui
1198 2849 1363 2941 vigebant
1398 2846 1485 2943 apud
1518 2849 1590 2922 Or·
1605 2833 1856 2901 ¹¹¹¹⁰⁵¹⁵⁸¹¹⁸¹¹⁰bef⁰
1869 2849 1920 2901 ¹³⁰·

213 2963 396 3053 tbodoxoS,
422 2964 510 3037 nulla
537 2968 693 3036 momenti
720 2965 858 3055 alicujus
885 2975 957 3036 erat
974 2964 1168 3055 differentia,
1182 2966 1216 3035 in
1231 2964 1296 3036 illis
1312 2985 1433 3036 sacrae
1447 2967 1590 3037 actionis
1605 2927 1802 3071 ffiffiffi
1818 2918 1918 3058 23⁸⁰

211 3081 376 3175 partibus,
404 3104 490 3176 quoe
517 3085 720 3177 praecipuae
746 3089 781 3151 et
806 3085 1022 3153 necessariae
1051 3090 1137 3153 sunt.
1169 3079 1298 3152 Verum
1333 3102 1377 3151 an
1408 3082 1453 3149 ita
1481 3076 1592 3167 luerit,

213 3199 370 3267 constitui
397 3200 550 3269 nonnisi
578 3219 624 3268 ex
651 3199 852 3287 conjecturis
878 3207 1006 3293 potest:
1032 3218 1144 3291 neque
1175 3203 1286 3266 temen
1312 3199 1429 3266 manes
1457 3196 1591 3265 omnino

211 3308 291 3381 illae
315 3312 517 3403 judicandae
544 3322 629 3385 sunt.
656 3311 702 3383 Ut
728 3315 816 3382 enim
843 3311 920 3383 alibi
949 3312 1070 3383 dictum
1097 3320 1161 3401 est,
1187 3308 1249 3381 suit
1267 3308 1355 3405 apud
1382 3307 1492 3403 Syros
1511 3306 1593 3377 lile-

213 3436 453 3522 sopotamenos
480 3428 625 3517 traditio,
650 3430 819 3498 institutae
846 3426 888 3499 ab
916 3427 1037 3500 Adaeo
1066 3449 1128 3499 seu
1155 3425 1315 3496 Thadaeo
1343 3422 1384 3494 ad
1418 3420 1594 3513 Abgarum

212 3541 347 3633 Regem
373 3546 478 3615 misso
504 3542 696 3631 Ecclesiae,
723 3545 817 3633 cujus
844 3546 878 3613 in
903 3541 1042 3614 historia
1068 3540 1310 3615 Ecclesiastico
1338 3536 1479 3609 Graecis
1513 3561 1594 3609 mo·
1626 3548 1716 3601 Euseb-
1735 3548 1752 3600 1·
1771 3548 1790 3599 1·
1809 3565 1832 3599 c·
1857 3549 1899 3600 ¹³·

211 3660 379 3729 numentis
406 3660 602 3749 consignata
636 3654 854 3752 probationes
881 3667 1015 3728 extant:
1052 3667 1086 3727 et
1118 3654 1237 3751 procul
1276 3652 1375 3725 dubio
1407 3652 1594 3746 Apostolus

212 3769 269 3841 ille
304 3772 362 3843 vel
388 3772 591 3867 Discipulos,
622 3794 691 3842 non
726 3770 858 3865 qualem
892 3771 1086 3843 Nestoriani
1118 3769 1258 3858 deinde,
1294 3768 1355 3841 sed
1387 3790 1461 3838 eam
1496 3791 1595 3863 qnam

211 3885 333 3979 reliqui
358 3886 521 3981 Discipuli
549 3887 733 3958 doctrinam
761 3891 990 3961 annunciavit:
1024 3898 1060 3958 ut
1086 3907 1196 3981 neque
1228 3881 1595 3974 lacobusNisibenus,

211 3998 360 4095 prrem
389 4001 539 4074 etmulti
566 4002 621 4072 alii
647 4000 714 4072 ulla
741 4004 867 4072 erroris
895 4004 1088 4096 suspicione
1101 4004 1231 4097 aspersi
1248 4007 1331 4071 sant.
1358 3996 1474 4091 ltaque
1493 4020 1595 4070 com-

211 4138 346 4187 munem
373 4140 448 4188 cum
474 4118 611 4210 reliquis
637 4114 801 4188 Ecclesiis
827 4115 925 4188 iidem
952 4127 986 4188 et
999 4115 1206 4211 disciplinam
1232 4111 1412 4202 habebant,
1439 4111 1500 4183 sed
1513 4117 1594 4188 ritus

210 4240 392 4325 potuerunt
425 4230 551 4304 babere
587 4230 760 4303 diversos:
804 4239 840 4300 ut
876 4234 974 4302 etiam
1010 4231 1107 4322 leges
1145 4228 1304 4326 quasdam
1335 4226 1593 4300 Ecclesiasticas

214 4344 421 4418 Nestoriana
447 4345 581 4418 baeresi
608 4348 821 4418 vetustiores
847 4344 884 4416 ld
912 4368 1013 4440 porro
1028 4346 1127 4440 plane
1151 4354 1277 4416 certum
1303 4343 1383 4415 iacit
1408 4341 1595 4433 Syntopma

215 4460 392 4532 &nonam
424 4462 605 4532 secondum
639 4462 830 4531 doctrinam
862 4462 978 4531 Adaei
1009 4467 1044 4531 et
1075 4462 1180 4552 Agis,
1216 4458 1306 4554 qnod
1340 4460 1524 4553 reperimus
1558 4461 1593 4527 in
1642 4496 1647 4501 ·

215 4579 445 4651 vetustissimo
473 4577 600 4651 Codice
627 4576 772 4674 Syriaco
798 4575 953 4648 Mediceo
972 4573 1189 4647 Collectionis
1217 4572 1390 4646 Canommn
1416 4570 1594 4643 Ecclesiae

216 4692 439 4783 Jacobiticae,
467 4716 553 4787 qnae
580 4715 662 4765 sane
689 4693 768 4765 illud
804 4718 823 4766 a
855 4691 1065 4765 Nestorianis
1091 4713 1160 4763 non
1191 4691 1392 4785 accepisset,
1424 4695 1521 4757 tanta.
1542 4695 1594 4756 est

213 4806 302 4879 illius
330 4818 445 4880 sectae
473 4807 559 4903 apud
585 4808 758 4880 lucebitas
786 4807 971 4880 detestatio.

319 4921 362 4993 V.
389 4924 497 4995 Porr'o
524 4922 608 4994 baec
635 4925 786 5016 quamvis
819 4920 1087 5017 probabilitatem
1112 4922 1259 4995 habeant
1285 4943 1351 4993 non
1377 4920 1592 5009 mediocrem,
1659 4914 1791 4968 ¹⁸⁰⁰bii³0
1814 4924 1920 4983 praeter

215 5049 311 5109 certo
338 5048 450 5109 temen
477 5046 648 5133 comperta
674 5059 742 5109 non
769 5059 846 5109 esse
871 5038 1013 5110 fatemur
1039 5043 1205 5131 ingenue,
1241 5040 1318 5132 quia
1344 5045 1480 5110 veteres
1515 5035 1590 5108 libri
1606 5000 1921 5140 fflfflwffifflm

1338 5152 1387 5224 1,
