4525 6034
724 593 1139 670 LITURGlAll.
1587 595 1611 669 5

347 778 531 850 Sacerdos.
583 780 887 871 DignareDomine
912 790 948 854 ut
974 803 1106 877 semper
1117 780 1342 874 ingrediamur
1358 781 1491 854 domum
1512 793 1611 874 mam,

244 904 279 966 et
303 895 473 991 pulsemus
500 895 704 968 confidenter
730 899 850 968 ostium
876 908 981 984 tuum,
1009 896 1253 993 adoremusque
1279 900 1408 970 sincere
1435 902 1469 970 in
1488 900 1610 997 templo
1669 950 1671 957 -

244 1022 311 1083 tuo.
365 1012 496 1084 Exaudi
523 1034 654 1109 quoque
680 1034 743 1084 nos
762 1012 906 1106 benigne
932 1024 966 1085 et
991 1014 1142 1086 concede
1155 1012 1254 1086 nobis
1269 1016 1447 1111 petitiones
1464 1026 1611 1106 nostras,

242 1128 417 1222 praeclare
444 1138 479 1199 et
504 1128 762 1201 misericorditer
789 1152 834 1201 ex
859 1129 1015 1202 thesauro
1043 1138 1113 1217 tuo,
1154 1140 1188 1201 et
1213 1130 1398 1202 referemus
1437 1132 1495 1204 tibi
1527 1131 1611 1224 glo-

243 1246 327 1314 riam
354 1267 427 1314 cum
455 1244 594 1337 gaudio,
620 1244 735 1333 Pater,
762 1243 826 1317 Fili
852 1256 886 1317 et
911 1246 1053 1342 Spiritus
1080 1256 1213 1334 sancte,
1245 1269 1331 1318 nunc
1358 1257 1392 1317 et
1418 1269 1550 1343 semper
1577 1258 1611 1321 et

244 1363 276 1429 in
303 1359 437 1432 saecula
465 1362 691 1449 saeculorum,
718 1362 837 1434 Amen.

348 1477 396 1547 Et
421 1477 538 1547 dicant
563 1500 676 1548 omnes
701 1477 817 1548 simod:
844 1476 957 1549 Gloria
985 1480 1018 1548 in
1046 1478 1193 1551 excelsis
1211 1475 1297 1567 Deo,
1325 1489 1359 1551 et
1376 1482 1410 1551 in
1424 1490 1612 1577 terrapax,

245 1599 279 1661 et
305 1613 384 1687 spes
409 1591 498 1663 hona
523 1592 727 1681 hominibus,
755 1603 817 1665 etc.
871 1593 986 1665 Gloria
1012 1593 1102 1665 Patri
1129 1602 1164 1665 et
1188 1590 1283 1665 Filio.

348 1710 491 1781 Domine
515 1709 609 1791 labia
630 1732 705 1781 mea
737 1713 828 1806 aperi
862 1720 896 1781 et
930 1732 970 1782 os
1002 1732 1110 1781 meum
1147 1712 1323 1781 annunciet
1348 1709 1479 1783 laudem
1515 1722 1611 1786 tuam

243 1823 339 1896 Pone
365 1826 507 1896 Domine
534 1825 716 1897 custodiam
744 1828 794 1898 ori
808 1848 903 1912 meo,
931 1834 965 1897 et
979 1829 1098 1897 ostium
1113 1828 1379 1899 circumstantiae
1394 1827 1490 1901 lalriis
1517 1835 1612 1919 meis,

243 1950 280 2010 ut
306 1960 372 2012 non
399 1940 540 2012 declinet
566 1963 626 2013 cor
652 1965 761 2013 meum
788 1941 830 2013 ad
856 1941 996 2014 verbum
1022 1941 1160 2030 malum,
1186 1964 1249 2012 nec
1266 1963 1388 2038 operer
1415 1967 1518 2040 opera
1542 1950 1612 2019 ini-

245 2059 385 2151 quitatis.
438 2057 607 2129 Memento
634 2059 777 2130 Domine
809 2057 1108 2130 misericordiarum
1143 2067 1272 2129 tuarum
1303 2081 1389 2154 quac
1424 2084 1444 2132 a
1476 2061 1612 2134 saeculo

244 2184 339 2261 sunt,
365 2178 613 2269 gratiarumque
639 2184 785 2247 tuamm:
812 2185 847 2246 et
873 2197 959 2270 quae
984 2176 1177 2270 insipienter
1202 2176 1275 2267 egi,
1301 2194 1344 2244 ne
1370 2185 1504 2270 reputes
1521 2176 1611 2267 milri,

244 2288 307 2359 sed
340 2290 519 2367 secundum
555 2289 789 2362 multitudinem
823 2290 1124 2362 misericordiarum
1159 2298 1303 2378 ararum,
1337 2301 1502 2364 memento
1537 2296 1612 2364 mei.

242 2404 388 2477 Domine
413 2405 515 2478 dilexi
541 2409 755 2478 ministerium
783 2406 900 2478 domm
926 2417 1020 2494 tuae,
1047 2417 1081 2479 et
1106 2406 1215 2478 locum
1241 2406 1450 2479 habitationis
1483 2407 1612 2500 gloriae

245 2531 339 2593 tuae:
366 2521 613 2594 domumtuam
639 2521 737 2594 decet
762 2521 973 2614 sanctitudo,
1007 2526 1041 2594 iu
1074 2522 1312 2616 longitudinem
1338 2521 1474 2595 dierum
1514 2522 1611 2595 Lau-

243 2636 321 2709 date
347 2638 524 2711 Dominum
550 2660 664 2711 omnes
691 2650 830 2731 gentes,
856 2638 988 2711 laudate
1015 2661 1089 2711 eum
1122 2660 1238 2711 omues
1271 2638 1393 2734 populi.
1447 2640 1611 2725 Quoniam

240 2754 435 2827 confirmata
472 2765 524 2827 est
558 2776 659 2851 super
693 2776 755 2827 nos
782 2756 1011 2828 misericordia
1039 2758 1137 2847 ejus,
1172 2764 1205 2826 et
1237 2777 1322 2827 vere
1347 2755 1509 2827 Dominus
1537 2757 1611 2850 ipse

240 2879 296 2941 est
321 2867 364 2942 in'
382 2871 559 2944 saeculum.
614 2870 727 2942 Gloria
753 2873 865 2961 Patri,
892 2881 926 2943 et
951 2893 1052 2966 super
1079 2880 1202 2943 terram
1227 2894 1316 2967 pax,
1356 2881 1390 2943 et
1416 2892 1494 2966 spes
1521 2869 1611 2942 bona

239 2987 440 3059 hominibus,
725 3084 732 3089 .

346 3105 563 3175 Prooemium
588 3104 635 3173 ud
658 3102 850 3197 Deiporum
878 3103 933 3174 vel
957 3103 1052 3173 uliud
1085 3103 1265 3174 secundom
1298 3105 1416 3174 carim
1448 3105 1611 3176 colemni-

242 3227 342 3293 tata,
732 3232 737 3241 “
1369 3303 1374 3316 ,

347 3334 497 3408 Laudem
524 3345 558 3407 et
584 3334 848 3423 confessionem,
881 3335 1044 3428 gloriam,
1085 3333 1328 3425 laudationem,
1363 3336 1611 3425 exultationem,

242 3464 279 3525 et
304 3452 605 3545 magnificentiam,
630 3450 759 3524 referre
786 3450 944 3525 dehemus
971 3451 1017 3524 illi
1048 3449 1168 3523 frustm
1200 3449 1356 3544 amabili,
1396 3454 1451 3548 qui
1485 3475 1505 3522 e
1538 3455 1611 3525 sinu

240 3573 386 3663 virginis
413 3568 552 3665 prodiit,
579 3578 612 3639 et
637 3572 830 3641 memoriam
856 3571 1027 3660 genitricis
1054 3590 1137 3640 suae
1162 3566 1369 3664 praeclaram
1396 3579 1431 3640 et
1451 3566 1611 3640 illustrem

241 3685 408 3757 reddidit:
434 3683 480 3756 illi
506 3686 649 3756 Domino
677 3684 863 3773 adorando,
889 3688 943 3780 qui
968 3683 1167 3756 festivitates
1193 3693 1383 3757 sauctorum
1410 3706 1556 3776 suorum,
1577 3694 1612 3755 et

240 3801 401 3873 laetitiam
427 3798 592 3872 felicitatis
619 3822 733 3872 eorum
760 3804 845 3872 inter
871 3811 1041 3873 creaturas
1067 3801 1285 3893 glorificavit,
1312 3798 1358 3870 illi
1383 3802 1467 3872 vivo
1494 3810 1528 3871 et
1549 3803 1610 3871 vi-

240 3916 360 4003 vifico,
388 3919 444 4011 qui
469 3939 557 3988 voce
583 3920 680 3990 suavi
706 3920 804 3989 etiam
830 3927 980 3990 mortuos
1008 3920 1151 4009 excitat,
1177 3926 1211 3988 et
1232 3916 1392 4019 populum
1412 3939 1507 3988 suum
1526 3915 1610 4008 glo-

240 4034 426 4106 rificatione
452 4036 641 4125 gratissima
667 4033 840 4123 laetificat,
866 4057 964 4129 quem
991 4032 1088 4105 doeet
1113 4032 1238 4126 gloria,
1265 4042 1328 4103 etc,

348 4148 471 4220 Scdro.
523 4148 713 4222 Adoramus
740 4159 774 4221 ta
800 4160 834 4221 et
860 4154 986 4242 gratias
1013 4153 1141 4242 agimus
1175 4149 1253 4239 tibi,
1284 4158 1417 4221 creator
1450 4149 1610 4221 saeculo-

241 4289 335 4357 rum,
369 4274 403 4337 et
434 4265 588 4337 conditor
620 4276 865 4355 creaturamm,
898 4287 1038 4357 germen
1070 4265 1279 4337 benedictum
1318 4264 1406 4360 quod
1441 4262 1610 4352 ellaria,

243 4392 337 4454 terra
368 4384 516 4475 sitiente,
546 4381 688 4480 prodiit,
720 4381 915 4477 repletaque
954 4392 1006 4453 est
1040 4391 1130 4453 terra
1163 4383 1268 4453 omnis
1302 4378 1406 4452 odore
1439 4381 1610 4452 suavitatis

245 4500 321 4590 ejus
356 4501 523 4589 eximiae,
562 4497 787 4592 faetoremque
819 4505 937 4568 tetrum
968 4500 1144 4593 impietatis
1177 4495 1302 4592 expulit
1336 4518 1398 4593 per
1428 4494 1611 4566 doctrinam

245 4637 342 4689 suam
368 4613 585 4709 praeclaram.
638 4612 812 4686 Offerimus
838 4611 896 4684 tibi
921 4616 1092 4685 incensum
1118 4612 1203 4685 istud
1229 4615 1332 4683 instar
1344 4611 1461 4685 Aaron
1479 4610 1610 4682 Sacer-

246 4731 353 4821 dotis,
380 4732 435 4825 qui
462 4729 577 4802 obtulit
603 4727 661 4801 tibi
687 4728 760 4801 thus
785 4752 921 4825 purum,
949 4739 982 4801 et
993 4727 1158 4825 prohibuit
1173 4730 1309 4800 exitium
1323 4749 1342 4797 a
1358 4724 1480 4822 populo
1495 4724 1610 4798 lsrael.

243 4849 392 4920 Petimus
419 4870 501 4919 ecce
529 4871 549 4919 a
574 4856 608 4918 te
634 4844 793 4938 Domine,
826 4854 861 4918 ut
891 4848 1051 4941 suscipias
1083 4845 1169 4918 huuc
1196 4844 1333 4917 odorem
1360 4841 1486 4934 thuris,
1522 4841 1610 4937 quod

245 4964 343 5034 offert
368 4961 426 5035 tibi
456 4967 599 5036 tenuitas
632 4972 768 5053 nostra,
800 4984 862 5058 pro
896 4964 1045 5058 peccatis
1081 4972 1116 5035 et
1147 4960 1340 5056 insipientiis
1373 4960 1513 5032 nostris:
1546 4980 1609 5053 pro

246 5080 404 5154 divitibus
431 5088 466 5183 et
491 5082 628 5175 egenis3
654 5100 717 5177 pro
743 5079 873 5176 pupillis
899 5090 934 5152 at
958 5077 1087 5170 viduis3
1113 5099 1176 5175 pro
1204 5074 1332 5150 afflictis
1358 5079 1608 5229 et*quiperse-

436 5180 447 5211 ⁸
1358 5193 1384 5268 4
