4525 6034
510 628 559 706 ΙΝ
591 629 852 707 titubatus
887 628 1292 708 utstottattottttu.
1375 723 1379 730 .
1508 634 1583 710 605

215 819 267 875 tar
288 832 400 894 corpas
420 822 557 876 sanctum
578 816 723 894 sanpuine
741 815 966 894 propitiatorio,
988 821 1044 879 etc.
1067 814 1105 876 Ut
1127 822 1160 877 et
1181 816 1347 897 sequentia.
1374 815 1484 880 Divisa
1506 827 1585 899 sant,

217 914 418 992 sancdficata,
440 915 596 995 completa,
622 912 770 993 perfecta,
797 916 884 976 uuita
911 920 942 975 et
967 915 1124 976 commista
1151 918 1295 997 mysteria
1316 917 1393 979 baec
1411 919 1586 999 praeclara,

215 1019 334 1088 sacrm,
356 1013 548 1092 vivificantia
575 1021 605 1075 et
625 1012 740 1088 diuina,
761 1032 852 1073 unum
879 1031 947 1074 cum
968 1013 1075 1092 altero,
1099 1019 1154 1075 stc.
1198 1014 1241 1076 Ea
1271 1012 1366 1076 verba
1399 1033 1460 1077 nou
1489 1018 1586 1082 minus

217 1127 305 1191 quam
327 1111 393 1192 ipse
414 1113 490 1174 ritus
512 1112 705 1192 perspicuum
727 1113 881 1174 continent
909 1111 1065 1175 doctrinae
1090 1111 1128 1174 de
1150 1113 1226 1176 reali
1248 1114 1419 1194 praesentia
1442 1116 1585 1181 testimo-

217 1211 310 1284 uium,
343 1228 410 1272 curn
438 1209 608 1294 significent
636 1218 704 1272 ante
733 1212 960 1292 perceptionem
988 1212 1185 1291 sacramenti,
1221 1230 1328 1293 panem
1357 1229 1427 1275 esse
1459 1231 1582 1297 corpus,

215 1310 317 1372 vinum
338 1311 515 1392 sanguinem
544 1310 670 1385 Christi3
699 1310 864 1373 commistio
894 1329 950 1373 seu
979 1313 1049 1374 unio
1078 1318 1238 1392 utrumque
1268 1312 1355 1374 unius
1390 1319 1421 1374 et
1450 1313 1586 1396 ejusdem

217 1410 354 1491 corporis
378 1427 448 1472 esse
470 1410 656 1493 sanguinem,
681 1410 731 1490 qui
753 1410 784 1471 in
801 1411 895 1472 calice
917 1412 1045 1473 seorsim
1069 1418 1126 1490 est,
1149 1418 1183 1471 ut
1205 1410 1382 1492 designetur
1403 1411 1483 1474 illius
1506 1410 1586 1475 eliu-

216 1509 274 1588 sio,
295 1526 353 1592 pro
376 1508 475 1572 salute
496 1507 618 1571 humani
641 1509 775 1590 generis

589 1770 649 1842 18.
690 1769 817 1863 Incipit
842 1768 1018 1842 Sacerdos
1041 1775 1220 1865 sraapere.

307 1960 400 2040 ibic
415 1973 523 2037 tractio
546 1992 563 2036 a
585 1974 736 2054 superiori
758 1973 969 2057 distinguenda
992 1982 1050 2051 est,
1073 1976 1209 2056 quamvis
1232 1992 1291 2038 uno
1314 1984 1422 2039 tenore
1444 1976 1504 2054 fiat,
1532 1996 1588 2041 re-

218 2078 315 2140 citatis
337 2079 452 2141 interea
476 2079 674 2154 orationibus,
695 2097 774 2159 quae
795 2079 879 2159 prius
902 2079 1109 2160 praescriptae
1126 2086 1206 2143 suut.
1230 2079 1314 2141 Prior
1328 2098 1394 2141 eam
1407 2077 1586 2145 fractionem

217 2176 384 2260 significat,
417 2197 476 2259 qua
505 2178 603 2241 hostia
631 2176 772 2239 dividitur
793 2177 823 2239 in
846 2184 949 2258 partes
972 2176 1064 2259 duas,
1094 2185 1146 2240 aut
1167 2177 1289 2260 plureS,
1320 2186 1351 2241 et
1381 2197 1506 2260 quarum
1527 2200 1586 2244 uua

217 2276 364 2359 particula
387 2278 541 2354 eximitur,
566 2295 643 2358 quac
665 2276 753 2339 calisi
775 2277 954 2339 immittatur.
998 2276 1106 2340 Altera
1128 2275 1205 2340 baec
1228 2276 1352 2356 fractio,
1383 2287 1432 2342 est
1453 2280 1587 2362 ejusdem

217 2376 333 2439 hostiae
355 2378 385 2437 in
407 2378 538 2439 minores
560 2375 722 2457 particulas
746 2375 783 2438 ad
806 2375 1040 2439 distribuendam
1062 2378 1308 2443 communionem.
1337 2378 1494 2451 Quomodo
1511 2398 1587 2442 vero

219 2475 422 2553 distribuatur,
445 2495 486 2538 ex
496 2475 693 2538 Rubricatum
716 2472 837 2538 defectu
859 2484 944 2538 certo
966 2475 1093 2539 delinire
1115 2494 1177 2539 uon
1198 2494 1369 2559 possumus.
1402 2476 1476 2541 Cum
1489 2485 1587 2540 tamen

218 2576 383 2638 eommunis
406 2575 600 2637 Orientalium
630 2575 758 2638 omnium
789 2573 976 2637 consuetudo
1005 2577 1060 2653 sit,
1091 2593 1179 2656 quam
1202 2595 1220 2638 a
1243 2576 1367 2639 Graecis
1391 2585 1587 2658 acceperuut,

216 2683 251 2738 ut
265 2675 479 2740 Sacerdotibus
501 2682 532 2738 et
552 2674 695 2738 Diaconis
724 2675 803 2737 calix
831 2673 1031 2755 praebeatur,
1060 2690 1123 2738 non
1145 2675 1261 2754 Laicis,
1284 2678 1334 2758 qui
1357 2677 1507 2739 intinctam
1531 2694 1588 2739 co·

219 2774 333 2838 obleari
347 2774 525 2856 particulam
548 2776 708 2857 accipiunt,
730 2774 808 2837 idem
831 2773 1046 2838 aNestorianis
1070 2773 1228 2838 observari
1250 2776 1413 2839 verisimile
1436 2783 1496 2838 est:
1520 2795 1588 2838 uam

218 2875 274 2938 sub
297 2882 424 2956 utraque
447 2874 563 2955 specie,
586 2874 641 2937 sed
663 2872 721 2936 boc
742 2873 832 2936 modo
855 2874 1083 2938 communicant.
1119 2872 1242 2938 Certum
1259 2876 1335 2938 enim
1352 2883 1383 2938 et
1397 2876 1588 2957 exploratum

219 2983 267 3037 est
289 2992 305 3034 a
328 2974 426 3036 multis
448 2972 590 3053 saeculis,
613 2972 722 3035 nullam
745 2992 815 3036 esse
838 2982 889 3036 aut
910 2972 1004 3035 fuisse
1025 2972 1058 3035 in
1071 2971 1196 3036 Oriente
1209 2974 1418 3038 Ecclesiamiu
1435 2993 1492 3056 qua
1508 2977 1589 3039 calix

218 3073 316 3136 Laicis
346 3072 562 3155 praeberetur,
592 3072 719 3155 ejusque
740 3091 812 3135 usus
835 3073 927 3154 longe
950 3073 1061 3135 diutius
1083 3073 1114 3134 iu
1138 3071 1303 3136 Occidente
1324 3076 1438 3156 viguit,
1467 3083 1501 3137 ut
1525 3077 1588 3156 jam

220 3171 328 3235 dudum
359 3191 376 3235 a
404 3172 500 3234 doctis
529 3172 694 3255 'theologis
726 3171 917 3235 observatum
946 3180 1003 3237 est.
1047 3172 1092 3234 lta
1114 3172 1227 3235 nullum
1248 3172 1359 3235 babent
1381 3173 1587 3238 Protestantes

219 3273 250 3335 in
271 3273 521 3336 Nestorianorum
543 3270 699 3353 disciplina
722 3271 912 3353 praesidium.

307 3371 540 3436 Observabimus
563 3370 681 3434 tandem
704 3373 734 3434 in
755 3372 850 3453 prima
879 3370 1041 3446 fractione,
1068 3369 1168 3432 Ritum
1196 3370 1383 3434 Nestorianis
1412 3372 1584 3453 proprimn:

218 3491 326 3554 nempe
341 3470 535 3535 Sacerdotem
558 3490 624 3533 cum
647 3473 747 3555 signat
768 3471 944 3553 particulam
966 3488 1044 3551 quae
1066 3471 1097 3532 in
1119 3469 1203 3532 disco
1226 3478 1284 3550 est,
1307 3470 1402 3533 altera
1424 3490 1513 3552 quam
1535 3473 1587 3534 in-

218 3572 306 3634 tinxit
326 3572 356 3633 in
379 3571 490 3649 calice,
522 3570 620 3633 levem
648 3572 678 3633 iu
705 3572 800 3652 prima
829 3571 968 3633 fissuram
990 3588 1093 3652 ungue
1114 3569 1234 3651 pollicis
1257 3569 1377 3649 iacere,
1405 3578 1439 3632 ut
1460 3574 1585 3654 sanguis

219 3689 331 3753 corpus
353 3677 505 3752 penetret.
549 3670 596 3732 De
618 3670 669 3732 illo
692 3671 845 3734 Censores
868 3670 1102 3752 Diampereuses
1130 3672 1172 3732 ita
1193 3671 1473 3751 pronuntiaverunt.
1512 3671 1586 3734 Cum

217 3774 251 3833 iu
272 3772 410 3854 Syriacis
437 3771 526 3832 istius
551 3769 753 3851 Episcopatus
773 3770 947 3832 Missalibns
970 3771 1164 3850 praescripta
1184 3771 1355 3849 reperiatur
1376 3770 1470 3850 impia
1491 3790 1588 3852 psae-

220 3872 291 3933 dcm
314 3879 342 3932 et
363 3871 515 3949 sacriiepa
537 3872 738 3948 caercnmnia,
760 3873 791 3932 in
813 3890 873 3950 qua
894 3871 1049 3933 sacerdmi
1065 3869 1263 3950 praecipitur,
1285 3875 1319 3931 ut
1334 3877 1495 3950 postpnam
1507 3889 1587 3950 par-

220 3971 352 4047 ticulam,
364 3989 454 4051 quam
465 3970 578 4031 dextra
587 3988 678 4031 manu
688 3977 775 4046 tenet,
796 3970 1129 4050 iatirecitinsanpuine,
1151 3968 1309 4049 toruaque
1330 3969 1363 4030 in
1384 3970 1464 4031 duas
1482 3977 1589 4049 partes

220 4071 338 4144 diersa,
361 4089 420 4151 prio
442 4078 574 4149 ternpore
595 4071 712 4149 dynam
734 4070 835 4132 cruda
852 4069 967 4148 sonnat
987 4087 1054 4130 aum
1070 4068 1227 4148 partiaria
1247 4068 1374 4130 intirmta
1395 4086 1487 4148 super
1508 4069 1588 4130 alte-

220 4188 302 4248 ram,
330 4169 477 4230 sacerdos
502 4188 600 4249 rmpuc
622 4169 742 4250 pollicis
769 4169 873 4230 deutri
898 4169 1027 4231 aderam
1054 4185 1135 4248 puae
1161 4167 1194 4228 iu
1219 4166 1305 4229 diseo
1332 4172 1379 4227 est
1397 4167 1458 4229 ieci
1476 4168 1589 4249 &sura

221 4271 357 4350 aperiat:
386 4269 502 4330 scilicet
529 4286 587 4349 quo
616 4269 779 4330 secundum
808 4267 973 4330 chaudum
1002 4267 1172 4347 optram
1199 4284 1303 4344 mam,
1333 4267 1458 4345 sanquis
1479 4286 1589 4348 corpus

215 4375 363 4448 penetret,
387 4369 481 4429 etita
502 4370 628 4448 sanquis
649 4368 773 4446 corpori
793 4369 1008 4446 emjunpatur:
1030 4384 1108 4447 quae
1129 4365 1231 4444 opinio
1246 4364 1289 4426 ad
1302 4364 1444 4426 baeresim
1455 4363 1613 4429 Nestorii·

219 4469 334 4547 atejus
355 4469 527 4546 sequacium
549 4468 727 4529 relationem
748 4465 845 4527 babet.
889 4465 984 4545 lmpie
1005 4466 1036 4526 si
1059 4464 1179 4546 quidem
1207 4461 1375 4544 affimant,
1404 4463 1460 4526 srrb
1488 4467 1589 4545 specie

214 4566 493 4646 paniscsscsotum
506 4585 616 4646 corpas
628 4565 742 4628 Christi
753 4564 866 4646 absque
882 4566 1028 4645 sanquine
1032 4585 1046 4638 ;
1069 4572 1098 4626 ct
1119 4562 1175 4625 med
1196 4564 1297 4644 specie
1317 4563 1391 4639 cini,
1413 4566 1588 4644 saupciaem

219 4667 285 4728 sine
306 4684 441 4745 corpore.
486 4665 606 4728 Idcirco
628 4667 754 4727 mandat
774 4672 883 4727 sancta
903 4663 1037 4746 synnodus
1056 4664 1089 4725 in
1110 4664 1222 4725 cirtertc
1242 4669 1369 4724 sanctae
1390 4661 1588 4740 obedientiae,

219 4772 249 4826 ct
269 4764 325 4827 autb
342 4782 445 4845 poeria
466 4765 785 4828 excommunicationis
810 4765 878 4843 ipso
901 4763 987 4842 sacto
1007 4762 1227 4838 incurrendae,
1253 4768 1289 4823 ut
1312 4761 1410 4824 nudus
1432 4761 1587 4841 Cacaoar,

219 4868 285 4929 sice
305 4867 463 4942 sacerdos,
485 4866 574 4928 tatem
595 4864 816 4928 caeremoniam
837 4862 1003 4925 obseruare
1023 4863 1147 4938 audeat,
1168 4867 1257 4941 rdqrm
1277 4861 1331 4922 illa
1352 4879 1393 4922 ea
1413 4860 1588 4923 Missaiidus

219 4965 371 5028 detcaim:
393 4982 429 5027 eo
450 4966 532 5046 quod
551 4966 657 5028 irascat
677 4965 766 5026 talern
788 4964 940 5039 baeresim
962 4969 993 5024 et
1008 4969 1172 5043 praetem
1183 4960 1335 5023 inscitiam
1346 4961 1485 5037 continet,
1507 4960 1588 5041 qrmd

220 5065 391 5128 existiment
419 5083 441 5126 a
469 5064 626 5144 speciebus
649 5064 884 5143 penetrationem
912 5080 979 5124 esse
1007 5062 1051 5124 ad
1078 5079 1190 5141 corpus
1216 5067 1247 5122 et
1266 5061 1441 5140 sanquinem
1464 5057 1587 5122 Christ.

219 5161 302 5227 llaec
323 5164 367 5227 ilb
388 5182 498 5228 severe
520 5170 552 5227 et
574 5162 770 5227 confidenter.
813 5161 965 5225 Fissuram
987 5161 1018 5224 iu
1039 5158 1290 5244 particulatim,
1312 5168 1361 5236 ut,
1388 5157 1470 5242 quod
1491 5157 1584 5240 vulgo

1302 5261 1384 5338 to*
