4525 6034
1374 583 1477 658 20
2112 577 3321 657 ORDOGOMMUNIS

1580 771 1675 842 Et
1716 769 2174 863 prosequitur.
2280 768 2355 841 In
2408 776 2710 864 tempore
2740 745 2961 860 ’igitur
3014 766 3524 863 dispensationis
3575 766 3841 838 Domini
3872 765 3989 838 Dei
4012 776 4072 840 et

1374 885 1752 960 Salvatoris
1820 886 2034 958 nostri
2084 884 2250 957 Jesu
2304 883 2587 974 Christi,
2654 882 2868 956 Verbi
2916 885 3048 957 Dei
3116 881 3293 978 quod
3357 884 3815 954 annunciatum
3862 881 4069 956 fuerat.

1373 1002 1563 1076 Haec
1612 1022 1819 1099 porro
1872 1004 1961 1073 ita
2013 1010 2211 1095 gesta
2266 1011 2452 1088 sunt,
2506 999 2617 1072 vel
2665 999 2765 1072 lta
2818 999 3002 1072 dixit.

1488 1111 1493 1118 ’
1582 1117 1696 1189 Ita
1748 1125 1891 1190 toto
1945 1138 2125 1188 anno
2180 1117 2469 1205 dicitur,
2523 1122 2815 1209 excepto
2870 1117 2984 1188 die
3034 1116 3612 1187 Annnnciationis
3654 1118 3891 1208 factae
3937 1114 4075 1186 Za-

1377 1234 1664 1306 chariae
1714 1235 2102 1307 Sacerdoti.
2207 1235 2305 1306 Et
2344 1240 2506 1326 post
2556 1233 2999 1328 annqelium
3014 1285 3035 1320 ‚
3094 1231 3282 1303 dicit.

1581 1353 1869 1424 Domino
1935 1359 2168 1424 nostro
2222 1350 2388 1424 Jesu
2456 1346 2756 1440 Christo,
2821 1348 3087 1446 hymni,
3151 1347 3383 1421 laudes
3449 1357 3519 1420 et
3581 1346 4076 1438 henedictioneS‚

1373 1476 1648 1564 propter
1698 1466 1912 1542 verba
1966 1468 2110 1558 ejus
2161 1469 2327 1540 viva
2382 1464 2467 1537 ad
2518 1487 2683 1538 nos:
2738 1476 2807 1537 et
2856 1466 3038 1537 Patri
3109 1466 3292 1557 ejus,
3358 1465 3469 1559 qui
3537 1466 3714 1536 misit
3775 1463 3944 1535 illum
4007 1462 4079 1534 ad

1373 1584 1652 1657 salutem
1704 1593 2035 1657 nostram:
2104 1591 2172 1654 et
2223 1582 2498 1678 Spiritui
2560 1585 2726 1655 vivo
2793 1591 2862 1653 et
2921 1593 3198 1672 sancto,
3269 1583 3381 1676 qui
3447 1579 3743 1653 vivificat
3808 1602 3962 1672 nos,
4019 1583 4079 1653 in

1374 1699 1647 1772 saecula
1700 1698 2137 1773 saeculorum.
2241 1701 2480 1774 Amen.

1434 1846 1448 1852 ’
1580 1817 1810 1888 Sedra
1859 1815 2187 1887 illationis
2238 1814 2624 1887 oblationis.
2728 1813 3022 1908 Imponit
3068 1816 3443 1900 incensant,
3508 1812 3694 1907 quod
3744 1819 3849 1884 ter
3898 1837 4078 1886 cruce

1361 1936 1632 2029 signat,
1689 1939 1758 2003 et
1806 1930 1992 2004 dicit.

1581 2047 1868 2122 Sanctus
1922 2050 2123 2121 Pater
2173 2055 2462 2120 sanctus.
2529 2046 2814 2119 Sanctus
2866 2044 3072 2119 Filius
3125 2056 3411 2120 sanctus.
3481 2047 3773 2121 Sanctus
3824 2046 4076 2143 Spiritus

1366 2169 1573 2238 vivus
1626 2173 1694 2235 et
1747 2174 2014 2237 sanctus
2032 2218 2055 2254 ,
2109 2165 2220 2258 qui
2276 2160 2638 2236 sanctificat
2688 2164 3029 2235 incensum
3079 2166 3455 2259 peccatoris
3508 2167 3698 2236 servi
3739 2166 3873 2252 sui,
3925 2187 4077 2260 pro-

1374 2285 1675 2379 pinatum.
1705 2289 1773 2353 et
1800 2285 2149 2355 miseratus
2185 2283 2549 2353 animarum
2569 2289 2982 2368 nostrarum,
3013 2289 3082 2351 et
3111 2283 3474 2352 animurum
3502 2289 3790 2375 patrum,
3814 2278 4077 2368 fratrum,

1375 2401 1976 2492 magistrorumque
2014 2407 2428 2471 nostrorum:
2475 2393 3061 2491 defunctorumque
3089 2406 3466 2469 nostrorum
3484 2449 3508 2487 ,
3542 2407 3609 2469 et
3643 2400 3927 2470 omnium
3966 2397 4078 2467 de-

1375 2513 1745 2586 functorum
1796 2513 2124 2606 fidelium,
2176 2512 2459 2587 filiorum
2509 2509 2860 2587 Ecclesiae
2913 2522 3187 2585 sanctae
3238 2514 3307 2584 in
3356 2523 3637 2608 utroque
3686 2513 3993 2587 saeculoz·
4023 2515 4078 2584 in

1368 2629 1647 2704 saecula
1701 2628 2140 2702 saeculorum.
2242 2631 2482 2704 Amen.

1582 2745 1955 2818 Diaconus.
2060 2746 2307 2846 Σοφία
2364 2752 2432 2817 et
2483 2740 2955 2841 Πρόσχωμεν.

1584 2862 1904 2956 Populus.
2011 2862 2231 2937 Credo
2286 2864 2355 2933 in
2405 2884 2604 2934 unum
2656 2862 2888 2934 Deum.

1581 2978 1930 3051 Sacerdos
1981 2979 2173 3051 lavat
2221 3001 2406 3073 aqua
2456 3000 2737 3050 summos
2789 2979 3039 3072 diyitos
3088 3001 3277 3067 suos,
3334 2986 3404 3050 et
3452 2979 3636 3050 dicit.

1588 3095 1935 3190 Absterge
1987 3097 2270 3169 Domine
2323 3094 2562 3169 sordes
2616 3104 2685 3166 et
2725 3094 3019 3167 maculas
3072 3098 3332 3167 animae
3359 3117 3575 3183 meae,
3611 3106 3681 3168 et
3725 3095 3956 3167 munda
3989 3115 4078 3166 me

1354 3233 1504 3306 ,per
1555 3216 2011 3307 aspersionem
2062 3221 2236 3284 tuam
2291 3214 2505 3298 vitae,
2570 3221 2642 3282 ut
2703 3232 2871 3306 pure
2924 3220 3275 3283 et⁸sancte
3326 3234 3592 3284 merear
3644 3212 3966 3285 accedere
4010 3209 4077 3280 ad

1375 3337 1679 3400 sanctum
1731 3338 2111 3401 sanctorum
2162 3336 2339 3399 tuum
2358 3379 2380 3415 ,
2434 3335 2733 3397 sanctum
2786 3336 2855 3397 et
2906 3327 3359 3399 sanctificans:
3412 3338 3614 3423 utque
3655 3332 3807 3400 sine
3854 3325 4079 3400 macula

1381 3454 1656 3516 tractem
1711 3443 2144 3517 Sacramenta
2196 3454 2308 3516 tua
2361 3440 2699 3516 adoranda
2752 3453 2820 3514 et
2872 3442 3137 3532 divina,
3189 3453 3259 3515 et
3298 3467 3445 3516 cum
3477 3447 3888 3518 conscientia
3917 3465 4078 3538 pura,

1384 3560 1654 3633 offeram
1708 3559 1824 3633 tibi
1876 3561 2269 3633 sacrificium
2321 3563 2590 3647 vivum,
2646 3558 2822 3653 quod
2872 3558 3132 3656 placeat
3184 3559 3505 3633 divinitati
3556 3571 3750 3649 tuae,
3805 3570 3872 3633 et
3901 3558 4079 3633 simile

1375 3680 1468 3750 sit
1519 3675 1843 3750 sacrificio
1899 3687 2012 3750 tuo
2063 3676 2405 3770 glorioso,
2458 3675 2743 3749 Domine
2796 3687 2865 3748 et
2914 3677 3101 3749 Deus
3151 3687 3384 3750 noster
3408 3730 3429 3766 ‚
3497 3680 3566 3749 in
3620 3678 3888 3752 saecula
3936 3697 4075 3751 sae-

1375 3792 1698 3867 culorum.

1587 3911 1777 3981 Petit
1823 3913 2313 3997 remissionem,
2369 3915 2438 3981 et
2488 3910 2673 3980 dicit.

1586 4025 1879 4098 Benedic
1930 4028 2216 4099 Domine
2268 4027 2682 4113 remissioni,
2735 4029 2885 4098 sive
2939 4024 3355 4100 absolutioni.

1589 4141 1968 4213 Inclinatur
2021 4165 2253 4214 comm
2302 4165 2533 4214 mensa
2582 4145 2804 4233 vitae,
2859 4149 2928 4214 et
2961 4143 3132 4214 dicit
3168 4143 3347 4215 hanc
3384 4143 3783 4216 Orationem
3823 4147 4071 4216 sec-reto.

1588 4258 1875 4331 Trinitas
1945 4268 2172 4331 sancta
2244 4268 2313 4330 et
2375 4258 2703 4331 laudanda
2770 4262 3091 4332 miserere
3153 4263 3301 4338 mei.
3396 4261 3687 4333 Trinitas
3750 4269 3967 4334 sancta
4021 4264 4074 4325 et

1378 4374 1746 4464 laudanda,
1797 4397 2004 4470 parce
2054 4375 2209 4447 mihi
2260 4379 2621 4471 peccatori.
2694 4376 2985 4448 Trinitas
3037 4386 3266 4449 sancta
3319 4386 3387 4448 et
3423 4375 3753 4450 laudanda
3772 4431 3797 4468 ‚
3845 4375 4072 4467 suscipe

1381 4491 1778 4564 sacrificium
1829 4491 1960 4565 hoc
2013 4514 2106 4563 ex
2157 4491 2458 4565 manibus
2510 4495 2678 4565 meis
2730 4491 2997 4565 infirmis
3051 4503 3119 4565 et
3168 4493 3672 4589 peccatricibus.
3753 4496 3928 4566 Deus
3974 4508 4095 4585 per·

1385 4606 1799 4679 clementiam
1849 4618 2025 4679 tuam
2078 4619 2348 4704 praesta
2402 4611 2700 4705 requiem
2753 4619 2821 4680 et
2869 4612 3255 4682 memoriam
3287 4609 3528 4683 bonam
3560 4613 3899 4702 genitricis
3925 4617 4071 4689 tuae,

1384 4732 1453 4794 et
1503 4725 1751 4795 sanctis
1805 4725 1931 4796 tuis
1952 4777 1976 4815 ,
2043 4722 2477 4819 omnibusque
2542 4723 2864 4799 defunctis
2934 4723 3252 4800 fidelihus.
3372 4725 3593 4823 Super
3661 4727 3863 4799 altare
3926 4734 4071 4794 tuum

1386 4848 1683 4912 sanctum
1749 4850 1816 4912 et
1878 4841 2193 4914 coeleste.
2310 4840 2497 4915 Deus
2565 4863 2773 4937 parce
2836 4852 2938 4915 et.
2966 4842 3211 4915 dimitte
3272 4842 3401 4914 hoc
3464 4853 3766 4940 tempore
3829 4845 4069 4938 peccatu

1381 4957 1515 5025 mei
1566 4959 1944 5050 peccatoris
1998 4960 2182 5031 servi
2233 4959 2361 5047 tui,
2415 4967 2484 5029 et
2533 4958 2778 5051 adiuva
2831 4957 3262 5032 infirmitatem
3314 4981 3562 5048 meam,
3628 4962 3737 5055 qui
3797 4970 3862 5031 te
3908 4976 4065 5030 sem-

1385 5089 1510 5164 per
1560 5073 1840 5147 invoco:
1891 5097 2016 5170 per
2068 5076 2409 5149 orationes
2463 5076 2802 5168 genitricis
2855 5084 3007 5149 tuae
3061 5086 3129 5150 et
3179 5073 3467 5151 omnium
3518 5087 3887 5151 sanctorum
3932 5085 4065 5145 tuo-
