4525 6034
584 614 1208 696 sincilciuiutt
1498 618 1575 693 283

315 802 474 896 Populea.
525 803 669 876 Etcum
697 807 814 900 spiritu
842 815 909 876 tuo.

316 918 500 990 Diaconos.
551 919 696 993 Domino
722 923 832 1016 capita
857 930 973 994 nostra
1000 918 1204 994 inclinemus.

317 1035 478 1130 Populus.
532 1035 656 1109 Coram
682 1046 734 1124 te,
759 1035 903 1109 Domine
927 1037 1021 1109 Dens
1046 1045 1171 1109 noster.

316 1151 499 1225 Sacerdos.
559 1151 706 1226 Benedic
738 1150 875 1226 bracbio
908 1164 964 1225 tuo
1002 1174 1142 1246 magno,
1182 1163 1217 1226 et
1249 1151 1329 1226 forti
1365 1165 1419 1226 tua
1454 1155 1576 1226 virtute

211 1267 305 1341 Deus
330 1280 466 1356 noster,
492 1268 684 1356 benedicte,
710 1267 884 1364 populum,
910 1277 945 1340 et
970 1267 1208 1341 haereditatem
1234 1279 1340 1357 tuam,
1367 1279 1401 1342 et
1426 1268 1576 1343 concede

210 1381 309 1456 nobis
335 1388 494 1477 gratiam,
521 1397 555 1458 et
580 1383 844 1457 benedictionem
871 1407 957 1479 quae
984 1409 1004 1457 a
1036 1394 1071 1456 te
1104 1394 1196 1475 sunt,
1230 1394 1266 1457 ut
1297 1387 1575 1459 communicemus

210 1505 380 1597 mysteriis
406 1505 470 1574 tuis
496 1503 569 1573 istis
595 1503 739 1590 sanctis,
765 1503 839 1572 sine
863 1499 1013 1591 macula,
1040 1511 1096 1574 aut
1120 1513 1280 1598 peccato,
1313 1511 1348 1575 et
1381 1500 1575 1598 impleamur

208 1633 272 1711 per
297 1640 413 1690 eorum
430 1621 690 1713 susceptionem,
716 1620 805 1689 omni
823 1615 928 1689 odore
954 1619 1141 1710 sarmatis,
1167 1628 1203 1690 et
1218 1616 1356 1692 fervore
1374 1615 1451 1688 fidei
1474 1618 1508 1687 in
1529 1625 1575 1704 te,

209 1741 245 1803 et
269 1731 454 1807 referemus
480 1732 539 1805 tibi
564 1732 705 1805 laudem.

316 1849 476 1944 Populea.
529 1833 648 1922 Amen'.

312 1965 495 2038 Sacerdoa
547 1966 622 2038 Pax
647 1965 747 2038 vobis
774 1965 935 2038 omnibns.

315 2081 474 2177 Populea.
525 2081 670 2154 Etcum
696 2085 812 2178 spiritu
838 2093 905 2154 tno.

313 2197 496 2270 Sacerdos.
549 2196 663 2269 Gratia
690 2197 859 2270 Trinitatis
886 2200 937 2268 sit.

314 2314 499 2386 Diaconos.
553 2314 636 2388 Cum
663 2316 782 2386 timore
808 2316 1016 2409 aspiciamus.

315 2430 500 2504 Soandos.
553 2429 678 2503 Sancta
706 2433 840 2503 sanctis.

316 2546 474 2642 Popntaa.
527 2546 620 2621 Unus
646 2545 747 2619 Pater
773 2556 916 2620 sanctus.

315 2664 504 2736 Dtmonm.
556 2662 705 2735 Benedic
729 2664 881 2736 Domine.

315 2779 476 2874 Populea.
528 2779 580 2852 Sit
604 2801 727 2852 nomen
752 2779 884 2851 Domini
910 2774 1128 2851 benedictum.

313 2897 400 2971 Part
424 2900 655 2989 receptionem
679 2896 912 2984 Socromanti,
938 2894 1112 2967 Sacerdos
1139 2894 1233 2966 dicit.

311 3014 408 3087 Nunc
434 3021 609 3108 postquam
637 3010 788 3084 delectati
815 3034 945 3099 snmus,
971 3034 1016 3083 ex
1041 3010 1244 3107 plenitudine
1259 3099 1264 3108 Ι
1277 3021 1467 3084 sanctorum
1491 3020 1574 3084 tuo-

206 3155 280 3205 rum
310 3131 512 3214 divinorum‚
539 3136 573 3199 et
599 3127 766 3200 hausimus
799 3126 954 3224 poculum
979 3130 1071 3199 vitae
1106 3151 1153 3200 ex
1185 3124 1285 3200 beato
1319 3125 1413 3200 fonte
1445 3131 1575 3220 gratiam

207 3258 307 3336 tuae,
333 3247 476 3317 Domine
503 3243 580 3339 quiid
606 3243 825 3316 retribuemus
851 3242 988 3316 bonitati
1022 3255 1116 3332 tuae,
1149 3244 1207 3317 tali
1238 3256 1272 3317 et
1306 3253 1371 3317 tam
1406 3244 1574 3341 profusae.

208 3364 280 3437 Sed
311 3386 385 3435 cum
415 3363 515 3431 menti
547 3382 732 3456 corporeae
765 3360 912 3432 adstricti
944 3363 1067 3451 simus,
1100 3373 1188 3433 tuam
1224 3371 1333 3433 tamen
1368 3364 1575 3454 majestatem

207 3483 242 3552 in
270 3488 379 3551 mente
404 3476 583 3565 babentes,
609 3478 750 3551 vocibus
776 3476 883 3550 laudis
910 3477 1066 3566 dicimus,
1095 3501 1116 3551 o
1144 3478 1280 3551 altitudo
1307 3478 1492 3552 divitiarum
1509 3499 1574 3549 sa-

207 3599 355 3693 pientiae
382 3603 476 3680 tnae,
511 3614 532 3664 ο
558 3592 694 3666 latitudo
727 3593 883 3666 bonitatis
921 3605 1012 3666 tuae:
1049 3617 1070 3666 o
1103 3594 1249 3692 abyssus
1282 3592 1574 3691 imperscrutabilis

208 3708 461 3784 misericordiae
488 3718 582 3798 tuae,
609 3709 796 3805 quodcum
822 3709 944 3783 malitia
971 3713 1101 3806 peccati
1134 3711 1373 3804 detineremur,
1407 3708 1450 3781 ad
1481 3730 1573 3802 gau-

209 3829 299 3900 dium
326 3837 360 3898 et
385 3825 588 3921 voluptatem
622 3826 721 3898 talem
753 3825 916 3899 adduxisti
947 3849 1028 3899 nos:
1061 3838 1095 3899 tn
1129 3850 1191 3923 per
1226 3850 1339 3923 quem,
1376 3837 1410 3899 et
1435 3834 1574 3922 propter

210 3966 309 4041 quem
342 3941 572 4037 deprecamur,
607 3952 643 4013 ut
677 3966 697 4014 a
733 3941 942 4015 damnatione
962 3941 1076 4036 judicii
1101 3941 1297 4034 liberemur,
1328 3952 1362 4014 et
1387 3966 1408 4014 a
1440 3939 1573 4014 conde·

209 4061 379 4134 muatione
398 4056 440 4128 ad
454 4058 687 4153 perditionem:
714 4068 750 4131 ut
771 4063 805 4130 in
823 4081 945 4155 magno
970 4058 1026 4131 illo
1040 4082 1137 4131 mane
1150 4061 1401 4132 resurrectionis
1416 4061 1571 4143 omnium,

210 4179 321 4249 securi
348 4178 450 4249 simus
477 4197 551 4247 cum
578 4178 701 4247 sanctis
728 4177 808 4265 tuis,
844 4179 876 4247 in
909 4173 1079 4272 voluptate
1104 4173 1160 4246 iila
1186 4183 1241 4247 ura
1269 4174 1429 4272 spirituali
1455 4182 1490 4246 et
1514 4174 1572 4243 in-

211 4292 406 4379 tellectuali,
446 4290 491 4363 et'
512 4293 669 4364 oabamus
701 4291 849 4388 perfecte
887 4315 961 4364 curn
994 4290 1152 4388 perfectis
1185 4289 1341 4388 hymnum
1373 4290 1571 4364 indesinen-

209 4418 278 4482 tem
305 4409 379 4496 tibi,
405 4408 505 4480 Pater
531 4417 685 4497 aeterne,
712 4408 863 4504 Filioque
888 4417 945 4482 tuo
972 4411 1158 4502 unigenito,
1186 4418 1221 4480 et
1245 4405 1362 4496 beato,
1397 4416 1432 4479 et
1457 4404 1571 4502 Spiri-

208 4529 258 4599 tui
284 4536 351 4598 tuo
1409 4558 1412 4562 ·

316 4640 476 4735 Populea.
528 4641 647 4712 Amen.

315 4756 498 4839 Sacerdos.
552 4756 627 4829 Pax
652 4756 751 4831 vobis
778 4756 940 4830 omnibus.

315 4870 475 4965 Populea.
528 4870 572 4946 Et
597 4896 670 4946 cum
698 4876 814 4970 spiritu
840 4884 906 4947 tuo.

314 4989 502 5061 Dionaeae.
555 4989 674 5086 Capita
699 5000 812 5062 nostra
838 4990 982 5061 Domino
1008 4987 1211 5060 inclinemus.

313 5103 474 5199 Popntea.
528 5103 651 5180 Coram
679 5116 712 5180 te
736 5108 879 5180 Domine
904 5105 997 5180 Deus
1024 5115 1148 5182 noster.

262 5242 382 5289 ranan
1317 5217 1365 5292 39
