4525 6034
716 574 793 647 466
1223 571 1580 649 lllllltGl'd

716 764 856 858 perenni
883 761 1066 834 effundatur
1092 783 1194 858 super
1219 782 1283 833 nos
1310 762 1416 853 gratia
1440 783 1526 855 quac
1539 783 1559 831 a
1574 771 1608 832 te
1624 771 1687 850 est,
1712 782 1775 834 uos
1802 770 1837 833 et
1861 760 1930 833 illos
1954 760 2050 854 dignas

716 879 862 952 efficiens
895 881 1064 975 mysteriis
1104 881 1167 950 tuis
1207 877 1470 964 vivificantibus,
1508 879 1608 948 venia
1642 875 1853 966 delictorum,
1883 881 2052 952 remissione

716 1006 949 1089 peccatorum,
976 995 1094 1068 liducia
1121 1017 1235 1067 coram
1264 1003 1308 1081 te,
1335 1002 1369 1063 ct
1395 996 1609 1066 consistentia
1636 993 1679 1065 ad
1705 992 1878 1065 dexteram
1909 1002 2004 1084 tuam,
2027 1007 2056 1068 ut

716 1109 840 1184 laetitia
868 1110 1006 1207 pertusi,
1033 1110 1126 1183 vultu
1143 1109 1330 1207 splendido,
1357 1109 1468 1200 lingua
1489 1095 1636 1197 detersa,
1663 1107 1899 1204 animabusque
1922 1108 2055 1182 lactanti-

715 1225 791 1316 bus,
817 1226 981 1323 labiisque
1007 1249 1075 1300 nou
1102 1226 1301 1313 errantibus,
1328 1225 1472 1319 gloriam
1507 1235 1541 1297 et
1571 1224 1703 1298 laudem
1728 1224 1913 1298 referamus
1936 1224 2003 1317 tibi,
2031 1239 2057 1299 ct

716 1342 814 1434 Filio,
842 1355 875 1416 et
902 1344 1037 1440 Spiritui
1063 1353 1191 1418 sancto.

821 1459 981 1553 Populus.
1034 1461 1155 1534 Amen.

820 1576 1004 1649 Sacerdos.
1056 1577 1141 1648 Part.

821 1692 981 1786 Populus.
1033 1691 1176 1765 Etcum
1205 1697 1319 1791 spiritu
1347 1702 1414 1766 tuo.

823 1808 1008 1881 Sacerdos.
1060 1809 1311 1883 Misericordiae
1337 1810 1401 1883 Dei
1428 1814 1503 1884 siut.

821 1924 983 2020 Populos.
1035 1924 1180 1999 Etcum
1207 1931 1323 2023 spiritu
1350 1938 1417 2000 tuo.

821 2041 1009 2114 Diaconos.
1063 2041 1147 2114 Cum
1174 2046 1302 2116 timore.

821 2158 1005 2230 Sacerdos.
1058 2157 1183 2231 Sancta
1210 2163 1344 2232 sanctis.

820 2275 981 2370 Populos.
1034 2271 1127 2346 Unus
1153 2275 1254 2347 Pater
1280 2286 1426 2363 sanctus,
1454 2286 1517 2348 etc.

735 2400 741 2408 “
821 2391 1006 2465 Sacerdos.
1060 2390 1153 2464 Unus
1180 2391 1281 2463 Pater
1307 2402 1441 2466 sanctus
1468 2401 1530 2466 etc.

821 2509 1009 2580 Diaconos.
1061 2507 1098 2579 lu
1125 2505 1363 2598 oblationibus,
1390 2516 1453 2581 etc.

823 2622 1007 2696 Sacerdos.
1061 2620 1177 2695 Gloria
1205 2625 1274 2712 tibi,
1302 2634 1366 2695 etc.

822 2741 1011 2812 Diaconos.
1063 2739 1198 2812 Stemus
1225 2739 1394 2814 decenter.

822 2857 1007 2929 Sacerdos.
1060 2854 1194 2929 Gratias
1221 2860 1352 2949 agimus
1377 2856 1518 2930 bonitati
1548 2866 1635 2944 tuae,
1663 2858 1755 2929 Deus
1782 2866 1903 2928 noster
1929 2855 2066 2940 clemens,

720 2983 755 3047 et
784 2972 949 3066 benigue,
982 2971 1163 3044 secundum
1202 2976 1420 3069 capacitatem
1454 2974 1620 3045 tenuitatis
1651 2984 1805 3062 nostrae,
1848 2995 1915 3068 pro
1953 2992 2068 3043 munere

721 3093 870 3164 convivii
895 3086 990 3181 bajus
1017 3087 1208 3185 spirituale,
1235 3111 1300 3183 quo
1327 3110 1391 3162 nos
1417 3087 1505 3162 laute
1520 3097 1554 3161 et
1566 3087 1772 3161 abundanter
1785 3092 1965 3186 excepisti,
1989 3099 2068 3183 atquo

722 3210 822 3279 etiam
851 3203 1041 3293 inebriasti,
1075 3216 1110 3278 et
1141 3204 1301 3279 revelasti
1334 3204 1433 3279 nobis
1468 3209 1663 3302 mysterium
1694 3205 1772 3277 illud
1805 3228 1971 3294 mannae,
2000 3200 2069 3296 qudd

722 3321 920 3416 designabat
944 3343 1065 3443 panem
1091 3319 1181 3394 illum
1208 3324 1263 3416 qui
1288 3321 1455 3395 confortat
1480 3322 1692 3395 corbominis
1717 3325 1904 3395 interioris:
1931 3333 1967 3394 ut
1990 3324 2069 3391 etiam

721 3448 836 3534 tppum
864 3436 982 3510 dedisti
1007 3436 1105 3510 uobis
1132 3439 1165 3507 in
1192 3440 1355 3529 sanguine
1380 3442 1459 3531 agni
1486 3442 1541 3533 qni
1560 3443 1856 3511 exterminatorem
1884 3435 2069 3534 prohibebat,

722 3557 809 3627 misti
841 3554 936 3648 hujus
968 3577 1014 3625 ex
1045 3553 1167 3649 poculo
1195 3553 1341 3626 laetitiae
1374 3566 1408 3627 et
1433 3555 1663 3644 exultationis,
1698 3578 1773 3626 cum
1805 3553 2070 3639 abundantiact

723 3673 888 3766 exquisita
914 3670 969 3742 illa
996 3673 1144 3743 convivii
1178 3669 1421 3766 magnificentia
1456 3675 1560 3763 regia.
1621 3670 1665 3743 Et
1695 3692 1783 3742 nunc
1817 3694 1896 3742 cum
1933 3668 2069 3743 consido

722 3785 779 3860 illo
806 3785 922 3857 relecti
949 3808 1074 3877 sumus,
1102 3790 1193 3858 etin
1219 3789 1322 3881 pratis
1349 3785 1412 3858 illis
1441 3790 1587 3860 amoenis
1609 3787 1774 3876 delectati,
1800 3785 2069 3883 propheticumin

722 3924 849 3975 morem
882 3902 1060 3975 clamamus
1095 3912 1129 3975 et
1164 3903 1319 3975 dicimus:
1362 3903 1449 3991 Qud
1483 3904 1702 3977 retribuemus
1735 3905 1882 3976 Domino
1916 3905 1990 3975 Deo
2021 3921 2068 3995 pro

722 4017 873 4093 omuibus
899 4017 1016 4114 quibus
1041 4041 1104 4093 nos
1131 4030 1319 4092 muneratus
1355 4021 1432 4092 est?
1466 4020 1598 4093 Gratias
1633 4023 1762 4114 agimus
1788 4020 1847 4092 tibi
1874 4021 2070 4105 Dominact

656 4217 660 4226 ,
723 4158 783 4209 eas
815 4136 1054 4232 amplissimas:
1098 4159 1235 4210 munera
1274 4135 1404 4231 quidem
1444 4137 1561 4232 quibus
1596 4148 1651 4209 tua
1687 4136 1787 4229 digne
1819 4153 2070 4233 compensemus,

722 4253 821 4326 nobis
848 4253 976 4327 desunt.
1018 4253 1160 4349 Suscipe
1186 4257 1297 4345 igitur,
1323 4251 1478 4342 Domine,
1503 4256 1685 4346 gratiarum
1711 4256 1893 4342 actionem,
1922 4275 2014 4347 anann
2036 4270 2072 4318 cn

724 4372 832 4442 anima
871 4380 906 4442 ct
944 4391 1088 4465 conpore
1119 4380 1236 4442 nostro
1274 4368 1462 4459 offerimus,
1502 4380 1656 4463 tanqrram
1686 4368 1750 4441 duo
1789 4371 1918 4440 minuta
1958 4366 2071 4448 tolnae,

724 4485 875 4558 omuibus
893 4484 1101 4568 facultatibus
1124 4485 1310 4575 destitutae,
1336 4496 1474 4582 propter
1492 4482 1636 4557 ⁷munus
1649 4483 1726 4557 illud
1740 4484 1877 4579 duplex,
1908 4484 1994 4579 quod
2017 4482 2070 4551 dn·

723 4599 862 4696 plicibus
889 4600 1019 4690 dedisti,
1046 4606 1198 4697 quamvis
1224 4613 1335 4674 tamen
1360 4625 1460 4674 uuum
1495 4605 1537 4674 sit
1569 4612 1603 4673 et
1636 4605 1732 4674 unius
1767 4610 1884 4697 typum
1925 4598 2071 4672 exhibeat

725 4715 885 4790 Concede
910 4717 1008 4790 uobis
1034 4720 1167 4790 veniam
1193 4717 1399 4811 delictorum,
1428 4720 1658 4792 remissionem
1683 4726 1914 4814 peccatorum,
1943 4727 1976 4788 et
1999 4714 2071 4784 lidu-

724 4836 810 4906 ciam
841 4857 955 4907 coram
974 4837 1158 4927 'unigenito
1191 4834 1276 4907 litio
1301 4844 1378 4924 tuo,
1418 4857 1492 4907 cum
1528 4857 1594 4930 quo
1625 4843 1659 4906 te
1694 4833 1791 4905 decet
1824 4838 1937 4907 omnis
1970 4831 2071 4925 gloria,

722 4947 841 5039 bonor,
867 4961 902 5022 et
928 4948 1089 5038 adoratio,
1116 4960 1151 5023 et
1178 4974 1252 5024 cum
1278 4951 1402 5047 Spiritu
1427 4963 1495 5040 tuo,
1521 4954 1604 5025 vivo
1630 4959 1664 5022 et
1689 4960 1814 5024 sancto.

827 5066 992 5162 Populos:
1039 5065 1159 5141 Amen.
