<?xml version="1.0" encoding="UTF-8"?>
<!DOCTYPE html PUBLIC "-//W3C//DTD XHTML 1.0 Transitional//EN"
    "http://www.w3.org/TR/xhtml1/DTD/xhtml1-transitional.dtd">
<html xmlns="http://www.w3.org/1999/xhtml" xml:lang="en" lang="en">
 <head>
  <title>
</title>
<meta http-equiv="Content-Type" content="text/html;charset=utf-8" />
  <meta name='ocr-system' content='tesseract 3.04.00' />
  <meta name='ocr-capabilities' content='ocr_page ocr_carea ocr_par ocr_line ocrx_word'/>
</head>
<body>
  <div class='ocr_page' id='page_1' title='image "./liturgiarumorie00unkngoog/liturgiarumorie00unkngoog_0460.png"; bbox 0 0 4525 6034; ppageno 0'>
   <div class='ocr_carea' id='block_1_1' title="bbox 1203 568 1435 647">
    <p class='ocr_par' dir='ltr' id='par_1_1' title="bbox 1203 568 1435 647">
     <span class='ocr_line' id='line_1_1' title="bbox 1203 568 1435 647; baseline 0.004 -1"><span class='ocrx_word' id='word_1_1' title='bbox 1203 568 1435 647; x_wconf 78' lang='lat' dir='ltr'><strong>tutat</strong></span> 
     </span>
    </p>
   </div>
   <div class='ocr_carea' id='block_1_2' title="bbox 1066 841 1607 938">
    <p class='ocr_par' dir='ltr' id='par_1_2' title="bbox 1066 841 1607 938">
     <span class='ocr_line' id='line_1_2' title="bbox 1066 841 1607 938; baseline 0.007 -27"><span class='ocrx_word' id='word_1_2' title='bbox 1066 841 1188 913; x_wconf 74' lang='lat' dir='ltr'><strong>Oratio</strong></span> <span class='ocrx_word' id='word_1_3' title='bbox 1212 846 1314 935; x_wconf 82' lang='lat' dir='ltr'><strong>pacis</strong></span> <span class='ocrx_word' id='word_1_4' title='bbox 1338 847 1451 915; x_wconf 80' lang='lat' dir='ltr'><strong>suncti</strong></span> <span class='ocrx_word' id='word_1_5' title='bbox 1478 844 1607 938; x_wconf 68' lang='lat' dir='ltr'><strong>aprilli·</strong></span> 
     </span>
    </p>
   </div>
   <div class='ocr_carea' id='block_1_3' title="bbox 641 1046 2027 2632">
    <p class='ocr_par' dir='ltr' id='par_1_3' title="bbox 641 1046 2027 2632">
     <span class='ocr_line' id='line_1_3' title="bbox 745 1046 2024 1152; baseline 0.009 -29"><span class='ocrx_word' id='word_1_6' title='bbox 745 1046 880 1124; x_wconf 75' lang='lat' dir='ltr'><strong>Turonas</strong></span> <span class='ocrx_word' id='word_1_7' title='bbox 903 1059 954 1122; x_wconf 90' lang='lat' dir='ltr'><strong>ille</strong></span> <span class='ocrx_word' id='word_1_8' title='bbox 968 1060 1125 1125; x_wconf 88' lang='lat' dir='ltr'><strong>videretur</strong></span> <span class='ocrx_word' id='word_1_9' title='bbox 1147 1062 1270 1141; x_wconf 91' lang='lat' dir='ltr'><strong>inutilis,</strong></span> <span class='ocrx_word' id='word_1_10' title='bbox 1295 1071 1437 1128; x_wconf 89' lang='lat' dir='ltr'><strong>cumtota</strong></span> <span class='ocrx_word' id='word_1_11' title='bbox 1451 1064 1589 1147; x_wconf 79' lang='lat' dir='ltr'><strong>Liturgia</strong></span> <span class='ocrx_word' id='word_1_12' title='bbox 1610 1073 1748 1130; x_wconf 87' lang='lat' dir='ltr'><strong>autorem</strong></span> <span class='ocrx_word' id='word_1_13' title='bbox 1771 1067 2024 1152; x_wconf 76' lang='lat' dir='ltr'><strong>Cyrillnmprae-</strong></span> 
     </span>
     <span class='ocr_line' id='line_1_4' title="bbox 642 1160 2023 1255; baseline 0.01 -30"><span class='ocrx_word' id='word_1_14' title='bbox 642 1160 738 1225; x_wconf 84' lang='lat' dir='ltr'><strong>ierat:</strong></span> <span class='ocrx_word' id='word_1_15' title='bbox 761 1180 862 1243; x_wconf 86' lang='lat' dir='ltr'><strong>neque</strong></span> <span class='ocrx_word' id='word_1_16' title='bbox 884 1163 1083 1244; x_wconf 72' lang='lat' dir='ltr'><strong>argutandum</strong></span> <span class='ocrx_word' id='word_1_17' title='bbox 1105 1164 1176 1228; x_wconf 91' lang='lat' dir='ltr'><strong>inde</strong></span> <span class='ocrx_word' id='word_1_18' title='bbox 1200 1166 1285 1245; x_wconf 86' lang='lat' dir='ltr'><strong>quasi</strong></span> <span class='ocrx_word' id='word_1_19' title='bbox 1307 1165 1384 1229; x_wconf 88' lang='lat' dir='ltr'><strong>haec</strong></span> <span class='ocrx_word' id='word_1_20' title='bbox 1405 1167 1445 1230; x_wconf 90' lang='lat' dir='ltr'><strong>sit</strong></span> <span class='ocrx_word' id='word_1_21' title='bbox 1465 1168 1683 1248; x_wconf 82' lang='lat' dir='ltr'><strong>suppositionis</strong></span> <span class='ocrx_word' id='word_1_22' title='bbox 1705 1179 1795 1251; x_wconf 91' lang='lat' dir='ltr'><strong>nota,</strong></span> <span class='ocrx_word' id='word_1_23' title='bbox 1830 1180 1864 1235; x_wconf 92' lang='lat' dir='ltr'><strong>ut</strong></span> <span class='ocrx_word' id='word_1_24' title='bbox 1885 1175 1966 1255; x_wconf 85' lang='lat' dir='ltr'><strong>quod</strong></span> <span class='ocrx_word' id='word_1_25' title='bbox 1989 1178 2023 1239; x_wconf 87' lang='lat' dir='ltr'><strong>in</strong></span> 
     </span>
     <span class='ocr_line' id='line_1_5' title="bbox 642 1261 2025 1353; baseline 0.01 -31"><span class='ocrx_word' id='word_1_26' title='bbox 642 1261 800 1343; x_wconf 75' lang='lat' dir='ltr'><strong>Diptychis</strong></span> <span class='ocrx_word' id='word_1_27' title='bbox 822 1261 941 1323; x_wconf 90' lang='lat' dir='ltr'><strong>nomina</strong></span> <span class='ocrx_word' id='word_1_28' title='bbox 963 1279 1068 1324; x_wconf 90' lang='lat' dir='ltr'><strong>eorum</strong></span> <span class='ocrx_word' id='word_1_29' title='bbox 1091 1270 1264 1326; x_wconf 89' lang='lat' dir='ltr'><strong>sanctorum</strong></span> <span class='ocrx_word' id='word_1_30' title='bbox 1287 1263 1395 1344; x_wconf 85' lang='lat' dir='ltr'><strong>quibus</strong></span> <span class='ocrx_word' id='word_1_31' title='bbox 1418 1266 1636 1345; x_wconf 90' lang='lat' dir='ltr'><strong>attribuuntur,</strong></span> <span class='ocrx_word' id='word_1_32' title='bbox 1669 1279 1833 1332; x_wconf 81' lang='lat' dir='ltr'><strong>occamrant</strong></span> <span class='ocrx_word' id='word_1_33' title='bbox 1863 1279 1896 1333; x_wconf 89' lang='lat' dir='ltr'><strong>ut</strong></span> <span class='ocrx_word' id='word_1_34' title='bbox 1923 1273 2025 1353; x_wconf 90' lang='lat' dir='ltr'><strong>pluri·</strong></span> 
     </span>
     <span class='ocr_line' id='line_1_6' title="bbox 642 1359 2025 1452; baseline 0.008 -31"><span class='ocrx_word' id='word_1_35' title='bbox 642 1379 733 1424; x_wconf 83' lang='lat' dir='ltr'><strong>mum.</strong></span> <span class='ocrx_word' id='word_1_36' title='bbox 779 1359 915 1422; x_wconf 82' lang='lat' dir='ltr'><strong>Diximus</strong></span> <span class='ocrx_word' id='word_1_37' title='bbox 938 1378 999 1422; x_wconf 93' lang='lat' dir='ltr'><strong>non</strong></span> <span class='ocrx_word' id='word_1_38' title='bbox 1020 1378 1110 1421; x_wconf 89' lang='lat' dir='ltr'><strong>unam</strong></span> <span class='ocrx_word' id='word_1_39' title='bbox 1132 1379 1226 1443; x_wconf 88' lang='lat' dir='ltr'><strong>saepe</strong></span> <span class='ocrx_word' id='word_1_40' title='bbox 1250 1361 1288 1424; x_wconf 91' lang='lat' dir='ltr'><strong>ad</strong></span> <span class='ocrx_word' id='word_1_41' title='bbox 1310 1371 1410 1426; x_wconf 89' lang='lat' dir='ltr'><strong>cartas</strong></span> <span class='ocrx_word' id='word_1_42' title='bbox 1432 1371 1536 1445; x_wconf 87' lang='lat' dir='ltr'><strong>parles</strong></span> <span class='ocrx_word' id='word_1_43' title='bbox 1558 1365 1647 1427; x_wconf 85' lang='lat' dir='ltr'><strong>olbcii</strong></span> <span class='ocrx_word' id='word_1_44' title='bbox 1670 1368 1838 1431; x_wconf 89' lang='lat' dir='ltr'><strong>orationem</strong></span> <span class='ocrx_word' id='word_1_45' title='bbox 1861 1369 2025 1452; x_wconf 78' lang='lat' dir='ltr'><strong>assignari,</strong></span> 
     </span>
     <span class='ocr_line' id='line_1_7' title="bbox 644 1459 2027 1548; baseline 0.008 -26"><span class='ocrx_word' id='word_1_46' title='bbox 644 1460 701 1523; x_wconf 91' lang='lat' dir='ltr'><strong>sed</strong></span> <span class='ocrx_word' id='word_1_47' title='bbox 723 1459 798 1521; x_wconf 92' lang='lat' dir='ltr'><strong>duas</strong></span> <span class='ocrx_word' id='word_1_48' title='bbox 820 1467 872 1521; x_wconf 92' lang='lat' dir='ltr'><strong>aut</strong></span> <span class='ocrx_word' id='word_1_49' title='bbox 894 1466 974 1521; x_wconf 89' lang='lat' dir='ltr'><strong>tres:</strong></span> <span class='ocrx_word' id='word_1_50' title='bbox 998 1459 1101 1539; x_wconf 83' lang='lat' dir='ltr'><strong>piures</strong></span> <span class='ocrx_word' id='word_1_51' title='bbox 1124 1477 1347 1543; x_wconf 86' lang='lat' dir='ltr'><strong>nonnunquam,</strong></span> <span class='ocrx_word' id='word_1_52' title='bbox 1369 1469 1402 1525; x_wconf 91' lang='lat' dir='ltr'><strong>ut</strong></span> <span class='ocrx_word' id='word_1_53' title='bbox 1425 1463 1462 1526; x_wconf 87' lang='lat' dir='ltr'><strong>ad</strong></span> <span class='ocrx_word' id='word_1_54' title='bbox 1484 1466 1649 1545; x_wconf 79' lang='lat' dir='ltr'><strong>gratiarnm</strong></span> <span class='ocrx_word' id='word_1_55' title='bbox 1672 1466 1823 1529; x_wconf 88' lang='lat' dir='ltr'><strong>actionem</strong></span> <span class='ocrx_word' id='word_1_56' title='bbox 1845 1476 1915 1548; x_wconf 89' lang='lat' dir='ltr'><strong>post</strong></span> <span class='ocrx_word' id='word_1_57' title='bbox 1936 1488 2027 1533; x_wconf 86' lang='lat' dir='ltr'><strong>com-</strong></span> 
     </span>
     <span class='ocr_line' id='line_1_8' title="bbox 643 1556 2026 1645; baseline 0.011 -27"><span class='ocrx_word' id='word_1_58' title='bbox 643 1560 834 1635; x_wconf 86' lang='lat' dir='ltr'><strong>munionem,</strong></span> <span class='ocrx_word' id='word_1_59' title='bbox 864 1566 895 1620; x_wconf 90' lang='lat' dir='ltr'><strong>et</strong></span> <span class='ocrx_word' id='word_1_60' title='bbox 922 1556 960 1620; x_wconf 90' lang='lat' dir='ltr'><strong>ad</strong></span> <span class='ocrx_word' id='word_1_61' title='bbox 990 1556 1108 1621; x_wconf 90' lang='lat' dir='ltr'><strong>ultimas</strong></span> <span class='ocrx_word' id='word_1_62' title='bbox 1132 1558 1378 1640; x_wconf 88' lang='lat' dir='ltr'><strong>benedictiones,</strong></span> <span class='ocrx_word' id='word_1_63' title='bbox 1406 1570 1478 1643; x_wconf 90' lang='lat' dir='ltr'><strong>post</strong></span> <span class='ocrx_word' id='word_1_64' title='bbox 1508 1579 1583 1643; x_wconf 87' lang='lat' dir='ltr'><strong>quas</strong></span> <span class='ocrx_word' id='word_1_65' title='bbox 1614 1564 1745 1644; x_wconf 89' lang='lat' dir='ltr'><strong>populus</strong></span> <span class='ocrx_word' id='word_1_66' title='bbox 1768 1565 1944 1645; x_wconf 71' lang='lat' dir='ltr'><strong>dimittitur,</strong></span> <span class='ocrx_word' id='word_1_67' title='bbox 1967 1569 2026 1633; x_wconf 92' lang='lat' dir='ltr'><strong>sed</strong></span> 
     </span>
     <span class='ocr_line' id='line_1_9' title="bbox 643 1656 2025 1750; baseline 0.009 -31"><span class='ocrx_word' id='word_1_68' title='bbox 643 1659 775 1720; x_wconf 89' lang='lat' dir='ltr'><strong>varietas</strong></span> <span class='ocrx_word' id='word_1_69' title='bbox 806 1658 974 1738; x_wconf 88' lang='lat' dir='ltr'><strong>praecipua</strong></span> <span class='ocrx_word' id='word_1_70' title='bbox 1003 1656 1250 1721; x_wconf 88' lang='lat' dir='ltr'><strong>animadvertitur</strong></span> <span class='ocrx_word' id='word_1_71' title='bbox 1279 1661 1310 1721; x_wconf 90' lang='lat' dir='ltr'><strong>in</strong></span> <span class='ocrx_word' id='word_1_72' title='bbox 1340 1659 1527 1723; x_wconf 89' lang='lat' dir='ltr'><strong>orationibus</strong></span> <span class='ocrx_word' id='word_1_73' title='bbox 1557 1666 1812 1744; x_wconf 79' lang='lat' dir='ltr'><strong>praeparatoriis,</strong></span> <span class='ocrx_word' id='word_1_74' title='bbox 1840 1668 2025 1750; x_wconf 83' lang='lat' dir='ltr'><strong>intorques</strong></span> 
     </span>
     <span class='ocr_line' id='line_1_10' title="bbox 642 1745 2026 1849; baseline 0.009 -31"><span class='ocrx_word' id='word_1_75' title='bbox 642 1763 847 1835; x_wconf 87' lang='lat' dir='ltr'><strong>numerantur,</strong></span> <span class='ocrx_word' id='word_1_76' title='bbox 871 1774 949 1837; x_wconf 83' lang='lat' dir='ltr'><strong>quae</strong></span> <span class='ocrx_word' id='word_1_77' title='bbox 971 1756 1160 1837; x_wconf 87' lang='lat' dir='ltr'><strong>praecedunt</strong></span> <span class='ocrx_word' id='word_1_78' title='bbox 1182 1745 1370 1835; x_wconf 80' lang='grc' dir='ltr'><strong><em>Ἀσπασμόν</em></strong></span> <span class='ocrx_word' id='word_1_79' title='bbox 1392 1777 1448 1822; x_wconf 89' lang='lat' dir='ltr'><strong>seu</strong></span> <span class='ocrx_word' id='word_1_80' title='bbox 1472 1758 1616 1823; x_wconf 83' lang='lat' dir='ltr'><strong>Osculum</strong></span> <span class='ocrx_word' id='word_1_81' title='bbox 1638 1763 1734 1843; x_wconf 88' lang='lat' dir='ltr'><strong>pacis.</strong></span> <span class='ocrx_word' id='word_1_82' title='bbox 1759 1764 1811 1828; x_wconf 88' lang='lat' dir='ltr'><strong>Isti</strong></span> <span class='ocrx_word' id='word_1_83' title='bbox 1833 1783 1941 1830; x_wconf 91' lang='lat' dir='ltr'><strong>nomen</strong></span> <span class='ocrx_word' id='word_1_84' title='bbox 1957 1767 2026 1849; x_wconf 81' lang='lat' dir='ltr'><strong>Cy-</strong></span> 
     </span>
     <span class='ocr_line' id='line_1_11' title="bbox 641 1855 2024 1943; baseline 0.009 -26"><span class='ocrx_word' id='word_1_85' title='bbox 641 1856 702 1918; x_wconf 91' lang='lat' dir='ltr'><strong>rilli</strong></span> <span class='ocrx_word' id='word_1_86' title='bbox 725 1856 895 1938; x_wconf 76' lang='lat' dir='ltr'><strong>adJunctum</strong></span> <span class='ocrx_word' id='word_1_87' title='bbox 918 1862 982 1934; x_wconf 87' lang='lat' dir='ltr'><strong>est,</strong></span> <span class='ocrx_word' id='word_1_88' title='bbox 1012 1857 1082 1938; x_wconf 91' lang='lat' dir='ltr'><strong>quia</strong></span> <span class='ocrx_word' id='word_1_89' title='bbox 1111 1865 1145 1919; x_wconf 92' lang='lat' dir='ltr'><strong>ut</strong></span> <span class='ocrx_word' id='word_1_90' title='bbox 1174 1866 1258 1940; x_wconf 88' lang='lat' dir='ltr'><strong>patet</strong></span> <span class='ocrx_word' id='word_1_91' title='bbox 1286 1877 1327 1921; x_wconf 85' lang='lat' dir='ltr'><strong>ex</strong></span> <span class='ocrx_word' id='word_1_92' title='bbox 1349 1855 1468 1921; x_wconf 83' lang='lat' dir='ltr'><strong>Graeca</strong></span> <span class='ocrx_word' id='word_1_93' title='bbox 1494 1859 1588 1923; x_wconf 85' lang='lat' dir='ltr'><strong>hlarci</strong></span> <span class='ocrx_word' id='word_1_94' title='bbox 1611 1858 1765 1943; x_wconf 81' lang='lat' dir='ltr'><strong>Liturgia,</strong></span> <span class='ocrx_word' id='word_1_95' title='bbox 1795 1883 1906 1929; x_wconf 90' lang='lat' dir='ltr'><strong>nomen</strong></span> <span class='ocrx_word' id='word_1_96' title='bbox 1934 1868 2024 1929; x_wconf 88' lang='lat' dir='ltr'><strong>istius</strong></span> 
     </span>
     <span class='ocr_line' id='line_1_12' title="bbox 642 1955 2024 2044; baseline 0.007 -26"><span class='ocrx_word' id='word_1_97' title='bbox 642 1955 741 2019; x_wconf 90' lang='lat' dir='ltr'><strong>eidem</strong></span> <span class='ocrx_word' id='word_1_98' title='bbox 763 1956 928 2036; x_wconf 87' lang='lat' dir='ltr'><strong>praefixum</strong></span> <span class='ocrx_word' id='word_1_99' title='bbox 950 1963 1027 2033; x_wconf 91' lang='lat' dir='ltr'><strong>erat,</strong></span> <span class='ocrx_word' id='word_1_100' title='bbox 1049 1974 1111 2019; x_wconf 89' lang='lat' dir='ltr'><strong>non</strong></span> <span class='ocrx_word' id='word_1_101' title='bbox 1134 1956 1256 2038; x_wconf 71' lang='lat' dir='ltr'><strong>Cprilh&#39;:</strong></span> <span class='ocrx_word' id='word_1_102' title='bbox 1271 1957 1379 2038; x_wconf 81' lang='lat' dir='ltr'><strong>Neque</strong></span> <span class='ocrx_word' id='word_1_103' title='bbox 1401 1959 1503 2022; x_wconf 90' lang='lat' dir='ltr'><strong>titulus</strong></span> <span class='ocrx_word' id='word_1_104' title='bbox 1526 1960 1680 2040; x_wconf 79' lang='lat' dir='ltr'><strong>generalis</strong></span> <span class='ocrx_word' id='word_1_105' title='bbox 1703 1962 1827 2026; x_wconf 89' lang='lat' dir='ltr'><strong>obstare</strong></span> <span class='ocrx_word' id='word_1_106' title='bbox 1850 1962 2024 2044; x_wconf 83' lang='lat' dir='ltr'><strong>ridebatur,</strong></span> 
     </span>
     <span class='ocr_line' id='line_1_13' title="bbox 642 2054 2024 2141; baseline 0.007 -23"><span class='ocrx_word' id='word_1_107' title='bbox 642 2074 682 2118; x_wconf 88' lang='lat' dir='ltr'><strong>ne</strong></span> <span class='ocrx_word' id='word_1_108' title='bbox 705 2054 832 2118; x_wconf 91' lang='lat' dir='ltr'><strong>aliorum</strong></span> <span class='ocrx_word' id='word_1_109' title='bbox 854 2063 1028 2118; x_wconf 85' lang='lat' dir='ltr'><strong>sauctorum</strong></span> <span class='ocrx_word' id='word_1_110' title='bbox 1050 2058 1203 2119; x_wconf 87' lang='lat' dir='ltr'><strong>orationes</strong></span> <span class='ocrx_word' id='word_1_111' title='bbox 1225 2056 1285 2119; x_wconf 90' lang='lat' dir='ltr'><strong>iliis</strong></span> <span class='ocrx_word' id='word_1_112' title='bbox 1307 2056 1560 2141; x_wconf 75' lang='lat' dir='ltr'><strong>adjungerentur,</strong></span> <span class='ocrx_word' id='word_1_113' title='bbox 1584 2066 1616 2120; x_wconf 91' lang='lat' dir='ltr'><strong>ut</strong></span> <span class='ocrx_word' id='word_1_114' title='bbox 1639 2059 1820 2125; x_wconf 85' lang='lat' dir='ltr'><strong>observatur</strong></span> <span class='ocrx_word' id='word_1_115' title='bbox 1849 2064 1881 2125; x_wconf 92' lang='lat' dir='ltr'><strong>in</strong></span> <span class='ocrx_word' id='word_1_116' title='bbox 1904 2063 2024 2127; x_wconf 88' lang='lat' dir='ltr'><strong>duabus</strong></span> 
     </span>
     <span class='ocr_line' id='line_1_14' title="bbox 642 2154 2025 2235; baseline 0.007 -19"><span class='ocrx_word' id='word_1_117' title='bbox 642 2154 709 2217; x_wconf 89' lang='lat' dir='ltr'><strong>ahis</strong></span> <span class='ocrx_word' id='word_1_118' title='bbox 732 2154 875 2235; x_wconf 79' lang='lat' dir='ltr'><strong>liturgiis</strong></span> <span class='ocrx_word' id='word_1_119' title='bbox 899 2154 1043 2234; x_wconf 88' lang='lat' dir='ltr'><strong>Copticis.</strong></span> <span class='ocrx_word' id='word_1_120' title='bbox 1089 2154 1201 2218; x_wconf 86' lang='lat' dir='ltr'><strong>Verum</strong></span> <span class='ocrx_word' id='word_1_121' title='bbox 1233 2174 1338 2219; x_wconf 88' lang='lat' dir='ltr'><strong>omnes</strong></span> <span class='ocrx_word' id='word_1_122' title='bbox 1368 2157 1438 2219; x_wconf 89' lang='lat' dir='ltr'><strong>illae</strong></span> <span class='ocrx_word' id='word_1_123' title='bbox 1468 2176 1508 2220; x_wconf 92' lang='lat' dir='ltr'><strong>ex</strong></span> <span class='ocrx_word' id='word_1_124' title='bbox 1536 2158 1686 2220; x_wconf 89' lang='lat' dir='ltr'><strong>communi</strong></span> <span class='ocrx_word' id='word_1_125' title='bbox 1714 2159 1921 2224; x_wconf 90' lang='lat' dir='ltr'><strong>Ecclesiarum</strong></span> <span class='ocrx_word' id='word_1_126' title='bbox 1950 2164 2025 2224; x_wconf 90' lang='lat' dir='ltr'><strong>the-</strong></span> 
     </span>
     <span class='ocr_line' id='line_1_15' title="bbox 642 2252 2025 2342; baseline 0.006 -27"><span class='ocrx_word' id='word_1_127' title='bbox 642 2270 733 2315; x_wconf 90' lang='lat' dir='ltr'><strong>sauro</strong></span> <span class='ocrx_word' id='word_1_128' title='bbox 750 2252 959 2334; x_wconf 77' lang='lat' dir='ltr'><strong>depromptae,</strong></span> <span class='ocrx_word' id='word_1_129' title='bbox 982 2253 1117 2316; x_wconf 85' lang='lat' dir='ltr'><strong>eamdem</strong></span> <span class='ocrx_word' id='word_1_130' title='bbox 1137 2256 1327 2318; x_wconf 85' lang='lat' dir='ltr'><strong>autoritatem</strong></span> <span class='ocrx_word' id='word_1_131' title='bbox 1344 2254 1494 2319; x_wconf 87' lang='lat' dir='ltr'><strong>habebant</strong></span> <span class='ocrx_word' id='word_1_132' title='bbox 1516 2275 1557 2318; x_wconf 88' lang='lat' dir='ltr'><strong>ex</strong></span> <span class='ocrx_word' id='word_1_133' title='bbox 1578 2255 1864 2340; x_wconf 85' lang='lat' dir='ltr'><strong>usullcclesiarum‚</strong></span> <span class='ocrx_word' id='word_1_134' title='bbox 1888 2261 1940 2342; x_wconf 82' lang='lat' dir='ltr'><strong>qrri</strong></span> <span class='ocrx_word' id='word_1_135' title='bbox 1962 2269 2025 2323; x_wconf 90' lang='lat' dir='ltr'><strong>tam</strong></span> 
     </span>
     <span class='ocr_line' id='line_1_16' title="bbox 641 2352 2025 2441; baseline 0.004 -26"><span class='ocrx_word' id='word_1_136' title='bbox 641 2359 744 2415; x_wconf 89' lang='lat' dir='ltr'><strong>certus</strong></span> <span class='ocrx_word' id='word_1_137' title='bbox 767 2359 826 2428; x_wconf 89' lang='lat' dir='ltr'><strong>est,</strong></span> <span class='ocrx_word' id='word_1_138' title='bbox 849 2369 938 2433; x_wconf 68' lang='grc' dir='ltr'>ιιιιιιιιι</span> <span class='ocrx_word' id='word_1_139' title='bbox 960 2353 1067 2415; x_wconf 85' lang='lat' dir='ltr'><strong>incerti</strong></span> <span class='ocrx_word' id='word_1_140' title='bbox 1091 2352 1267 2416; x_wconf 90' lang='lat' dir='ltr'><strong>Orationum</strong></span> <span class='ocrx_word' id='word_1_141' title='bbox 1290 2354 1376 2418; x_wconf 87' lang='lat' dir='ltr'><strong>tituli.</strong></span> <span class='ocrx_word' id='word_1_142' title='bbox 1421 2354 1538 2416; x_wconf 83' lang='lat' dir='ltr'><strong>liabent</strong></span> <span class='ocrx_word' id='word_1_143' title='bbox 1561 2353 1631 2437; x_wconf 82' lang='lat' dir='ltr'><strong>Syri</strong></span> <span class='ocrx_word' id='word_1_144' title='bbox 1653 2353 1809 2421; x_wconf 86' lang='lat' dir='ltr'><strong>Jacobitae</strong></span> <span class='ocrx_word' id='word_1_145' title='bbox 1833 2358 1949 2441; x_wconf 84' lang='lat' dir='ltr'><strong>Cyrille</strong></span> <span class='ocrx_word' id='word_1_146' title='bbox 1964 2359 2025 2420; x_wconf 90' lang='lat' dir='ltr'><strong>ad-</strong></span> 
     </span>
     <span class='ocr_line' id='line_1_17' title="bbox 642 2450 2024 2536; baseline 0.004 -21"><span class='ocrx_word' id='word_1_147' title='bbox 642 2451 787 2533; x_wconf 90' lang='lat' dir='ltr'><strong>scriptam</strong></span> <span class='ocrx_word' id='word_1_148' title='bbox 809 2450 986 2534; x_wconf 77' lang='lat' dir='ltr'><strong>liturgiam,</strong></span> <span class='ocrx_word' id='word_1_149' title='bbox 1008 2469 1087 2532; x_wconf 87' lang='lat' dir='ltr'><strong>quae</strong></span> <span class='ocrx_word' id='word_1_150' title='bbox 1110 2459 1196 2515; x_wconf 87' lang='lat' dir='ltr'><strong>extat</strong></span> <span class='ocrx_word' id='word_1_151' title='bbox 1217 2454 1248 2517; x_wconf 90' lang='lat' dir='ltr'><strong>in</strong></span> <span class='ocrx_word' id='word_1_152' title='bbox 1261 2452 1394 2516; x_wconf 80' lang='lat' dir='ltr'><strong>Romana</strong></span> <span class='ocrx_word' id='word_1_153' title='bbox 1411 2455 1555 2533; x_wconf 86' lang='lat' dir='ltr'><strong>editione,</strong></span> <span class='ocrx_word' id='word_1_154' title='bbox 1579 2454 1634 2518; x_wconf 86' lang='lat' dir='ltr'><strong>sed</strong></span> <span class='ocrx_word' id='word_1_155' title='bbox 1657 2472 1735 2536; x_wconf 87' lang='lat' dir='ltr'><strong>quae</strong></span> <span class='ocrx_word' id='word_1_156' title='bbox 1758 2455 1795 2519; x_wconf 89' lang='lat' dir='ltr'><strong>ab</strong></span> <span class='ocrx_word' id='word_1_157' title='bbox 1818 2458 1877 2521; x_wconf 90' lang='lat' dir='ltr'><strong>ista</strong></span> <span class='ocrx_word' id='word_1_158' title='bbox 1898 2459 2024 2522; x_wconf 83' lang='lat' dir='ltr'><strong>diversa</strong></span> 
     </span>
     <span class='ocr_line' id='line_1_18' title="bbox 642 2548 1028 2632; baseline 0 -20"><span class='ocrx_word' id='word_1_159' title='bbox 642 2557 701 2628; x_wconf 87' lang='lat' dir='ltr'><strong>est,</strong></span> <span class='ocrx_word' id='word_1_160' title='bbox 725 2556 756 2612; x_wconf 88' lang='lat' dir='ltr'><strong>et</strong></span> <span class='ocrx_word' id='word_1_161' title='bbox 779 2548 871 2632; x_wconf 79' lang='lat' dir='ltr'><strong>longe</strong></span> <span class='ocrx_word' id='word_1_162' title='bbox 894 2551 1028 2614; x_wconf 88' lang='lat' dir='ltr'><strong>brevior.</strong></span> 
     </span>
    </p>
   </div>
   <div class='ocr_carea' id='block_1_4' title="bbox 982 2811 1688 2906">
    <p class='ocr_par' dir='ltr' id='par_1_4' title="bbox 982 2811 1688 2906">
     <span class='ocr_line' id='line_1_19' title="bbox 982 2811 1688 2906; baseline 0.003 -24"><span class='ocrx_word' id='word_1_163' title='bbox 982 2811 1171 2906; x_wconf 79' lang='lat' dir='ltr'><strong>Offermnos</strong></span> <span class='ocrx_word' id='word_1_164' title='bbox 1197 2811 1261 2883; x_wconf 85' lang='lat' dir='ltr'><strong>tibi</strong></span> <span class='ocrx_word' id='word_1_165' title='bbox 1286 2815 1494 2905; x_wconf 76' lang='lat' dir='ltr'><strong>sucrificium</strong></span> <span class='ocrx_word' id='word_1_166' title='bbox 1519 2813 1596 2901; x_wconf 87' lang='lat' dir='ltr'><strong>boc,</strong></span> <span class='ocrx_word' id='word_1_167' title='bbox 1624 2819 1688 2884; x_wconf 84' lang='lat' dir='ltr'><strong>etc.</strong></span> 
     </span>
    </p>
   </div>
   <div class='ocr_carea' id='block_1_5' title="bbox 633 3021 2066 4995">
    <p class='ocr_par' dir='ltr' id='par_1_5' title="bbox 633 3021 2066 4995">
     <span class='ocr_line' id='line_1_20' title="bbox 719 3021 2020 3117; baseline 0.001 -18"><span class='ocrx_word' id='word_1_168' title='bbox 719 3021 756 3100; x_wconf 82' lang='lat' dir='ltr'><strong>ln</strong></span> <span class='ocrx_word' id='word_1_169' title='bbox 778 3032 853 3113; x_wconf 91' lang='lat' dir='ltr'><strong>hac,</strong></span> <span class='ocrx_word' id='word_1_170' title='bbox 882 3040 914 3096; x_wconf 90' lang='lat' dir='ltr'><strong>ut</strong></span> <span class='ocrx_word' id='word_1_171' title='bbox 937 3033 967 3094; x_wconf 91' lang='lat' dir='ltr'><strong>in</strong></span> <span class='ocrx_word' id='word_1_172' title='bbox 990 3032 1055 3095; x_wconf 90' lang='lat' dir='ltr'><strong>aliis</strong></span> <span class='ocrx_word' id='word_1_173' title='bbox 1078 3030 1217 3095; x_wconf 88' lang='lat' dir='ltr'><strong>omnibus</strong></span> <span class='ocrx_word' id='word_1_174' title='bbox 1245 3029 1449 3095; x_wconf 85' lang='lat' dir='ltr'><strong>Orientalibus</strong></span> <span class='ocrx_word' id='word_1_175' title='bbox 1477 3031 1622 3114; x_wconf 78' lang='lat' dir='ltr'><strong>Liturgiis</strong></span> <span class='ocrx_word' id='word_1_176' title='bbox 1650 3035 1844 3117; x_wconf 75' lang='lat' dir='ltr'><strong>agnoscitur,</strong></span> <span class='ocrx_word' id='word_1_177' title='bbox 1874 3035 2020 3100; x_wconf 88' lang='lat' dir='ltr'><strong>creditum</strong></span> 
     </span>
     <span class='ocr_line' id='line_1_21' title="bbox 644 3131 2021 3215; baseline 0.003 -16"><span class='ocrx_word' id='word_1_178' title='bbox 644 3137 814 3201; x_wconf 88' lang='lat' dir='ltr'><strong>interillos</strong></span> <span class='ocrx_word' id='word_1_179' title='bbox 838 3137 1027 3200; x_wconf 88' lang='lat' dir='ltr'><strong>Christianos</strong></span> <span class='ocrx_word' id='word_1_180' title='bbox 1050 3134 1212 3215; x_wconf 89' lang='lat' dir='ltr'><strong>antiquitus</strong></span> <span class='ocrx_word' id='word_1_181' title='bbox 1236 3131 1331 3196; x_wconf 82' lang='lat' dir='ltr'><strong>fuisse</strong></span> <span class='ocrx_word' id='word_1_182' title='bbox 1354 3133 1562 3198; x_wconf 88' lang='lat' dir='ltr'><strong>Eucharistiae</strong></span> <span class='ocrx_word' id='word_1_183' title='bbox 1576 3136 1811 3202; x_wconf 88' lang='lat' dir='ltr'><strong>celebrationem</strong></span> <span class='ocrx_word' id='word_1_184' title='bbox 1831 3158 1936 3203; x_wconf 88' lang='lat' dir='ltr'><strong>verum</strong></span> <span class='ocrx_word' id='word_1_185' title='bbox 1950 3159 2021 3204; x_wconf 87' lang='lat' dir='ltr'><strong>esse</strong></span> 
     </span>
     <span class='ocr_line' id='line_1_22' title="bbox 640 3223 2019 3318; baseline 0.001 -19"><span class='ocrx_word' id='word_1_186' title='bbox 640 3235 837 3317; x_wconf 80' lang='lat' dir='ltr'><strong>sacrificium,</strong></span> <span class='ocrx_word' id='word_1_187' title='bbox 871 3234 1006 3316; x_wconf 90' lang='lat' dir='ltr'><strong>illudque</strong></span> <span class='ocrx_word' id='word_1_188' title='bbox 1038 3223 1181 3316; x_wconf 72' lang='grc' dir='ltr'><strong>λογικόν,</strong></span> <span class='ocrx_word' id='word_1_189' title='bbox 1203 3250 1261 3296; x_wconf 91' lang='lat' dir='ltr'><strong>seu</strong></span> <span class='ocrx_word' id='word_1_190' title='bbox 1289 3234 1448 3312; x_wconf 73' lang='lat' dir='ltr'><strong>spiritoole</strong></span> <span class='ocrx_word' id='word_1_191' title='bbox 1475 3242 1506 3295; x_wconf 85' lang='lat' dir='ltr'><strong>et</strong></span> <span class='ocrx_word' id='word_1_192' title='bbox 1532 3237 1698 3315; x_wconf 83' lang='lat' dir='ltr'><strong>rationale,</strong></span> <span class='ocrx_word' id='word_1_193' title='bbox 1737 3237 1818 3318; x_wconf 87' lang='lat' dir='ltr'><strong>quod</strong></span> <span class='ocrx_word' id='word_1_194' title='bbox 1849 3237 1879 3299; x_wconf 89' lang='lat' dir='ltr'><strong>in</strong></span> <span class='ocrx_word' id='word_1_195' title='bbox 1909 3255 2019 3301; x_wconf 90' lang='lat' dir='ltr'><strong>sacrae</strong></span> 
     </span>
     <span class='ocr_line' id='line_1_23' title="bbox 640 3332 2015 3418; baseline 0.001 -20"><span class='ocrx_word' id='word_1_196' title='bbox 640 3334 816 3416; x_wconf 89' lang='lat' dir='ltr'><strong>Scripturae</strong></span> <span class='ocrx_word' id='word_1_197' title='bbox 838 3335 907 3398; x_wconf 89' lang='lat' dir='ltr'><strong>stilo</strong></span> <span class='ocrx_word' id='word_1_198' title='bbox 929 3335 1008 3397; x_wconf 91' lang='lat' dir='ltr'><strong>idem</strong></span> <span class='ocrx_word' id='word_1_199' title='bbox 1030 3340 1087 3397; x_wconf 89' lang='lat' dir='ltr'><strong>est.</strong></span> <span class='ocrx_word' id='word_1_200' title='bbox 1111 3333 1217 3412; x_wconf 85' lang='lat' dir='ltr'><strong>anue</strong></span> <span class='ocrx_word' id='word_1_201' title='bbox 1238 3350 1301 3394; x_wconf 89' lang='lat' dir='ltr'><strong>vox</strong></span> <span class='ocrx_word' id='word_1_202' title='bbox 1323 3332 1389 3394; x_wconf 91' lang='lat' dir='ltr'><strong>sola</strong></span> <span class='ocrx_word' id='word_1_203' title='bbox 1419 3334 1553 3395; x_wconf 90' lang='lat' dir='ltr'><strong>occurrit</strong></span> <span class='ocrx_word' id='word_1_204' title='bbox 1579 3335 1609 3396; x_wconf 90' lang='lat' dir='ltr'><strong>in</strong></span> <span class='ocrx_word' id='word_1_205' title='bbox 1641 3342 1726 3398; x_wconf 90' lang='lat' dir='ltr'><strong>textu</strong></span> <span class='ocrx_word' id='word_1_206' title='bbox 1749 3335 1894 3418; x_wconf 87' lang='lat' dir='ltr'><strong>Coptica,</strong></span> <span class='ocrx_word' id='word_1_207' title='bbox 1926 3353 2015 3418; x_wconf 86' lang='lat' dir='ltr'><strong>quam</strong></span> 
     </span>
     <span class='ocr_line' id='line_1_24' title="bbox 638 3433 2066 3522; baseline 0.003 -25"><span class='ocrx_word' id='word_1_208' title='bbox 638 3435 742 3497; x_wconf 89' lang='lat' dir='ltr'><strong>versio</strong></span> <span class='ocrx_word' id='word_1_209' title='bbox 765 3433 896 3497; x_wconf 79' lang='lat' dir='ltr'><strong>Arabica</strong></span> <span class='ocrx_word' id='word_1_210' title='bbox 919 3433 1061 3514; x_wconf 85' lang='lat' dir='ltr'><strong>exprimit</strong></span> <span class='ocrx_word' id='word_1_211' title='bbox 1082 3449 1139 3513; x_wconf 90' lang='lat' dir='ltr'><strong>per</strong></span> <span class='ocrx_word' id='word_1_212' title='bbox 1166 3449 1290 3506; x_wconf 89' lang='lat' dir='ltr'><strong>vocem,</strong></span> <span class='ocrx_word' id='word_1_213' title='bbox 1319 3436 1433 3522; x_wconf 66' lang='lat' dir='ltr'><strong>ilptutrt</strong></span> <span class='ocrx_word' id='word_1_214' title='bbox 1463 3451 1540 3513; x_wconf 86' lang='lat' dir='ltr'><strong>quae</strong></span> <span class='ocrx_word' id='word_1_215' title='bbox 1569 3433 1649 3515; x_wconf 91' lang='lat' dir='ltr'><strong>apud</strong></span> <span class='ocrx_word' id='word_1_216' title='bbox 1679 3434 1798 3498; x_wconf 85' lang='lat' dir='ltr'><strong>Arabes</strong></span> <span class='ocrx_word' id='word_1_217' title='bbox 1828 3433 2017 3501; x_wconf 88' lang='lat' dir='ltr'><strong>Christianos</strong></span> <span class='ocrx_word' id='word_1_218' title='bbox 2059 3456 2066 3467; x_wconf 72' lang='lat'>¹</span> 
     </span>
     <span class='ocr_line' id='line_1_25' title="bbox 639 3530 2017 3619; baseline 0 -22"><span class='ocrx_word' id='word_1_219' title='bbox 639 3533 776 3597; x_wconf 88' lang='lat' dir='ltr'><strong>eamdem</strong></span> <span class='ocrx_word' id='word_1_220' title='bbox 798 3533 889 3597; x_wconf 88' lang='lat' dir='ltr'><strong>habet</strong></span> <span class='ocrx_word' id='word_1_221' title='bbox 912 3535 990 3611; x_wconf 86' lang='lat' dir='ltr'><strong>vim,</strong></span> <span class='ocrx_word' id='word_1_222' title='bbox 1014 3551 1054 3596; x_wconf 88' lang='lat' dir='ltr'><strong>ex</strong></span> <span class='ocrx_word' id='word_1_223' title='bbox 1076 3549 1134 3594; x_wconf 93' lang='lat' dir='ltr'><strong>usu</strong></span> <span class='ocrx_word' id='word_1_224' title='bbox 1155 3530 1371 3594; x_wconf 81' lang='lat' dir='ltr'><strong>Ecclesiastico</strong></span> <span class='ocrx_word' id='word_1_225' title='bbox 1395 3533 1519 3612; x_wconf 89' lang='lat' dir='ltr'><strong>potius,</strong></span> <span class='ocrx_word' id='word_1_226' title='bbox 1547 3550 1636 3614; x_wconf 88' lang='lat' dir='ltr'><strong>quam</strong></span> <span class='ocrx_word' id='word_1_227' title='bbox 1660 3553 1700 3595; x_wconf 91' lang='lat' dir='ltr'><strong>ex</strong></span> <span class='ocrx_word' id='word_1_228' title='bbox 1722 3552 1796 3598; x_wconf 87' lang='lat' dir='ltr'><strong>vera</strong></span> <span class='ocrx_word' id='word_1_229' title='bbox 1819 3536 2017 3619; x_wconf 76' lang='lat' dir='ltr'><strong>etymologia,</strong></span> 
     </span>
     <span class='ocr_line' id='line_1_26' title="bbox 638 3614 2016 3723; baseline 0.001 -27"><span class='ocrx_word' id='word_1_230' title='bbox 638 3640 673 3723; x_wconf 81' lang='lat' dir='ltr'><strong>ut</strong></span> <span class='ocrx_word' id='word_1_231' title='bbox 703 3633 782 3715; x_wconf 90' lang='lat' dir='ltr'><strong>apud</strong></span> <span class='ocrx_word' id='word_1_232' title='bbox 811 3635 905 3715; x_wconf 79' lang='lat' dir='ltr'><strong>Syros</strong></span> <span class='ocrx_word' id='word_1_233' title='bbox 935 3614 1072 3703; x_wconf 55' lang='lat' dir='ltr'><strong>anisio.</strong></span> <span class='ocrx_word' id='word_1_234' title='bbox 1118 3630 1151 3694; x_wconf 92' lang='lat' dir='ltr'><strong>In</strong></span> <span class='ocrx_word' id='word_1_235' title='bbox 1175 3627 1289 3694; x_wconf 85' lang='lat' dir='ltr'><strong>Codice</strong></span> <span class='ocrx_word' id='word_1_236' title='bbox 1312 3629 1460 3712; x_wconf 80' lang='lat' dir='ltr'><strong>scaligeri</strong></span> <span class='ocrx_word' id='word_1_237' title='bbox 1489 3639 1520 3694; x_wconf 90' lang='lat' dir='ltr'><strong>et</strong></span> <span class='ocrx_word' id='word_1_238' title='bbox 1550 3632 1581 3694; x_wconf 93' lang='lat' dir='ltr'><strong>in</strong></span> <span class='ocrx_word' id='word_1_239' title='bbox 1609 3631 1726 3695; x_wconf 89' lang='lat' dir='ltr'><strong>duobus</strong></span> <span class='ocrx_word' id='word_1_240' title='bbox 1748 3632 1853 3715; x_wconf 80' lang='lat' dir='ltr'><strong>Regiis</strong></span> <span class='ocrx_word' id='word_1_241' title='bbox 1874 3635 2016 3717; x_wconf 89' lang='lat' dir='ltr'><strong>adjicitur</strong></span> 
     </span>
     <span class='ocr_line' id='line_1_27' title="bbox 639 3731 2019 3815; baseline -0.001 -19"><span class='ocrx_word' id='word_1_242' title='bbox 639 3733 850 3815; x_wconf 87' lang='lat' dir='ltr'><strong>explicationis</strong></span> <span class='ocrx_word' id='word_1_243' title='bbox 874 3751 965 3796; x_wconf 88' lang='lat' dir='ltr'><strong>causa</strong></span> <span class='ocrx_word' id='word_1_244' title='bbox 986 3752 1050 3796; x_wconf 86' lang='lat' dir='ltr'><strong>vox</strong></span> <span class='ocrx_word' id='word_1_245' title='bbox 1072 3742 1208 3803; x_wconf 62' lang='lat' dir='ltr'><strong>tttlttttth</strong></span> <span class='ocrx_word' id='word_1_246' title='bbox 1232 3749 1310 3813; x_wconf 90' lang='lat' dir='ltr'><strong>quae</strong></span> <span class='ocrx_word' id='word_1_247' title='bbox 1332 3732 1457 3812; x_wconf 91' lang='lat' dir='ltr'><strong>proprie</strong></span> <span class='ocrx_word' id='word_1_248' title='bbox 1479 3731 1575 3813; x_wconf 80' lang='lat' dir='ltr'><strong>magis</strong></span> <span class='ocrx_word' id='word_1_249' title='bbox 1605 3732 1755 3813; x_wconf 77' lang='lat' dir='ltr'><strong>significat</strong></span> <span class='ocrx_word' id='word_1_250' title='bbox 1782 3735 1958 3814; x_wconf 69' lang='lat' dir='ltr'><strong>spi-itudo:</strong></span> <span class='ocrx_word' id='word_1_251' title='bbox 1985 3741 2019 3797; x_wconf 90' lang='lat' dir='ltr'><strong>at</strong></span> 
     </span>
     <span class='ocr_line' id='line_1_28' title="bbox 639 3830 2016 3913; baseline 0.001 -19"><span class='ocrx_word' id='word_1_252' title='bbox 639 3834 808 3913; x_wconf 88' lang='lat' dir='ltr'><strong>innostro,</strong></span> <span class='ocrx_word' id='word_1_253' title='bbox 831 3834 904 3896; x_wconf 90' lang='lat' dir='ltr'><strong>satis</strong></span> <span class='ocrx_word' id='word_1_254' title='bbox 927 3839 1049 3896; x_wconf 89' lang='lat' dir='ltr'><strong>vetusto</strong></span> <span class='ocrx_word' id='word_1_255' title='bbox 1074 3841 1105 3895; x_wconf 89' lang='lat' dir='ltr'><strong>ct</strong></span> <span class='ocrx_word' id='word_1_256' title='bbox 1127 3832 1258 3912; x_wconf 85' lang='lat' dir='ltr'><strong>optimae</strong></span> <span class='ocrx_word' id='word_1_257' title='bbox 1281 3837 1381 3905; x_wconf 87' lang='lat' dir='ltr'><strong>notae,</strong></span> <span class='ocrx_word' id='word_1_258' title='bbox 1405 3830 1605 3896; x_wconf 88' lang='lat' dir='ltr'><strong>desideratur.</strong></span> <span class='ocrx_word' id='word_1_259' title='bbox 1628 3832 1735 3895; x_wconf 87' lang='lat' dir='ltr'><strong>blirum</strong></span> <span class='ocrx_word' id='word_1_260' title='bbox 1758 3851 1844 3911; x_wconf 89' lang='lat' dir='ltr'><strong>sane,</strong></span> <span class='ocrx_word' id='word_1_261' title='bbox 1870 3853 1925 3897; x_wconf 90' lang='lat' dir='ltr'><strong>cur</strong></span> <span class='ocrx_word' id='word_1_262' title='bbox 1946 3832 2016 3895; x_wconf 86' lang='lat' dir='ltr'><strong>bla-</strong></span> 
     </span>
     <span class='ocr_line' id='line_1_29' title="bbox 638 3928 2016 4013; baseline -0.001 -17"><span class='ocrx_word' id='word_1_263' title='bbox 638 3934 736 3996; x_wconf 89' lang='lat' dir='ltr'><strong>ronita</strong></span> <span class='ocrx_word' id='word_1_264' title='bbox 767 3932 954 3995; x_wconf 83' lang='lat' dir='ltr'><strong>Oblationem</strong></span> <span class='ocrx_word' id='word_1_265' title='bbox 980 3933 1199 4013; x_wconf 88' lang='lat' dir='ltr'><strong>interpretatus</strong></span> <span class='ocrx_word' id='word_1_266' title='bbox 1223 3931 1262 3994; x_wconf 90' lang='lat' dir='ltr'><strong>sit</strong></span> <span class='ocrx_word' id='word_1_267' title='bbox 1284 3928 1444 3992; x_wconf 84' lang='lat' dir='ltr'><strong>Arabicam</strong></span> <span class='ocrx_word' id='word_1_268' title='bbox 1467 3948 1585 4009; x_wconf 87' lang='lat' dir='ltr'><strong>vocem,</strong></span> <span class='ocrx_word' id='word_1_269' title='bbox 1608 3949 1685 4012; x_wconf 87' lang='lat' dir='ltr'><strong>quae</strong></span> <span class='ocrx_word' id='word_1_270' title='bbox 1709 3934 1895 4012; x_wconf 70' lang='lat' dir='ltr'><strong>anmificinar</strong></span> <span class='ocrx_word' id='word_1_271' title='bbox 1915 3932 2016 4013; x_wconf 79' lang='lat' dir='ltr'><strong>sigui-</strong></span> 
     </span>
     <span class='ocr_line' id='line_1_30' title="bbox 637 4029 2016 4115; baseline -0.001 -20"><span class='ocrx_word' id='word_1_272' title='bbox 637 4033 721 4111; x_wconf 87' lang='lat' dir='ltr'><strong>ficat,</strong></span> <span class='ocrx_word' id='word_1_273' title='bbox 744 4040 777 4096; x_wconf 91' lang='lat' dir='ltr'><strong>ut</strong></span> <span class='ocrx_word' id='word_1_274' title='bbox 800 4033 867 4115; x_wconf 91' lang='lat' dir='ltr'><strong>ipsa</strong></span> <span class='ocrx_word' id='word_1_275' title='bbox 887 4051 949 4096; x_wconf 89' lang='lat' dir='ltr'><strong>vox</strong></span> <span class='ocrx_word' id='word_1_276' title='bbox 970 4032 1172 4114; x_wconf 79' lang='lat' dir='ltr'><strong>Aegyptiace.</strong></span> <span class='ocrx_word' id='word_1_277' title='bbox 1197 4029 1272 4094; x_wconf 90' lang='lat' dir='ltr'><strong>Cum</strong></span> <span class='ocrx_word' id='word_1_278' title='bbox 1294 4046 1369 4092; x_wconf 90' lang='lat' dir='ltr'><strong>vero</strong></span> <span class='ocrx_word' id='word_1_279' title='bbox 1393 4029 1536 4111; x_wconf 87' lang='lat' dir='ltr'><strong>adjiciunt</strong></span> <span class='ocrx_word' id='word_1_280' title='bbox 1558 4029 1696 4112; x_wconf 89' lang='lat' dir='ltr'><strong>Coptitaa</strong></span> <span class='ocrx_word' id='word_1_281' title='bbox 1719 4030 1791 4094; x_wconf 94' lang='lat' dir='ltr'><strong>illud</strong></span> <span class='ocrx_word' id='word_1_282' title='bbox 1814 4050 1884 4094; x_wconf 90' lang='lat' dir='ltr'><strong>esse</strong></span> <span class='ocrx_word' id='word_1_283' title='bbox 1905 4034 2016 4094; x_wconf 72' lang='lat' dir='ltr'><strong>aas·</strong></span> 
     </span>
     <span class='ocr_line' id='line_1_31' title="bbox 638 4128 2016 4213; baseline -0.004 -17"><span class='ocrx_word' id='word_1_284' title='bbox 638 4142 754 4209; x_wconf 73' lang='lat' dir='ltr'><strong>arton,</strong></span> <span class='ocrx_word' id='word_1_285' title='bbox 785 4139 926 4195; x_wconf 86' lang='lat' dir='ltr'><strong>evertunt</strong></span> <span class='ocrx_word' id='word_1_286' title='bbox 959 4150 1064 4196; x_wconf 89' lang='lat' dir='ltr'><strong>omnes</strong></span> <span class='ocrx_word' id='word_1_287' title='bbox 1099 4129 1351 4207; x_wconf 76' lang='lat' dir='ltr'><strong>calvinistarum,</strong></span> <span class='ocrx_word' id='word_1_288' title='bbox 1384 4131 1580 4210; x_wconf 87' lang='lat' dir='ltr'><strong>ipsorumque</strong></span> <span class='ocrx_word' id='word_1_289' title='bbox 1608 4128 1747 4213; x_wconf 77' lang='lat' dir='ltr'><strong>Magistri</strong></span> <span class='ocrx_word' id='word_1_290' title='bbox 1777 4131 1929 4211; x_wconf 84' lang='lat' dir='ltr'><strong>argutias,</strong></span> <span class='ocrx_word' id='word_1_291' title='bbox 1960 4129 2016 4209; x_wconf 88' lang='lat' dir='ltr'><strong>qui</strong></span> 
     </span>
     <span class='ocr_line' id='line_1_32' title="bbox 638 4227 2015 4312; baseline -0.004 -17"><span class='ocrx_word' id='word_1_292' title='bbox 638 4238 759 4296; x_wconf 88' lang='lat' dir='ltr'><strong>sanctos</strong></span> <span class='ocrx_word' id='word_1_293' title='bbox 782 4232 888 4295; x_wconf 88' lang='lat' dir='ltr'><strong>Patres</strong></span> <span class='ocrx_word' id='word_1_294' title='bbox 910 4233 1036 4296; x_wconf 88' lang='lat' dir='ltr'><strong>vocibus</strong></span> <span class='ocrx_word' id='word_1_295' title='bbox 1058 4232 1117 4294; x_wconf 93' lang='lat' dir='ltr'><strong>illis</strong></span> <span class='ocrx_word' id='word_1_296' title='bbox 1141 4249 1220 4312; x_wconf 86' lang='lat' dir='ltr'><strong>quae</strong></span> <span class='ocrx_word' id='word_1_297' title='bbox 1242 4228 1391 4293; x_wconf 87' lang='lat' dir='ltr'><strong>sacrificio</strong></span> <span class='ocrx_word' id='word_1_298' title='bbox 1414 4227 1612 4312; x_wconf 83' lang='lat' dir='ltr'><strong>significando</strong></span> <span class='ocrx_word' id='word_1_299' title='bbox 1634 4230 1777 4310; x_wconf 90' lang='lat' dir='ltr'><strong>propriae</strong></span> <span class='ocrx_word' id='word_1_300' title='bbox 1797 4236 1877 4308; x_wconf 90' lang='lat' dir='ltr'><strong>sunt,</strong></span> <span class='ocrx_word' id='word_1_301' title='bbox 1899 4227 2015 4291; x_wconf 87' lang='lat' dir='ltr'><strong>abusos</strong></span> 
     </span>
     <span class='ocr_line' id='line_1_33' title="bbox 637 4325 2015 4410; baseline -0.004 -16"><span class='ocrx_word' id='word_1_302' title='bbox 637 4332 759 4394; x_wconf 90' lang='lat' dir='ltr'><strong>nimium</strong></span> <span class='ocrx_word' id='word_1_303' title='bbox 781 4349 852 4394; x_wconf 90' lang='lat' dir='ltr'><strong>esso</strong></span> <span class='ocrx_word' id='word_1_304' title='bbox 874 4331 961 4407; x_wconf 90' lang='lat' dir='ltr'><strong>dicit,</strong></span> <span class='ocrx_word' id='word_1_305' title='bbox 984 4330 1054 4394; x_wconf 88' lang='lat' dir='ltr'><strong>dum</strong></span> <span class='ocrx_word' id='word_1_306' title='bbox 1076 4330 1308 4393; x_wconf 88' lang='lat' dir='ltr'><strong>rhetoricantur.</strong></span> <span class='ocrx_word' id='word_1_307' title='bbox 1353 4328 1424 4390; x_wconf 91' lang='lat' dir='ltr'><strong>lllos</strong></span> <span class='ocrx_word' id='word_1_308' title='bbox 1447 4329 1559 4410; x_wconf 85' lang='lat' dir='ltr'><strong>quippe</strong></span> <span class='ocrx_word' id='word_1_309' title='bbox 1581 4328 1738 4391; x_wconf 86' lang='lat' dir='ltr'><strong>Ecclesiae</strong></span> <span class='ocrx_word' id='word_1_310' title='bbox 1768 4328 1881 4391; x_wconf 88' lang='lat' dir='ltr'><strong>veteris</strong></span> <span class='ocrx_word' id='word_1_311' title='bbox 1910 4325 2015 4408; x_wconf 80' lang='lat' dir='ltr'><strong>magi-</strong></span> 
     </span>
     <span class='ocr_line' id='line_1_34' title="bbox 637 4427 2015 4511; baseline -0.004 -17"><span class='ocrx_word' id='word_1_312' title='bbox 637 4439 719 4494; x_wconf 89' lang='lat' dir='ltr'><strong>stros</strong></span> <span class='ocrx_word' id='word_1_313' title='bbox 743 4433 840 4511; x_wconf 91' lang='lat' dir='ltr'><strong>serio,</strong></span> <span class='ocrx_word' id='word_1_314' title='bbox 865 4449 923 4494; x_wconf 89' lang='lat' dir='ltr'><strong>nec</strong></span> <span class='ocrx_word' id='word_1_315' title='bbox 945 4432 1077 4494; x_wconf 91' lang='lat' dir='ltr'><strong>oratorie</strong></span> <span class='ocrx_word' id='word_1_316' title='bbox 1100 4430 1220 4494; x_wconf 91' lang='lat' dir='ltr'><strong>locutos</strong></span> <span class='ocrx_word' id='word_1_317' title='bbox 1242 4427 1349 4507; x_wconf 86' lang='lat' dir='ltr'><strong>tuisse,</strong></span> <span class='ocrx_word' id='word_1_318' title='bbox 1371 4447 1431 4493; x_wconf 92' lang='lat' dir='ltr'><strong>non</strong></span> <span class='ocrx_word' id='word_1_319' title='bbox 1455 4428 1736 4493; x_wconf 84' lang='lat' dir='ltr'><strong>subintelleximus</strong></span> <span class='ocrx_word' id='word_1_320' title='bbox 1760 4428 1924 4502; x_wconf 87' lang='lat' dir='ltr'><strong>Catholici,</strong></span> <span class='ocrx_word' id='word_1_321' title='bbox 1951 4446 2015 4489; x_wconf 85' lang='lat' dir='ltr'><strong>ve-</strong></span> 
     </span>
     <span class='ocr_line' id='line_1_35' title="bbox 635 4525 2015 4611; baseline -0.004 -19"><span class='ocrx_word' id='word_1_322' title='bbox 635 4548 702 4592; x_wconf 91' lang='lat' dir='ltr'><strong>rum</strong></span> <span class='ocrx_word' id='word_1_323' title='bbox 732 4530 895 4593; x_wconf 89' lang='lat' dir='ltr'><strong>Christiani</strong></span> <span class='ocrx_word' id='word_1_324' title='bbox 923 4538 987 4594; x_wconf 89' lang='lat' dir='ltr'><strong>toto</strong></span> <span class='ocrx_word' id='word_1_325' title='bbox 1016 4530 1141 4593; x_wconf 86' lang='lat' dir='ltr'><strong>Oriente</strong></span> <span class='ocrx_word' id='word_1_326' title='bbox 1171 4529 1319 4611; x_wconf 90' lang='lat' dir='ltr'><strong>dispersi,</strong></span> <span class='ocrx_word' id='word_1_327' title='bbox 1353 4530 1405 4610; x_wconf 90' lang='lat' dir='ltr'><strong>qui</strong></span> <span class='ocrx_word' id='word_1_328' title='bbox 1438 4528 1605 4592; x_wconf 88' lang='lat' dir='ltr'><strong>doctrinam</strong></span> <span class='ocrx_word' id='word_1_329' title='bbox 1638 4528 1676 4591; x_wconf 90' lang='lat' dir='ltr'><strong>da</strong></span> <span class='ocrx_word' id='word_1_330' title='bbox 1704 4531 1833 4591; x_wconf 88' lang='lat' dir='ltr'><strong>veritate</strong></span> <span class='ocrx_word' id='word_1_331' title='bbox 1863 4525 2015 4589; x_wconf 89' lang='lat' dir='ltr'><strong>incruenti</strong></span> 
     </span>
     <span class='ocr_line' id='line_1_36' title="bbox 636 4624 2015 4723; baseline -0.004 -31"><span class='ocrx_word' id='word_1_332' title='bbox 636 4630 795 4723; x_wconf 70' lang='lat' dir='ltr'><strong>sacrificii,</strong></span> <span class='ocrx_word' id='word_1_333' title='bbox 817 4648 879 4694; x_wconf 90' lang='lat' dir='ltr'><strong>non</strong></span> <span class='ocrx_word' id='word_1_334' title='bbox 901 4629 991 4693; x_wconf 88' lang='lat' dir='ltr'><strong>modo</strong></span> <span class='ocrx_word' id='word_1_335' title='bbox 1014 4631 1044 4691; x_wconf 92' lang='lat' dir='ltr'><strong>in</strong></span> <span class='ocrx_word' id='word_1_336' title='bbox 1066 4630 1189 4711; x_wconf 90' lang='lat' dir='ltr'><strong>scriptis</strong></span> <span class='ocrx_word' id='word_1_337' title='bbox 1213 4630 1276 4691; x_wconf 92' lang='lat' dir='ltr'><strong>suis</strong></span> <span class='ocrx_word' id='word_1_338' title='bbox 1300 4627 1493 4711; x_wconf 75' lang='lat' dir='ltr'><strong>&#39;theologicis</strong></span> <span class='ocrx_word' id='word_1_339' title='bbox 1515 4635 1806 4711; x_wconf 81' lang='lat' dir='ltr'><strong>propugnavcrunt,</strong></span> <span class='ocrx_word' id='word_1_340' title='bbox 1833 4626 1888 4689; x_wconf 88' lang='lat' dir='ltr'><strong>scd</strong></span> <span class='ocrx_word' id='word_1_341' title='bbox 1910 4624 2015 4707; x_wconf 90' lang='lat' dir='ltr'><strong>publi-</strong></span> 
     </span>
     <span class='ocr_line' id='line_1_37' title="bbox 636 4725 2016 4810; baseline -0.004 -19"><span class='ocrx_word' id='word_1_342' title='bbox 636 4730 680 4793; x_wconf 91' lang='lat' dir='ltr'><strong>cis</strong></span> <span class='ocrx_word' id='word_1_343' title='bbox 709 4730 813 4793; x_wconf 86' lang='lat' dir='ltr'><strong>olliciis</strong></span> <span class='ocrx_word' id='word_1_344' title='bbox 844 4731 1055 4809; x_wconf 90' lang='lat' dir='ltr'><strong>inseruerunt,</strong></span> <span class='ocrx_word' id='word_1_345' title='bbox 1087 4728 1170 4810; x_wconf 90' lang='lat' dir='ltr'><strong>plebi</strong></span> <span class='ocrx_word' id='word_1_346' title='bbox 1196 4728 1356 4792; x_wconf 89' lang='lat' dir='ltr'><strong>illiteratae</strong></span> <span class='ocrx_word' id='word_1_347' title='bbox 1388 4727 1612 4805; x_wconf 87' lang='lat' dir='ltr'><strong>inculcandam,</strong></span> <span class='ocrx_word' id='word_1_348' title='bbox 1643 4744 1720 4808; x_wconf 87' lang='lat' dir='ltr'><strong>quae</strong></span> <span class='ocrx_word' id='word_1_349' title='bbox 1749 4725 1940 4789; x_wconf 90' lang='lat' dir='ltr'><strong>subtilitatem</strong></span> <span class='ocrx_word' id='word_1_350' title='bbox 1969 4730 2016 4786; x_wconf 91' lang='lat' dir='ltr'><strong>tot</strong></span> 
     </span>
     <span class='ocr_line' id='line_1_38' title="bbox 635 4826 2014 4911; baseline -0.004 -20"><span class='ocrx_word' id='word_1_351' title='bbox 635 4829 852 4910; x_wconf 89' lang='lat' dir='ltr'><strong>sophismatum</strong></span> <span class='ocrx_word' id='word_1_352' title='bbox 870 4829 991 4911; x_wconf 80' lang='lat' dir='ltr'><strong>assequi</strong></span> <span class='ocrx_word' id='word_1_353' title='bbox 1009 4846 1160 4910; x_wconf 84' lang='lat' dir='ltr'><strong>nunquam</strong></span> <span class='ocrx_word' id='word_1_354' title='bbox 1181 4830 1290 4910; x_wconf 91' lang='lat' dir='ltr'><strong>potuit:</strong></span> <span class='ocrx_word' id='word_1_355' title='bbox 1314 4828 1474 4909; x_wconf 90' lang='lat' dir='ltr'><strong>siquando</strong></span> <span class='ocrx_word' id='word_1_356' title='bbox 1493 4828 1647 4910; x_wconf 81' lang='lat' dir='ltr'><strong>cognorit,</strong></span> <span class='ocrx_word' id='word_1_357' title='bbox 1671 4845 1740 4890; x_wconf 91' lang='lat' dir='ltr'><strong>cum</strong></span> <span class='ocrx_word' id='word_1_358' title='bbox 1755 4826 1886 4890; x_wconf 90' lang='lat' dir='ltr'><strong>horrore</strong></span> <span class='ocrx_word' id='word_1_359' title='bbox 1900 4841 2014 4905; x_wconf 90' lang='lat' dir='ltr'><strong>asper-</strong></span> 
     </span>
     <span class='ocr_line' id='line_1_39' title="bbox 633 4937 784 4995; baseline 0.02 -4"><span class='ocrx_word' id='word_1_360' title='bbox 633 4937 705 4991; x_wconf 88' lang='lat' dir='ltr'><strong>nata</strong></span> <span class='ocrx_word' id='word_1_361' title='bbox 728 4937 784 4995; x_wconf 86' lang='lat' dir='ltr'><strong>est.</strong></span> 
     </span>
    </p>
   </div>
   <div class='ocr_carea' id='block_1_6' title="bbox 0 0 2268 6034">
    <p class='ocr_par' dir='ltr' id='par_1_6' title="bbox 0 0 2268 6034">
     <span class='ocr_line' id='line_1_40' title="bbox 0 0 2268 6034; baseline 0 3"><span class='ocrx_word' id='word_1_362' title='bbox 0 0 2268 6034; x_wconf 95' lang='lat' dir='ltr'><strong> </strong></span> 
     </span>
    </p>
   </div>
  </div>
 </body>
</html>
