4525 6034
562 601 838 679 bDldTUllGlllll
854 599 1048 678 coenatu
1063 600 1094 680 S.
1110 601 1255 679 BASllll.
1523 603 1595 676 221

230 786 372 869 Exempla
393 784 529 868 prolert,
553 788 640 849 etiam
664 805 705 849 ex
732 785 888 849 autoribus
917 785 1053 850 classicis
1083 786 1190 863 multa,
1224 805 1302 869 quae
1330 787 1389 850 etsi
1416 805 1478 849 non
1508 786 1599 870 plane

230 894 376 970 cogerent
397 885 436 948 ad
457 885 595 949 eumdem
617 903 739 948 sensum
766 886 952 967 sequendum
980 887 1009 949 in
1037 885 1117 968 stylo
1148 886 1381 964 Ecclesiastico,
1411 903 1472 948 non
1501 893 1600 948 tamen

227 985 432 1048 inutiliasunt
454 985 593 1048 adhunc
616 1004 705 1066 quem
728 984 939 1066 designamus,
962 984 1207 1051 confirmandum.
1252 985 1327 1060 Nam
1355 971 1523 1064 ἀναδεῖξαι
1550 984 1600 1046 di-

227 1085 305 1147 citur
327 1084 365 1146 de
387 1084 613 1165 llagistratibus
636 1085 765 1164 creatis,
788 1092 821 1147 ut
843 1088 931 1147 etiarn
954 1072 1169 1172 ἅποφαίνειν,
1193 1085 1275 1168 quod
1295 1084 1394 1147 Latini
1422 1085 1524 1148 deant
1546 1104 1599 1146 re-

226 1183 391 1258 nunciare,
412 1184 590 1263 ιίεείφιιιεεε
614 1192 703 1265 atque
725 1184 765 1245 ita
793 1183 979 1266 significatur
1008 1185 1088 1268 apud
1114 1196 1280 1267 utrosque,
1308 1203 1388 1248 nova
1416 1183 1539 1247 honoris
1570 1188 1601 1245 et

226 1280 381 1362 dignitatis
415 1280 552 1344 accessio
587 1281 813 1363 immutatioque
841 1283 1020 1346 conditionis
1027 1305 1037 1360 ;
1066 1305 1124 1348 nec
1153 1284 1303 1347 habebant
1331 1283 1518 1360 orientales,
1549 1288 1600 1344 aut

225 1379 336 1443 Graeci
357 1397 435 1461 quos
458 1379 663 1461 sequebantur
685 1398 778 1443 voces
800 1383 898 1465 magis
921 1383 1161 1448 accommodatas
1184 1384 1223 1447 ad
1245 1382 1471 1466 significandum
1482 1390 1600 1463 myste-

224 1483 320 1562 rium,
345 1483 430 1565 cajus
453 1484 647 1565 explicationi
670 1483 765 1546 verba
785 1484 923 1546 deerant.
967 1482 1073 1565 ltaque
1096 1484 1147 1565 qui
1178 1486 1237 1547 vim
1268 1483 1451 1546 Graecarum
1480 1482 1597 1544 illarum

222 1601 334 1647 vocum
357 1583 493 1661 noverit,
516 1584 647 1646 omnium
670 1583 727 1646 alia
750 1584 853 1667 lingua
874 1582 1076 1666 liturgiarum
1097 1583 1157 1647 boc
1179 1586 1210 1647 in
1233 1584 1299 1665 ipso
1322 1583 1392 1645 loco
1421 1582 1599 1646 sententiam

222 1688 334 1745 noscet
356 1682 481 1762 pariter.
525 1681 604 1744 Nihil
626 1700 720 1764 porro
743 1681 866 1744 dillieile
889 1682 964 1763 erit,
987 1683 1076 1745 modo
1100 1683 1160 1746 duo
1183 1682 1351 1746 certissima
1380 1678 1599 1762 interpretandi

213 1781 374 1862 ‚principia
403 1781 632 1844 constituantur.
688 1781 816 1843 Primum
845 1789 878 1843 ut
906 1799 999 1844 voces
1031 1782 1183 1860 Graecae,
1213 1784 1245 1845 in
1272 1781 1473 1844 invocationis
1502 1778 1598 1841 lormn

221 1888 407 1961 usurpatae,
430 1899 489 1942 una
511 1899 568 1962 per
590 1881 715 1943 alteram
737 1880 940 1963 explicentur3
969 1890 1030 1943 tum
1058 1889 1091 1944 ut
1114 1900 1223 1944 sensus
1246 1899 1350 1945 earum
1379 1886 1541 1961 quaeratur
1568 1878 1598 1938 in

223 1979 318 2042 vanis
336 1978 496 2062 Liturgiis:
520 1978 647 2042 alterum
668 1987 702 2042 ut
724 1979 800 2042 baec
822 1981 1031 2061 interpretatio
1054 1981 1249 2044 confirmetur
1266 1998 1323 2061 per
1338 1979 1413 2042 alias
1428 1974 1599 2041 Orientales

222 2078 386 2162 Liturgias.
433 2079 604 2143 Secundum
627 2080 694 2144 illas
715 2080 840 2165 regulas
863 2099 931 2142 cum
952 2082 982 2143 iu
1004 2099 1063 2143 una
1094 2080 1212 2143 Graeca
1240 2080 1369 2163 legimus
1397 2064 1537 2163 ποιήσῃ,
1567 2075 1598 2136 in

125 2221 127 2224 -
223 2177 280 2241 alia
293 2165 458 2263 ἀποφήνῃ,
473 2181 505 2240 in
520 2179 577 2241 alia
592 2167 756 2264 ἆναδείξῃ,
769 2179 905 2243 dubitare
921 2198 983 2242 non
998 2179 1070 2242 licet
1088 2181 1160 2261 quin
1176 2178 1311 2241 eamdem
1327 2196 1431 2240 omnes
1443 2175 1600 2260 significa-

223 2280 338 2340 tionem
352 2277 493 2355 habeant,
505 2295 614 2359 nempe
631 2297 722 2341 verae
735 2278 886 2359 realisque
896 2280 1161 2354 transmutationis,
1175 2297 1253 2357 quae
1268 2276 1380 2340 alliciat
1391 2275 1469 2340 dona
1482 2292 1600 2357 propo·
1625 2352 1628 2358 1

224 2380 280 2440 sita
293 2376 406 2458 aliquid
420 2396 502 2458 esse,
525 2377 605 2460 quod
619 2379 703 2460 prius
716 2397 776 2442 non
790 2386 893 2457 erant,
916 2388 947 2441 et
969 2381 1044 2440 utin
1057 2380 1122 2460 ipsa
1138 2378 1275 2459 liturgia
1292 2376 1411 2456 dicitur,
1434 2374 1601 2438 invisibilia

224 2496 264 2538 ee
284 2475 466 2541 msssicbilibns.
515 2476 549 2539 ld
579 2484 677 2539 autem
706 2495 744 2540 eo
774 2478 903 2555 certius,
937 2477 1101 2540 secundum
1132 2478 1267 2540 eamdem
1300 2475 1423 2539 alteram
1452 2473 1600 2556 regulam,

224 2574 305 2656 quod
327 2575 360 2636 in
384 2573 588 2639 Orientalibus
612 2575 720 2640 officiis
743 2584 807 2639 tres
835 2594 928 2640 voces
955 2576 1023 2639 illae
1051 2577 1259 2640 indifferenter
1286 2583 1448 2656 usurpatae
1477 2574 1601 2654 reperi-

224 2683 334 2754 untur,
359 2691 427 2736 cum
450 2692 502 2738 eas
525 2673 653 2738 reddant
679 2694 736 2757 per
765 2675 876 2754 verba,
907 2695 984 2758 quae
1013 2676 1154 2740 ellectum
1188 2684 1219 2739 et
1250 2676 1457 2757 operationem
1485 2680 1599 2737 certam

225 2771 446 2855 efficacemque
469 2774 655 2857 significant,
679 2782 711 2837 ut
730 2783 800 2839 sunt
812 2776 936 2858 Syriaca
961 2787 1042 2856 aaut,
1065 2776 1199 2839 Arabica
1222 2757 1279 2849 Stia
1298 2758 1355 2869 Spa
1379 2782 1410 2837 et
1432 2773 1509 2836 aliae
1516 2794 1525 2850 3
1549 2780 1600 2834 aut

224 2874 322 2956 magis
346 2872 444 2935 adhuc
467 2889 535 2935 cum
556 2881 680 2937 utuntur
709 2874 836 2939 vocibus
855 2887 907 2944 uu
935 2895 1013 2957 quae
1033 2876 1158 2955 facere,
1181 2858 1236 2944 Sur
1266 2893 1344 2957 quae
1360 2869 1478 2937 rumore
1500 2871 1601 2955 signi-

223 2971 325 3036 lieant.
371 2969 546 3052 Siquando
570 2973 644 3035 alias
667 2973 867 3037 adhibuerunt
888 2976 1088 3057 interpretes,
1118 2983 1151 3037 ut
1173 2975 1285 3057 aliquot
1307 2975 1337 3036 in
1367 2971 1511 3055 Liturgiis
1539 2989 1601 3032 vox

224 3080 302 3150 rttn,
327 3088 407 3151 quae
428 3074 554 3154 proprio
578 3091 670 3135 sensu
693 3081 740 3136 est
764 3060 975 3158 ἀποφαίνειν,
999 3083 1049 3138 aut
1072 3063 1307 3152 ἆναδεικνῦναι,
1329 3073 1465 3155 pressius
1481 3069 1519 3133 ad
1543 3071 1600 3132 ista

225 3167 345 3231 Graeca
367 3169 463 3231 verba
485 3180 703 3252 respexerunt,
725 3179 758 3234 ut
781 3191 874 3254 saepe
897 3174 934 3235 ab
958 3175 1033 3255 ipsis
1056 3173 1166 3238 lactum
1189 3173 1344 3251 videmus,
1369 3190 1437 3235 curn
1458 3170 1516 3231 alia
1539 3186 1602 3231 vox

225 3268 316 3349 plane
342 3286 523 3350 synonyma,
546 3270 577 3332 in
599 3280 740 3352 promptu
762 3290 823 3335 nou
839 3280 930 3335 esset.
966 3272 1053 3336 Unde
1067 3272 1184 3336 illarum
1203 3280 1233 3335 et
1250 3271 1389 3335 similium
1401 3284 1522 3345 sensus,
1540 3284 1601 3329 non

226 3373 287 3429 tam
310 3387 352 3431 ex
374 3366 500 3450 Syriaca
523 3378 574 3432 aut
586 3370 720 3433 Arabica
742 3369 856 3454 lingua,
880 3389 968 3454 quam
992 3391 1033 3434 ex
1055 3373 1171 3435 Graeca
1193 3371 1342 3454 petendus
1366 3377 1424 3446 est,
1447 3373 1480 3429 ut
1502 3364 1600 3427 multis

229 3466 378 3548 exemplis
402 3475 539 3544 constat;
561 3472 742 3551 praesertim
765 3471 794 3533 in
816 3471 943 3534 vocibus
962 3472 1153 3551 compositis:
1178 3470 1237 3535 duo
1254 3477 1369 3532 tantum
1393 3466 1601 3551 vulgatissima

224 3564 428 3646 proferemus.
474 3565 686 3646 Ombodomts,
708 3586 771 3631 vox
793 3571 823 3631 in
845 3569 989 3652 liturgiis
1011 3571 1222 3649 usitatissima,
1253 3570 1340 3632 reddi
1369 3588 1386 3631 a
1410 3569 1494 3649 Syris
1523 3569 1602 3632 solet

225 3668 341 3731 &nanti
358 3676 439 3763 ptum
461 3667 587 3751 proprie
610 3676 641 3730 et
663 3668 701 3731 ad
724 3671 849 3732 verbum
872 3678 974 3733 rectae
994 3671 1127 3750 gloriae,
1151 3677 1183 3731 ut
1205 3670 1420 3750 interpretatus
1440 3677 1487 3732 est
1504 3668 1601 3730 Guido

224 3762 383 3828 Fabricius
406 3764 592 3829 Boderianus
615 3765 646 3828 in
668 3765 784 3831 llitibus
808 3767 914 3831 Severi
935 3769 1180 3851 baptismalibus:
1204 3788 1312 3851 nempe
1334 3756 1416 3848 δόξα
1439 3788 1517 3851 quae
1540 3788 1603 3833 vox

223 3863 358 3944 glorium
380 3864 545 3947 signifieat,
568 3866 669 3928 notior
690 3866 769 3949 apud
791 3867 860 3931 illos
883 3886 921 3931 eo
944 3887 1054 3948 sensu,
1086 3886 1174 3950 quam
1198 3869 1312 3950 altero,
1343 3887 1403 3951 quo
1434 3871 1603 3950 opinionon

225 3969 260 4024 et
278 3965 517 4041 permarionem.
561 3964 685 4046 lneptus
707 3965 787 4029 ioret
810 3967 861 4049 qui
884 3967 972 4031 aliter
994 3985 1081 4049 quam
1097 3967 1306 4031 Ortlmdomnn
1324 3977 1471 4048 verteret,
1495 3986 1603 4051 quam-

226 4061 274 4122 vis
299 4058 425 4142 Syriaca
447 4063 541 4125 verba
564 4063 645 4125 aliud
667 4065 795 4128 innuere
817 4068 985 4130 videantur.
1027 4054 1231 4146 Ὁμοούσιος,
1262 4086 1318 4130 seu
1348 4067 1602 4130 Conntbstontio-

226 4160 282 4238 lia,
305 4178 368 4222 vox
391 4169 438 4224 est
461 4163 575 4243 pariter
603 4181 661 4226 usu
688 4163 906 4230 Ecclesiastico
936 4174 1130 4229 consecrata:
1166 4186 1232 4229 eam
1262 4166 1331 4248 Syri
1353 4175 1384 4229 et
1414 4165 1533 4229 Arabes
1562 4168 1602 4228 ita

226 4265 371 4338 vertunt,
394 4267 427 4322 ut
444 4280 569 4341 parem,
599 4270 649 4324 aut
672 4265 827 4346 aequuum
854 4268 1000 4344 essentia,
1035 4273 1085 4327 aut
1112 4266 1283 4328 adstantia
1316 4266 1481 4349 significet,
1512 4274 1602 4345 atque

226 4357 325 4435 adeo,
348 4360 374 4420 si
403 4361 552 4423 morosius
581 4378 675 4443 agere
703 4363 845 4443 velimus,
875 4382 936 4426 non
963 4367 1060 4448 magis
1086 4354 1263 4444 ὁμοοὺσιον
1290 4365 1486 4447 significabit,
1514 4381 1602 4445 quam

227 4443 427 4534 c‘potov'mov.
472 4457 576 4541 ltaque
600 4478 659 4521 non
684 4481 724 4524 ex
738 4461 854 4525 illarum
875 4482 985 4526 vocum
1007 4466 1239 4547 peregrinarum
1263 4466 1304 4543 vi,
1326 4465 1382 4527 sed
1405 4484 1445 4527 ex
1467 4463 1603 4526 Graeca·

225 4572 313 4632 mm,
337 4556 374 4618 ad
397 4575 472 4637 quas
495 4559 706 4639 exprimendas
729 4559 874 4625 formatae
897 4572 967 4625 sunt
989 4582 1095 4642 sensu,
1119 4563 1257 4626 ducenda
1287 4572 1334 4626 cst
1361 4564 1477 4627 illarum
1505 4563 1603 4643 signi-

226 4652 339 4716 ficatio.
385 4654 418 4717 ln
445 4673 481 4718 ea
503 4657 597 4739 igitur
619 4660 756 4722 oratione
779 4661 974 4742 explicanda,
998 4663 1054 4725 etsi
1076 4663 1172 4725 verba
1190 4670 1360 4742 occurrant,
1384 4682 1461 4744 quae
1484 4662 1522 4727 ad
1543 4660 1604 4725 τοῦ

228 4738 428 4837 ἀποφαίνειν
449 4755 699 4837 significationem
722 4759 867 4823 accedant
890 4763 920 4823 in
942 4763 1066 4843 propria
1095 4781 1150 4825 sua
1177 4763 1300 4844 lingua,
1330 4763 1477 4844 migrasse
1506 4770 1606 4826 tamen

227 4851 261 4912 in
284 4850 412 4914 alienam
434 4853 650 4936 intelligendae
674 4865 761 4936 sunt,
785 4861 1050 4943 quotiescumque,
1073 4869 1105 4923 ut
1127 4863 1157 4923 in
1180 4862 1238 4923 hoc
1261 4861 1330 4923 loco
1348 4861 1536 4926 manifestum
1548 4868 1606 4937 est,

228 4950 419 5030 respondent
441 4953 517 5033 aliis,
541 4973 619 5035 quae
642 4957 736 5038 majus
761 4957 900 5039 quiddam
922 4960 1102 5044 significant.
1134 4959 1241 5042 Neque
1264 4961 1424 5023 exalienis
1438 4961 1605 5045 originibus

1317 5077 1399 5151 44*
