4525 6034
607 525 657 597 16
1118 524 1142 599 L
1168 525 1182 599 Ι
1208 523 1233 598 Τ
1259 523 1285 601 U
1310 524 1335 600 R
1362 522 1389 601 (i
1414 523 1428 601 1
1453 526 1481 600 A

707 709 883 781 Sacerdos
908 708 1050 782 calicem
1076 716 1130 780 ter
1147 731 1250 780 cruce
1274 707 1426 805 aqoobit
1450 714 1486 781 et
1511 710 1613 783 dicet.
1663 709 1709 783 Et
1732 710 1818 784 hunc
1832 713 1983 805 calicem,

605 829 802 918 sanguinem
837 827 1019 921 pretiosum
1045 826 1128 896 novi
1154 823 1359 897 Testamenti
1385 830 1450 917 tui,
1481 827 1574 898 Tunc
1601 848 1725 921 eorpus
1738 833 1983 924 etaenquioem
2101 840 2106 849 ’

595 944 788 1036 pretiorum
823 940 1029 1036 designabit,
1065 942 1168 1035 ipsius
1203 937 1337 1012 Domini
1368 943 1433 1014 Dei
1468 952 1503 1015 et
1535 942 1723 1016 salvatoris
1758 947 1864 1017 nostri
1901 945 1986 1019 Jesu
2026 1038 2027 1041 Ἴ
2086 966 2091 973 ’
2139 1028 2143 1035 ,
2240 1016 2241 1031 ,

606 1056 750 1147 Christi,
778 1060 835 1151 qui
861 1056 1016 1128 daturin
1041 1058 1276 1128 remissionem
1301 1067 1515 1152 peccatorum
1541 1069 1576 1132 et
1600 1062 1705 1132 vitam
1723 1070 1894 1132 aeternam
1919 1059 1985 1133 iilis

605 1176 662 1268 qui
688 1172 778 1244 illum
804 1174 999 1269 percipient.

709 1289 871 1382 Populus.
923 1288 1046 1360 Amen.

709 1404 895 1478 Sacerdos.
935 1402 1026 1496 Fac,
1051 1403 1215 1497 Domine,
1246 1414 1284 1475 ut
1317 1404 1407 1498 digni
1434 1409 1537 1480 simus
1564 1405 1827 1480 communicandi
1858 1410 1983 1480 sanctis

463 1522 467 1529 '
604 1523 689 1611 tuis,
716 1520 759 1591 ad
785 1520 1081 1593 sanctificationem
1107 1541 1307 1616 corporum,
1340 1523 1539 1613 animorum,
1574 1526 1810 1618 spirituumque
1842 1533 1986 1595 nostro-

603 1659 697 1727 rum,
723 1646 759 1707 ut
785 1640 887 1710 simus
915 1658 1039 1732 corpus
1066 1657 1186 1726 unum,
1213 1637 1414 1731 spiritusque
1439 1660 1543 1729 unus,
1570 1647 1762 1733 sortemque
1795 1648 1830 1709 et
1854 1647 1984 1733 partem

606 1774 852 1847 consequamur
877 1775 953 1824 cum
980 1750 1134 1826 omnibus
1161 1736 1286 1826 sanctis
1312 1755 1377 1825 tuis
1405 1757 1460 1848 qui
1487 1752 1529 1826 ab
1557 1756 1650 1826 initio
1686 1752 1745 1826 tibi
1777 1753 1984 1849 placuerunt.

607 1868 797 1957 Memento,
824 1867 986 1957 Domine,
1013 1869 1108 1962 pacis
1135 1869 1255 1940 unicae
1281 1877 1379 1960 tune,
1404 1871 1502 1943 unius
1528 1879 1685 1960 sanctae,
1721 1867 1915 1942 Gatlrolicae
1947 1879 1983 1942 et

604 1983 828 2079 Apostolicae
852 1981 1029 2065 Ecclesiae
1055 1993 1143 2056 tuae.

709 2100 898 2175 Diaconos.
952 2098 1056 2172 Orate
1082 2121 1165 2196 pro,
1192 2107 1266 2171 etc„

709 2214 895 2286 Sacerdos.
948 2213 1057 2300 Quam
1083 2216 1289 2310 acquisivisti
1315 2214 1376 2289 uti
1401 2219 1564 2309 sanguine
1590 2217 1740 2312 pretioso
1773 2215 1895 2290 Christi
1925 2218 1984 2304 tui,

603 2349 776 2402 conserva
811 2353 887 2402 eam
921 2332 955 2402 in
980 2353 1067 2426 pace
1094 2340 1129 2404 et
1155 2351 1272 2403 omnes
1303 2329 1493 2428 Episcopus
1528 2331 1754 2423 orthodoxos,
1787 2334 1843 2427 qui
1874 2335 1909 2402 in
1940 2354 1983 2404 ea

607 2454 692 2518 sunt.
744 2445 889 2517 Primum
917 2446 1049 2541 quidem
1075 2457 1264 2538 mement0‚
1289 2447 1452 2539 Domine,
1486 2446 1577 2521 beati
1602 2448 1712 2520 Patris
1737 2451 1844 2521 nostri
1869 2471 1983 2521 vene-

605 2560 768 2657 randique
793 2559 1048 2659 Archiepiscopi
1074 2561 1191 2658 Papae
1216 2562 1317 2635 Anba
1342 2561 1385 2634 N.

709 2679 899 2750 Diaconos.
951 2679 1055 2751 Orate
1080 2702 1166 2776 pro,
1193 2690 1256 2750 etc.
1739 2764 1742 2767 ¹

711 2794 896 2866 Sacerdos
949 2793 995 2866 Et
1020 2798 1075 2891 qui
1102 2818 1177 2867 cum
1204 2798 1254 2868 eis
1280 2793 1423 2868 verbum
1448 2797 1600 2867 veritatis
1634 2805 1729 2868 recte
1756 2795 1982 2892 dispensave-

607 2920 701 3000 runt,
728 2911 878 2983 concede
904 2911 978 2984 illos
1005 2910 1182 2984 Ecclesiae
1208 2920 1287 2982 tuae
1313 2919 1534 2999 sanctam-ut
1559 2922 1701 3008 pascant
1726 2934 1868 3004 gregem
1893 2923 1982 2984 tuum

607 3029 641 3098 in
667 3051 762 3124 pace.
815 3027 1005 3120 Memento,
1031 3027 1194 3119 Domine,
1225 3027 1515 3125 Megumenorum‚
1548 3025 1829 3124 Presbyterorum
1855 3026 1982 3101 Ortho-

607 3142 790 3233 doxorum‚
818 3154 853 3216 et
878 3142 1114 3216 Diaconomm.
1900 3146 1905 3163 '

709 3261 898 3332 Diaconos.
952 3258 1057 3332 Orate
1083 3281 1166 3354 pro‚
1193 3269 1257 3332 etc.

710 3377 896 3449 Sacerdos.
949 3376 1170 3471 Omniumque
1196 3376 1420 3449 ministrorum
1455 3384 1489 3446 et
1523 3385 1717 3448 cunctorum
1752 3378 1808 3471 qui
1838 3378 1982 3468 virgini-

607 3500 709 3563 tatem
735 3501 769 3563 et
794 3494 970 3588 puritatem
996 3490 1108 3564 colunt
1135 3493 1308 3585 omnisque
1334 3490 1447 3587 populi
1474 3493 1519 3562 tui
1545 3491 1660 3565 fidelis.
1712 3490 1880 3563 Memento
1905 3490 1983 3563 Do-

607 3611 716 3698 mine,
742 3618 778 3679 ut
803 3611 995 3687 miserearis
1023 3609 1168 3680 omnium
1194 3616 1356 3680 nostrum.

710 3724 899 3795 Diaconos.
951 3722 1118 3795 Miserere
1144 3724 1250 3795 nostri
1276 3721 1369 3794 Deus
1395 3721 1497 3794 Pater
1524 3723 1745 3816 omnipotens.

710 3840 871 3934 Populus.
923 3838 1029 3935 Kyrie
1056 3838 1186 3911 eleison
1212 3844 1275 3909 ter.

710 3955 895 4027 Sacerdos.
947 3954 1117 4027 Memento
1144 3955 1288 4026 Domine
1315 3951 1430 4026 solutis
1448 3951 1545 4043 hujus
1560 3950 1627 4024 loci
1646 3953 1693 4022 tui
1708 3952 1827 4041 sancti,
1854 3952 1982 4022 omnis-

554 4063 556 4067 ’
606 4092 672 4165 que
697 4069 765 4143 loci
792 4082 825 4143 et
850 4074 1043 4144 monasterii
1069 4078 1200 4167 patrum
1224 4078 1416 4143 nostrorum
1442 4067 1715 4142 orthodoxorum.

709 4187 898 4258 Diaconos.
952 4186 1056 4259 Orate
1082 4197 1256 4282 pro,.etc.
1472 4240 1476 4249 .

709 4304 895 4376 Sacerdos.
947 4302 992 4375 Et
1016 4301 1229 4375 habitantium
1256 4305 1290 4374 in
1317 4323 1360 4375 eo
1387 4325 1462 4374 cum
1496 4299 1562 4373 fide
1593 4300 1667 4372 Dei.
1720 4297 1870 4393 Dignare
1902 4297 1982 4369 Do-

606 4421 694 4492 mine
719 4422 791 4492 aeri
818 4417 924 4509 coeli,
951 4428 986 4491 et
1011 4417 1172 4493 imctiirus
1198 4428 1310 4491 terrae
1336 4416 1547 4491 benedicere.

661 4608 663 4612 ,
710 4537 816 4608 Dicet
841 4538 878 4606 in
904 4542 1055 4629 tempore
1082 4535 1324 4608 emendationis
1349 4535 1424 4607 Nili
1442 4558 1467 4605 a
1481 4533 1682 4605 duodecimo
1707 4531 1815 4603 Boioi
1842 4531 1889 4601 ud
1912 4550 1984 4600 oo-

605 4676 684 4724 nam
709 4652 857 4746 Paopite'.
1867 4726 1874 4739 ,

710 4769 861 4861 Dignare
888 4768 1032 4842 Domine
1058 4768 1197 4864 implere
1225 4789 1330 4863 aquas
1355 4764 1523 4841 fluminum
1548 4766 1614 4839 hoc
1642 4787 1744 4857 anuo,
1769 4773 1805 4836 et
1828 4761 1893 4835 Mis
1914 4761 1984 4835 be-

606 4884 774 4957 nedicere.
1400 4949 1402 4953 ,

717 5002 881 5093 Tempore
904 5003 1080 5092 senentis,
1106 5023 1225 5095 nempe
1241 5025 1265 5073 u
1288 5002 1420 5074 decimo
1442 4999 1581 5095 Peopiui
1601 5000 1648 5071 od
1670 4999 1863 5094 oiqecimonr
1892 4991 1985 5085 pri.
