4525 6034
715 576 792 652 442
1222 573 1582 652 LITURGIA

723 852 728 862 ‚
821 763 998 836 Sacerdos
1029 762 1220 834 inclinatas.
1274 760 1417 856 Suscipe
1442 760 1626 833 clementer
1652 782 1714 856 per
1741 782 1887 833 amorem
1900 770 1979 833 brun
1993 784 2056 854 erga

716 879 885 969 nominee,
912 880 1074 969 Domine,
1102 876 1332 972 quodcumque
1359 875 1496 950 ollertur
1520 879 1646 949 nomini
1671 887 1729 949 tuo
1755 898 1877 967 magno
1902 883 1933 946 et
1955 885 2058 965 sancto,

718 994 838 1068 aliliis
864 993 1041 1066 Ecclesiae
1074 1001 1153 1064 tuae
1187 994 1220 1063 in
1254 994 1344 1065 votis
1379 1002 1413 1062 et
1448 991 1601 1065 decimis:
1633 994 1674 1063 iis
1708 995 1808 1063 etiam
1840 992 1894 1084 qui
1922 987 2059 1084 pesulan

718 1114 891 1184 orationes
917 1109 1138 1182 secerdotum
1164 1117 1314 1196 tuorum,
1341 1106 1492 1180 concede
1519 1110 1697 1201 petitiones
1724 1126 1814 1179 suas.

652 1313 660 1326 ι
823 1224 974 1296 Eteonos
1016 1246 1142 1294 cocere.
1195 1223 1318 1311 Beate,
1345 1224 1401 1317 qui
1427 1243 1512 1294 vere
1536 1221 1645 1295 bonus
1672 1244 1729 1309 es,
1755 1220 1832 1292 iens
1858 1217 2015 1309 bonitatis,
2035 1230 2060 1289 et

716 1339 858 1432 largiter
883 1343 1033 1432 gratiae,
1068 1338 1231 1427 Domine3
1266 1347 1444 1434 eapropter
1470 1339 1612 1432 petimus
1639 1361 1659 1408 a
1684 1346 1737 1424 te,
1764 1337 1897 1430 suscipe
1921 1335 2060 1430 depreca-

717 1459 827 1528 tiones
853 1456 968 1551 populi
994 1458 1056 1526 tui:
1084 1453 1207 1526 exaudi
1234 1456 1406 1526 orationes
1437 1450 1615 1525 Ecclesiae
1647 1463 1739 1540 tuae;
1770 1450 1935 1546 responde
1963 1461 2060 1546 postr-

718 1569 896 1644 lationibus
924 1573 1040 1662 gregis
1068 1572 1131 1658 tui;
1158 1590 1261 1663 perce
1288 1579 1322 1640 et
1352 1571 1513 1640 miserere
1544 1565 1797 1663 peccatoribus,
1830 1575 1865 1637 et
1898 1566 2062 1659 insipienter
2175 1613 2179 1630 .

720 1684 917 1778 agentibus,
956 1689 1075 1776 egenis
1113 1692 1148 1755 et
1181 1687 1387 1779 peregrinis,
1424 1687 1597 1778 oppressis
1633 1693 1668 1755 et
1699 1685 1852 1775 injuriam
1885 1678 2061 1775 petientibus,

720 1799 871 1873 omnibns
898 1800 962 1872 illis
990 1803 1045 1893 qui
1077 1801 1251 1890 angustias
1288 1810 1344 1872 ant
1379 1802 1646 1895 persecutionem
1677 1799 1864 1893 patiuntur,
1899 1806 1933 1866 et
1960 1797 1995 1865 iis
2022 1796 2062 1887 qui

720 1914 864 1989 diversis
906 1913 1143 1988 tentationibus
1183 1914 1430 2003 conflictantem
1457 1926 1491 1986 et
1525 1912 1711 1986 referemus
1742 1912 1801 1984 tibi
1837 1909 1987 2003 gloriam,
2015 1930 2062 1978 nos

720 2052 838 2104 omnes
854 2048 930 2102 'una
955 2052 1045 2103 voce
1070 2029 1222 2127 prolecta
1250 2054 1297 2103 ex
1323 2031 1427 2104 corde
1453 2034 1589 2119 intimo,
1626 2030 1788 2123 simulque
1817 2027 1905 2098 Filio
1931 2035 1980 2096 tuo
2002 2027 2062 2094 uni-

720 2147 854 2236 genito,
881 2156 915 2217 et
941 2144 1079 2240 Spiritui
1104 2156 1162 2218 tuo
1189 2157 1317 2219 sancto.

824 2259 986 2353 Populus.
1038 2261 1160 2332 Arnen.

737 2379 764 2420 0
823 2372 1000 2447 Sacerdos
1035 2376 1227 2448 inclinatae.
1279 2375 1431 2449 Dextere
1467 2398 1636 2449 conserve
1680 2397 1742 2470 per
1780 2372 1952 2448 brachium
1987 2381 2064 2453 mun,
2134 2463 2137 2476 ῃ

720 2485 884 2579 Domine,
909 2489 1067 2586 populum
1095 2501 1186 2562 tuum
1211 2491 1361 2578 fidelem,
1390 2491 1432 2566 eb
1461 2490 1613 2564 omnibus
1640 2491 1890 2578 eredentes,
1917 2495 1950 2558 et
1963 2485 2064 2558 edve-

721 2602 891 2697 sitatibus‚
932 2615 966 2677 et
1001 2604 1152 2678 concede
1192 2610 1252 2679 toti
1286 2606 1409 2679 mundo
1450 2617 1601 2704 tempora
1636 2606 1735 2703 plene
1771 2606 1924 2698 gaudiis:
1954 2600 2065 2674 benedic

720 2739 805 2790 vero
840 2740 990 2792 coronae
1015 2723 1093 2792 anni
1119 2724 1349 2816 pergratiam
1376 2731 1475 2796 tuem.

823 2833 999 2909 Sacerdos
1025 2835 1164 2906 elecem
1197 2857 1323 2908 vocem.
1375 2838 1484 2911 Detor
1510 2840 1654 2908 omnium
1681 2835 1884 2907 auxiliorum
1918 2834 2065 2920 nobisn

719 2969 757 3020 es
785 2948 897 3039 solus,
930 2960 964 3022 et
994 2949 1139 3041 largitor
1172 2954 1356 3041 victoriae,
1392 2956 1602 3048 omnipotens
1635 2952 1728 3022 Dens
1760 2960 1883 3023 noster
1915 2947 2065 3032 adorande,

719 3063 872 3138 omnibus
898 3068 940 3138 iis
967 3069 1022 3160 qui
1049 3065 1190 3139 adorent
1215 3079 1268 3155 te,
1295 3079 1330 3139 et
1356 3071 1411 3163 qui
1437 3091 1523 3141 vere
1549 3079 1584 3140 te
1611 3068 1759 3160 diligrmt
1813 3070 1923 3161 Igitur
1952 3063 2026 3162 apud
2043 3071 2067 3131 te

718 3178 921 3270 clamamus,
946 3191 983 3252 ut
1008 3191 1147 3278 propter
1172 3181 1335 3255 beneficia
1362 3191 1397 3255 et
1421 3206 1561 3256 munere
1585 3193 1654 3273 tue,
1681 3183 1961 3275 glorificationem
1975 3190 2066 3252 eeter-

717 3315 794 3364 nam
830 3294 1014 3368 referamus
1053 3295 1131 3388 tibi,
1167 3307 1202 3369 et
1234 3298 1321 3370 Filio
1356 3307 1413 3371 tuo
1452 3303 1641 3391 unigenito,
1677 3309 1711 3370 et
1742 3299 1885 3394 Spiritui
1921 3309 1975 3370 tro
2003 3316 2067 3367 san-

719 3412 877 3482 ctissimo.

821 3526 985 3618 Populus
1039 3526 1160 3599 Amen.

823 3639 999 3712 werdae
1030 3641 1223 3713 inclinatus.
1277 3639 1587 3717 commemorantes
1614 3666 1728 3716 ceram
1755 3652 1808 3734 te,
1835 3644 1997 3731 Domine,
2017 3658 2070 3710 no-

718 3756 807 3827 mine
841 3756 1058 3846 Sanctorum,
1101 3759 1157 3851 qui
1197 3756 1346 3829 moribus
1387 3761 1457 3832 suis
1495 3758 1554 3831 tibi
1595 3759 1807 3854 placuerunt,
1843 3758 2069 3854 Prophetarum,

717 3868 976 3964 Apostolorum,
1017 3873 1204 3944 Doctorum
1248 3871 1540 3959 Ortbodoxorum
1586 3874 1789 3970 Martyrum,
1840 3875 2070 3954 Confessam,

719 3987 929 4080 omniumque
963 3990 1092 4081 piorum
1133 3995 1167 4057 et
1197 3991 1381 4079 justorum:
1413 4012 1475 4085 per
1509 3993 1679 4063 orationes
1714 4012 1832 4063 eorum
1869 3993 2021 4086 petimus,
2045 3992 2071 4054 ut

717 4098 885 4194 postulate
912 4102 1080 4206 concedas
1107 4102 1232 4197 populo
1260 4115 1327 4175 tuo.

821 4215 973 4287 blesens
1003 4239 1147 4289 uocem„
1183 4217 1255 4291 Eos
1288 4241 1405 4291 omnes
1441 4223 1497 4312 qui
1531 4218 1727 4314 placuerunt
1759 4219 1841 4310 ubi,
1880 4218 2072 4295 sanctimonie

716 4352 846 4402 morum
874 4353 1026 4404 suorum:
1054 4344 1259 4422 sanctorum,
1288 4338 1344 4428 qui
1371 4335 1567 4407 sanctificati
1593 4347 1669 4408 sunt
1693 4358 1755 4432 per
1779 4340 1986 4410 sanctitatem
2005 4353 2071 4429 quae

716 4455 797 4516 ate
829 4456 898 4536 est,
930 4447 1088 4534 Domine,
1126 4471 1424 4522 commemoremus
1459 4449 1525 4522 hoc
1557 4460 1725 4545 tempore:
1758 4462 1793 4523 nt
1825 4475 1892 4547 per
1928 4454 2072 4522 orationes

716 4581 853 4651 eornm,
880 4571 1035 4657 praestes
1061 4565 1174 4655 nobis,
1200 4573 1237 4635 ut
1261 4567 1416 4656 vestigiis
1443 4588 1560 4638 eornm
1586 4570 1787 4655 insistamus,
1813 4577 1852 4639 et
1865 4589 1955 4639 nunc
1971 4584 2070 4660 quana

716 4672 771 4745 diu
797 4695 900 4769 super
926 4684 1050 4748 ternam
1077 4678 1245 4772 degimus,
1272 4691 1396 4752 terram
1423 4690 1458 4752 et
1481 4694 1616 4754 terrene
1632 4683 1873 4777 relinquemus,
1902 4682 2071 4777 etspiritun

715 4809 911 4882 sequemur,
954 4790 1103 4865 moribus
1142 4795 1323 4867 secundnm
1369 4800 1524 4868 virtutem
1564 4802 1718 4870 institutis
1761 4819 2014 4883 assuescamus,
2037 4802 2072 4863 ol

714 4902 895 4998 splendore
919 4906 1040 4977 lucenti
1067 4910 1202 5003 spiritns
1228 4933 1452 5000 exornemur,
1480 4912 1689 5008 vocibusque
1716 4913 1946 5010 spiritualibus
1961 4927 2070 4987 oremus

713 5025 762 5105 te,
790 5017 915 5114 Spiritu
942 5030 1060 5094 orante
1084 5044 1147 5119 pro
1180 5023 1299 5117 nobis,
1335 5030 1474 5100 canticis
1495 5028 1802 5116 inenarrabilibus,
1837 5028 2070 5118 reseramusqut
