4525 6034
456 610 709 690 Alhhmittim
740 606 1004 684 chossrllltttll
1030 601 1303 681 Pbl'llleCllAE.
1360 607 1366 621 '
1405 591 1409 600 ’
1485 599 1563 674 los

302 800 475 875 Credimus
502 821 652 897 quoque,
678 801 712 869 in
739 796 882 874 Domino
916 803 1031 867 nostro
1066 793 1149 865 lesu
1185 788 1317 864 Christo
1350 787 1564 877 confidentes,

203 918 288 1016 qnod
314 917 405 989 illum
430 918 528 991 nobis
555 915 673 989 iecerit
698 923 826 1010 patrem
853 911 1000 1003 dignum,
1027 907 1151 981 bonum
1167 919 1201 980 et
1212 906 1407 1003 perlectum.
1440 904 1565 998 Roga-

173 1044 179 1060 '
201 1056 338 1129 musque
352 1033 459 1106 Deum
477 1037 532 1129 qui
550 1033 639 1105 illum
657 1029 755 1103 nobis
777 1030 888 1122 elegit,
915 1037 951 1100 ut
970 1025 1134 1099 concedat
1160 1027 1192 1098 ei
1218 1027 1359 1119 gratiam
1387 1026 1564 1113 sermonis,

200 1150 379 1247 aperiendo
408 1172 447 1223 os
474 1152 547 1243 ejus
575 1149 616 1221 ad
629 1146 816 1246 profectum
843 1146 1025 1217 animarum
1051 1153 1256 1216 nostrarum:
1283 1150 1384 1236 utque
1400 1161 1462 1212 nos
1478 1159 1565 1235 pro-

199 1278 273 1364 pter
294 1266 378 1338 hanc
404 1270 477 1360 ejus
495 1265 691 1340 electionem
717 1263 819 1335 iaciat
831 1265 992 1334 immunes
1018 1257 1059 1331 ab
1087 1264 1176 1331 omni
1191 1266 1350 1354 peccato,
1377 1268 1410 1359 cp
1427 1265 1567 1352 propter

198 1386 428 1471 vocationem,
462 1405 560 1477 mam
593 1384 742 1477 accepit,
781 1380 838 1452 liat
877 1400 946 1474 pax
983 1388 1018 1449 et
1056 1375 1147 1449 salus
1182 1375 1381 1473 populorum
1422 1377 1566 1448 omnium

199 1499 485 1588 Crthodoxorum3
511 1497 675 1594 nobisque
703 1497 853 1570 omnibus
880 1494 1040 1587 largiatur
1067 1493 1298 1567 abundantiam
1317 1491 1568 1565 misericordiae

198 1639 296 1690 snae:
323 1638 384 1713 per
409 1619 669 1688 intercessiones
694 1614 858 1687 Dominae
884 1615 1029 1685 omniurn
1054 1620 1203 1683 nostrum
1224 1609 1392 1704 Deiparae
1418 1599 1568 1698 sahctae,

198 1754 397 1828 semperque
423 1715 572 1825 Virginis
599 1733 640 1803 l).
668 1732 813 1804 lllariae:
841 1739 875 1801 et
899 1751 961 1824 per
987 1730 1157 1800 orationes
1184 1725 1291 1797 Patris
1323 1726 1429 1797 nostri
1463 1725 1569 1795 sancti

197 1845 380 1920 beatissimi
406 1849 512 1921 Marci
538 1847 693 1943 Apostoli
719 1858 753 1919 et
770 1844 1024 1938 Evangelistae:
1051 1847 1222 1940 patrisque
1247 1845 1353 1914 nostri
1379 1840 1508 1931 deiferi,
1535 1851 1569 1912 et

198 1962 431 2056 gloriosissimi
448 1964 570 2036 Severi
583 1962 816 2052 Patriarchae,
843 1973 878 2034 et
903 1964 1002 2035 totins
1029 1959 1123 2033 chori
1149 1969 1339 2032 sanctornm
1357 1969 1568 2054 acceptorum

198 2101 313 2151 coram
341 2081 484 2153 Domino
509 2092 625 2153 nostro
652 2081 734 2154 lesu
761 2079 904 2153 Christo.

304 2193 478 2269 Credimus
505 2200 537 2268 in
564 2220 663 2270 unum
688 2199 796 2270 Deum
822 2197 954 2268 Patrem
980 2198 1256 2292 omnipotentem,
1292 2204 1326 2266 ct
1351 2196 1385 2265 in
1410 2195 1570 2287 unigeni-

198 2321 266 2385 tum
293 2312 411 2385 Filium
438 2316 510 2406 ejus
537 2314 652 2386 lesum
679 2313 842 2387 Christum
868 2311 1046 2386 Dominum
1071 2321 1237 2400 nostrum,
1272 2313 1454 2384 inanitate
1479 2311 1587 2420 indi--

199 2434 285 2500 visa.
339 2427 433 2500 lllmn
458 2452 562 2520 vere,
587 2439 623 2502 ut
649 2440 775 2527 patrem
802 2431 836 2499 in
862 2431 997 2525 propria
1022 2449 1167 2525 persona
1193 2436 1322 2518 notum,
1349 2426 1468 2500 Filium
1493 2447 1572 2499 esse

201 2547 432 2638 agnoscimus:
459 2546 525 2619 duo
552 2550 638 2618 enirn
672 2568 738 2621 non
772 2554 847 2618 sunt
876 2543 971 2632 Filii,
1011 2545 1072 2617 sed
1105 2544 1209 2617 Filius
1240 2567 1342 2634 unus,
1374 2547 1574 2637 unigenitus,

200 2669 279 2735 non'
296 2684 359 2758 per
382 2663 542 2754 gratiam,
570 2673 626 2736 ant
651 2664 928 2755 conjunctionem.

308 2778 481 2852 Credimus
508 2781 607 2852 etiam
632 2782 666 2851 in
691 2780 848 2875 Spiritum
874 2786 1039 2850 sanctum:
1066 2779 1176 2850 carnis
1207 2781 1504 2870 resurrectionem,
1540 2789 1575 2853 et

202 2907 353 2969 sanctam
378 2895 564 2968 Ecclesiam
592 2893 806 2968 Catholicam.
858 2893 951 2967 Deus
978 2904 1088 2966 autem
1114 2892 1170 2965 det
1199 2893 1295 2968 nobis
1326 2894 1468 2969 verbum
1504 2894 1573 2967 do-

203 3015 333 3085 ctrinae
359 3010 401 3084 ad
428 3011 641 3108 aperiendum
668 3033 728 3083 ora
744 3022 871 3099 nostra,
898 3019 935 3083 ut
950 3014 1104 3084 vivamus
1118 3010 1298 3088 secundum
1316 3014 1419 3084 vitam
1436 3019 1573 3102 rectam,

202 3134 299 3201 etin
325 3126 477 3200 omnibus
503 3130 660 3224 pietatem
685 3151 799 3201 coram
826 3126 883 3199 illo
910 3137 1105 3215 servantes,
1136 3150 1200 3223 per
1225 3128 1399 3200 Dominum
1426 3140 1575 3201 nostrum

201 3246 319 3318 lesum
347 3243 527 3317 Christum:
553 3268 616 3341 per
642 3267 740 3340 quem
767 3248 810 3317 sit
835 3243 943 3336 gloria
975 3244 1047 3316 laus
1083 3253 1116 3316 et
1150 3243 1257 3316 honor
1291 3246 1382 3317 Patri
1413 3245 1575 3339 simulque

203 3362 340 3458 Spiritui
367 3372 504 3448 saneto,
529 3384 637 3453 nnnc,
663 3372 727 3433 etc.

555 3567 715 3714 Epistola
740 3620 935 3714 Spctoticoc
961 3622 1100 3714 emungi
1124 3622 1236 3694 colito.

310 3811 404 3883 Haec
437 3821 490 3884 est
513 3809 666 3906 Epistola
700 3811 868 3906 Systatica
893 3810 993 3884 Abba
1024 3810 1066 3883 N.
1097 3815 1296 3886 sanctissimi
1321 3813 1577 3909 Archiepiscopi

203 3950 351 4021 magnae
368 3927 459 4002 urbis
472 3927 711 4016 Alexandriae,
737 3927 930 4023 Fostatiqua
955 3928 1157 4026 Babylonis,
1183 3932 1423 4026 regionumque
1449 3930 1577 4025 Aegy-

203 4048 263 4141 pti,
291 4044 406 4116 lllarcs
433 4065 493 4116 seu
508 4042 688 4116 Thebaidis
706 4053 741 4115 et
757 4045 979 4140 Pentapoleos
994 4045 1149 4134 Africam
1175 4049 1415 4142 regionmnque
1427 4047 1577 4121 Aethio-

203 4164 281 4257 piae
313 4169 347 4232 et
371 4157 518 4248 Nabios,
544 4160 776 4233 Axumitarum
803 4171 837 4232 et
862 4161 1059 4252 discurens,
1091 4166 1352 4258 provinciaeque
1385 4166 1576 4259 superioris.

203 4275 277 4350 Nos
296 4275 456 4373 Episcopi
483 4279 681 4369 congregati
707 4298 782 4348 eam
808 4277 1051 4374 subscriptione
1066 4279 1281 4369 firmavimus,
1309 4279 1578 4353 celebravimus-

206 4416 272 4489 que
310 4392 516 4466 benedictam
553 4395 625 4486 ejus
662 4393 922 4484 ordinationem,
963 4397 1101 4489 ejusque
1134 4394 1436 4469 inthronisationem
1478 4417 1579 4494 super

206 4508 401 4583 cadredram
427 4509 540 4582 divina
567 4510 732 4605 loquentis
756 4510 881 4598 hlarci,
908 4514 941 4581 in
961 4509 1131 4585 Catholica
1159 4521 1192 4583 ct
1209 4511 1406 4606 Apostolica
1423 4510 1580 4586 Ecclesia

206 4628 291 4718 Dei,
315 4630 412 4720 juxta
438 4627 707 4700 consuetudinem
734 4629 940 4701 canonicam:
968 4649 1108 4722 eamque
1134 4650 1250 4700 manus
1275 4638 1411 4700 nostrae
1426 4629 1581 4702 subseri-

206 4742 376 4840 ptionibus
403 4744 692 4834 confirmavimus,
726 4744 904 4817 secundum
936 4766 977 4815 ea
1010 4767 1094 4839 quae
1122 4748 1155 4816 in
1181 4746 1253 4840 ipsa
1286 4748 1508 4818 continentur:
1537 4745 1581 4818 ad

208 4861 354 4952 gloriam
379 4861 452 4933 Dei.
479 4863 596 4934 Amen.

582 5047 1214 5098 &soff—-
