4525 6034
699 588 773 663 128
1062 589 1421 668 LITURGlh
1473 589 1696 668 trinta

799 776 982 884 Sacerdos.
1034 775 1179 851 Mortem
1217 788 1306 849 tuam
1339 800 1637 852 commemoramus
1675 777 1836 867 Domine,
1870 788 1904 851 et
1938 800 2060 852 resur-

694 895 876 966 rectionem
903 904 991 966 tuam
1018 904 1095 990 post
1121 892 1192 966 dies
1218 905 1300 983 tres,
1326 897 1560 968 ascensionem
1585 917 1717 990 quoque
1750 904 1840 966 tuam
1872 897 1905 965 in
1930 893 2060 968 coelum

696 1013 949 1104 sessionemque
976 1010 1017 1081 ad
1045 1009 1218 1081 dexteram
1244 1010 1310 1083 Dei
1335 1011 1461 1084 Patris:
1488 1033 1552 1084 nec
1577 1033 1644 1083 non
1671 1010 1850 1083 adventum
1882 1021 1969 1082 hrum
1997 1033 2059 1083 sc-

694 1126 846 1215 cundum,
873 1130 907 1199 in
934 1148 1000 1222 quo
1021 1126 1229 1220 judicaturus
1256 1150 1294 1200 es
1320 1124 1435 1200 orhem
1462 1130 1496 1199 in
1518 1129 1655 1219 justitia,
1682 1135 1716 1199 et
1739 1126 1861 1200 reddes
1886 1129 2061 1221 unicuique

695 1243 877 1316 secundum
908 1265 1012 1339 opera
1045 1265 1115 1317 sua.
1168 1242 1297 1317 Idcirco
1330 1244 1527 1317 sacrificium
1558 1242 1624 1317 hoc
1654 1246 1862 1315 incruentum
1895 1242 2060 1317 offerimus

694 1360 766 1450 tihi,
793 1370 923 1432 utnon
949 1361 1128 1434 secundum
1156 1360 1275 1433 delicta
1300 1372 1415 1434 nostra
1448 1361 1554 1433 facias
1588 1356 1707 1448 nohis,
1739 1382 1849 1455 neque
1881 1358 2062 1432 secundum

693 1487 834 1575 peccata
860 1486 974 1550 nostra
1000 1476 1167 1550 retribuas
1193 1478 1307 1552 nohis:
1335 1477 1395 1551 sed
1414 1475 1594 1551 secundum
1612 1479 1843 1549 miserationes
1870 1487 1944 1549 tuas
1969 1473 2061 1548 mulss

694 1603 757 1680 tas,
785 1592 860 1665 dele
885 1606 1025 1691 peccata
1056 1605 1193 1683 nostra,
1230 1617 1406 1667 servorum
1440 1604 1577 1666 tucrum.
1630 1593 1777 1689 Populus
1813 1595 1901 1665 enim
1927 1586 2062 1666 tuuse't

693 1709 882 1800 haereditas
912 1722 967 1782 tua
994 1708 1192 1806 deprecatur
1219 1720 1254 1782 te
1280 1722 1315 1784 et
1339 1733 1401 1808 per
1426 1722 1460 1783 te
1485 1711 1619 1783 Patrem
1645 1721 1736 1782 tuum
1761 1709 1893 1782 dicans:

699 1815 703 1824 ’
799 1827 962 1921 Papulas.
1013 1826 1189 1900 Miserere.
1396 1827 1580 1900 Sacerdos.
1633 1826 1706 1901 Nos
1733 1849 1875 1922 quoque.

797 1942 981 2015 Sacerdos.
1032 1944 1205 2016 invocatio
1230 1943 1372 2041 Spiritus
1399 1948 1514 2017 sancti.

796 2059 984 2130 Πὶαοοηω.
1038 2058 1145 2145 Quam
1172 2060 1315 2133 timenda
1342 2071 1394 2134 est
1420 2059 1504 2134 haec
1530 2060 1622 2149 hora,
1649 2070 1711 2133 etc.

797 2175 982 2258 Sacerdos.
1034 2173 1167 2249 Exaudi
1194 2199 1257 2249 ma.
1309 2178 1474 2251 Miserere
1500 2180 1619 2269 nostri,
1643 2176 1737 2249 Deus
1763 2178 1884 2267 Pater,
1911 2167 1945 2249 et
1969 2180 2060 2248 mitte

695 2314 896 2389 supernos,
924 2300 958 2365 et
984 2315 1086 2388 super
1112 2291 1299 2367 oblationes
1325 2297 1419 2384 istas,
1446 2295 1603 2391 Spiritum
1630 2304 1720 2365 tuum
1745 2303 1908 2384 sanetum,
1935 2298 1992 2390 qui
2011 2304 2060 2366 est

694 2408 870 2499 pommus,
897 2408 1046 2504 aequalis
1066 2408 1125 2482 tihi
1152 2421 1186 2482 et
1209 2411 1307 2500 Filio,
1334 2410 1464 2500 throno,
1490 2432 1611 2503 regno,
1638 2419 1673 2481 et
1697 2408 1881 2483 substantia
1908 2422 2059 2483 aeterua:

695 2531 751 2621 qui
785 2526 914 2600 locutus
947 2536 999 2597 est
1032 2528 1065 2597 in
1100 2526 1316 2600 Testamento
1349 2530 1458 2600 veteri
1491 2538 1525 2599 et
1558 2549 1650 2599 novo
1685 2535 1756 2599 tuo:
1799 2530 1855 2621 qui
1889 2526 2059 2600 descendit

694 2646 810 2738 specie
836 2642 1009 2715 columbae
1036 2665 1138 2739 super
1162 2644 1339 2716 Dominum
1363 2654 1512 2718 nostrum
1538 2644 1652 2715 Jesum
1671 2640 1834 2715 Christum
1860 2644 2058 2716 mJordane

693 2757 837 2848 flumina
866 2771 900 2832 et
926 2771 1079 2855 tanquam
1104 2759 1241 2852 linguae
1267 2764 1354 2853 ignis
1381 2782 1482 2857 super
1508 2759 1707 2855 Apostolos,
1733 2763 1767 2831 in
1794 2760 1988 2832 coenaculo.

797 2876 929 2948 Exaudi
954 2899 1018 2949 me.

797 2993 959 3087 Populus.
1011 2991 1119 3089 llyrie
1146 2991 1283 3066 eleison.

796 3110 979 3182 Sacerdos.
1020 3107 1066 3180 Ut
1090 3107 1232 3181 illabens
1260 3109 1378 3181 efficiat
1402 3132 1522 3207 panem
1548 3113 1655 3198 istum,
1682 3110 1711 3197 †
1737 3131 1859 3204 corpus
1879 3108 2055 3196 vivificum,

694 3228 723 3315 †
749 3248 873 3322 corpus
900 3225 1058 3314 salutare,
1084 3227 1113 3314 †
1140 3247 1263 3321 corpus
1291 3225 1413 3300 Christi
1438 3228 1503 3299 Dei
1529 3230 1645 3299 nostri.

798 3343 959 3438 Populea.
1012 3344 1131 3416 Amen.

797 3461 980 3532 Sacerdos.
1032 3459 1076 3532 Et
1101 3459 1239 3531 calicem
1267 3461 1362 3532 istum
1387 3460 1555 3556 perficiat,
1590 3462 1619 3549 †
1644 3462 1839 3552 sanguinem
1864 3458 1957 3530 Novi
1984 3457 2053 3528 Te-

693 3581 862 3664 stamenti,
896 3576 921 3670 †
955 3579 1148 3670 sanguinem
1183 3575 1372 3665 salutarem,
1407 3578 1436 3665 †
1470 3581 1666 3670 sanguinem
1703 3579 1805 3671 ipsius
1838 3574 1962 3651 Christi
1994 3577 2053 3648 Dei

692 3696 807 3765 nostri.

799 3807 961 3901 Populos.
1013 3807 1133 3879 Amen.

795 3924 979 3995 Sacerdos.
1033 3924 1077 3996 Ut
1103 3923 1308 3998 sanctificent
1334 3925 1459 3994 animas
1493 3932 1528 3993 et
1553 3946 1716 4019 corpora,
1752 3928 2050 3998 communicantium

692 4042 771 4132 iltis,
798 4040 1022 4114 adferendos
1049 4039 1175 4114 fruetus
1203 4062 1341 4136 operum
1366 4039 1542 4132 honomm‚
1570 4051 1603 4112 et
1629 4039 1671 4111 ad
1689 4040 2050 4114 confirmationemlic-

694 4158 819 4232 olesiae
854 4168 1008 4244 sanctae,
1044 4180 1130 4252 quae
1164 4179 1266 4253 super
1298 4167 1426 4253 petram
1460 4155 1537 4228 iidei
1572 4156 1715 4240 stabilita
1751 4180 1806 4248 cs,
1834 4166 1915 4229 eta
1951 4158 2049 4254 portis

694 4271 908 4347 internatibus
935 4275 1085 4370 superari
1105 4294 1173 4344 non
1192 4281 1314 4368 potest.
1365 4273 1409 4345 Et
1433 4271 1539 4345 libera
1566 4296 1641 4346 eam
1668 4297 1687 4345 a
1714 4272 1880 4346 scandahs
1906 4273 2049 4345 maeti-

695 4413 811 4463 oorum
837 4413 942 4484 usque
968 4393 1002 4461 in
1027 4390 1139 4480 finem,
1166 4399 1201 4460 ut
1231 4388 1357 4460 referat
1381 4387 1439 4460 tibi
1460 4388 1601 4481 gloriam
1628 4400 1662 4462 et
1692 4388 1842 4481 laudem,
1876 4401 1910 4462 et
1933 4393 2049 4483 unige-

694 4511 774 4598 nito,
801 4517 864 4578 etc.
916 4507 1035 4578 Amen.

798 4623 986 4695 Diaconos.
1039 4623 1191 4696 Oramus.

798 4740 974 4812 Sacerdos
1006 4739 1197 4812 inclinatas.
1251 4738 1426 4812 Oll‘erimus
1459 4737 1516 4812 tlhi
1557 4737 1752 4812 sacrificium
1792 4738 1858 4813 hoa
1898 4744 2046 4813 incruen-

694 4867 773 4944 tum,
800 4879 863 4953 pro
890 4857 972 4931 Sion
999 4868 1131 4940 sancta,
1166 4865 1272 4929 matre
1298 4859 1443 4929 omnium
1467 4855 1713 4945 Ecclesiamm,
1747 4867 1781 4929 et
1813 4880 1876 4954 pro
1908 4840 2047 4930 noemi

694 4982 751 5044 tua
786 4982 918 5064 sancta,
953 4983 1022 5047 toto
1057 4972 1141 5046 orbe
1176 4972 1314 5062 diffusa,
1348 4983 1384 5045 ut
1416 4972 1570 5066 largiaris
1603 4973 1650 5044 illi
1683 4972 1802 5044 donum
1836 4974 1975 5071 Spiritus
2007 4974 2044 5042 tui

695 5090 810 5161 sancti.
911 5155 914 5160 Α
