4525 6034
679 596 753 670 196
1192 594 1550 673 LITURGIA

678 783 798 855 stolam
830 783 918 856 illam
951 805 1075 855 novam
1108 780 1240 874 gloriae
1274 784 1457 877 accipiantv
1493 782 1650 856 ardenter
1681 786 1935 880 concupiscunt:
1969 785 2048 856 unde

678 898 799 972 absunt
824 898 1093 993 moestitudines,
1120 906 1156 971 et
1182 897 1237 971 uhi
1263 896 1387 991 gaudia
1419 902 1644 994 reperimrtur:
1677 922 1763 972 unus
1798 903 1887 972 enim
1919 904 2047 973 omuino

679 1028 713 1090 et
739 1019 831 1093 solus
858 1025 953 1094 visus
980 1030 1125 1093 estnon
1153 1021 1299 1090 irretitus
1331 1015 1545 1114 passionibus
1567 1020 1714 1113 peccati,
1742 1039 1789 1089 ex
1814 1015 1878 1090 iilis
1906 1021 1962 1112 qui
1986 1015 2048 1090 hu-

678 1157 775 1207 mano
803 1158 947 1232 corpore
973 1136 1077 1208 induti
1103 1135 1253 1224 fuerunt,
1286 1133 1414 1208 scilieet
1444 1134 1545 1206 Jesus
1573 1132 1723 1208 Christus
1752 1134 1914 1208 Dominus
1940 1145 2048 1207 noster

678 1253 865 1343 unigenitus
891 1252 996 1325 Filius
1024 1263 1098 1324 tuus
1104 1304 1116 1340 ‚
1144 1273 1206 1345 per
1233 1272 1331 1346 quem
1358 1271 1421 1323 nos
1456 1252 1555 1321 etiam
1588 1271 1762 1345 speramus
1793 1249 2048 1324 misericordiam

678 1371 860 1462 consequi,
887 1376 950 1441 etc.

782 1484 944 1577 Populus.
973 1485 1126 1571 Quietem
1154 1492 1300 1579 praesta.

782 1598 958 1673 Sacerdos
983 1601 1121 1671 eieouas
1146 1621 1272 1670 vocem.
1312 1595 1440 1687 Aufer,
1466 1600 1622 1689 ignosce,
1649 1608 1684 1670 et
1709 1597 1785 1670 dele
1811 1610 1954 1694 peccata
1985 1622 2048 1673 no-

679 1724 748 1785 stra
774 1715 885 1802 Deus,
922 1738 1008 1811 quae
1035 1718 1260 1788 commisimus
1291 1736 1353 1808 per
1383 1716 1542 1785 remissas
1576 1714 1821 1804 cogitationes,
1854 1724 1889 1785 et
1920 1738 2047 1809 quises

679 1835 822 1926 pueritia
856 1842 971 1906 nostra
1006 1831 1049 1904 ad
1084 1837 1290 1904 senectutem
1323 1850 1448 1924 usque,
1485 1841 1620 1924 aperta,
1654 1837 1689 1900 et
1721 1840 1802 1903 nota
1835 1839 1929 1918 sunt,
1962 1829 2050 1904 uem

677 1956 813 2018 noster:
840 1947 1029 2020 voluntaria
1057 1949 1133 2019 sive
1159 1944 1395 2033 involuntaria,
1423 1966 1465 2016 ea
1483 1948 1682 2039 praesertim
1710 1944 1830 2040 quibus
1856 1949 1889 2016 in
1917 1944 2048 2018 saeculo

677 2064 751 2133 sine
777 2062 859 2150 line,
886 2062 1116 2135 condemnatio
1144 2069 1348 2156 praeparata
1375 2069 1437 2132 est.
1489 2058 1543 2132 Da
1569 2061 1668 2134 nohis
1694 2071 1730 2133 ut
1756 2061 1890 2156 parando
1914 2064 1994 2153 justi
2018 2066 2049 2134 in

677 2175 800 2249 horrea
827 2181 926 2249 tritici
954 2177 1159 2264 deferentur,
1187 2186 1221 2248 et
1247 2177 1338 2271 impii
1365 2179 1460 2270 quasi
1487 2176 1583 2272 palea
1615 2176 1869 2265 comburentur,
1900 2161 1953 2248 ut
1970 2181 2050 2249 inter

679 2295 814 2384 agmina
840 2292 1039 2364 Sanctorum
1067 2302 1196 2364 tuorum
1224 2290 1397 2364 laudemus
1431 2302 1480 2383 te,
1507 2302 1542 2364 et
1566 2315 1642 2364 cmn
1670 2292 1814 2385 Angelis
1845 2297 1913 2366 tuis
1947 2315 2049 2365 enna-

676 2430 751 2480 mus
778 2407 944 2480 dicentes:
971 2407 1167 2481 benedictus
1195 2406 1252 2478 ille
1278 2410 1334 2501 qui
1361 2411 1455 2479 veuit
1481 2407 1524 2479 ad
1550 2407 1690 2481 salutem
1716 2417 1879 2496 nostram,
1907 2420 1944 2480 et
1969 2432 2049 2481 nunc

676 2526 771 2594 venit
797 2523 838 2595 ad
865 2527 1112 2596 innovationem
1140 2533 1307 2610 nostram,
1341 2531 1376 2594 ut
1402 2526 1436 2594 in
1462 2520 1526 2594 hoe
1552 2527 1638 2596 sicut
1671 2535 1707 2595 et
1741 2529 1775 2596 in
1808 2523 1980 2614 omnihus,
2009 2525 2046 2596 ai

678 2635 831 2709 omnibus
857 2638 1062 2731 glorificetur
1088 2650 1122 2711 et
1148 2639 1300 2711 laudetur
1334 2660 1455 2709 nomen
1489 2649 1579 2711 tuum
1610 2637 1838 2713 honorandum
1872 2651 1908 2712 et
1944 2641 2048 2713 bene-

678 2750 820 2841 dictum,
847 2764 881 2825 et
907 2754 1004 2826 simul
1028 2754 1164 2827 Domini
1190 2756 1297 2827 nostri
1331 2753 1414 2826 desu
1446 2751 1582 2843 Christi,
1614 2765 1649 2827 et
1680 2755 1824 2851 Spiritus
1856 2758 1903 2827 tui
1939 2757 2048 2841 saneti,

676 2888 782 2955 nnuc,
810 2878 874 2941 etc.

781 2983 944 3078 Populus.
973 2985 1075 3058 Sicut

781 3098 968 3172 Sacerdos.
994 3099 1080 3173 Pax.

782 3214 945 3307 Populus.
971 3214 1117 3288 Etcum
1144 3217 1261 3310 spiritu
1289 3225 1353 3287 tuo.

782 3327 968 3401 Sacerdos.
995 3330 1250 3404 Misericordiae
1276 3331 1339 3402 Dei
1366 3332 1448 3417 sint,
1477 3339 1539 3401 etc.

779 3444 942 3537 Populus.
969 3445 1013 3518 Et
1041 3469 1116 3519 cum
1144 3448 1260 3541 spiritu
1286 3455 1353 3516 tuo.

780 3559 968 3632 Dimosas.
994 3561 1166 3654 Angelus,
1193 3573 1256 3634 ete.

782 3674 957 3746 Sacerdos
979 3680 1115 3771 fraapit
1143 3676 1307 3748 Oblatum
1387 3674 1567 3746 Diaconos
1593 3675 1679 3745 dicit
1704 3674 1925 3746 Camacas.

918 3999 1095 4072 Sacerdos
1120 4001 1207 4071 dicit
1230 3999 1431 4082 (Orationem
1457 4005 1537 4069 aste
1562 4000 1664 4071 Pater
1689 4008 1817 4070 noster.

783 4205 875 4276 Deus
903 4208 958 4300 qui
983 4227 1045 4300 per
1072 4208 1223 4300 spiritum
1249 4215 1338 4275 tunm
1364 4203 1494 4277 locutus
1522 4227 1560 4276 es
1587 4207 1620 4274 in
1646 4202 1841 4300 Prophetis,
1877 4214 1912 4274 et
1945 4224 2045 4299 prae-

678 4320 796 4392 dicasti
822 4342 884 4416 per
908 4320 1096 4415 Apostolos
1123 4320 1307 4392 docuinam
1335 4318 1547 4391 sufficientem
1575 4318 1617 4390 ad
1644 4317 1867 4415 inspirandam
1889 4317 2046 4389 mentibus

677 4438 803 4509 nostris
830 4438 1043 4531 sapientiam,
1071 4445 1105 4506 et
1131 4459 1193 4532 per
1220 4457 1281 4509 eos
1308 4433 1546 4506 commendasti
1573 4433 1650 4505 illud
1678 4433 1766 4528 quod
1794 4456 1915 4506 sensus
1946 4431 2045 4526 spiri·

678 4547 785 4621 tuales
813 4553 943 4622 animae
969 4562 1145 4646 purgaret,
1175 4562 1209 4623 et
1235 4550 1323 4646 quod
1350 4553 1435 4623 ostia
1463 4561 1578 4646 aperta
1611 4552 1729 4646 capitis
1761 4552 1916 4646 corporis
1947 4547 2047 4619 nostri

679 4663 867 4736 mundaret:
894 4664 1112 4739 obsecramus
1147 4679 1182 4740 ct
1212 4666 1432 4762 deprecamur
1465 4686 1613 4738 amorem
1647 4687 1731 4757 erga
1766 4662 1917 4737 homines
1948 4672 2043 4746 mun,

679 4769 713 4850 e't
739 4783 909 4852 caritatem
935 4769 1023 4853 tuam
1050 4785 1223 4871 eximiam,
1251 4791 1288 4854 ut
1314 4785 1447 4878 aperias
1474 4803 1573 4854 erues
1609 4781 1756 4854 cordium
1790 4791 1978 4853 nostrorum
2004 4771 2043 4845 ad

679 4893 876 4967 audiendam
903 4900 1088 4969 orationem
1120 4899 1346 4986 Dominicam‚
1380 4921 1466 4993 quae
1495 4901 1569 4993 ipsa
1603 4906 1656 4969 est
1690 4919 1787 4991 quarn
1822 4897 1982 4969 Dominus
2013 4896 2043 4958 ei

679 5007 771 5080 Deus
798 5023 913 5100 noster
939 5016 1127 5105 unigenitus
1153 5011 1256 5085 Filius
1284 5023 1377 5102 tuus,
1403 5017 1539 5086 initiatis
1569 5017 1732 5109 mysterio
1766 5034 1849 5101 suo,
1882 5022 1914 5084 et
1944 5009 2043 5081 ianui-
