4525 6034
28 2226 48 2269 ss

35 2322 55 2373 tl

28 2548 59 2589 2-

401 602 705 683 communion
719 601 973 679 homullum
987 600 1137 679 OlllGIIlE
1150 601 1199 678 ET
1212 599 1461 678 amoturum
1511 594 1621 670 LXIII

776 1124 965 1209 orror
1009 1126 1095 1211 vm.

232 1333 273 1407 ue
306 1339 533 1443 disciplinae
557 1349 757 1445 lihnqicoe
782 1369 870 1443 qaue
897 1348 1061 1421 Rubricia
1092 1354 1153 1419 out
1177 1348 1372 1423 Rihoolibaa
1405 1351 1503 1426 libris
1528 1375 1618 1427 coc·

753 1468 880 1537 haam
909 1468 1104 1538 satomlcle.

375 1678 490 1811 Quor)
516 1704 559 1778 de
584 1702 756 1777 vetenbus
782 1703 959 1776 haereticis
994 1702 1036 1777 ab
1062 1705 1204 1780 Irenaeo
1239 1706 1360 1780 dictum
1386 1720 1456 1801 est,
1483 1712 1616 1808 simpli-

253 1801 384 1897 l‘'hulern
407 1831 532 1897 vocant
554 1823 812 1918 prostrationem
839 1819 1030 1917 disciplinae
1057 1824 1150 1915 quus
1170 1822 1257 1920 apud
1282 1846 1347 1898 nos
1372 1848 1487 1899 curam
1512 1827 1616 1902 leno-

267 1924 372 2010 tbiinm
395 1949 533 2029 uocant,
557 1938 647 2011 idem
662 1938 704 2010 de
718 1936 1006 2011 Reformatoribus
1032 1942 1151 2013 merito
1178 1940 1241 2012 dici
1263 1934 1384 2039 potest.
1413 1940 1617 2018 Coucmcata

276 2054 362 2127 unet
388 2055 565 2129 Ecclesiae
600 2058 795 2143 uuwrihte,
829 2053 917 2148 quod
953 2057 1086 2151 antiqua
1125 2054 1348 2130 celebrandae
1387 2057 1616 2135 Eucharistiae

281 2164 361 2244 loma
389 2193 506 2245 omnes
538 2171 669 2244 illorum
693 2174 840 2244 rationes
864 2173 909 2242 ita
927 2171 1152 2264 conturbaret,
1178 2183 1214 2245 ut
1239 2197 1314 2246 cum
1340 2175 1403 2249 illis
1430 2178 1617 2250 consistere

280 2308 329 2360 non
349 2300 460 2384 posset
483 2287 659 2378 ullatems,
684 2309 793 2361 novas
819 2308 1021 2385 componere
1046 2292 1154 2362 coacti
1180 2300 1267 2382 suut,
1295 2290 1338 2363 ad
1371 2290 1556 2388 exemplar,
1581 2302 1618 2366 ot

276 2403 496 2496 existimabant,
523 2404 901 2497 CoenaeEvangelicae
927 2414 962 2477 et
976 2403 1206 2502 Apostolicae,
1231 2406 1274 2479 de
1300 2429 1366 2502 quo
1393 2418 1504 2481 tamen
1524 2431 1616 2483 ιιιιιι-

273 2544 352 2616 qoam
375 2525 462 2593 inter
486 2520 563 2593 illos
589 2522 755 2593 convenit.
782 2519 962 2593 Lutberani
973 2544 1048 2594 cum
1071 2545 1178 2620 panca
1206 2523 1369 2618 quaedam
1394 2547 1441 2597 ex
1467 2527 1616 2621 antiqui-

268 2641 331 2712 tatis
358 2640 578 2710 veneratione
607 2639 838 2728 retinuissent,
878 2640 1029 2733 quacwb
1070 2641 1249 2735 praecipua
1291 2639 1520 2731 sustuhssent,
1562 2643 1617 2715 alii

264 2756 405 2850 ponens,
432 2764 467 2827 ut
489 2752 670 2847 jactabant,
696 2752 943 2827 reionnationis
969 2764 1126 2844 autores,
1152 2755 1236 2828 baec
1262 2758 1361 2829 etiam
1386 2766 1422 2828 ut
1449 2763 1617 2855 supersti-

263 2873 374 2945 tionem
398 2870 582 2943 redolentia
608 2866 820 2961 sustulerunt,
848 2869 1087 2965 simplicitatem
1102 2870 1307 2962 affectantes,
1334 2895 1419 2967 quae
1445 2874 1524 2947 licet
1537 2873 1616 2949 nibiI

261 3000 386 3085 pmeter
410 2988 612 3077 munditiem,
639 2996 674 3058 et
697 2985 893 3060 modestiam
919 2985 1078 3077 baberet,
1103 2986 1221 3061 zelotis
1247 2988 1355 3060 multis
1381 2991 1515 3063 nimium
1541 2994 1617 3066 visa

262 3115 309 3178 est
332 3104 373 3178 ad
398 3105 598 3200 Papisticam
624 3102 761 3177 Missam
788 3102 960 3175 accedere.
1012 3102 1102 3176 Illinc
1128 3125 1213 3176 vero
1238 3106 1429 3177 tomentatis
1455 3108 1489 3177 in
1516 3127 1615 3179 com-

260 3221 406 3295 mutanda
439 3224 570 3317 penitus
604 3217 828 3293 Eucharistiae
860 3217 1053 3317 discipliua,
1088 3243 1163 3293 cum
1194 3222 1350 3316 primaria
1383 3243 1485 3294 causa
1517 3222 1617 3295 luerit

256 3360 364 3411 novae
394 3337 471 3411 fidei
502 3335 719 3429 introductio,
754 3359 852 3432 quam
884 3338 975 3408 initio
1007 3334 1270 3409 Reformationis
1311 3339 1346 3408 in
1380 3339 1546 3434 primitiva
1583 3348 1617 3412 et

254 3453 381 3528 florenti
405 3453 559 3527 Ecclesia
591 3475 659 3525 non
684 3455 791 3527 micus
816 3452 965 3527 valuisse
991 3475 1089 3549 quam
1119 3456 1153 3525 in
1178 3452 1337 3525 hodierna
1363 3453 1615 3548 pertendebant,

253 3581 421 3644 contemta
452 3569 587 3643 Patrem
619 3572 816 3661 autoritate,
854 3578 888 3641 at
922 3569 1117 3644 secundaria
1151 3568 1392 3664 quodammodo
1427 3569 1488 3643 iuit
1523 3574 1615 3644 anti-

249 3709 391 3783 qnorum
421 3690 541 3759 rituum
570 3687 772 3781 ignorantia,
800 3708 886 3781 quae
921 3685 1113 3759 calamitoso
1149 3684 1205 3759 illo
1238 3685 1393 3776 saeculo,
1427 3696 1462 3758 et
1492 3710 1615 3782 magna

249 3807 337 3876 inter
364 3824 480 3877 ornnes
498 3800 703 3895 Theologos,
718 3811 753 3877 et
769 3804 803 3874 in
820 3800 1110 3875 Reformatoribus
1137 3825 1262 3876 summa
1288 3801 1358 3875 luit.
1386 3801 1511 3877 Omnes
1527 3810 1614 3879 enirn

247 3926 333 3995 ritrrs
360 3942 444 4019 quos
471 3918 655 3993 abolendos
681 3927 874 4010 statuerunt,
900 3929 1053 4014 mauram
1079 3921 1215 3991 invema
1240 3918 1413 3992 Romanae
1439 3919 1614 3995 Ecclesiae

247 4039 367 4112 baberi
383 4038 572 4127 voluerunt,
597 4038 706 4129 ignari
731 4038 794 4109 vix
808 4034 909 4108 ullum
934 4056 1012 4107 esse
1038 4037 1094 4131 qui
1120 4058 1139 4108 a
1166 4036 1280 4133 primis
1307 4034 1463 4129 saeouh‘s,
1489 4047 1523 4109 et
1541 4045 1612 4110 toto

251 4158 380 4253 passim
406 4153 553 4242 Oriente,
579 4160 733 4249 receptus
759 4174 827 4226 non
852 4150 980 4225 luisset

354 4270 590 4343 Intellexerunt
625 4291 708 4343 saue
738 4292 784 4341 ex
818 4266 935 4342 rihbus
964 4271 1011 4341 ita
1044 4267 1236 4342 elucescere
1267 4277 1422 4343 veterem
1455 4269 1496 4341 de
1530 4269 1612 4342 reali

251 4376 524 4461 hansmdtatione
550 4385 744 4476 doctrinam,
770 4397 807 4460 ut
832 4389 862 4459 si
888 4395 1120 4479 servarentur,
1146 4385 1329 4458 uerendum
1354 4385 1473 4459 fulsset
1496 4408 1540 4457 ne
1566 4406 1613 4457 ex

253 4503 316 4577 illle
348 4504 571 4576 revivisceret
601 4505 733 4598 aubqua
765 4503 868 4595 fides,
899 4501 973 4576 solo
1006 4505 1215 4575 inveteratae
1241 4501 1485 4578 consuetudinis
1511 4504 1613 4574 testi-

254 4623 375 4712 monio,
403 4618 490 4714 qarod
516 4621 651 4693 cavisse
676 4619 840 4710 videntur,
868 4622 924 4714 qui
948 4622 1160 4693 reverentiae
1190 4640 1292 4691 causa
1318 4640 1461 4711 genuum
1486 4614 1612 4690 flexio-

254 4760 329 4809 nem
364 4735 407 4808 ad
439 4738 676 4809 communionis
709 4739 952 4834 susceptIonem
985 4737 1176 4825 retinentes,
1210 4745 1407 4809 monuenmt
1439 4734 1535 4807 sImul
1568 4756 1613 4807 ne

255 4853 296 4925 de
321 4851 488 4924 adoranda
513 4850 718 4926 Eucharistia
744 4856 957 4946 cogitaretur.
990 4851 1042 4924 Ea
1057 4860 1168 4923 tamen
1184 4850 1359 4923 admonitio
1374 4854 1517 4948 purioris
1533 4850 1612 4923 Re-

254 4968 460 5042 formationis
491 4966 739 5065 professoribus
764 4973 846 5043 tanti
871 4971 946 5043 visa
972 4989 1038 5041 non
1064 4978 1136 5058 est,
1166 4975 1203 5038 ut
1235 4989 1277 5039 ea
1310 4970 1454 5042 contenti
1478 4967 1611 5060 luerint,

256 5087 314 5161 sed
340 5108 484 5182 genuum
517 5084 713 5178 flexionem,
749 5095 785 5160 et
815 5085 880 5160 alia
912 5108 1018 5183 prope
1053 5086 1163 5160 omnia
1192 5082 1299 5160 cultus
1331 5085 1481 5179 rebgiosi
1513 5088 1610 5178 signa

1653 1719 1726 1772 Ritus
1735 1733 1823 1771 ornnes
1834 1717 1939 1771 Eucha-

1629 1807 1730 1859 ristiooc
1747 1804 1939 1858 Reformatorem

1629 1892 1807 1945 aboleverunt

1660 4274 1699 4327 lle
1713 4277 1843 4347 antiquam
1860 4277 1935 4332 fldem

1626 4377 1652 4413 m
1662 4365 1809 4417 memoriam
1823 4381 1937 4419 revoca·

1625 4456 1690 4501 rent
