<?xml version="1.0" encoding="UTF-8"?>
<!DOCTYPE html PUBLIC "-//W3C//DTD XHTML 1.0 Transitional//EN"
    "http://www.w3.org/TR/xhtml1/DTD/xhtml1-transitional.dtd">
<html xmlns="http://www.w3.org/1999/xhtml" xml:lang="en" lang="en">
 <head>
  <title>
</title>
<meta http-equiv="Content-Type" content="text/html;charset=utf-8" />
  <meta name='ocr-system' content='tesseract 3.04.00' />
  <meta name='ocr-capabilities' content='ocr_page ocr_carea ocr_par ocr_line ocrx_word'/>
</head>
<body>
  <div class='ocr_page' id='page_1' title='image "./liturgiarumorie00unkngoog/liturgiarumorie00unkngoog_1087.png"; bbox 0 0 4525 6034; ppageno 0'>
   <div class='ocr_carea' id='block_1_1' title="bbox 434 594 1603 675">
    <p class='ocr_par' dir='ltr' id='par_1_1' title="bbox 434 594 1603 675">
     <span class='ocr_line' id='line_1_1' title="bbox 434 594 1603 675; baseline 0 -5"><span class='ocrx_word' id='word_1_1' title='bbox 434 595 547 671; x_wconf 81' lang='lat' dir='ltr'><strong>Bllhll</strong></span> <span class='ocrx_word' id='word_1_2' title='bbox 572 594 710 673; x_wconf 79' lang='lat' dir='ltr'><strong>tndem</strong></span> <span class='ocrx_word' id='word_1_3' title='bbox 735 595 975 675; x_wconf 69' lang='lat' dir='ltr'><strong>tutamentis</strong></span> <span class='ocrx_word' id='word_1_4' title='bbox 1001 594 1173 674; x_wconf 85' lang='lat' dir='ltr'><strong>EPlSCOPl</strong></span> <span class='ocrx_word' id='word_1_5' title='bbox 1197 595 1388 674; x_wconf 74' lang='lat' dir='ltr'><strong>toussani.</strong></span> <span class='ocrx_word' id='word_1_6' title='bbox 1526 598 1603 673; x_wconf 73' lang='lat' dir='ltr'><strong>dit</strong></span> 
     </span>
    </p>
   </div>
   <div class='ocr_carea' id='block_1_2' title="bbox 97 781 1603 2487">
    <p class='ocr_par' dir='ltr' id='par_1_2' title="bbox 222 781 1600 876">
     <span class='ocr_line' id='line_1_2' title="bbox 222 781 1600 876; baseline 0.001 -22"><span class='ocrx_word' id='word_1_7' title='bbox 222 781 456 868; x_wconf 87' lang='lat' dir='ltr'><strong>involuntarie,</strong></span> <span class='ocrx_word' id='word_1_8' title='bbox 484 783 629 853; x_wconf 73' lang='lat' dir='ltr'><strong>scienter</strong></span> <span class='ocrx_word' id='word_1_9' title='bbox 656 791 712 855; x_wconf 87' lang='lat' dir='ltr'><strong>aut</strong></span> <span class='ocrx_word' id='word_1_10' title='bbox 737 785 933 875; x_wconf 77' lang='lat' dir='ltr'><strong>ignoranter</strong></span> <span class='ocrx_word' id='word_1_11' title='bbox 959 783 1196 870; x_wconf 77' lang='lat' dir='ltr'><strong>commisimus,</strong></span> <span class='ocrx_word' id='word_1_12' title='bbox 1222 804 1333 876; x_wconf 85' lang='lat' dir='ltr'><strong>neque</strong></span> <span class='ocrx_word' id='word_1_13' title='bbox 1358 782 1502 873; x_wconf 86' lang='lat' dir='ltr'><strong>rigidum</strong></span> <span class='ocrx_word' id='word_1_14' title='bbox 1528 805 1600 856; x_wconf 85' lang='lat' dir='ltr'><strong>no-</strong></span> 
     </span>
    </p>

    <p class='ocr_par' dir='ltr' id='par_1_3' title="bbox 223 896 1603 993">
     <span class='ocr_line' id='line_1_3' title="bbox 223 896 1603 993; baseline 0.001 -24"><span class='ocrx_word' id='word_1_15' title='bbox 223 896 352 970; x_wconf 87' lang='lat' dir='ltr'><strong>biscum</strong></span> <span class='ocrx_word' id='word_1_16' title='bbox 379 919 524 969; x_wconf 84' lang='lat' dir='ltr'><strong>examen</strong></span> <span class='ocrx_word' id='word_1_17' title='bbox 554 899 718 987; x_wconf 72' lang='lat' dir='ltr'><strong>instituas,</strong></span> <span class='ocrx_word' id='word_1_18' title='bbox 750 897 883 993; x_wconf 86' lang='lat' dir='ltr'><strong>qnando</strong></span> <span class='ocrx_word' id='word_1_19' title='bbox 910 898 1070 971; x_wconf 90' lang='lat' dir='ltr'><strong>stabimus</strong></span> <span class='ocrx_word' id='word_1_20' title='bbox 1097 920 1213 969; x_wconf 89' lang='lat' dir='ltr'><strong>coram</strong></span> <span class='ocrx_word' id='word_1_21' title='bbox 1240 897 1325 969; x_wconf 89' lang='lat' dir='ltr'><strong>solio</strong></span> <span class='ocrx_word' id='word_1_22' title='bbox 1359 898 1531 970; x_wconf 86' lang='lat' dir='ltr'><strong>tremendo</strong></span> <span class='ocrx_word' id='word_1_23' title='bbox 1568 909 1603 972; x_wconf 89' lang='lat' dir='ltr'><strong>et</strong></span> 
     </span>
    </p>

    <p class='ocr_par' dir='ltr' id='par_1_4' title="bbox 222 1011 1601 1105">
     <span class='ocr_line' id='line_1_4' title="bbox 222 1011 1601 1105; baseline 0.001 -20"><span class='ocrx_word' id='word_1_24' title='bbox 222 1011 369 1085; x_wconf 87' lang='lat' dir='ltr'><strong>timendo</strong></span> <span class='ocrx_word' id='word_1_25' title='bbox 395 1015 580 1105; x_wconf 85' lang='lat' dir='ltr'><strong>majestatis</strong></span> <span class='ocrx_word' id='word_1_26' title='bbox 606 1011 738 1104; x_wconf 88' lang='lat' dir='ltr'><strong>gloriae</strong></span> <span class='ocrx_word' id='word_1_27' title='bbox 770 1024 862 1100; x_wconf 86' lang='lat' dir='ltr'><strong>tuae,</strong></span> <span class='ocrx_word' id='word_1_28' title='bbox 897 1015 1058 1103; x_wconf 89' lang='lat' dir='ltr'><strong>Domine,</strong></span> <span class='ocrx_word' id='word_1_29' title='bbox 1092 1013 1154 1085; x_wconf 84' lang='lat' dir='ltr'><strong>sed</strong></span> <span class='ocrx_word' id='word_1_30' title='bbox 1187 1012 1368 1085; x_wconf 90' lang='lat' dir='ltr'><strong>secundum</strong></span> <span class='ocrx_word' id='word_1_31' title='bbox 1400 1016 1601 1087; x_wconf 84' lang='lat' dir='ltr'><strong>misericor-</strong></span> 
     </span>
    </p>

    <p class='ocr_par' dir='ltr' id='par_1_5' title="bbox 224 1127 1601 1224">
     <span class='ocr_line' id='line_1_5' title="bbox 224 1127 1601 1224; baseline 0.001 -25"><span class='ocrx_word' id='word_1_32' title='bbox 224 1127 322 1215; x_wconf 83' lang='lat' dir='ltr'><strong>diam,</strong></span> <span class='ocrx_word' id='word_1_33' title='bbox 350 1130 506 1219; x_wconf 79' lang='lat' dir='ltr'><strong>gratiam,</strong></span> <span class='ocrx_word' id='word_1_34' title='bbox 534 1138 568 1200; x_wconf 90' lang='lat' dir='ltr'><strong>et</strong></span> <span class='ocrx_word' id='word_1_35' title='bbox 596 1128 806 1200; x_wconf 88' lang='lat' dir='ltr'><strong>clementiam</strong></span> <span class='ocrx_word' id='word_1_36' title='bbox 831 1151 897 1220; x_wconf 89' lang='lat' dir='ltr'><strong>age</strong></span> <span class='ocrx_word' id='word_1_37' title='bbox 923 1129 1116 1201; x_wconf 90' lang='lat' dir='ltr'><strong>nobiscum:</strong></span> <span class='ocrx_word' id='word_1_38' title='bbox 1144 1151 1255 1224; x_wconf 87' lang='lat' dir='ltr'><strong>neque</strong></span> <span class='ocrx_word' id='word_1_39' title='bbox 1270 1128 1434 1202; x_wconf 88' lang='lat' dir='ltr'><strong>laetentur</strong></span> <span class='ocrx_word' id='word_1_40' title='bbox 1461 1129 1504 1202; x_wconf 90' lang='lat' dir='ltr'><strong>de</strong></span> <span class='ocrx_word' id='word_1_41' title='bbox 1530 1152 1601 1202; x_wconf 94' lang='lat' dir='ltr'><strong>no-</strong></span> 
     </span>
    </p>

    <p class='ocr_par' dir='ltr' id='par_1_6' title="bbox 224 1242 1602 1341">
     <span class='ocr_line' id='line_1_6' title="bbox 224 1242 1602 1341; baseline -0.001 -26"><span class='ocrx_word' id='word_1_42' title='bbox 224 1242 277 1315; x_wconf 91' lang='lat' dir='ltr'><strong>bis</strong></span> <span class='ocrx_word' id='word_1_43' title='bbox 303 1246 425 1315; x_wconf 89' lang='lat' dir='ltr'><strong>inimici</strong></span> <span class='ocrx_word' id='word_1_44' title='bbox 460 1248 588 1332; x_wconf 88' lang='lat' dir='ltr'><strong>nostri,</strong></span> <span class='ocrx_word' id='word_1_45' title='bbox 624 1254 680 1316; x_wconf 87' lang='lat' dir='ltr'><strong>aut</strong></span> <span class='ocrx_word' id='word_1_46' title='bbox 713 1243 864 1315; x_wconf 80' lang='lat' dir='ltr'><strong>exrdtent</strong></span> <span class='ocrx_word' id='word_1_47' title='bbox 898 1244 941 1315; x_wconf 98' lang='lat' dir='ltr'><strong>de</strong></span> <span class='ocrx_word' id='word_1_48' title='bbox 974 1243 1160 1341; x_wconf 72' lang='lat' dir='ltr'><strong>perditione</strong></span> <span class='ocrx_word' id='word_1_49' title='bbox 1191 1255 1323 1318; x_wconf 90' lang='lat' dir='ltr'><strong>nostra:</strong></span> <span class='ocrx_word' id='word_1_50' title='bbox 1359 1264 1469 1338; x_wconf 86' lang='lat' dir='ltr'><strong>neque</strong></span> <span class='ocrx_word' id='word_1_51' title='bbox 1502 1246 1602 1316; x_wconf 90' lang='lat' dir='ltr'><strong>alieni</strong></span> 
     </span>
    </p>

    <p class='ocr_par' dir='ltr' id='par_1_7' title="bbox 225 1357 1601 1454">
     <span class='ocr_line' id='line_1_7' title="bbox 225 1357 1601 1454; baseline 0.002 -24"><span class='ocrx_word' id='word_1_52' title='bbox 225 1360 329 1430; x_wconf 73' lang='lat' dir='ltr'><strong>sinum</strong></span> <span class='ocrx_word' id='word_1_53' title='bbox 356 1381 376 1430; x_wconf 92' lang='lat' dir='ltr'><strong>a</strong></span> <span class='ocrx_word' id='word_1_54' title='bbox 403 1357 529 1429; x_wconf 90' lang='lat' dir='ltr'><strong>deliciis</strong></span> <span class='ocrx_word' id='word_1_55' title='bbox 564 1360 779 1453; x_wconf 86' lang='lat' dir='ltr'><strong>optatissimis</strong></span> <span class='ocrx_word' id='word_1_56' title='bbox 812 1363 910 1450; x_wconf 92' lang='lat' dir='ltr'><strong>regni</strong></span> <span class='ocrx_word' id='word_1_57' title='bbox 945 1364 1005 1432; x_wconf 89' lang='lat' dir='ltr'><strong>tui:</strong></span> <span class='ocrx_word' id='word_1_58' title='bbox 1038 1381 1149 1454; x_wconf 88' lang='lat' dir='ltr'><strong>neque</strong></span> <span class='ocrx_word' id='word_1_59' title='bbox 1182 1381 1357 1434; x_wconf 86' lang='lat' dir='ltr'><strong>careamus</strong></span> <span class='ocrx_word' id='word_1_60' title='bbox 1392 1357 1510 1433; x_wconf 86' lang='lat' dir='ltr'><strong>fiducia</strong></span> <span class='ocrx_word' id='word_1_61' title='bbox 1545 1359 1601 1433; x_wconf 88' lang='lat' dir='ltr'><strong>illa</strong></span> 
     </span>
    </p>

    <p class='ocr_par' dir='ltr' id='par_1_8' title="bbox 224 1470 1600 1568">
     <span class='ocr_line' id='line_1_8' title="bbox 224 1470 1600 1568; baseline 0.001 -24"><span class='ocrx_word' id='word_1_62' title='bbox 224 1471 367 1544; x_wconf 87' lang='lat' dir='ltr'><strong>iiliomm</strong></span> <span class='ocrx_word' id='word_1_63' title='bbox 394 1495 491 1566; x_wconf 82' lang='lat' dir='ltr'><strong>qurum</strong></span> <span class='ocrx_word' id='word_1_64' title='bbox 518 1470 644 1545; x_wconf 85' lang='lat' dir='ltr'><strong>babent</strong></span> <span class='ocrx_word' id='word_1_65' title='bbox 676 1496 790 1545; x_wconf 91' lang='lat' dir='ltr'><strong>coram</strong></span> <span class='ocrx_word' id='word_1_66' title='bbox 823 1484 857 1545; x_wconf 91' lang='lat' dir='ltr'><strong>te</strong></span> <span class='ocrx_word' id='word_1_67' title='bbox 891 1496 1007 1547; x_wconf 90' lang='lat' dir='ltr'><strong>omnes</strong></span> <span class='ocrx_word' id='word_1_68' title='bbox 1035 1478 1090 1568; x_wconf 90' lang='lat' dir='ltr'><strong>qui</strong></span> <span class='ocrx_word' id='word_1_69' title='bbox 1116 1474 1241 1550; x_wconf 86' lang='lat' dir='ltr'><strong>iaciunt</strong></span> <span class='ocrx_word' id='word_1_70' title='bbox 1266 1473 1472 1547; x_wconf 87' lang='lat' dir='ltr'><strong>voluntatem</strong></span> <span class='ocrx_word' id='word_1_71' title='bbox 1500 1486 1600 1564; x_wconf 91' lang='lat' dir='ltr'><strong>tuam,</strong></span> 
     </span>
    </p>

    <p class='ocr_par' dir='ltr' id='par_1_9' title="bbox 224 1586 1603 1681">
     <span class='ocr_line' id='line_1_9' title="bbox 224 1586 1603 1681; baseline 0.004 -24"><span class='ocrx_word' id='word_1_72' title='bbox 224 1589 321 1657; x_wconf 93' lang='lat' dir='ltr'><strong>utin</strong></span> <span class='ocrx_word' id='word_1_73' title='bbox 348 1586 426 1676; x_wconf 92' lang='lat' dir='ltr'><strong>hoc,</strong></span> <span class='ocrx_word' id='word_1_74' title='bbox 453 1590 538 1660; x_wconf 91' lang='lat' dir='ltr'><strong>sicut</strong></span> <span class='ocrx_word' id='word_1_75' title='bbox 563 1598 598 1659; x_wconf 92' lang='lat' dir='ltr'><strong>et</strong></span> <span class='ocrx_word' id='word_1_76' title='bbox 624 1590 656 1658; x_wconf 94' lang='lat' dir='ltr'><strong>in</strong></span> <span class='ocrx_word' id='word_1_77' title='bbox 685 1588 857 1679; x_wconf 88' lang='lat' dir='ltr'><strong>omnibns,</strong></span> <span class='ocrx_word' id='word_1_78' title='bbox 884 1590 1106 1681; x_wconf 83' lang='lat' dir='ltr'><strong>glorificetur,</strong></span> <span class='ocrx_word' id='word_1_79' title='bbox 1131 1590 1303 1680; x_wconf 90' lang='lat' dir='ltr'><strong>landetur,</strong></span> <span class='ocrx_word' id='word_1_80' title='bbox 1335 1590 1536 1681; x_wconf 90' lang='lat' dir='ltr'><strong>honoretur,</strong></span> <span class='ocrx_word' id='word_1_81' title='bbox 1568 1602 1603 1663; x_wconf 92' lang='lat' dir='ltr'><strong>et</strong></span> 
     </span>
    </p>

    <p class='ocr_par' dir='ltr' id='par_1_10' title="bbox 225 1702 1601 1912">
     <span class='ocr_line' id='line_1_10' title="bbox 226 1702 1601 1800; baseline 0.004 -28"><span class='ocrx_word' id='word_1_82' title='bbox 226 1702 394 1773; x_wconf 84' lang='lat' dir='ltr'><strong>exaltetur</strong></span> <span class='ocrx_word' id='word_1_83' title='bbox 419 1724 541 1774; x_wconf 90' lang='lat' dir='ltr'><strong>nomen</strong></span> <span class='ocrx_word' id='word_1_84' title='bbox 558 1713 648 1775; x_wconf 83' lang='lat' dir='ltr'><strong>mum</strong></span> <span class='ocrx_word' id='word_1_85' title='bbox 663 1702 886 1793; x_wconf 86' lang='lat' dir='ltr'><strong>benedictum,</strong></span> <span class='ocrx_word' id='word_1_86' title='bbox 913 1704 1076 1800; x_wconf 84' lang='lat' dir='ltr'><strong>simulque</strong></span> <span class='ocrx_word' id='word_1_87' title='bbox 1090 1705 1224 1777; x_wconf 89' lang='lat' dir='ltr'><strong>Domini</strong></span> <span class='ocrx_word' id='word_1_88' title='bbox 1248 1708 1356 1777; x_wconf 88' lang='lat' dir='ltr'><strong>nostri</strong></span> <span class='ocrx_word' id='word_1_89' title='bbox 1381 1705 1463 1777; x_wconf 85' lang='lat' dir='ltr'><strong>lesu</strong></span> <span class='ocrx_word' id='word_1_90' title='bbox 1477 1704 1601 1779; x_wconf 83' lang='lat' dir='ltr'><strong>Christi</strong></span> 
     </span>
     <span class='ocr_line' id='line_1_11' title="bbox 225 1815 646 1912; baseline 0 -24"><span class='ocrx_word' id='word_1_91' title='bbox 225 1827 260 1888; x_wconf 90' lang='lat' dir='ltr'><strong>et</strong></span> <span class='ocrx_word' id='word_1_92' title='bbox 286 1815 430 1912; x_wconf 79' lang='lat' dir='ltr'><strong>Spiritus</strong></span> <span class='ocrx_word' id='word_1_93' title='bbox 456 1821 503 1890; x_wconf 92' lang='lat' dir='ltr'><strong>tui</strong></span> <span class='ocrx_word' id='word_1_94' title='bbox 530 1821 646 1890; x_wconf 88' lang='lat' dir='ltr'><strong>saneti.</strong></span> 
     </span>
    </p>

    <p class='ocr_par' dir='ltr' id='par_1_11' title="bbox 97 1931 689 2026">
     <span class='ocr_line' id='line_1_12' title="bbox 97 1931 689 2026; baseline 0.002 -25"><span class='ocrx_word' id='word_1_95' title='bbox 97 1935 102 1944; x_wconf 93' lang='lat'>&#39;</span> <span class='ocrx_word' id='word_1_96' title='bbox 328 1933 490 2026; x_wconf 77' lang='lat' dir='ltr'><strong>Populus.</strong></span> <span class='ocrx_word' id='word_1_97' title='bbox 544 1931 600 2022; x_wconf 89' lang='lat' dir='ltr'><strong>Ut,</strong></span> <span class='ocrx_word' id='word_1_98' title='bbox 626 1943 689 2006; x_wconf 88' lang='lat' dir='ltr'><strong>etc.</strong></span> 
     </span>
    </p>

    <p class='ocr_par' dir='ltr' id='par_1_12' title="bbox 328 2039 739 2120">
     <span class='ocr_line' id='line_1_13' title="bbox 328 2039 739 2120; baseline 0.002 -1"><span class='ocrx_word' id='word_1_99' title='bbox 328 2046 514 2120; x_wconf 76' lang='lat' dir='ltr'><strong>Sacerdos.</strong></span> <span class='ocrx_word' id='word_1_100' title='bbox 567 2047 652 2120; x_wconf 83' lang='lat' dir='ltr'><strong>Pax.</strong></span> <span class='ocrx_word' id='word_1_101' title='bbox 734 2039 739 2048; x_wconf 74' lang='grc'><strong>’</strong></span> 
     </span>
    </p>

    <p class='ocr_par' dir='ltr' id='par_1_13' title="bbox 329 2162 914 2257">
     <span class='ocr_line' id='line_1_14' title="bbox 329 2162 914 2257; baseline 0 -25"><span class='ocrx_word' id='word_1_102' title='bbox 329 2162 491 2256; x_wconf 69' lang='lat' dir='ltr'><strong>Populus.</strong></span> <span class='ocrx_word' id='word_1_103' title='bbox 532 2162 676 2236; x_wconf 83' lang='lat' dir='ltr'><strong>Etcum</strong></span> <span class='ocrx_word' id='word_1_104' title='bbox 705 2164 821 2257; x_wconf 86' lang='lat' dir='ltr'><strong>spiritu</strong></span> <span class='ocrx_word' id='word_1_105' title='bbox 848 2173 914 2234; x_wconf 91' lang='lat' dir='ltr'><strong>tuo.</strong></span> 
     </span>
    </p>

    <p class='ocr_par' dir='ltr' id='par_1_14' title="bbox 329 2276 1012 2351">
     <span class='ocr_line' id='line_1_15' title="bbox 329 2276 1012 2351; baseline -0.003 -2"><span class='ocrx_word' id='word_1_106' title='bbox 329 2277 513 2349; x_wconf 73' lang='lat' dir='ltr'><strong>Sacerdos.</strong></span> <span class='ocrx_word' id='word_1_107' title='bbox 567 2276 822 2350; x_wconf 74' lang='lat' dir='ltr'><strong>Misericordiae</strong></span> <span class='ocrx_word' id='word_1_108' title='bbox 847 2277 915 2348; x_wconf 92' lang='lat' dir='ltr'><strong>Dei</strong></span> <span class='ocrx_word' id='word_1_109' title='bbox 938 2279 1012 2351; x_wconf 88' lang='lat' dir='ltr'><strong>sint.</strong></span> 
     </span>
    </p>

    <p class='ocr_par' dir='ltr' id='par_1_15' title="bbox 328 2392 971 2487">
     <span class='ocr_line' id='line_1_16' title="bbox 328 2392 971 2487; baseline -0.002 -25"><span class='ocrx_word' id='word_1_110' title='bbox 328 2392 518 2464; x_wconf 72' lang='lat' dir='ltr'><strong>Diaconos.</strong></span> <span class='ocrx_word' id='word_1_111' title='bbox 570 2394 693 2466; x_wconf 84' lang='lat' dir='ltr'><strong>lteram</strong></span> <span class='ocrx_word' id='word_1_112' title='bbox 720 2402 819 2487; x_wconf 75' lang='lat' dir='ltr'><strong>atque</strong></span> <span class='ocrx_word' id='word_1_113' title='bbox 844 2394 971 2465; x_wconf 87' lang='lat' dir='ltr'><strong>iterum.</strong></span> 
     </span>
    </p>
   </div>
   <div class='ocr_carea' id='block_1_3' title="bbox 252 2681 1574 2778">
    <p class='ocr_par' dir='ltr' id='par_1_16' title="bbox 252 2681 1574 2778">
     <span class='ocr_line' id='line_1_17' title="bbox 252 2681 1574 2778; baseline 0.002 -26"><span class='ocrx_word' id='word_1_114' title='bbox 252 2681 428 2754; x_wconf 78' lang='lat' dir='ltr'><strong>Sacerdos</strong></span> <span class='ocrx_word' id='word_1_115' title='bbox 439 2685 574 2778; x_wconf 79' lang='lat' dir='ltr'><strong>frmrpit</strong></span> <span class='ocrx_word' id='word_1_116' title='bbox 595 2689 630 2755; x_wconf 88' lang='lat' dir='ltr'><strong>et</strong></span> <span class='ocrx_word' id='word_1_117' title='bbox 647 2686 770 2777; x_wconf 57' lang='lat' dir='ltr'><strong>epact.</strong></span> <span class='ocrx_word' id='word_1_118' title='bbox 803 2684 890 2754; x_wconf 76' lang='lat' dir='ltr'><strong>Mon</strong></span> <span class='ocrx_word' id='word_1_119' title='bbox 907 2682 1211 2753; x_wconf 77' lang='lat' dir='ltr'><strong>dicit&#39;Orotionem</strong></span> <span class='ocrx_word' id='word_1_120' title='bbox 1230 2689 1311 2753; x_wconf 84' lang='lat' dir='ltr'><strong>onte</strong></span> <span class='ocrx_word' id='word_1_121' title='bbox 1331 2684 1434 2756; x_wconf 91' lang='lat' dir='ltr'><strong>Pater</strong></span> <span class='ocrx_word' id='word_1_122' title='bbox 1448 2694 1574 2758; x_wconf 91' lang='lat' dir='ltr'><strong>noster.</strong></span> 
     </span>
    </p>
   </div>
   <div class='ocr_carea' id='block_1_4' title="bbox 199 2885 1607 5166">
    <p class='ocr_par' dir='ltr' id='par_1_17' title="bbox 199 2885 1605 4591">
     <span class='ocr_line' id='line_1_18' title="bbox 329 2885 1600 2977; baseline 0.004 -21"><span class='ocrx_word' id='word_1_123' title='bbox 329 2885 502 2977; x_wconf 85' lang='lat' dir='ltr'><strong>Existens,</strong></span> <span class='ocrx_word' id='word_1_124' title='bbox 530 2896 679 2976; x_wconf 89' lang='lat' dir='ltr'><strong>aeterne,</strong></span> <span class='ocrx_word' id='word_1_125' title='bbox 705 2889 806 2960; x_wconf 90' lang='lat' dir='ltr'><strong>Pater</strong></span> <span class='ocrx_word' id='word_1_126' title='bbox 833 2899 950 2960; x_wconf 90' lang='lat' dir='ltr'><strong>sancte</strong></span> <span class='ocrx_word' id='word_1_127' title='bbox 976 2886 1051 2958; x_wconf 88' lang='lat' dir='ltr'><strong>Filii</strong></span> <span class='ocrx_word' id='word_1_128' title='bbox 1071 2890 1210 2975; x_wconf 89' lang='lat' dir='ltr'><strong>aeterni,</strong></span> <span class='ocrx_word' id='word_1_129' title='bbox 1238 2897 1272 2959; x_wconf 90' lang='lat' dir='ltr'><strong>et</strong></span> <span class='ocrx_word' id='word_1_130' title='bbox 1298 2892 1420 2961; x_wconf 87' lang='lat' dir='ltr'><strong>sancti:</strong></span> <span class='ocrx_word' id='word_1_131' title='bbox 1447 2887 1600 2961; x_wconf 85' lang='lat' dir='ltr'><strong>abscon-</strong></span> 
     </span>
     <span class='ocr_line' id='line_1_19' title="bbox 228 3000 1602 3096; baseline 0.001 -23"><span class='ocrx_word' id='word_1_132' title='bbox 228 3002 294 3073; x_wconf 92' lang='lat' dir='ltr'><strong>dite</strong></span> <span class='ocrx_word' id='word_1_133' title='bbox 320 3024 385 3073; x_wconf 88' lang='lat' dir='ltr'><strong>nec</strong></span> <span class='ocrx_word' id='word_1_134' title='bbox 419 3002 679 3095; x_wconf 85' lang='lat' dir='ltr'><strong>investigabilis:</strong></span> <span class='ocrx_word' id='word_1_135' title='bbox 712 3002 870 3092; x_wconf 83' lang='lat' dir='ltr'><strong>excelse,</strong></span> <span class='ocrx_word' id='word_1_136' title='bbox 903 3023 971 3073; x_wconf 92' lang='lat' dir='ltr'><strong>non</strong></span> <span class='ocrx_word' id='word_1_137' title='bbox 1004 3000 1330 3096; x_wconf 89' lang='lat' dir='ltr'><strong>comprehensibilis:</strong></span> <span class='ocrx_word' id='word_1_138' title='bbox 1366 3004 1534 3095; x_wconf 83' lang='lat' dir='ltr'><strong>gloriose,</strong></span> <span class='ocrx_word' id='word_1_139' title='bbox 1568 3015 1602 3076; x_wconf 94' lang='lat' dir='ltr'><strong>et</strong></span> 
     </span>
     <span class='ocr_line' id='line_1_20' title="bbox 227 3116 1601 3213; baseline 0.001 -25"><span class='ocrx_word' id='word_1_140' title='bbox 227 3140 324 3212; x_wconf 85' lang='lat' dir='ltr'><strong>quem</strong></span> <span class='ocrx_word' id='word_1_141' title='bbox 353 3120 488 3212; x_wconf 86' lang='lat' dir='ltr'><strong>assequi</strong></span> <span class='ocrx_word' id='word_1_142' title='bbox 515 3120 675 3210; x_wconf 84' lang='lat' dir='ltr'><strong>cogitatio</strong></span> <span class='ocrx_word' id='word_1_143' title='bbox 703 3139 770 3189; x_wconf 91' lang='lat' dir='ltr'><strong>non</strong></span> <span class='ocrx_word' id='word_1_144' title='bbox 796 3127 922 3213; x_wconf 87' lang='lat' dir='ltr'><strong>potest:</strong></span> <span class='ocrx_word' id='word_1_145' title='bbox 958 3126 1091 3190; x_wconf 90' lang='lat' dir='ltr'><strong>secrete</strong></span> <span class='ocrx_word' id='word_1_146' title='bbox 1118 3120 1175 3212; x_wconf 90' lang='lat' dir='ltr'><strong>qui</strong></span> <span class='ocrx_word' id='word_1_147' title='bbox 1201 3116 1363 3212; x_wconf 86' lang='lat' dir='ltr'><strong>explicari</strong></span> <span class='ocrx_word' id='word_1_148' title='bbox 1397 3140 1463 3189; x_wconf 92' lang='lat' dir='ltr'><strong>non</strong></span> <span class='ocrx_word' id='word_1_149' title='bbox 1490 3129 1601 3212; x_wconf 90' lang='lat' dir='ltr'><strong>potes,</strong></span> 
     </span>
     <span class='ocr_line' id='line_1_21' title="bbox 227 3231 1602 3328; baseline 0.001 -26"><span class='ocrx_word' id='word_1_150' title='bbox 227 3237 283 3327; x_wconf 87' lang='lat' dir='ltr'><strong>qni</strong></span> <span class='ocrx_word' id='word_1_151' title='bbox 309 3236 343 3303; x_wconf 90' lang='lat' dir='ltr'><strong>in</strong></span> <span class='ocrx_word' id='word_1_152' title='bbox 369 3231 489 3304; x_wconf 89' lang='lat' dir='ltr'><strong>ultimis</strong></span> <span class='ocrx_word' id='word_1_153' title='bbox 515 3233 633 3306; x_wconf 90' lang='lat' dir='ltr'><strong>diebus</strong></span> <span class='ocrx_word' id='word_1_154' title='bbox 661 3236 833 3327; x_wconf 89' lang='lat' dir='ltr'><strong>temporis,</strong></span> <span class='ocrx_word' id='word_1_155' title='bbox 861 3232 960 3305; x_wconf 93' lang='lat' dir='ltr'><strong>modo</strong></span> <span class='ocrx_word' id='word_1_156' title='bbox 976 3231 1216 3327; x_wconf 85' lang='lat' dir='ltr'><strong>inexplicabili,</strong></span> <span class='ocrx_word' id='word_1_157' title='bbox 1243 3254 1305 3327; x_wconf 90' lang='lat' dir='ltr'><strong>per</strong></span> <span class='ocrx_word' id='word_1_158' title='bbox 1320 3233 1602 3328; x_wconf 90' lang='lat' dir='ltr'><strong>dispensationem</strong></span> 
     </span>
     <span class='ocr_line' id='line_1_22' title="bbox 226 3345 1602 3443; baseline 0.002 -26"><span class='ocrx_word' id='word_1_159' title='bbox 226 3345 341 3418; x_wconf 88' lang='lat' dir='ltr'><strong>verbis</strong></span> <span class='ocrx_word' id='word_1_160' title='bbox 367 3347 635 3436; x_wconf 86' lang='lat' dir='ltr'><strong>inenarrabilem,</strong></span> <span class='ocrx_word' id='word_1_161' title='bbox 663 3357 697 3418; x_wconf 92' lang='lat' dir='ltr'><strong>et</strong></span> <span class='ocrx_word' id='word_1_162' title='bbox 722 3369 784 3443; x_wconf 92' lang='lat' dir='ltr'><strong>per</strong></span> <span class='ocrx_word' id='word_1_163' title='bbox 809 3351 1042 3421; x_wconf 85' lang='lat' dir='ltr'><strong>miserationes</strong></span> <span class='ocrx_word' id='word_1_164' title='bbox 1069 3347 1293 3420; x_wconf 88' lang='lat' dir='ltr'><strong>essentialiter</strong></span> <span class='ocrx_word' id='word_1_165' title='bbox 1318 3349 1376 3421; x_wconf 92' lang='lat' dir='ltr'><strong>tibi</strong></span> <span class='ocrx_word' id='word_1_166' title='bbox 1392 3354 1602 3442; x_wconf 85' lang='lat' dir='ltr'><strong>congenitas,</strong></span> 
     </span>
     <span class='ocr_line' id='line_1_23' title="bbox 227 3462 1601 3557; baseline 0.001 -25"><span class='ocrx_word' id='word_1_167' title='bbox 227 3485 356 3534; x_wconf 90' lang='lat' dir='ltr'><strong>summo</strong></span> <span class='ocrx_word' id='word_1_168' title='bbox 384 3466 417 3533; x_wconf 94' lang='lat' dir='ltr'><strong>in</strong></span> <span class='ocrx_word' id='word_1_169' title='bbox 444 3462 596 3535; x_wconf 91' lang='lat' dir='ltr'><strong>homines</strong></span> <span class='ocrx_word' id='word_1_170' title='bbox 624 3485 740 3534; x_wconf 91' lang='lat' dir='ltr'><strong>amore</strong></span> <span class='ocrx_word' id='word_1_171' title='bbox 766 3465 866 3554; x_wconf 88' lang='lat' dir='ltr'><strong>egisti</strong></span> <span class='ocrx_word' id='word_1_172' title='bbox 899 3484 983 3554; x_wconf 88' lang='lat' dir='ltr'><strong>erga</strong></span> <span class='ocrx_word' id='word_1_173' title='bbox 1009 3462 1202 3554; x_wconf 86' lang='lat' dir='ltr'><strong>figmentum</strong></span> <span class='ocrx_word' id='word_1_174' title='bbox 1236 3472 1346 3552; x_wconf 89' lang='lat' dir='ltr'><strong>tunm,</strong></span> <span class='ocrx_word' id='word_1_175' title='bbox 1381 3463 1470 3557; x_wconf 86' lang='lat' dir='ltr'><strong>quod</strong></span> <span class='ocrx_word' id='word_1_176' title='bbox 1502 3486 1601 3535; x_wconf 91' lang='lat' dir='ltr'><strong>mor-</strong></span> 
     </span>
     <span class='ocr_line' id='line_1_24' title="bbox 226 3576 1602 3673; baseline 0.001 -24"><span class='ocrx_word' id='word_1_177' title='bbox 226 3589 334 3666; x_wconf 88' lang='lat' dir='ltr'><strong>tuum,</strong></span> <span class='ocrx_word' id='word_1_178' title='bbox 369 3581 572 3673; x_wconf 85' lang='lat' dir='ltr'><strong>corruptioni</strong></span> <span class='ocrx_word' id='word_1_179' title='bbox 607 3576 821 3670; x_wconf 88' lang='lat' dir='ltr'><strong>subjacebat:</strong></span> <span class='ocrx_word' id='word_1_180' title='bbox 855 3580 1028 3673; x_wconf 90' lang='lat' dir='ltr'><strong>ipsumque</strong></span> <span class='ocrx_word' id='word_1_181' title='bbox 1060 3576 1212 3650; x_wconf 90' lang='lat' dir='ltr'><strong>Verbum</strong></span> <span class='ocrx_word' id='word_1_182' title='bbox 1236 3576 1357 3649; x_wconf 84' lang='lat' dir='ltr'><strong>Filium</strong></span> <span class='ocrx_word' id='word_1_183' title='bbox 1384 3589 1495 3666; x_wconf 91' lang='lat' dir='ltr'><strong>tuum,</strong></span> <span class='ocrx_word' id='word_1_184' title='bbox 1521 3580 1602 3651; x_wconf 92' lang='lat' dir='ltr'><strong>Do-</strong></span> 
     </span>
     <span class='ocr_line' id='line_1_25' title="bbox 226 3691 1603 3766; baseline 0.001 -4"><span class='ocrx_word' id='word_1_185' title='bbox 226 3694 349 3762; x_wconf 91' lang='lat' dir='ltr'><strong>minum</strong></span> <span class='ocrx_word' id='word_1_186' title='bbox 382 3703 416 3764; x_wconf 93' lang='lat' dir='ltr'><strong>et</strong></span> <span class='ocrx_word' id='word_1_187' title='bbox 443 3692 658 3766; x_wconf 88' lang='lat' dir='ltr'><strong>Salvatorem</strong></span> <span class='ocrx_word' id='word_1_188' title='bbox 690 3703 841 3765; x_wconf 88' lang='lat' dir='ltr'><strong>nostrum</strong></span> <span class='ocrx_word' id='word_1_189' title='bbox 871 3693 989 3765; x_wconf 85' lang='lat' dir='ltr'><strong>desum</strong></span> <span class='ocrx_word' id='word_1_190' title='bbox 1024 3691 1190 3766; x_wconf 83' lang='lat' dir='ltr'><strong>Christum</strong></span> <span class='ocrx_word' id='word_1_191' title='bbox 1224 3695 1341 3764; x_wconf 90' lang='lat' dir='ltr'><strong>misisti</strong></span> <span class='ocrx_word' id='word_1_192' title='bbox 1377 3692 1419 3763; x_wconf 88' lang='lat' dir='ltr'><strong>ad</strong></span> <span class='ocrx_word' id='word_1_193' title='bbox 1452 3703 1603 3766; x_wconf 89' lang='lat' dir='ltr'><strong>nostrum</strong></span> 
     </span>
     <span class='ocr_line' id='line_1_26' title="bbox 227 3807 1603 3903; baseline 0 -25"><span class='ocrx_word' id='word_1_194' title='bbox 227 3807 405 3896; x_wconf 78' lang='lat' dir='ltr'><strong>auxihnm3</strong></span> <span class='ocrx_word' id='word_1_195' title='bbox 438 3811 494 3902; x_wconf 83' lang='lat' dir='ltr'><strong>qni</strong></span> <span class='ocrx_word' id='word_1_196' title='bbox 525 3809 633 3880; x_wconf 90' lang='lat' dir='ltr'><strong>omnia</strong></span> <span class='ocrx_word' id='word_1_197' title='bbox 667 3830 896 3903; x_wconf 81' lang='lat' dir='ltr'><strong>quaecumque</strong></span> <span class='ocrx_word' id='word_1_198' title='bbox 931 3808 975 3879; x_wconf 88' lang='lat' dir='ltr'><strong>ad</strong></span> <span class='ocrx_word' id='word_1_199' title='bbox 1010 3807 1277 3879; x_wconf 89' lang='lat' dir='ltr'><strong>emendationem</strong></span> <span class='ocrx_word' id='word_1_200' title='bbox 1318 3815 1466 3878; x_wconf 83' lang='lat' dir='ltr'><strong>nostram</strong></span> <span class='ocrx_word' id='word_1_201' title='bbox 1507 3817 1603 3879; x_wconf 87' lang='lat' dir='ltr'><strong>erant</strong></span> 
     </span>
     <span class='ocr_line' id='line_1_27' title="bbox 225 3921 1602 4019; baseline 0.001 -28"><span class='ocrx_word' id='word_1_202' title='bbox 225 3927 420 3994; x_wconf 86' lang='lat' dir='ltr'><strong>necessaria</strong></span> <span class='ocrx_word' id='word_1_203' title='bbox 447 3921 600 4018; x_wconf 79' lang='lat' dir='ltr'><strong>perfecit,</strong></span> <span class='ocrx_word' id='word_1_204' title='bbox 626 3944 756 4017; x_wconf 82' lang='lat' dir='ltr'><strong>nosque</strong></span> <span class='ocrx_word' id='word_1_205' title='bbox 782 3923 869 3995; x_wconf 88' lang='lat' dir='ltr'><strong>lilios</strong></span> <span class='ocrx_word' id='word_1_206' title='bbox 896 3934 972 3995; x_wconf 90' lang='lat' dir='ltr'><strong>tuos</strong></span> <span class='ocrx_word' id='word_1_207' title='bbox 999 3933 1034 3995; x_wconf 89' lang='lat' dir='ltr'><strong>ot</strong></span> <span class='ocrx_word' id='word_1_208' title='bbox 1058 3922 1181 3994; x_wconf 89' lang='lat' dir='ltr'><strong>iratres</strong></span> <span class='ocrx_word' id='word_1_209' title='bbox 1209 3942 1290 3995; x_wconf 89' lang='lat' dir='ltr'><strong>suos</strong></span> <span class='ocrx_word' id='word_1_210' title='bbox 1323 3926 1461 4011; x_wconf 88' lang='lat' dir='ltr'><strong>vocari,</strong></span> <span class='ocrx_word' id='word_1_211' title='bbox 1493 3944 1602 4019; x_wconf 89' lang='lat' dir='ltr'><strong>prae-</strong></span> 
     </span>
     <span class='ocr_line' id='line_1_28' title="bbox 227 4033 1604 4130; baseline -0.003 -22"><span class='ocrx_word' id='word_1_212' title='bbox 227 4047 320 4108; x_wconf 87' lang='lat' dir='ltr'><strong>stare</strong></span> <span class='ocrx_word' id='word_1_213' title='bbox 346 4036 501 4129; x_wconf 86' lang='lat' dir='ltr'><strong>dignatus</strong></span> <span class='ocrx_word' id='word_1_214' title='bbox 528 4046 601 4127; x_wconf 87' lang='lat' dir='ltr'><strong>est,</strong></span> <span class='ocrx_word' id='word_1_215' title='bbox 634 4041 880 4112; x_wconf 79' lang='lat' dir='ltr'><strong>cierationem</strong></span> <span class='ocrx_word' id='word_1_216' title='bbox 912 4037 1121 4110; x_wconf 90' lang='lat' dir='ltr'><strong>Dominicam</strong></span> <span class='ocrx_word' id='word_1_217' title='bbox 1154 4036 1267 4108; x_wconf 91' lang='lat' dir='ltr'><strong>docuit</strong></span> <span class='ocrx_word' id='word_1_218' title='bbox 1296 4058 1379 4123; x_wconf 87' lang='lat' dir='ltr'><strong>nos,</strong></span> <span class='ocrx_word' id='word_1_219' title='bbox 1414 4057 1512 4130; x_wconf 78' lang='lat' dir='ltr'><strong>quam</strong></span> <span class='ocrx_word' id='word_1_220' title='bbox 1545 4033 1604 4105; x_wconf 86' lang='lat' dir='ltr'><strong>tibi</strong></span> 
     </span>
     <span class='ocr_line' id='line_1_29' title="bbox 227 4151 1604 4248; baseline -0.002 -27"><span class='ocrx_word' id='word_1_221' title='bbox 227 4174 302 4222; x_wconf 90' lang='lat' dir='ltr'><strong>cum</strong></span> <span class='ocrx_word' id='word_1_222' title='bbox 330 4152 567 4248; x_wconf 89' lang='lat' dir='ltr'><strong>deprecatione</strong></span> <span class='ocrx_word' id='word_1_223' title='bbox 594 4153 807 4241; x_wconf 83' lang='lat' dir='ltr'><strong>olierremus3</strong></span> <span class='ocrx_word' id='word_1_224' title='bbox 834 4164 868 4226; x_wconf 92' lang='lat' dir='ltr'><strong>tn</strong></span> <span class='ocrx_word' id='word_1_225' title='bbox 893 4175 994 4244; x_wconf 91' lang='lat' dir='ltr'><strong>nunc,</strong></span> <span class='ocrx_word' id='word_1_226' title='bbox 1020 4153 1177 4242; x_wconf 89' lang='lat' dir='ltr'><strong>Domine,</strong></span> <span class='ocrx_word' id='word_1_227' title='bbox 1203 4163 1341 4246; x_wconf 87' lang='lat' dir='ltr'><strong>praesta</strong></span> <span class='ocrx_word' id='word_1_228' title='bbox 1364 4151 1462 4224; x_wconf 88' lang='lat' dir='ltr'><strong>nobis</strong></span> <span class='ocrx_word' id='word_1_229' title='bbox 1488 4152 1604 4222; x_wconf 85' lang='lat' dir='ltr'><strong>omni-</strong></span> 
     </span>
     <span class='ocr_line' id='line_1_30' title="bbox 199 4263 1604 4363; baseline -0.002 -27"><span class='ocrx_word' id='word_1_230' title='bbox 199 4263 304 4353; x_wconf 88' lang='lat' dir='ltr'><strong>·bus,</strong></span> <span class='ocrx_word' id='word_1_231' title='bbox 330 4277 366 4338; x_wconf 85' lang='lat' dir='ltr'><strong>nt</strong></span> <span class='ocrx_word' id='word_1_232' title='bbox 391 4264 488 4340; x_wconf 90' lang='lat' dir='ltr'><strong>labiis</strong></span> <span class='ocrx_word' id='word_1_233' title='bbox 515 4267 693 4363; x_wconf 86' lang='lat' dir='ltr'><strong>impollutis</strong></span> <span class='ocrx_word' id='word_1_234' title='bbox 720 4279 855 4340; x_wconf 90' lang='lat' dir='ltr'><strong>etcum</strong></span> <span class='ocrx_word' id='word_1_235' title='bbox 888 4266 1028 4340; x_wconf 83' lang='lat' dir='ltr'><strong>fervore</strong></span> <span class='ocrx_word' id='word_1_236' title='bbox 1054 4289 1162 4340; x_wconf 88' lang='lat' dir='ltr'><strong>verae</strong></span> <span class='ocrx_word' id='word_1_237' title='bbox 1196 4266 1272 4339; x_wconf 89' lang='lat' dir='ltr'><strong>bdei</strong></span> <span class='ocrx_word' id='word_1_238' title='bbox 1306 4277 1340 4339; x_wconf 91' lang='lat' dir='ltr'><strong>et</strong></span> <span class='ocrx_word' id='word_1_239' title='bbox 1372 4265 1491 4338; x_wconf 85' lang='lat' dir='ltr'><strong>fiducia</strong></span> <span class='ocrx_word' id='word_1_240' title='bbox 1525 4263 1604 4334; x_wconf 88' lang='lat' dir='ltr'><strong>nulli</strong></span> 
     </span>
     <span class='ocr_line' id='line_1_31' title="bbox 228 4377 1605 4478; baseline 0.001 -29"><span class='ocrx_word' id='word_1_241' title='bbox 228 4377 416 4454; x_wconf 80' lang='lat' dir='ltr'><strong>confusioni</strong></span> <span class='ocrx_word' id='word_1_242' title='bbox 447 4381 614 4471; x_wconf 83' lang='lat' dir='ltr'><strong>obnoxia,</strong></span> <span class='ocrx_word' id='word_1_243' title='bbox 650 4383 757 4478; x_wconf 82' lang='lat' dir='ltr'><strong>qualis</strong></span> <span class='ocrx_word' id='word_1_244' title='bbox 792 4383 877 4455; x_wconf 84' lang='lat' dir='ltr'><strong>lilios</strong></span> <span class='ocrx_word' id='word_1_245' title='bbox 910 4383 1025 4470; x_wconf 86' lang='lat' dir='ltr'><strong>decet,</strong></span> <span class='ocrx_word' id='word_1_246' title='bbox 1060 4383 1242 4454; x_wconf 89' lang='lat' dir='ltr'><strong>clamemus</strong></span> <span class='ocrx_word' id='word_1_247' title='bbox 1275 4380 1318 4452; x_wconf 88' lang='lat' dir='ltr'><strong>ad</strong></span> <span class='ocrx_word' id='word_1_248' title='bbox 1349 4389 1400 4469; x_wconf 87' lang='lat' dir='ltr'><strong>te,</strong></span> <span class='ocrx_word' id='word_1_249' title='bbox 1442 4401 1509 4451; x_wconf 90' lang='lat' dir='ltr'><strong>uno</strong></span> <span class='ocrx_word' id='word_1_250' title='bbox 1544 4400 1605 4453; x_wconf 90' lang='lat' dir='ltr'><strong>ore</strong></span> 
     </span>
     <span class='ocr_line' id='line_1_32' title="bbox 229 4494 1460 4591; baseline 0 -27"><span class='ocrx_word' id='word_1_251' title='bbox 229 4494 426 4588; x_wconf 82' lang='lat' dir='ltr'><strong>aequaliter,</strong></span> <span class='ocrx_word' id='word_1_252' title='bbox 454 4518 588 4569; x_wconf 90' lang='lat' dir='ltr'><strong>oremus</strong></span> <span class='ocrx_word' id='word_1_253' title='bbox 615 4507 649 4569; x_wconf 91' lang='lat' dir='ltr'><strong>et</strong></span> <span class='ocrx_word' id='word_1_254' title='bbox 675 4496 839 4572; x_wconf 88' lang='lat' dir='ltr'><strong>dicamus:</strong></span> <span class='ocrx_word' id='word_1_255' title='bbox 866 4497 969 4570; x_wconf 91' lang='lat' dir='ltr'><strong>Pater</strong></span> <span class='ocrx_word' id='word_1_256' title='bbox 995 4508 1112 4572; x_wconf 89' lang='lat' dir='ltr'><strong>noster</strong></span> <span class='ocrx_word' id='word_1_257' title='bbox 1139 4499 1194 4591; x_wconf 86' lang='lat' dir='ltr'><strong>qni</strong></span> <span class='ocrx_word' id='word_1_258' title='bbox 1221 4519 1259 4569; x_wconf 88' lang='lat' dir='ltr'><strong>es</strong></span> <span class='ocrx_word' id='word_1_259' title='bbox 1285 4498 1319 4566; x_wconf 93' lang='lat' dir='ltr'><strong>in</strong></span> <span class='ocrx_word' id='word_1_260' title='bbox 1346 4494 1460 4566; x_wconf 89' lang='lat' dir='ltr'><strong>coelis.</strong></span> 
     </span>
    </p>

    <p class='ocr_par' dir='ltr' id='par_1_18' title="bbox 333 4609 882 4703">
     <span class='ocr_line' id='line_1_33' title="bbox 333 4609 882 4703; baseline 0.005 -24"><span class='ocrx_word' id='word_1_261' title='bbox 333 4609 495 4703; x_wconf 80' lang='lat' dir='ltr'><strong>Populos.</strong></span> <span class='ocrx_word' id='word_1_262' title='bbox 549 4610 791 4699; x_wconf 83' lang='lat' dir='ltr'><strong>Sanctificetur,</strong></span> <span class='ocrx_word' id='word_1_263' title='bbox 818 4624 882 4685; x_wconf 91' lang='lat' dir='ltr'><strong>etc.</strong></span> 
     </span>
    </p>

    <p class='ocr_par' dir='ltr' id='par_1_19' title="bbox 229 4724 1607 5166">
     <span class='ocr_line' id='line_1_34' title="bbox 333 4724 1605 4800; baseline -0.002 -6"><span class='ocrx_word' id='word_1_264' title='bbox 333 4724 517 4796; x_wconf 81' lang='lat' dir='ltr'><strong>Sacerdos.</strong></span> <span class='ocrx_word' id='word_1_265' title='bbox 570 4725 671 4799; x_wconf 91' lang='lat' dir='ltr'><strong>Pater</strong></span> <span class='ocrx_word' id='word_1_266' title='bbox 698 4738 814 4799; x_wconf 91' lang='lat' dir='ltr'><strong>sancte</strong></span> <span class='ocrx_word' id='word_1_267' title='bbox 840 4737 875 4799; x_wconf 90' lang='lat' dir='ltr'><strong>et</strong></span> <span class='ocrx_word' id='word_1_268' title='bbox 901 4729 1093 4800; x_wconf 88' lang='lat' dir='ltr'><strong>misericors</strong></span> <span class='ocrx_word' id='word_1_269' title='bbox 1119 4747 1165 4798; x_wconf 93' lang='lat' dir='ltr'><strong>ne</strong></span> <span class='ocrx_word' id='word_1_270' title='bbox 1190 4726 1337 4798; x_wconf 88' lang='lat' dir='ltr'><strong>dimittas</strong></span> <span class='ocrx_word' id='word_1_271' title='bbox 1363 4742 1427 4794; x_wconf 91' lang='lat' dir='ltr'><strong>nos</strong></span> <span class='ocrx_word' id='word_1_272' title='bbox 1453 4743 1499 4791; x_wconf 87' lang='lat' dir='ltr'><strong>ex</strong></span> <span class='ocrx_word' id='word_1_273' title='bbox 1525 4743 1605 4792; x_wconf 90' lang='lat' dir='ltr'><strong>ma-</strong></span> 
     </span>
     <span class='ocr_line' id='line_1_35' title="bbox 229 4836 1606 4937; baseline -0.002 -29"><span class='ocrx_word' id='word_1_274' title='bbox 229 4836 328 4910; x_wconf 91' lang='lat' dir='ltr'><strong>nibus</strong></span> <span class='ocrx_word' id='word_1_275' title='bbox 359 4843 440 4926; x_wconf 86' lang='lat' dir='ltr'><strong>tuis,</strong></span> <span class='ocrx_word' id='word_1_276' title='bbox 473 4862 517 4911; x_wconf 90' lang='lat' dir='ltr'><strong>ne</strong></span> <span class='ocrx_word' id='word_1_277' title='bbox 550 4840 731 4913; x_wconf 89' lang='lat' dir='ltr'><strong>incidamus</strong></span> <span class='ocrx_word' id='word_1_278' title='bbox 767 4845 801 4913; x_wconf 92' lang='lat' dir='ltr'><strong>in</strong></span> <span class='ocrx_word' id='word_1_279' title='bbox 834 4845 1035 4915; x_wconf 87' lang='lat' dir='ltr'><strong>tentationes</strong></span> <span class='ocrx_word' id='word_1_280' title='bbox 1070 4863 1208 4937; x_wconf 85' lang='lat' dir='ltr'><strong>quarum</strong></span> <span class='ocrx_word' id='word_1_281' title='bbox 1242 4844 1311 4912; x_wconf 80' lang='lat' dir='ltr'><strong>vim</strong></span> <span class='ocrx_word' id='word_1_282' title='bbox 1348 4838 1512 4910; x_wconf 90' lang='lat' dir='ltr'><strong>sustinere</strong></span> <span class='ocrx_word' id='word_1_283' title='bbox 1539 4857 1606 4908; x_wconf 92' lang='lat' dir='ltr'><strong>non</strong></span> 
     </span>
     <span class='ocr_line' id='line_1_36' title="bbox 230 4945 1607 5048; baseline -0.001 -25"><span class='ocrx_word' id='word_1_284' title='bbox 230 4956 407 5046; x_wconf 87' lang='lat' dir='ltr'><strong>possimus.</strong></span> <span class='ocrx_word' id='word_1_285' title='bbox 461 4954 586 5027; x_wconf 89' lang='lat' dir='ltr'><strong>Vemm</strong></span> <span class='ocrx_word' id='word_1_286' title='bbox 623 4965 659 5026; x_wconf 91' lang='lat' dir='ltr'><strong>ut</strong></span> <span class='ocrx_word' id='word_1_287' title='bbox 690 4956 792 5027; x_wconf 91' lang='lat' dir='ltr'><strong>Pater</strong></span> <span class='ocrx_word' id='word_1_288' title='bbox 831 4955 997 5048; x_wconf 88' lang='lat' dir='ltr'><strong>benignus</strong></span> <span class='ocrx_word' id='word_1_289' title='bbox 1031 4960 1131 5030; x_wconf 84' lang='lat' dir='ltr'><strong>visita</strong></span> <span class='ocrx_word' id='word_1_290' title='bbox 1169 4955 1256 5027; x_wconf 88' lang='lat' dir='ltr'><strong>lilios</strong></span> <span class='ocrx_word' id='word_1_291' title='bbox 1289 4945 1465 5039; x_wconf 83' lang='lat' dir='ltr'><strong>imbelles,</strong></span> <span class='ocrx_word' id='word_1_292' title='bbox 1496 4972 1607 5044; x_wconf 84' lang='lat' dir='ltr'><strong>neque</strong></span> 
     </span>
     <span class='ocr_line' id='line_1_37' title="bbox 230 5063 1606 5166; baseline -0.001 -27"><span class='ocrx_word' id='word_1_293' title='bbox 230 5071 348 5163; x_wconf 87' lang='lat' dir='ltr'><strong>prives</strong></span> <span class='ocrx_word' id='word_1_294' title='bbox 379 5091 443 5143; x_wconf 87' lang='lat' dir='ltr'><strong>nos</strong></span> <span class='ocrx_word' id='word_1_295' title='bbox 474 5072 582 5161; x_wconf 62' lang='lat' dir='ltr'><strong>made</strong></span> <span class='ocrx_word' id='word_1_296' title='bbox 609 5080 681 5162; x_wconf 91' lang='lat' dir='ltr'><strong>tna,</strong></span> <span class='ocrx_word' id='word_1_297' title='bbox 715 5080 771 5143; x_wconf 86' lang='lat' dir='ltr'><strong>ant</strong></span> <span class='ocrx_word' id='word_1_298' title='bbox 805 5069 985 5166; x_wconf 90' lang='lat' dir='ltr'><strong>prohibeas</strong></span> <span class='ocrx_word' id='word_1_299' title='bbox 1019 5095 1039 5144; x_wconf 93' lang='lat' dir='ltr'><strong>a</strong></span> <span class='ocrx_word' id='word_1_300' title='bbox 1070 5069 1170 5144; x_wconf 88' lang='lat' dir='ltr'><strong>nobis</strong></span> <span class='ocrx_word' id='word_1_301' title='bbox 1203 5067 1361 5141; x_wconf 88' lang='lat' dir='ltr'><strong>inllnxum</strong></span> <span class='ocrx_word' id='word_1_302' title='bbox 1392 5063 1606 5158; x_wconf 87' lang='lat' dir='ltr'><strong>benignitatis</strong></span> 
     </span>
    </p>
   </div>
   <div class='ocr_carea' id='block_1_5' title="bbox 0 0 2275 6034">
    <p class='ocr_par' dir='ltr' id='par_1_20' title="bbox 0 0 2275 6034">
     <span class='ocr_line' id='line_1_38' title="bbox 0 0 2275 6034; baseline 0 0"><span class='ocrx_word' id='word_1_303' title='bbox 0 0 2275 6034; x_wconf 95' lang='lat' dir='ltr'><strong> </strong></span> 
     </span>
    </p>
   </div>
  </div>
 </body>
</html>
