4525 6034
703 582 779 656 558
1078 582 1688 662 obstinationis

702 774 834 848 poterat,
857 785 924 829 enm
946 767 1045 831 multis
1068 768 1098 830 in
1122 766 1198 831 locis
1222 767 1379 849 exemplar
1401 768 1541 831 detritum
1564 775 1714 832 vetustate
1736 769 1827 851 foret,
1849 773 2040 855 neclegipos·

702 877 758 930 εει.
805 868 893 942 Quod
923 874 1100 949 supererat,
1130 868 1161 929 in
1193 867 1288 930 torma
1318 867 1521 931 invocationis
1554 867 1682 949 Spiritus
1712 873 1826 950 sancti,
1855 881 1885 935 et
1910 873 2041 937 verborum

702 967 814 1030 Christi
835 969 1011 1030 varietatem
1042 967 1181 1031 lectionis
1210 969 1435 1043 annotavimus,
1464 968 1495 1029 in
1523 967 1649 1049 reliquis
1678 968 1781 1033 inutile
1811 989 1930 1052 prorsus
1952 973 2043 1035 iuinet

701 1067 745 1130 lia
775 1076 822 1130 est
854 1069 933 1130 enim
964 1068 1156 1130 librariorum
1185 1066 1382 1130 Orientalium
1410 1066 1597 1150 indiligentia
1627 1067 1658 1130 in
1682 1068 1888 1133 describendis
1909 1071 2043 1152 codicibus,

702 1175 735 1228 nt
756 1174 889 1246 mutare,
913 1166 1043 1242 addere,
1066 1166 1190 1229 demere
1213 1165 1358 1247 quidquid
1380 1165 1503 1228 lubitum
1527 1174 1592 1244 est,
1615 1167 1689 1247 ipsis
1712 1167 1858 1233 familiare
1878 1174 1923 1235 sit.

788 1264 976 1328 Existimavit
991 1283 1084 1346 porro
1104 1265 1217 1327 blasius
1231 1264 1396 1349 Liturgiam
1418 1265 1498 1328 illam
1520 1285 1615 1344 suam,
1632 1265 1748 1330 Graeca
1764 1287 1843 1350 qnae
1855 1270 1949 1333 Basilii
1961 1288 2046 1333 nonen

700 1364 837 1446 praelert
861 1366 1057 1428 vetustiorem
1081 1372 1111 1427 ct
1134 1365 1231 1446 magis
1255 1367 1414 1447 integram,
1438 1365 1518 1446 quod
1537 1365 1682 1448 judicium
1705 1369 1771 1430 viro
1794 1369 1960 1433 doctissime
1978 1372 2047 1432 exci-

701 1465 785 1527 disse
807 1465 963 1528 nodemus.
1010 1465 1082 1529 Sola
1113 1466 1191 1526 enim
1220 1464 1379 1527 brevitatis
1401 1467 1518 1527 ratione
1541 1464 1695 1527 fundatum
1717 1473 1773 1546 est,
1798 1469 1878 1531 inani
1897 1479 2048 1550 prorsusct

702 1563 790 1643 falsa,
812 1574 845 1627 ut
868 1565 956 1627 iacile
978 1564 1213 1628 demonstratur.
1234 1583 1240 1604 ⁹
1259 1564 1379 1645 Quippe
1403 1564 1549 1627 Graecam
1581 1566 1729 1649 integram
1759 1586 1828 1630 cum
1851 1568 1965 1648 Syriaca
1982 1568 2048 1630 velut

702 1666 824 1748 integra
851 1665 965 1727 Masius
995 1665 1196 1745 comparavit:
1232 1682 1298 1726 cum
1326 1665 1415 1726 etiam
1444 1665 1474 1727 in
1503 1665 1598 1744 priori
1624 1666 1709 1746 juxta
1738 1666 1862 1748 vulgata
1884 1668 2048 1747 exemplaria,

702 1764 846 1845 quidquid
869 1765 1075 1826 caeremonias
1098 1771 1218 1844 spectat
1240 1783 1280 1826 ex
1298 1762 1663 1826 communilieolesiarum
1688 1766 1846 1847 disciplina
1869 1766 2049 1847 adjectumsit.

704 1864 829 1945 Syriaca
853 1864 890 1927 ab
914 1864 1051 1926 oratione
1074 1863 1171 1924 osculi
1192 1864 1276 1944 pacis
1299 1863 1418 1943 incipit,
1443 1870 1532 1945 atquo
1555 1865 1595 1925 ita
1618 1883 1826 1947 quaecumque
1850 1866 1886 1928 ad
1909 1882 2050 1946 praepara-

699 1964 812 2026 tionem
837 1962 956 2042 altaris,
980 1971 1010 2025 et
1032 1962 1212 2042 oblationis,
1242 1962 1404 2026 lectionem
1433 1965 1667 2043 scripturarum,
1697 1966 1863 2047 variasque
1883 1966 2050 2029 orationesa

700 2062 875 2141 Sacerdote,
899 2062 1034 2126 Diacono
1058 2070 1109 2125 aut
1130 2062 1245 2144 populo
1266 2060 1436 2125 recitandas
1456 2070 1604 2142 spectant,
1628 2066 1816 2143 omittuntur,
1840 2084 1907 2128 cum
1928 2083 1964 2125 ex
1982 2081 2051 2124 com-

699 2163 780 2225 muni
805 2163 911 2226 Obicio
934 2163 997 2244 peti
1020 2161 1160 2227 debeant.
1192 2162 1223 2225 Si
1246 2162 1338 2244 igitur
1360 2161 1433 2224 illud
1448 2161 1581 2224 Olllcium
1604 2165 1684 2246 quod
1708 2165 1793 2227 initio
1816 2162 1903 2244 hujus
1918 2161 2051 2224 voluminis

700 2259 847 2324 edidimus
870 2281 938 2325 cum
955 2261 1090 2344 biturgia
1114 2249 1283 2325 ista'Basilii
1307 2247 1521 2343 conjungetur,
1543 2271 1576 2325 ut
1598 2266 1767 2327 certissime
1780 2262 1893 2325 sactum
1915 2270 1968 2339 est,
1988 2279 2051 2341 quo-

700 2359 885 2441 tiescumque
908 2361 946 2424 ad
969 2362 1073 2424 altaria
1098 2361 1253 2424 celebrata
1276 2369 1338 2438 est,
1371 2361 1429 2423 erit
1452 2360 1569 2424 Graeca
1591 2363 1709 2443 qualem
1732 2363 1896 2438 babemus,
1917 2360 2052 2442 prolixior¹

699 2456 761 2519 lmo
776 2463 803 2521 si
826 2461 930 2542 plures
953 2462 1031 2525 aliae
1055 2480 1130 2542 quas
1154 2460 1300 2524 edidimus
1322 2460 1418 2524 blasio
1442 2461 1525 2523 visne
1549 2459 1687 2540 inissent,
1710 2462 1787 2525 hanc
1811 2464 1892 2525 enim
1911 2462 1997 2524 solam
2014 2460 2053 2520 vi-

700 2556 796 2635 derat,
819 2578 886 2621 nam
909 2559 1237 2625 blissaleChaldaicum
1259 2559 1392 2622 nondum
1414 2559 1581 2641 prodierat,
1604 2581 1671 2624 eam
1693 2581 1710 2625 a
1731 2561 1883 2625 brevitate
1905 2577 1965 2623 non
1984 2577 2055 2622 cem·

699 2658 885 2739 mendasset‚
908 2678 975 2721 cum
997 2660 1078 2724 inter
1099 2660 1235 2741 prolixas
1259 2657 1367 2722 referri
1390 2658 1510 2724 debeat.

785 2758 922 2822 Diximus
944 2759 1022 2822 illam
1041 2760 1072 2821 in
1095 2759 1209 2822 Codice
1224 2757 1410 2836 colbertino,
1434 2775 1496 2821 non
1518 2755 1577 2820 soli
1599 2755 1719 2836 Basilio,
1741 2758 1798 2822 sed
1822 2759 1970 2843 Gregorio
1989 2775 2054 2838 quo

699 2875 758 2938 que
788 2858 947 2941 Theologo
977 2858 1083 2922 tribui:
1113 2858 1231 2921 ridetur
1260 2859 1319 2921 imo
1350 2859 1380 2921 in
1410 2856 1559 2939 aliquibus
1582 2856 1823 2937 exemplaribus,
1845 2859 1917 2920 huic
1937 2858 1990 2920 soli
2009 2857 2055 2917 di-

699 2956 819 3036 quando
843 2957 995 3038 adscripta
1019 2957 1123 3021 inisse.
1157 2957 1233 3020 Nam
1255 2958 1285 3019 in
1308 2976 1345 3020 ea
1368 2975 1446 3038 quae
1469 2956 1585 3019 titulum
1607 2954 1697 3018 babet
1719 2955 1888 3019 Doctorum
1906 2965 2057 3020 sanctorum

699 3075 716 3117 a
740 3053 859 3118 Joanne
880 3056 993 3137 llagno
1016 3055 1189 3119 Patriarcha
1211 3055 1420 3133 Antiocheno,
1451 3074 1491 3118 ex
1514 3054 1579 3118 aliis
1602 3054 1747 3135 collecta,
1776 3062 1866 3118 extat
1895 3058 1985 3118 oratio
2003 3073 2056 3116 cm

698 3154 759 3219 boc
782 3155 818 3217 ad
842 3157 1009 3238 marginem
1031 3156 1184 3233 lemmate,
1209 3155 1358 3236 lheolopi
1382 3172 1442 3236 quo
1465 3155 1584 3217 nomine
1607 3162 1639 3216 nt
1661 3155 1739 3235 apud
1763 3153 1915 3232 Graecos,
1936 3156 1975 3218 ita
1994 3153 2058 3237 apud

698 3253 795 3334 Syros
818 3262 850 3316 et
872 3253 991 3320 Arabes
1015 3254 1213 3334 Christianos,
1237 3254 1405 3334 Gregorius
1429 3253 1638 3316 Nazianzenus
1661 3254 1818 3335 designari
1841 3253 1929 3316 solet.

785 3352 988 3416 Invocationis
1020 3355 1150 3437 Spiritus
1178 3354 1275 3416 sancti
1304 3353 1399 3416 forma
1427 3354 1458 3415 in
1489 3352 1602 3415 Codice
1633 3351 1810 3415 Colbertioo
1844 3352 1885 3414 ita
1913 3371 1947 3415 se
1972 3351 2057 3414 habet.

697 3452 844 3515 Miserere
865 3454 965 3514 nostri
985 3452 1132 3516 Domine:
1163 3455 1308 3514 miserere
1329 3455 1443 3529 nostri,
1473 3461 1504 3515 et
1531 3454 1613 3515 nnuc
1639 3473 1731 3534 suaper
1750 3471 1826 3528 nos,
1858 3473 1900 3513 ex
1921 3453 1989 3514 sede
2007 3461 2057 3526 nra,

696 3552 842 3632 Spiritum
865 3553 1063 3630 Paraclitum,
1085 3559 1223 3615 sanctum
1245 3561 1276 3614 et
1296 3554 1471 3632 larpitorem
1493 3554 1592 3615 omnis
1613 3553 1803 3615 maantam:
1826 3556 1883 3633 pan·
1893 3571 2057 3633 nequequa-

697 3652 790 3726 litate,
814 3672 909 3733 neque
931 3654 1097 3732 pronitate
1112 3660 1321 3731 incoepere,
1344 3651 1621 3714 circumscribitur.-
1642 3653 1821 3728 neemanim,
1846 3653 2057 3731 becomprebav-

697 3770 782 3824 sum,
804 3753 857 3831 qni
877 3771 899 3812 a
921 3759 949 3813 te
968 3753 1111 3831 procedit
1130 3760 1161 3813 et
1181 3760 1290 3832 rcpnat
1310 3770 1402 3830 snper
1423 3752 1545 3812 omnia:
1574 3753 1627 3831 pai
1651 3753 1683 3812 in
1711 3750 1855 3812 dardane
1881 3751 2009 3829 daniae,
2033 3751 2058 3808 in

698 3850 854 3911 columbae
882 3853 984 3930 specie
1011 3852 1156 3931 appanm
1183 3869 1274 3930 snper
1301 3851 1485 3930 unipenitnm
1514 3850 1622 3912 Filiam
1650 3857 1748 3926 mum,
1778 3854 1832 3931 pai
1854 3852 1888 3912 in
1909 3849 2058 3929 dispertitis

696 3949 807 4029 linpnis
819 3969 911 4029 nuper
923 3949 1086 4029 Apostolos
1099 3958 1224 4012 sanctes
1240 3952 1402 4030 apponit:
1424 3952 1490 4030 ipse
1512 3950 1656 4012 adueniat
1676 3958 1706 4012 et
1726 3949 1877 4013 dlobatur
1898 3970 1986 4030 sarper
2003 3965 2056 4023 ποι,

696 4056 727 4109 et
747 4067 838 4128 snper
860 4050 942 4110 derra
963 4051 1024 4110 ista
1043 4051 1213 4128 proposita,
1235 4057 1266 4110 et
1286 4050 1454 4130 sanctificet
1474 4050 1537 4114 ilia.
1581 4049 1742 4112 Diacaous
1782 4048 1892 4113 Orate.
1917 4046 2056 4112 Sacerdos.

696 4146 823 4208 Ernodi
849 4168 904 4208 me.
948 4147 1090 4229 Populus.
1136 4147 1229 4229 liprie
1251 4148 1372 4211 eleison.
1418 4147 1583 4212 Sacerdos.
1630 4148 1668 4211 Ut
1693 4148 1822 4210 illaberis
1854 4170 1947 4230 serpes
1964 4164 2056 4227 panem

695 4248 803 4323 istrum,
835 4253 864 4307 et
892 4266 984 4326 snper
1009 4249 1111 4308 vntum
1140 4246 1236 4322 istud,
1265 4265 1323 4309 nos
1350 4263 1466 4329 potoque
1488 4250 1649 4311 surrctitate
1670 4266 1729 4309 stra
1749 4249 1889 4328 repleat.-
1919 4256 1948 4311 et
1964 4263 2056 4329 pmcn

695 4344 774 4407 hunc
793 4345 894 4424 faciat
915 4364 1027 4424 corpus
1047 4347 1142 4407 eiam
1160 4354 1333 4434 maestam,
1356 4366 1468 4428 corpas
1489 4349 1635 4424 salutare,
1658 4345 2057 4428 corpruoioipicumndmr

695 4446 805 4522 citam,
829 4463 941 4525 corpas
962 4443 1085 4506 Domini
1104 4444 1165 4506 Dei
1184 4453 1214 4506 et
1234 4445 1406 4508 Saloutaria
1428 4449 1527 4509 noshi
1546 4446 1622 4508 desa
1644 4445 1774 4521 Christi,
1804 4449 1851 4509 ad
1873 4447 2057 4528 expiationes

696 4544 882 4618 delictorum,
898 4545 1104 4605 remissionem
1115 4551 1312 4623 peccatoram
1323 4547 1452 4608 etoitam
1465 4555 1628 4608 aeternam.
1651 4545 1795 4626 Populus,
1824 4547 1932 4608 Amen.
1961 4543 2055 4608 Sacer·

696 4640 763 4704 dos.
785 4641 931 4703 Similiter
945 4648 976 4703 et
987 4643 1089 4704 cinam
1102 4643 1193 4718 istud,
1202 4642 1303 4722 faciat
1318 4647 1494 4725 sanquinem
1507 4647 1581 4707 noei
1591 4646 1780 4720 Testamenti,
1793 4648 1974 4725 saharim
1985 4642 2056 4706 selu-

695 4747 802 4816 tarem‚
826 4742 1001 4819 sanquinem
1022 4742 1183 4820 eioifiarm,
1206 4749 1237 4804 et
1257 4743 1377 4804 dantem
1399 4746 1503 4820 citam,
1526 4744 1702 4824 sarrpm‘nem
1722 4742 1852 4804 Domini
1871 4744 1934 4805 Dei
1952 4752 1981 4806 et
1997 4739 2056 4802 sd-

693 4839 813 4899 oatoris
833 4841 933 4901 nostri
951 4839 1027 4901 iesu
1042 4839 1164 4917 Christi,
1187 4843 1230 4903 ad
1251 4843 1456 4922 expiationem
1465 4843 1649 4915 delictorum
1670 4844 1943 4924 remissionemque
1960 4858 2057 4922 peccu-

578 4973 584 4996 2
695 4945 812 5012 torum,
841 4945 871 5000 et
899 4941 992 5000 eitam
1015 4947 1169 5002 artemam
1190 4940 1430 5020 suscipientibus.
1475 4941 1557 5004 llaec
1585 4942 1722 5004 lectionis
1747 4941 1914 5004 diversitas
1936 4936 2056 5004 momenti

696 5035 805 5097 nullius
820 5044 876 5111 est,
901 5056 968 5099 cum
990 5045 1117 5119 utraque
1139 5040 1171 5101 in
1192 5058 1281 5102 unam
1304 5049 1335 5103 et
1353 5040 1498 5119 eamdem,
1523 5058 1601 5122 quae
1614 5041 1738 5122 reliquis
1751 5042 1897 5104 omnibus
1912 5037 2055 5106 oommnms

696 5141 754 5213 est,
777 5132 978 5200 Invocationis
1001 5136 1125 5200 formam
1148 5141 1318 5203 conveniat.
