4525 6034
673 535 751 610 440
980 535 1037 611 Dll
1068 534 1367 612 rnrtrlltcrm
1399 534 1756 613 ALEXdlllililllO.

673 724 811 797 Assumi
838 745 913 795 eum
939 732 1079 795 tesam
1105 745 1152 795 ex
1178 721 1293 794 Ordini
1323 723 1510 797 Monostico
1543 732 1578 795 et
1611 746 1687 796 eum
1721 726 1776 818 qui
1811 745 1899 796 enac
1934 722 2043 796 1664.

673 844 707 912 in
733 843 823 913 vivis
850 848 941 928 erni,
966 837 1073 912 inisse
1097 839 1260 912 Ascetam
1285 838 1473 933 professum
1506 861 1554 909 ex
1586 839 1793 912 Monnsterio
1826 843 1933 912 sancti
1963 840 2044 912 lla-

673 960 765 1029 cnrii.
800 952 884 1028 Cum
901 964 1010 1028 nutem
1029 958 1075 1026 ait
1099 958 1175 1052 ipse
1200 952 1375 1027 mrdtorum
1401 954 1540 1028 aliorum
1558 956 1714 1051 exemplo
1729 955 1808 1050 eligi
1822 955 2045 1029 Paniarchnm

673 1096 720 1146 ex
747 1071 872 1145 Ordine
898 1072 1003 1144 sancti
1029 1071 1179 1159 Antonii,
1208 1069 1240 1141 id
1266 1069 1370 1163 vulgo
1398 1094 1418 1144 a
1445 1075 1569 1145 nostris
1596 1070 1781 1145 hominihus
1808 1078 1854 1146 ito
1880 1073 2043 1167 irrtelligi-

672 1199 741 1280 tur‚
770 1190 866 1260 acsi
893 1196 1007 1260 essent
1034 1186 1121 1281 apud
1148 1184 1337 1259 Orientales
1364 1187 1638 1282 quemadmodum
1666 1187 1753 1284 apud
1787 1212 1868 1278 nos,
1902 1188 2045 1263 familiae

640 1304 882 1377 ·lllonnsticae
897 1302 1024 1396 regulis
1050 1305 1273 1397 institutisque
1285 1301 1473 1392 dissimiles,
1500 1303 1589 1400 quod
1615 1326 1733 1376 verum
1748 1327 1816 1377 non
1829 1315 1890 1379 est
1922 1306 2045 1379 Omnes

672 1423 758 1492 enim
786 1418 847 1492 sui
874 1442 941 1492 una
967 1430 1002 1491 et
1028 1417 1145 1490 eadem
1173 1419 1290 1511 regula
1317 1422 1450 1509 vivunt,
1477 1421 1693 1516 dicunturque
1718 1421 1776 1493 lilii
1802 1425 1910 1494 sancti
1930 1425 2045 1495 Anna

672 1540 736 1627 nii,
764 1540 840 1632 quin
866 1536 927 1609 init
952 1536 1019 1623 ille,
1046 1547 1081 1607 ut
1108 1557 1225 1608 omnes
1253 1538 1377 1625 sciunt,
1404 1540 1495 1609 vitoe
1523 1535 1764 1610 Coenolriticce
1788 1549 1894 1634 pater.
1945 1539 2044 1613 Reli-

673 1675 739 1749 qua
772 1676 859 1749 quoe
888 1653 974 1725 idem
1007 1649 1226 1726 Wanslebius
1267 1650 1390 1743 refert,
1426 1652 1469 1725 de
1501 1673 1544 1725 eo
1578 1674 1676 1748 quem
1709 1656 1742 1723 in
1775 1655 1938 1751 Aegypto
1965 1656 2047 1728 vidit

672 1768 865 1842 Potrinreha
890 1768 1065 1856 Mothneo,
1094 1769 1167 1860 ejus
1194 1771 1305 1858 vict-u,
1330 1771 1455 1843 vestitu
1482 1779 1516 1840 et
1541 1791 1669 1841 summa
1695 1769 1923 1865 simplicitate,
1950 1772 2047 1867 plane

672 1890 876 1959 conveniunt
904 1909 979 1959 cum
1014 1888 1055 1958 iis
1090 1907 1177 1980 quae
1209 1884 1273 1957 huc
1297 1907 1405 1979 usque
1432 1908 1477 1957 ex
1510 1884 1717 1981 Coptitarum
1750 1885 1922 1983 disciplina
1948 1898 2043 1961 retu-

671 2000 778 2075 limus.

1094 2291 1630 2335 ψ-

959 2783 1022 2874 Ι)Ε
1054 2781 1280 2892 SEQUENTI
1311 2783 1397 2877 cir
1398 2783 1495 2878 1010
1527 2781 1751 2875 MONITllll.

754 3024 1011 3128 ordinationis
1043 3049 1280 3121 Patriaredae
1310 3050 1544 3122 Alexandrini
1579 3047 1735 3141 Officium
1772 3057 2046 3143 repraesentavit

674 3166 776 3240 nodie
805 3167 925 3239 Codex
952 3164 1298 3261 Coptica-Arabicae
1323 3165 1575 3259 Seqnierianae
1592 3163 1833 3237 Bibliothecae
1858 3169 2045 3260 inteaerri-

673 3307 763 3373 nnn,
790 3289 886 3376 cujas
911 3286 1102 3354 versionem
1127 3282 1296 3375 subjicere
1322 3286 1428 3354 cinara
1454 3289 1515 3370 ert,
1543 3283 1625 3376 qnia
1651 3283 1765 3352 omnia
1790 3305 1880 3376 qaae
1905 3283 1949 3355 de
1967 3286 2044 3358 Pa-

674 3401 905 3472 triarclaorrnn
922 3400 1241 3472 Aleaandrinornrn
1256 3400 1483 3471 ordinatione
1505 3400 1636 3492 paooinn
1660 3400 1697 3466 in
1717 3399 1876 3471 Historia
1901 3400 2044 3492 illoram

674 3522 709 3587 et
734 3520 771 3587 in
804 3517 1029 3609 praecedenti
1053 3517 1309 3589 Dimertatione
1343 3515 1529 3589 adamata
1559 3520 1654 3603 nant,
1687 3520 1826 3609 eareqie
1858 3521 2042 3611 confirmat.

675 3632 756 3703 Cam
786 3655 870 3705 nero
904 3632 1023 3704 Coden
1061 3656 1130 3704 non
1161 3632 1320 3704 oideatnr
1350 3636 1451 3704 annio
1483 3638 1630 3719 centana,
1665 3638 1725 3702 ant
1752 3633 1859 3725 panio
1893 3636 2039 3728 aomina

673 3753 856 3837 ceinctior,
879 3754 1026 3843 foratam
1051 3748 1255 3843 disciplinae
1282 3771 1371 3843 qnae
1394 3750 1486 3842 apnd
1512 3748 1668 3841 Coptitan
1703 3747 1815 3819 addae
1846 3753 1953 3846 ciaet,
1984 3752 2037 3822 illo

674 3868 846 3936 contineri
871 3869 1090 3939 emtionem
1117 3872 1178 3937 eet.
1231 3864 1316 3936 lade
1342 3869 1494 3960 nequitae
1520 3865 1614 3935 illam
1638 3870 1676 3934 nt
1701 3887 1725 3934 a
1750 3864 1849 3937 nodio
1871 3866 2037 3961 deeaipta

675 3987 726 4051 ent
760 4003 807 4051 ea
840 3979 949 4052 coriis
981 3981 1176 4071 antorides,
1212 3981 1402 4080 hodiernae
1436 4004 1510 4053 erae
1541 3979 1682 4051 cirnilem
1719 3986 1755 4051 ei
1788 3982 1937 4053 enmdon
1969 4004 2036 4053 erre

673 4119 776 4190 qaae!
789 4100 938 4192 antiquie
966 4098 1112 4192 Coptitie
1138 4104 1306 4191 aearpata
1331 4104 1403 4184 eot;
1429 4104 1533 4191 nque
1555 4119 1602 4167 ea
1621 4096 1682 4167 ilia
1701 4100 1830 4168 rectinr
1847 4099 1891 4170 de
1913 4098 2036 4170 dlorrnr

675 4212 956 4286 Ordinationidnn
972 4215 1149 4308 indicari,
1176 4237 1276 4308 qnam
1302 4238 1349 4286 en
1375 4220 1426 4286 toi
1447 4216 1710 4308 perecrinorarn
1736 4221 1770 4285 et
1795 4215 1963 4287 Antorrnn
1985 4217 2036 4309 qni

673 4329 716 4401 de
742 4330 941 4403 lnaereeidra
967 4335 1180 4425 scripserant
1205 4330 1439 4403 relationibus.
1494 4329 1575 4400 Cion
1607 4351 1690 4401 nero
1725 4336 1880 4424 typorum
1910 4333 2034 4424 defecta

674 4451 820 4535 wainni,
862 4454 900 4518 nt
933 4455 1076 4536 coenas,
1118 4447 1321 4540 oriqinalern
1352 4447 1518 4518 cedidere
1550 4468 1619 4516 non
1650 4451 1836 4540 peronne,
1879 4471 1924 4520 ea
1955 4467 2034 4542 qaae

675 4563 811 4636 Graece
837 4566 874 4634 in
899 4563 996 4656 drm'n
1024 4563 1141 4659 Officii
1166 4567 1257 4636 cerie
1284 4564 1442 4635 dicantar
1468 4566 1676 4634 invenimur.
