4525 6034
731 584 1271 663 ALEXANDRINO.
1601 583 1679 659 413

297 774 411 865 logice
445 784 479 846 et
504 771 740 868 Philosophiae
775 774 912 869 peritia,
947 772 1079 867 quando
1114 773 1148 842 in
1183 769 1293 867 aliquo
1325 793 1372 843 ex
1413 768 1582 866 syncellis
1615 793 1678 844 seu

299 886 595 962 contubernalibus
620 887 834 960 Patriarcbae
861 887 1060 977 eminebant,
1087 887 1228 980 gradum
1261 887 1307 959 illi
1339 884 1508 960 iaciebant
1535 886 1578 960 ad
1603 887 1678 959 Pa-

300 1002 511 1076 triarchalem
538 1003 742 1096 dignitatem,
770 1005 847 1100 quia
880 1013 979 1077 notus
1006 1014 1079 1075 erat
1106 1002 1278 1096 omnibus,
1310 1025 1378 1075 non
1410 1003 1525 1076 Lato-is
1563 1002 1677 1093 modo,

301 1119 363 1193 sed
395 1123 496 1192 etiam
526 1118 774 1192 Ecclesiastiois
814 1130 848 1191 et
879 1118 1078 1214 Episcopis,
1112 1121 1186 1214 qui,
1219 1141 1262 1190 eo
1296 1118 1385 1215 quod
1418 1142 1518 1193 nemo
1544 1119 1675 1191 illorum

301 1235 478 1308 transferri
512 1233 555 1306 ad
589 1237 729 1331 primam
763 1233 879 1308 sedem
911 1244 1063 1331 poterat,
1103 1232 1283 1308 ambitione
1318 1234 1496 1324 ¹carebant
1562 1235 1674 1307 Satius

301 1355 404 1445 igitur
429 1353 511 1447 ipsis
537 1372 643 1446 saepe
669 1354 779 1422 visum
806 1362 869 1442 est,
896 1361 933 1423 ut
967 1373 1012 1423 ex
1038 1351 1205 1447 syncellis
1240 1374 1300 1425 seu
1327 1351 1525 1424 secretariis
1561 1351 1676 1444 elige-

301 1479 397 1541 retur
421 1488 531 1540 novus
558 1467 722 1555 Antistes,
749 1489 848 1561 quam
874 1490 921 1538 ex
946 1465 1137 1555 Monachis,
1164 1478 1220 1539 aut
1252 1465 1427 1555 Reclusis,
1467 1470 1523 1563 qui
1550 1467 1678 1563 absque

302 1584 372 1655 ulla
397 1585 605 1678 experientia
631 1605 743 1655 rerum
770 1579 1082 1655 Ecclesiasticarum
1109 1582 1229 1673 electi,
1256 1605 1359 1678 saepe
1386 1604 1445 1655 eas
1472 1586 1618 1679 pessime
1646 1592 1679 1654 et

303 1698 605 1795 imprudentissime
632 1696 882 1771 administrasse
907 1700 1127 1794 reperiuntur.

413 1813 496 1887 CIII.
522 1813 752 1887 Assumebant
778 1813 954 1908 aliquando
987 1813 1200 1886 Patriarcbae
1233 1813 1275 1886 ad
1308 1813 1391 1887 baec
1420 1838 1557 1889 munem
1591 1815 1700 1915 Epi-⁶
1721 1813 1868 1885 Aliquando
1879 1813 2003 1915 Episcopi

305 1954 450 2027 scopos,
485 1932 637 2024 quamvis
672 1929 705 2000 id
740 1939 857 2002 contra
894 1930 1099 2003 Canonicam
1135 1929 1341 2026 disciplinam
1377 1930 1486 2021 foret,
1526 1935 1581 2026 qui
1616 1928 1678 2004 sub
1692 1920 1719 1955 ¹¹¹
1737 1900 1872 1970 ⁸y¹¹⁰⁶¹¹⁰⁸
1890 1910 2002 1955 mama.

305 2067 424 2118 eorum
451 2049 627 2118 autoritate
651 2068 709 2118 res
725 2043 983 2118 Ecclesiasticas
1010 2044 1184 2135 curabant,
1211 2045 1271 2119 sed
1297 2046 1448 2142 plerique
1474 2051 1508 2119 in
1534 2047 1589 2119 illa
1613 2045 1680 2118 ad-

305 2164 547 2234 ministratione
573 2184 641 2234 non
667 2170 761 2233 recte
787 2159 1019 2250 versabantur,
1050 2166 1247 2257 pracsertim
1275 2160 1337 2236 sub
1366 2164 1502 2236 senibus
1530 2175 1586 2236 aut
1611 2165 1681 2233 im-

305 2276 437 2348 becillis
463 2276 675 2349 Patriarchis.
727 2276 802 2348 Uno
829 2276 959 2368 verbo,
986 2300 1114 2350 summa
1142 2289 1214 2350 erat
1239 2283 1273 2350 in
1300 2278 1364 2351 boc
1390 2277 1529 2352 consilio
1557 2277 1680 2349 dome-

307 2397 394 2466 stico
419 2395 634 2483 instituendo,
661 2402 718 2465 aut
743 2391 951 2468 destituendo
978 2394 1107 2468 illorum
1134 2397 1309 2468 autoritas:
1337 2398 1403 2483 imo
1430 2417 1472 2466 ea
1499 2396 1680 2466 occasione

307 2531 432 2602 magna
459 2508 520 2582 init
545 2532 679 2606 semper
704 2508 964 2594 Ecclesiasticao
991 2508 1186 2607 disciplinae
1212 2513 1359 2585 eversio.
1411 2509 1498 2583 Nam
1524 2506 1682 2582 Monachi

308 2629 364 2720 qui
391 2626 501 2722 aliqua
527 2625 699 2699 doctrinae
725 2624 824 2697 laude
850 2625 1186 2715 commendabantur,
1214 2635 1271 2698 aut
1297 2625 1352 2698 alii
1379 2629 1506 2700 actuosi
1532 2638 1567 2699 et
1591 2625 1681 2697 soli-

304 2741 427 2813 tudinis
454 2746 686 2838 impatientes,
721 2740 762 2814 ad
791 2738 918 2813 Cellam
945 2740 1205 2814 Patriarchalem
1238 2729 1436 2829 veniebant,
1469 2742 1680 2835 negotiisque

305 2880 347 2929 se
372 2857 596 2953 implicabant,
622 2879 690 2929 non
717 2854 817 2929 modo
843 2855 1102 2944 Ecclesiasticis,
1130 2857 1192 2933 sed
1218 2860 1317 2930 etiam
1343 2855 1579 2930 saecularibus.
1613 2855 1681 2928 Alii

302 2971 529 3069 Episcopatus
556 2970 763 3061 ambiebant,
791 2982 847 3044 aut
873 2971 1030 3045 ambitum
1056 2973 1194 3046 aliorum
1222 2971 1440 3065 adjuvabant:
1468 2993 1572 3067 saepe
1598 2970 1681 3043 Mu-

303 3087 564 3160 bamedanorum
591 3091 777 3184 principum
803 3093 945 3180 gratim
970 3092 1076 3179 nacti,
1107 3111 1170 3185 per
1204 3088 1310 3162 malos
1343 3095 1432 3160 artes
1466 3097 1681 3182 apertamque

303 3204 521 3275 licitationem
547 3203 590 3274 ad
615 3201 875 3276 Patriarchatum
907 3205 1167 3296 grassabantur:
1201 3226 1340 3299 quorum
1374 3204 1545 3274 crimmum
1579 3203 1679 3298 plena

303 3329 360 3391 est
377 3319 523 3392 Historia
539 3318 782 3407 Alexandrina,
810 3342 852 3392 eo
878 3320 955 3409 line,
981 3328 1018 3391 ut
1042 3320 1173 3415 plurimi
1194 3329 1271 3414 post
1291 3319 1680 3406 excommunicationem,

301 3443 364 3506 aut
390 3435 471 3506 abus
498 3456 628 3530 poenas
655 3438 851 3522 canonicas,
879 3457 961 3530 quas
989 3434 1051 3508 sibi
1079 3437 1349 3523 accersiverant,
1382 3434 1424 3506 ad
1457 3433 1680 3506 Mubameda-
1820 3513 1824 3518 ,

299 3572 382 3621 nam
410 3552 609 3646 impietatem
636 3559 753 3645 aperte
779 3548 973 3645 defecerint,
1000 3561 1033 3622 et
1056 3550 1316 3623 Christianorum
1345 3549 1552 3624 acerbissimi
1576 3560 1680 3646 post-

299 3665 440 3737 modun
466 3664 580 3740 hostes
607 3668 788 3739 evaserint

411 3781 496 3854 CIV.
523 3781 600 3854 Jam
626 3782 668 3854 de
695 3785 870 3854 autoritate
887 3781 1101 3855 Patriarcbae
1116 3780 1337 3853 Alexandrini
1354 3779 1530 3855 lacobitae
1557 3784 1677 3855 dicen·
1709 3782 1872 3883 mumolus
1886 3782 2003 3837 blem-

299 3898 383 3968 dum
409 3907 480 3988 est,
507 3920 593 3992 quae
620 3905 694 3969 erat
720 3897 932 3992 amplissima.
986 3895 1108 3970 Notum
1136 3907 1189 3970 est
1221 3919 1325 3993 porro
1356 3920 1403 3970 ex
1430 3898 1582 3971 Concilio
1609 3896 1678 3968 Ni·
1692 3871 1760 3923 ‘¹¹¹³'
1777 3869 1924 3924 ΝΜ*

299 4035 413 4085 caeno
441 4013 518 4084 olim
545 4011 654 4085 eidem
680 4012 895 4086 Patriarcbae
921 4011 1107 4086 attributam
1125 4012 1230 4086 luisse
1247 4013 1456 4111 Aegyptum,
1482 4014 1679 4109 Pentapolin

299 4138 340 4200 et
365 4128 527 4225 Libyam,
549 4138 585 4199 nt
610 4132 696 4202 siout
722 4128 863 4202 Conone
896 4128 953 4202 vt.
988 4132 1196 4202 constituitur
1229 4151 1346 4202 eornm
1379 4131 1522 4202 omnium
1557 4131 1612 4224 qui
1645 4132 1679 4200 in

297 4248 378 4318 istis
403 4246 586 4339 provinciis
614 4254 728 4317 essent
755 4241 1016 4318 Christianorum
1041 4243 1292 4318 Alexandrinus
1317 4243 1508 4341 Episcopus
1539 4243 1679 4315 baberet

296 4362 489 4456 primatum.
519 4359 632 4454 Atque
655 4359 688 4430 hi
711 4358 844 4431 fuerunt
869 4361 1086 4455 antiquissimi
1112 4361 1232 4435 limites
1253 4359 1501 4433 Patriarchatus
1515 4360 1678 4432 Alexan-

298 4475 411 4564 driae,
438 4474 480 4545 de
507 4475 625 4568 quibus
652 4474 753 4547 multa
781 4475 868 4571 apud
895 4486 1030 4548 autores
1058 4498 1174 4549 omnes
1200 4479 1327 4572 passim
1354 4457 1543 4564 occurrunt,
1570 4474 1678 4546 doctis

294 4592 486 4662 notissima.
525 4590 603 4664 blos
630 4589 766 4679 obtinet,
793 4594 897 4687 inquit
917 4591 1120 4688 Epiphanius
1149 4592 1282 4665 haeresi
1309 4589 1368 4661 68.
1396 4599 1430 4662 ut
1450 4589 1679 4662 Alexandriae

294 4705 509 4802 Episcopus,
542 4709 642 4779 totius
673 4707 826 4803 Aegypti
860 4732 901 4780 ac
936 4705 1137 4799 Thebaidis,
1169 4706 1431 4800 Maraeotaeque
1466 4728 1508 4776 ac
1534 4703 1680 4799 Libyae,

292 4823 635 4916 Ammoniacaeque,
670 4821 888 4895 Maraeotidis
924 4832 958 4893 et
983 4822 1227 4919 Pentapoleos,
1253 4821 1524 4894 Ecclesiasticam
1557 4817 1679 4891 babeat

294 4934 628 5007 administrationem.
680 4938 783 5009 Fines
809 4937 1020 5010 Dioeoeseos
1047 4939 1245 5032 explicatius
1272 4935 1361 5009 dedit
1386 4934 1481 5007 Nilus
1507 4936 1677 5029 Doxapa·

294 5052 401 5139 trius,
428 5052 523 5142 cujus
551 5060 711 5148 excerpta
738 5050 844 5124 refert
868 5053 941 5126 Leo
965 5051 1110 5124 Allatius
1137 5053 1158 5125 l.
1188 5051 1248 5127 10.
1276 5051 1318 5123 de
1353 5061 1517 5146 perpetuo
1550 5055 1678 5124 utrius-

989 5173 1000 5183 ‘
1393 5166 1474 5244 68*
