4525 6034
758 576 811 652 44
1264 577 1623 654 irrorari
1699 550 1702 557 ’

757 769 953 838 memoratio
981 789 1067 861 quae
1092 763 1193 838 bodie
1218 768 1339 858 agitur,
1366 768 1409 837 sit
1434 767 1515 860 ipsis
1541 775 1696 862 tanquam
1722 790 1835 838 murus
1861 767 1993 859 11111111,
2019 794 2117 867 supe·

755 903 835 954 rans
863 905 979 955 omnes
1007 882 1255 954 daemoniorum
1282 881 1433 969 insultus,
1460 892 1494 953 et
1520 882 1658 955 consilia
1684 883 1851 958 bominum
1869 886 2095 982 improbomm.

858 1012 1047 1085 Diaconos.
1099 1011 1251 1084 Adorate
1276 1012 1385 1083 Deum
1411 1033 1486 1082 cum
1513 1014 1642 1085 timore.

859 1128 1043 1201 Sacerdos.
1096 1128 1279 1219 Memento,
1304 1129 1458 1216 Domine,
1475 1133 1640 1202 tenuitatis
1658 1153 1766 1221 111111,
1785 1140 1819 1202 11
1834 1134 1990 1205 miseriae
2002 1136 2119 1208 animae

756 1267 866 1334 meae,
893 1255 928 1316 et
952 1245 1076 1338 largire
1102 1244 1192 1335 mibi,
1219 1254 1253 1315 ut
1279 1243 1460 1337 intelligam
1487 1256 1631 1340 11111111
1657 1246 1824 1339 dignitatis
1851 1250 1894 1321 sit
1921 1248 2050 1322 adstare
2071 1276 2119 1323 me

758 1360 803 1433 ad
829 1362 933 1433 111111
959 1372 1049 1433 tuum
1075 1372 1234 1435 sanctum.
1286 1359 1394 1432 Aufer
1428 1383 1529 1432 ame
1565 1366 1676 1434 omnia
1711 1363 1878 1438 desideria
1912 1368 2119 1462 insipientiae,

758 1486 793 1549 et
815 1481 1014 1569 juventutis:
1053 1501 1164 1572 neque
1198 1477 1262 1549 hoc
1293 1476 1370 1548 mihi
1403 1499 1512 1569 grave
1546 1480 1589 1549 sit
1614 1501 1688 1550 cum
1715 1479 1981 1575 respondendum
2008 1487 2067 1553 erit
2089 1488 2118 1554 in

758 1594 812 1666 die
838 1596 893 1667 illo
921 1594 1069 1666 terribili.
1121 1593 1245 1667 Libera
1276 1618 1331 1665 me
1364 1597 1463 1666 ctiam
1496 1591 1537 1665 ab
1574 1594 1726 1667 omnibus
1753 1598 2000 1692 operationibus
2026 1610 2118 1694 pote-

757 1716 851 1785 statis
878 1711 1078 1784 adversarii:
1113 1733 1224 1806 noque
1258 1733 1312 1781 me
1344 1711 1466 1806 perdas
1499 1720 1638 1806 propter
1663 1715 1852 1808 iniquitates
1879 1737 1995 1803 meas,
2020 1738 2119 1810 neque

756 1830 912 1900 irascaris
938 1828 1017 1900 mibi
1042 1850 1149 1923 usquc
1175 1830 1208 1898 in
1236 1837 1418 1915 aeternum,
1444 1850 1553 1922 neque
1580 1850 1699 1899 serves
1728 1829 1805 1900 mibi
1836 1829 1924 1901 111111
1950 1853 2042 1919 mea,
2067 1829 2119 1902 sed

754 1945 894 2017 ostende
920 1944 998 2017 mibi
1024 1943 1206 2017 bonitatem
1225 1966 1307 2036 erga
1333 1953 1506 2033 metuam,
1534 1954 1568 2015 et
1587 1942 1693 2015 libera
1716 1968 1770 2016 me
1792 1946 1974 2039 indignum,
2001 1970 2118 2019 secun-

752 2061 829 2134 dum
860 2062 1097 2133 multitudinem
1131 2061 1383 2133 misericordiae
1421 2070 1498 2131 tuae
1529 2083 1631 2155 super
1664 2084 1727 2131 me.
1785 2063 1879 2134 Tonc
1915 2064 2118 2135 1111111111

751 2177 947 2250 benedicam
975 2177 1034 2250 tibi
1060 2200 1194 2274 semper
1220 2176 1372 2250 omnibus
1399 2175 1516 2248 diebus
1543 2180 1634 2248 vitae
1660 2200 1765 2249 111111.

853 2313 997 2384 Domine
1023 2315 1195 2385 miserere.
1247 2309 1428 2399 Memento,
1454 2311 1610 2399 Domine,
1636 2332 1817 2384 consessus
1838 2310 1933 2403 bujus
1962 2313 2117 2385 sacerdo-

749 2426 825 2500 talis
853 2432 959 2501 sancti
984 2432 1043 2517 tui,
1070 2437 1104 2499 et
1130 2431 1237 2501 omnis
1264 2426 1642 2500 Ordinis‘sacerdotalis
1670 2426 1866 2500 Drtbodoxi.

852 2562 1041 2635 Diaconos.
1096 2562 1289 2670 01111111ν
1321 2559 1383 2631 hac
1410 2570 1525 2633 sancta
1557 2565 1821 2654 congregatione
1848 2561 2060 2653 sacerdotali,
2085 2573 2116 2635 et

749 2701 812 2776 pro
841 2683 929 2751 omni
957 2678 1082 2752 Ordine
1108 2678 1320 2751 sacerdotum
1348 2677 1630 2768 Ortbodoxorum,
1656 2689 1693 2749 ut
1719 2677 1869 2751 Christus
1888 2680 1984 2751 Dens
2010 2689 2116 2753 noster

750 2795 923 2868 confirmet
948 2795 1023 2869 illos
1050 2795 1176 2867 iulide
1203 2793 1401 2868 Orthodoxa
1427 2816 1533 2890 usque
1560 2794 1603 2866 ad
1629 2804 1813 2866 extremum
1841 2798 2002 2889 spiritum.

852 2929 1037 3002 Sacerdos.
1090 2927 1135 3001 Et
1160 2931 1268 3000 omnis
1295 2927 1417 3000 ordinis
1445 2927 1662 3001 sacerdotalis
1688 2927 1958 3001 Drtbodoxorum
1987 2939 2021 3001 11
2043 2929 2115 2999 uni-

730 3047 981 3143 uersipopuli
1008 3049 1063 3142 qui
1089 3055 1155 3117 stat
1181 3066 1296 3117 coram
1323 3054 1366 3116 tc.
1419 3047 1586 3118 Memento
1613 3050 1734 3136 nostri,
1764 3047 1927 3136 Domine,
1964 3047 2115 3132 Domine,

747 3167 782 3236 in
807 3165 1035 3238 misericordia
1062 3172 1096 3234 et
1120 3162 1401 3253 miserationibus,
1427 3172 1461 3234 et
1486 3160 1562 3233 dele
1588 3165 1777 3257 iniquitates
1803 3172 1953 3253 nostras,
1980 3159 2114 3247 obone,

748 3291 876 3354 amator
901 3281 1068 3352 bominum
1093 3279 1198 3353 Deus.
1249 3276 1333 3350 Esto
1370 3282 1481 3352 socius
1516 3277 1709 3370 nobiscum,
1742 3287 1778 3349 ut
1803 3282 2028 3377 ministremus
2053 3299 2114 3349 no-

748 3400 827 3468 mini
852 3408 910 3470 tuo
938 3407 1066 3470 sancto.

849 3533 992 3604 Domine
1018 3536 1190 3605 miserere.
1243 3530 1390 3603 Benedic
1416 3529 1736 3622 congregationibus
1763 3532 1899 3603 nostris.

849 3664 1036 3737 Diaconos.
1091 3665 1193 3739 Orate
1232 3688 1294 3761 pro
1330 3665 1394 3736 bac
1426 3667 1691 3755 congregatione
1722 3671 1837 3737 nostra
1871 3670 1905 3733 et
1936 3685 1999 3758 pro
2034 3663 2115 3734 omni

745 3785 1009 3873 congregatione
1040 3782 1238 3879 populorum
1274 3779 1568 3870 Ortbodoxorum,
1608 3790 1644 3851 ut
1686 3776 1835 3851 Christus
1870 3780 1966 3851 Deus
2006 3788 2114 3851 noster

745 3896 921 3970 benedicat
947 3909 980 3969 et
1005 3899 1156 3995 perficiat
1180 3898 1255 3971 illos
1282 3901 1316 3968 in
1342 3921 1428 3993 pace
1455 3908 1489 3968 et
1514 3901 1657 3969 remittat
1682 3894 1780 3969 nobis
1801 3905 1941 3992 peccata
1969 3905 2089 3969 nostra.

849 4032 1031 4105 Sacerdos.
1086 4033 1217 4106 Cultum
1243 4030 1406 4104 idolorum
1431 4052 1571 4127 prorsus
1599 4053 1645 4101 ex
1670 4028 1791 4102 mundo
1820 4033 2024 4100 extermina:
2051 4050 2109 4099 sa·
2223 4083 2226 4092 .

744 4160 855 4222 tanam
890 4161 925 4222 ct
958 4172 1074 4224 omnes
1108 4159 1294 4246 potestates
1327 4151 1399 4241 ejus
1434 4150 1597 4244 pessimas
1620 4156 1768 4217 «contere
1803 4155 1837 4217 11
1872 4145 2022 4240 deprime
2053 4141 2108 4215 sub
2223 4209 2227 4212 .

743 4265 883 4362 pedibus
909 4270 1034 4341 nostris
1059 4266 1241 4338 velociter:
1275 4263 1433 4337 scandala
1464 4274 1499 4335 et
1532 4286 1647 4335 eorum
1674 4271 1808 4335 autores
1845 4284 2042 4356 compesce,
2080 4266 2111 4327 ut

742 4382 895 4455 liniantur
929 4384 1112 4457 divisiones
1152 4385 1363 4479 perniciosae
1397 4379 1599 4453 haereseon:
1637 4378 1780 4452 bostium
1823 4377 2002 4449 Ecclesiae
2042 4387 2110 4446 tuae

743 4511 891 4591 sanctae,
916 4502 1071 4591 Domine,
1098 4510 1134 4577 ut
1160 4521 1313 4595 semper,
1343 4502 1389 4570 ita
1416 4501 1514 4570 etiam
1541 4519 1628 4568 nunc
1654 4495 1788 4568 destrue
1814 4491 2006 4589 superbiam
2031 4511 2109 4561 cor-

742 4615 808 4688 dis:
847 4615 903 4688 iac
936 4617 1001 4690 illis
1033 4627 1146 4687 notam
1180 4616 1343 4688 velociter
1377 4613 1633 4686 imbecillitatem
1673 4634 1784 4684 suam:
1820 4614 1965 4705 reprime
2001 4625 2110 4678 eornm

741 4730 911 4824 invidiam,
937 4732 1073 4805 fraudes
1100 4741 1135 4804 et
1160 4731 1442 4822 machinationes,
1475 4740 1509 4821 et
1542 4728 1722 4802 calumnias
1749 4726 1865 4823 quibus
1900 4748 1965 4797 nos
2000 4726 2107 4817 impu-

743 4859 864 4941 gnant:
893 4872 1018 4945 easque
1036 4849 1141 4921 redde
1156 4870 1270 4923 omnes
1289 4848 1435 4920 inutiles:
1463 4847 1587 4943 dissipa
1608 4844 1747 4918 consilia
1772 4867 1901 4932 eorum,
1928 4843 2033 4933 Deus,
2060 4841 2109 4934 qui

744 4964 910 5061 dissipasti
936 4966 1110 5040 consilium
1135 4964 1342 5061 Acbitopbel.
1380 4964 1533 5056 Exurge,
1558 4963 1701 5035 Domine
1728 4962 1833 5051 Deus,
1859 4968 1893 5031 et
1918 4958 2110 5054 dissipentur

742 5104 860 5157 omnes
886 5086 1008 5157 inimici
1040 5086 1103 5176 tui,
1140 5093 1173 5155 et
1198 5081 1326 5177 lugiunt
1358 5081 1490 5155 111111
1517 5089 1572 5153 111
1599 5101 1717 5153 omnes
1744 5081 1800 5174 qui
1826 5076 1967 5150 oderunt
1993 5092 2109 5148 nomen
