4525 6034
683 560 733 635 70
1056 561 1672 640 auscultationis

681 755 713 810 et
736 747 882 831 singulari
904 746 1050 829 Epistola,
1075 755 1105 810 et
1129 747 1179 809 alii
1201 747 1296 827 multi,
1319 767 1446 829 quonum
1468 749 1637 812 testimonia
1655 749 1824 833 collegerat
1844 752 1893 813 vir
1914 748 2039 812 clarissi-

679 866 746 909 mus
770 846 897 911 Carolus
920 848 1087 909 Fraxineus
1111 846 1261 929 Cangius:
1291 849 1380 928 plura
1410 848 1522 912 addidit
1544 868 1610 911 cum
1633 850 1758 912 eruditis
1780 849 2039 914 observationibus

679 944 714 1008 R.
743 947 775 1012 P.
804 946 932 1010 Michael
966 947 1102 1027 lequien
1131 948 1163 1009 in
1191 957 1331 1010 accurata
1365 967 1492 1030 operum
1528 947 1653 1011 loannis
1694 950 1872 1014 Damasocni
1906 949 2039 1014 editione.

677 1046 827 1109 Nonnulla
853 1064 974 1128 quoque
996 1065 1036 1108 ex
1058 1045 1262 1109 Orientalibus
1286 1046 1371 1129 Syris
1401 1066 1418 1109 a
1447 1047 1536 1112 nohis
1558 1047 1689 1131 allegata
1717 1058 1803 1128 sunt,
1834 1051 1865 1111 in
1887 1048 2040 1113 &mman-

677 1148 756 1210 tario
779 1146 816 1209 ad
838 1146 1002 1229 liturgiam
1024 1145 1127 1208 Basilii
1150 1146 1319 1228 Copticam,
1350 1166 1428 1228 quae
1458 1148 1506 1211 hic
1534 1148 1669 1211 indicare
1698 1149 1832 1213 sulliciet
1879 1149 1990 1211 Graeci
2016 1155 2040 1210 at

680 1246 852 1310 Orientales
874 1265 937 1310 non
964 1246 1053 1310 modo
1082 1249 1112 1308 io
1143 1245 1271 1327 publicis
1302 1247 1425 1324 Ciliciis,
1455 1248 1510 1311 sed
1540 1250 1569 1309 in
1597 1249 1724 1328 privatis
1746 1250 1887 1329 precihus
1910 1249 2040 1330 hynmun

677 1347 760 1409 illum
771 1347 949 1427 frequenter
969 1348 1108 1425 recitant,
1131 1353 1163 1408 ut
1185 1354 1268 1427 patet
1290 1366 1330 1410 ex
1353 1346 1536 1428 Horologiis,
1559 1364 1619 1409 noo
1634 1347 1758 1410 Graecis
1780 1346 1881 1428 modo,
1896 1349 1954 1411 sed
1969 1349 2039 1410 Ara·

677 1446 754 1508 hicis
777 1445 814 1508 ad
837 1465 924 1508 usum
945 1444 1151 1509 Molchitarum
1176 1446 1343 1525 conversis,
1375 1455 1409 1508 ut
1430 1447 1482 1509 illo
1504 1446 1578 1508 Fani
1604 1446 1684 1510 edito
1708 1464 1786 1510 anno
1808 1446 1945 1510 lilDXlV.
1971 1447 2041 1528 qnod

678 1545 751 1608 hlss.
774 1544 870 1607 simile
893 1553 949 1608 est.

408 1644 537 1697 larabiae
561 1643 666 1710 addunt,
764 1644 925 1708 hlelchitae
947 1662 1040 1726 porro
1053 1662 1110 1706 seu
1126 1644 1293 1708 Orthodoxi
1309 1644 1416 1708 Graeci
1439 1653 1470 1709 et
1486 1646 1593 1723 Latini,
1616 1645 1698 1707 illum
1720 1646 1894 1726 simpliciter
1908 1648 2040 1709 recitant:

374 1734 605 1832 pertemptatus
618 1752 666 1804 pro
680 1746 811 1808 Sanctus
833 1744 926 1820 Deus,
948 1744 1079 1807 Sanetus
1097 1743 1201 1823 fortia,
1224 1745 1355 1807 Sanctus
1376 1747 1557 1808 immortalia
1576 1747 1722 1807 miserere
1742 1746 1839 1811 nodia.
1884 1746 2039 1825 Jacohitae,

374 1819 475 1903 ’ΨΜ
680 1855 739 1908 tam
768 1843 907 1926 Coptitae
929 1862 1017 1925 quam
1045 1843 1115 1924 Syri
1143 1843 1271 1923 addunt,
1303 1846 1363 1921 Qut
1391 1847 1557 1926 crucifixus
1583 1864 1617 1906 es
1641 1864 1701 1924 pro
1730 1845 1834 1925 mdis,
1865 1845 2040 1909 Orthodoxis

678 1944 927 2022 reclamantibus,
958 1961 1018 2005 non
1046 1943 1142 2007 minus
1173 1962 1261 2024 quam
1283 1943 1469 2008 Nestorianis
1493 1946 1675 2031 inquorum
1699 1944 1784 2007 libris
1805 1946 1872 2007 sine
1896 1945 2040 2009 additione

678 2045 805 2128 legitur:
835 2052 868 2106 ut
890 2044 979 2106 etiam
1002 2050 1129 2105 testatur
1152 2042 1261 2106 Amrus
1283 2026 1413 2107 llathaei
1436 2042 1528 2123 lilius,
1551 2044 1637 2125 cujus
1659 2044 1862 2107 testimonium
1885 2045 1958 2108 loco
1981 2062 2041 2106 mon

678 2134 770 2207 citato
794 2143 957 2208 retudimus,
1002 2142 1030 2206 ls
1053 2161 1147 2224 porro
1171 2163 1211 2205 ox
1232 2142 1357 2206 historia
1370 2143 1462 2206 ilaris
1485 2143 1537 2204 lilii
1554 2142 1731 2221 Salomonis,
1755 2161 1814 2205 non
1830 2145 1953 2206 Petrum
1966 2143 2040 2205 Gna-

648 2234 650 2239 ⁴
677 2245 799 2326 pheum,
822 2244 878 2306 sed
887 2243 1069 2324 Episcopum
1091 2241 1320 2325 hlonbigensem
1342 2243 1408 2306 sive
1422 2242 1686 2324 hierapolitanum,
1709 2242 2040 2317 scilicetPhiloxenum,

679 2352 815 2407 autorem
837 2343 923 2407 istius
946 2343 1105 2406 additionis
1128 2341 1222 2405 luisse
1245 2344 1365 2421 scribit,
1389 2361 1429 2405 ex
1451 2358 1572 2406 suorum
1595 2341 1763 2404 traditione.
1806 2342 1867 2405 Alii
1890 2343 2040 2406 additionis

679 2452 814 2507 autorem
829 2445 949 2505 Petrum
963 2442 1140 2523 Gnapheum
1154 2441 1248 2505 luisse
1263 2442 1374 2520 dicunt,
1398 2442 1605 2504 Antiochenae
1620 2440 1702 2504 sedis
1713 2443 1898 2520 invasorem,
1922 2460 2041 2522 eamque

420 2610 425 2622 ‚
680 2543 786 2606 edictis
809 2544 871 2605 suis
895 2541 1090 2604 confirmasse
1112 2542 1304 2603 Anastasium
1326 2541 1540 2621 Imperatorem
1562 2540 1781 2622 Monophysitis
1804 2541 2041 2618 addictissimum,

390 2609 452 2747 ΖΨ
467 2610 608 2685 Dym'p'
621 2614 666 2667 ⁹³·
680 2651 712 2706 ut
733 2642 845 2725 legitur
862 2642 942 2724 apud
956 2640 1195 2725 hbullaragium,
1211 2642 1265 2703 sed
1281 2641 1429 2704 seditione
1443 2642 1547 2723 populi
1559 2647 1739 2704 commotum
1753 2641 1915 2704 destitisse.
1939 2644 2041 2705 Verum

391 2698 560 2852 9323&
592 2701 667 2756 M
680 2762 758 2826 qliae
780 2742 898 2805 illorum
922 2750 1088 2823 temporum
1111 2740 1264 2804 historiam
1287 2748 1436 2823 spectant,
1459 2761 1477 2804 a
1499 2739 1622 2803 Graecis
1646 2742 1756 2821 potius,
1780 2758 1867 2821 quam
1889 2742 1928 2804 ab
1951 2742 2042 2805 Auto-

679 2844 762 2906 ribus
786 2844 836 2925 qui
858 2841 988 2904 Arabiae
1012 2849 1062 2902 aut
1085 2840 1209 2922 Syriaoe
1235 2841 1422 2921 scripserunt
1448 2840 1580 2922 peteuda
1608 2848 1693 2903 sunt:
1724 2859 1823 2921 neque
1851 2841 1952 2904 lraudi
1979 2859 2039 2903 essa

680 2942 791 3006 debent
809 2944 914 3004 inanes
930 2936 1127 3021 quorumdam'
1147 2940 1291 3002 librorum
1315 2941 1352 3003 de
1373 2940 1586 3004 Ecclesiastioa
1608 2940 1732 3003 historia
1755 2940 1840 3019 tituli,
1858 2943 1946 3022 quasi
1961 2940 2042 3023 quid·

679 3063 767 3126 quam
780 3043 903 3105 Graecis
926 3049 976 3103 aut
990 3041 1103 3103 Latinis
1125 3041 1310 3123 incognitum
1334 3040 1446 3104 docere
1468 3057 1525 3102 nos
1548 3040 1682 3121 possint:
1705 3058 1772 3103 curn
1794 3047 1860 3102 acta
1884 3033 2037 3104 et'instm-

678 3152 777 3208 menta
792 3143 924 3206 Arabico
940 3149 990 3204 aut
1002 3141 1139 3222 Syriaco,
1163 3150 1286 3222 praeter
1297 3141 1487 3222 paucissima,
1503 3141 1556 3202 vir
1567 3139 1628 3202 ulla
1641 3146 1753 3202 extent.
1776 3138 1881 3220 ltaque
1892 3140 2038 3204 Jacohitae

677 3244 836 3327 Aegyptii,
867 3259 927 3303 non
949 3244 1045 3303 minus
1069 3259 1156 3323 quam
1180 3240 1265 3322 Syri,
1288 3241 1456 3322 'irisagium
1478 3239 1633 3322 hymnum,
1657 3246 1690 3301 ut
1714 3238 1793 3319 apud
1817 3256 1872 3301 eos
1896 3245 2038 3317 recitatur,

678 3343 859 3405 additionem
886 3342 965 3403 illius
993 3340 1174 3422 particulae,
1204 3341 1442 3420 poimacificam
1464 3338 1698 3420 caprenciis,
1731 3337 1768 3400 ab
1796 3338 1880 3400 initio
1908 3339 2038 3403 hahuisse

679 3442 858 3508 existimant.

393 3544 570 3604 (lucratione
596 3545 664 3597 illam
764 3540 934 3603 Accusatus
957 3547 1005 3602 est
1027 3539 1141 3602 idcirco
1157 3538 1194 3600 ab
1210 3538 1394 3601 Orthodoxis
1405 3531 1511 3600 Petrus
1528 3538 1690 3619 Gnaphcus
1713 3546 1854 3621 unquam
1876 3541 2037 3620 passionem

359 3629 513 3684 additionem
528 3632 664 3700 explicent.
678 3642 709 3702 in
731 3639 847 3702 divinas
877 3640 1028 3702 Trinitatis
1052 3656 1200 3720 personas
1223 3637 1394 3718 induceret,
1426 3645 1457 3700 et
1478 3655 1543 3701 eam
1567 3639 1788 3702 accusationem
1808 3638 1879 3702 olim
1894 3658 1911 3700 a
1924 3639 2036 3703 Graecis

679 3748 861 3821 susceptam,
886 3738 956 3821 Syri
978 3735 1157 3819 etCoptitae
1180 3756 1246 3801 curn
1269 3738 1364 3801 adse
1387 3739 1565 3819 pertineret,
1588 3738 1744 3819 depellere
1766 3756 1828 3802 non
1852 3741 1918 3802 unis
1939 3738 2037 3820 apolo-

679 3841 737 3923 giis
760 3841 861 3903 conati
882 3847 960 3902 sunt.
1003 3839 1161 3919 Praecipui
1189 3840 1267 3901 inter
1296 3836 1391 3920 Syros
1421 3837 1480 3913 hoc
1510 3839 1651 3921 aggressi
1681 3846 1749 3900 sunt
1771 3837 1819 3901 lsa
1843 3840 1920 3902 tilius
1940 3841 2035 3916 Zama,

675 3937 747 4002 ohlau
769 3938 855 4003 Raita
878 3938 1075 4018 Takritensis,
1101 3939 1191 4000 Yahia
1215 3938 1290 4000 lilius
1312 3937 1382 4015 Adi,
1405 3946 1435 4001 et
1457 3937 1619 4017 Dionysius
1641 3936 1805 4019 Barsalibi,
1828 3948 1948 4020 praetor
1968 3939 2035 4000 alios

680 4040 728 4119 qui
753 4040 820 4102 data
844 4040 1006 4102 occasione
1029 4038 1066 4102 de
1090 4038 1199 4101 eodem
1222 4046 1399 4120 argumento
1422 4039 1619 4118 scripserunt.
1664 4038 1786 4101 Illorum
1809 4038 1973 4103 testimonia
1989 4055 2036 4099 re-

678 4139 798 4202 tulimus
828 4141 858 4202 in
888 4137 1108 4202 Commentario
1140 4137 1178 4200 ad
1208 4136 1350 4219 Copticas
1376 4138 1537 4219 liturgias.
1583 4137 1822 4202 Omniumvero
1845 4139 2035 4202 Jacohitarom

678 4241 827 4305 sententia
848 4257 907 4301 una
930 4248 992 4302 est:
1014 4239 1109 4301 verba
1130 4238 1320 4321 Doxologiae
1342 4238 1420 4300 illius
1436 4256 1496 4300 non
1518 4238 1556 4299 ad
1567 4237 1751 4317 Trinitatem,
1774 4239 1830 4302 sed
1844 4240 1882 4302 ad
1897 4238 2033 4303 Christum

680 4342 806 4420 referri,
837 4339 917 4420 quod
940 4339 1102 4420 perspicue
1125 4338 1295 4421 significant
1317 4339 1452 4420 ejusdem
1473 4338 1574 4419 hymni
1592 4338 1798 4420 paraphrases
1822 4342 1933 4415 variae,
1960 4352 2032 4415 quae

681 4444 712 4504 in
734 4426 818 4503 libris
833 4438 1057 4502 Ecclesiasticis
1079 4438 1283 4519 reperiuntur,
1303 4444 1505 4519 praetereas,
1529 4456 1604 4517 quas
1618 4437 1835 4501 relerunthbu
1847 4433 2033 4515 natatilia

682 4550 713 4604 et
741 4541 790 4602 alii
813 4539 971 4621 Theologi.
1014 4535 1098 4599 lllum
1127 4540 1308 4625 curatione
1337 4537 1582 4615 determinatum,
1611 4556 1704 4618 posse
1734 4536 1877 4615 tolerari,
1900 4533 2034 4618 judicarit

682 4640 879 4722 Ephraemius
892 4638 1137 4701 Orthodoxorum
1150 4636 1321 4700 Patriarcha
1333 4637 1550 4716 Antiochonus,
1574 4640 1659 4720 cujus
1682 4639 1783 4718 operis
1807 4645 1945 4719 excerpta
1958 4633 2033 4696 Pho-

683 4743 741 4804 tius
764 4741 910 4817 servavit,
933 4756 991 4800 nec
1014 4738 1071 4800 alia
1086 4737 1204 4800 videtur
1216 4740 1363 4827 sententia
1375 4737 1469 4801 luisse
1487 4736 1608 4821 Eulogii
1630 4737 1840 4817 Alexandrini,
1863 4746 1892 4800 et
1916 4734 2032 4798 aliorum

682 4845 731 4924 qui
756 4842 875 4905 dehoc
898 4846 1076 4925 argumento
1099 4840 1301 4920 scripserunt,
1325 4838 1406 4919 quod
1428 4837 1499 4902 alihi
1521 4845 1679 4901 tractatum
1702 4846 1757 4903 est.
1804 4838 1909 4903 Suiiicit
1929 4832 2032 4895 ohser-

679 4960 769 5005 vasso
792 4940 943 5005 Jacobitas
967 4939 1077 5023 SyroS,
1101 4947 1133 5003 ut
1163 4940 1250 5003 etiarn
1274 4939 1424 5032 CoptitaS,
1446 4939 1648 5021 Doxologiam
1669 4938 1816 5022 integram
1839 4938 1875 5001 ad
1895 4934 2031 4998 Christum

680 5041 807 5107 relerre.
