4525 6034
548 607 604 686 lu
629 608 927 686 tironatus
963 606 1251 686 stainans.
1534 611 1581 685 ot

214 795 340 874 septe
366 802 398 856 er
417 777 629 857 usumin
657 796 748 856 emm
775 794 825 856 ne
850 793 972 873 nasa
1001 795 1170 873 ammte,
1201 802 1232 855 e
1259 793 1361 856 atra
1386 796 1586 875 petamus·

209 897 290 974 poni
310 902 340 955 et
359 896 430 955 cina
452 912 529 973 puae
550 901 620 955 neu
640 913 732 974 suuper
753 893 862 955 altare.

302 994 374 1055 btox
395 993 472 1055 idem
496 992 671 1076 Theologus
692 994 737 1056 sio
759 994 962 1074 prosequitur.
1008 990 1172 1073 Postquam
1193 1001 1293 1055 autem
1316 992 1472 1055 Sacerdos
1493 996 1586 1058 ἐννοο-

212 1095 297 1154 canit
310 1092 456 1172 Spiritum
477 1100 614 1154 sanctum
627 1093 798 1167 decimatus,
821 1093 910 1173 eripit
930 1112 974 1167 se,
992 1099 1021 1153 et
1035 1092 1119 1167 dicit,
1132 1090 1170 1154 Ut
1183 1092 1426 1168 adveniensetc.
1451 1093 1587 1175 Tuncpre

213 1190 356 1253 Oblatum
378 1200 424 1252 ter
446 1209 535 1252 cnsce
556 1192 666 1272 ss'prmt,
689 1199 735 1253 ter
757 1209 871 1272 quaque
892 1191 1035 1254 calicem:
1056 1193 1148 1252 atita
1160 1192 1316 1271 dqrdficet,
1338 1192 1434 1254 Deum
1451 1192 1588 1268 vebum,

212 1291 368 1353 cotenu
393 1290 499 1352 Patris
523 1290 722 1369 descendere,
753 1297 782 1351 et
803 1289 889 1351 illabi
908 1291 941 1351 in
962 1292 1121 1372 merleia,
1149 1310 1245 1371 captu
1266 1293 1417 1371 ρονβοονο
1434 1312 1492 1372 ρον
1513 1292 1589 1372 Spi-

212 1392 307 1450 ritum
328 1400 474 1465 saccetum,
493 1408 605 1468 panem
626 1390 763 1470 quidem,
792 1393 843 1464 (ut
863 1391 920 1465 sit)
950 1408 1076 1468 corpus:
1105 1392 1224 1455 mistum
1251 1390 1332 1470 ped
1360 1391 1393 1451 in
1414 1391 1511 1453 calice
1532 1400 1589 1466 cst,

212 1486 331 1568 efficiat
350 1490 534 1569 snnpmnern.
579 1487 691 1549 lter-rem
714 1507 774 1567 per
798 1489 946 1567 triplicem
966 1489 1048 1550 want
1074 1488 1312 1569 obdurationem
1333 1490 1485 1569 νὶρνιᾷὶοαί
1504 1492 1588 1559 illud.

214 1588 347 1668 Spiritus
369 1594 491 1651 sanctus
514 1590 710 1667 superveniet
737 1588 767 1648 in
790 1594 838 1663 te,
869 1594 901 1649 et
927 1589 1023 1651 virtus
1052 1586 1199 1650 Atussini
1228 1587 1417 1650 obumbrabit
1444 1589 1507 1653 tibi.
1551 1589 1589 1651 Si
1666 1582 1671 1591 ’

213 1688 334 1768 puidam
351 1695 511 1767 postquam
531 1695 712 1749 cancerata
721 1695 770 1749 est
779 1684 901 1765 Oblata,
924 1687 1043 1749 habitat
1063 1688 1095 1747 in
1116 1686 1307 1763 celerinum,
1329 1690 1409 1749 sicut
1425 1695 1586 1769 postquam

212 1788 406 1891 sonctifipato
428 1792 475 1846 est
500 1785 589 1865 Virdo
605 1805 665 1864 per
683 1783 830 1865 Spirieun
851 1793 1005 1861 sanctem,
1034 1784 1187 1847 habitavit
1209 1787 1241 1847 in
1270 1806 1309 1848 ea
1342 1786 1467 1848 Verbum
1488 1787 1587 1850 bees.-

211 1887 258 1946 ita
279 1903 395 1965 prope
412 1904 471 1964 ρον
490 1886 671 1947 uoluntatem
691 1883 797 1946 Patris
818 1885 876 1961 nri,
899 1891 929 1945 et
945 1904 1005 1964 per
1026 1886 1165 1963 illapsum
1185 1884 1318 1964 series
1339 1886 1448 1961 sancti
1467 1889 1590 1967 perficit

208 2002 324 2064 ponem
345 2002 476 2063 carpium
505 1992 535 2045 et
555 1986 656 2045 cinon
678 1986 853 2064 sanquinem
875 1985 957 2058 (sive
978 1983 1097 2064 perficit
1118 1991 1151 2046 ut
1173 1986 1233 2046 sint
1254 2003 1367 2066 corpus
1392 1992 1424 2045 et
1445 1986 1586 2067 sanguis)

213 2085 299 2162 qum
329 2084 436 2144 eadern
461 2085 595 2158 ratione,
624 2102 662 2145 ac
689 2085 840 2146 uoluntate
865 2082 970 2144 Patris
991 2084 1056 2159 seri,
1083 2103 1142 2163 per
1162 2083 1307 2163 &irinum
1332 2104 1419 2146 nuum
1440 2091 1587 2160 sanctum,

213 2182 330 2263 ohsproe
341 2183 503 2245 mutatione
524 2183 613 2244 hanso
632 2183 735 2261 factus
749 2190 795 2244 est
807 2203 847 2244 ea
863 2182 994 2262 Virpine,
1016 2191 1105 2263 atque
1125 2184 1171 2244 ita
1186 2202 1227 2245 ea
1235 2201 1325 2261 pane,
1343 2203 1401 2263 ρον
1408 2190 1588 2264 potestaten

118 2316 122 2334 .
212 2281 322 2344 Patris
341 2303 432 2344 mimo
454 2301 565 2362 corpus
586 2284 731 2357 coeleste,
761 2284 912 2363 Qnificnt
938 2285 1127 2363 mysterium,
1160 2301 1218 2362 puo
1252 2302 1292 2344 ee
1321 2284 1494 2361 demente,
1526 2300 1588 2344 rusa

172 2386 177 2393 '
211 2389 329 2444 mtura
356 2384 518 2443 &camma
547 2389 578 2443 et
598 2401 732 2461 persensa
759 2383 926 2461 conposita
955 2390 1017 2444 est:
1044 2385 1173 2463 usn'oque
1200 2382 1252 2443 illa
1278 2385 1406 2465 mystica
1435 2384 1588 2463 sipnificat

212 2482 354 2543 sotionem
375 2482 543 2543 naturalem
565 2488 596 2542 et
612 2481 803 2561 personalem
829 2481 917 2543 Verbi
938 2500 1006 2543 cum
1027 2500 1122 2543 carne
1143 2500 1209 2545 stra.
1254 2481 1337 2544 llaec
1350 2480 1521 2558 ausuum,
1544 2499 1585 2544 ex

214 2580 365 2642 communi
393 2579 516 2642 aliorum
545 2579 769 2664 theologorum
798 2579 1002 2643 lacobitarum
1030 2583 1196 2660 sententia,
1225 2598 1286 2643 non
1312 2583 1409 2645 minus
1440 2580 1586 2663 Syrorum

213 2697 304 2760 quam
326 2681 558 2764 Aegyptiorum,
581 2700 710 2763 quorum
732 2681 802 2745 ahoi
825 2683 994 2745 testimonia
1016 2678 1199 2744 referuntur.

302 2778 437 2843 Vidimus
469 2798 547 2861 quae
575 2780 655 2843 iilius
685 2782 788 2861 opinio
815 2781 895 2845 foret
924 2783 962 2846 de
992 2781 1216 2843 Dominicorum
1245 2780 1408 2843 verborum
1438 2779 1580 2854 efficacia,
1627 2780 1728 2835 nutem
1750 2785 1906 2853 singulum

125 2898 130 2904 ·
213 2900 316 2963 neque
336 2879 563 2945 existimandum
585 2888 632 2943 est
655 2879 778 2942 illumin
795 2881 902 2944 eodem
925 2899 1019 2963 opere
1043 2880 1195 2942 contraria
1217 2880 1387 2961 scripsisse,
1411 2879 1481 2942 talia
1502 2881 1580 2943 enim
1594 2870 1905 2939 opinionemexhncora-

213 2981 396 3044 videbuntur
409 2998 446 3043 ea
459 2999 536 3061 quae
550 2999 621 3044 mox
634 2980 801 3061 retulimus,
823 2982 854 3043 iu
868 2980 976 3062 quibus
989 2979 1027 3042 de
1040 2978 1241 3042 {evocationis
1260 2979 1369 3049 ellectu
1384 2987 1442 3041 tam
1462 2981 1583 3062 magni·
1595 2954 1905 3010 ⁶⁰³⁰d⁰d⁰⁰¹¹¹¹l⁰¹l⁰¹¹·

214 3084 273 3144 tice
296 3082 442 3163 loquitur,
470 3082 497 3144 si
527 3100 545 3143 a
573 3082 805 3161 praeoccupatis
833 3080 1001 3144 hominibus
1030 3079 1068 3141 ed
1097 3078 1287 3141 bessarionis
1310 3087 1340 3142 et
1362 3078 1487 3142 Arcadii
1510 3088 1584 3142 tru-
1595 3044 1668 3099 ‘⁸¹⁰⁸'

213 3183 307 3244 tinam
330 3179 548 3262 expendantur.
575 3180 713 3258 Eliciant,
736 3181 762 3243 si
783 3180 877 3259 lubet,
900 3199 939 3243 ex
961 3178 1040 3241 itlius
1064 3180 1210 3241 orationis
1232 3179 1335 3242 verbis
1358 3197 1481 3242 errores
1504 3179 1584 3241 mul-

214 3282 348 3362 tiplioes3
369 3280 442 3343 nibil
464 3287 557 3364 egunt
578 3287 681 3342 contra
699 3278 794 3361 Syros
818 3288 848 3342 et
871 3278 1005 3360 reliquos
1019 3278 1202 3357 Orientates,
1216 3296 1315 3360 neque
1328 3287 1433 3341 contra
1449 3277 1583 3343 Graecos

214 3384 311 3462 ipsos,
334 3382 385 3462 qui
407 3380 485 3443 iltius
509 3380 654 3444 orationis
677 3388 797 3442 autores
821 3396 883 3441 non
906 3379 1043 3456 fuerunt,
1074 3377 1128 3440 sed
1158 3396 1224 3440 eam
1252 3385 1400 3458 perpetue
1423 3375 1583 3440 traditione

214 3479 452 3543 commendatam
474 3496 491 3539 a
513 3478 675 3560 majoribus
698 3487 891 3559 acceperunt.
929 3477 1050 3540 Vidisse
1079 3484 1139 3539 tem
1162 3483 1296 3552 acutum,
1325 3476 1584 3538 Turrecrcmatem

214 3587 246 3642 et
268 3579 354 3657 elios,
378 3586 411 3641 ut
424 3597 501 3660 quae
516 3580 627 3641 sanctis
639 3578 775 3641 Patribus
797 3580 846 3659 pia
869 3586 900 3641 et
920 3578 1053 3660 legitima
1071 3576 1205 3657 judicata
1227 3582 1306 3653 sunt,
1329 3576 1359 3636 in
1382 3573 1440 3636 illis
1463 3583 1581 3656 pestem

213 3687 247 3743 et
268 3678 482 3760 blasphemiam
509 3678 785 3759 deprehenderent,
814 3696 903 3740 neme
934 3677 1046 3740 credet.
1091 3676 1137 3739 De
1159 3682 1309 3739 momento
1332 3673 1580 3751 consecrationis,

213 3778 297 3841 nulia
318 3796 447 3859 unquam
469 3779 548 3840 inter
570 3776 738 3841 Orientales
760 3778 896 3859 quaestio
918 3776 986 3840 fuit:
1008 3776 1088 3839 illem
1110 3775 1247 3857 perfecte
1263 3782 1496 3838 consummatam
1512 3774 1581 3836 exi-

214 3879 352 3956 stimant,
376 3895 443 3939 eum
465 3876 619 3941 invocatio
641 3880 840 3957 pronunciata
862 3884 918 3939 est.

303 3976 364 4041 Sed
387 3984 474 4040 orant
496 3994 551 4057 pro
575 3977 804 4040 consecratione
827 3976 973 4039 donorum
1003 3983 1193 4047 sanctorum,
1223 3993 1300 4056 quae
1325 3975 1388 4055 jem
1416 3972 1495 4037 iacta
1523 3980 1580 4036 est.
1646 3992 1727 4047 omi
1743 4012 1820 4065 ,ψῃ
1837 3997 1904 4050 done

213 4076 410 4141 Eamiactem
423 4096 503 4156 esse,
526 4094 583 4139 uec
606 4084 728 4158 negant,
752 4095 811 4139 neo
838 4076 996 4151 affirmmu
1019 4083 1143 4138 orantes
1165 4093 1240 4138 vero
1262 4073 1582 4156 superEueberistiam
1594 4091 1752 4147 mercena,
1770 4085 1904 4138 arrectum

211 4180 274 4259 jam
297 4183 515 4255 consecratam,
538 4175 649 4239 habent
670 4176 808 4259 exempla
831 4176 938 4259 quibus
961 4194 995 4238 se
1017 4182 1167 4238 tueantur.
1205 4174 1279 4236 Nem
1301 4173 1412 4236 similes
1427 4173 1580 4236 orationes
1595 4169 1620 4220 1⁰
1635 4169 1886 4239 remmittuntur.

214 4278 359 4362 teguntur
379 4277 411 4339 iu
431 4276 566 4359 Liturgie
589 4275 740 4339 Gallicane
762 4278 874 4353 veteri,
898 4276 927 4337 in
951 4275 1077 4353 Gottica,
1101 4276 1130 4336 in
1153 4273 1342 4337 Moserabica
1364 4278 1395 4334 et
1416 4272 1491 4349 aliis,
1512 4280 1583 4351 post
1680 4276 1682 4281 ’

215 4385 336 4440 secreta
357 4377 407 4440 vel
426 4385 497 4457 post
518 4377 638 4456 pridie,
666 4375 697 4439 id
720 4383 766 4439 est
788 4376 991 4457 pronunciatis
1015 4374 1124 4438 Christi
1147 4374 1258 4437 verbis.
1304 4371 1335 4435 ln
1358 4373 1467 4453 pruna,
1497 4371 1581 4433 Haec

198 4497 273 4541 =nos
293 4477 420 4539 uomere
440 4477 577 4537 instinctu
598 4482 629 4536 et
644 4482 811 4555 praecepta
832 4476 1009 4550 retinentes,
1031 4474 1205 4554 suppliciter
1225 4492 1362 4549 oramru,
1383 4475 1429 4534 uti
1448 4473 1507 4534 boc
1528 4490 1582 4533 sa·

215 4577 362 4657 crificerns
383 4576 537 4655 suscipere
558 4582 588 4636 et
608 4573 785 4636 benedicere
805 4575 959 4653 ἀν’ρνιονίν,
985 4580 1020 4634 ut
1037 4575 1093 4654 fiat
1113 4573 1202 4636 nohis
1223 4576 1355 4655 tepitima
1375 4573 1581 4648 Eucharistia,

214 4673 994 4756 utmaliliipuetuinomineetdpiritussancti,
1022 4675 1055 4735 in
1083 4674 1350 4753 transmutatione
1377 4674 1516 4752 corporis
1543 4691 1583 4734 ac

215 4777 373 4856 sanpsdrsis
394 4774 517 4837 Domiti
536 4774 596 4836 liei
614 4775 714 4836 nodri
732 4773 807 4835 Jesu
830 4771 945 4836 Christi
964 4775 1109 4853 mdaerdti
1129 4777 1184 4836 sed.
1214 4774 1248 4836 iu
1269 4772 1363 4835 Missa
1383 4771 1583 4835 Assumtionis

214 4873 249 4939 B.
261 4874 385 4938 hieriae.
418 4874 590 4937 Descendat
605 4873 733 4936 bonae
753 4873 785 4934 in
806 4873 854 4935 his
875 4874 1046 4953 sacrificiis,
1068 4881 1139 4936 tuuc
1160 4872 1384 4947 benedictionis,
1405 4877 1583 4934 coaetaneus

214 4970 1582 5055 etcoopcrotorRaraclihuSpirihurutobiauhnempuamtibidetematuusnr-

215 5073 1041 5157 ch'dcarteporreqinurs,coelestipemnuserotiene,
1070 5074 1331 5152 tesuncdficante
1358 5077 1584 5134 aunemuesut

254 5211 378 5257 romu
601 5270 603 5277 Ι
1327 5189 1373 5264 15
