4525 6034
435 1146 524 1322 tn
572 1142 977 1324 commun
1029 1145 1416 1332 OFFICIUM

229 1478 889 1598 bttuautnltub
987 1481 1612 1602 subintrabit

655 1718 819 1795 nunus
862 1716 1184 1797 tnooarrrot

723 1929 1116 2025 unsunvnnotns

348 2165 385 2242 ln
419 2176 566 2253 maxima,
603 2193 692 2257 quarn
726 2177 816 2257 periti
849 2194 951 2238 rerum
988 2176 1184 2240 Orientalium
1219 2176 1499 2243 Ecclesiastica’rmn
1537 2186 1610 2247 satis
1674 2213 1795 2269 v„„„„,
1813 2214 1936 2271 marcum

231 2279 347 2360 sciunt,
378 2276 522 2341 Codicum
545 2282 734 2337 vetustorum
756 2275 898 2352 raritate,
921 2278 1028 2338 mirum
1052 2294 1122 2339 esse
1146 2296 1207 2340 non
1232 2276 1322 2340 debet
1345 2278 1371 2339 si
1400 2278 1438 2341 ad
1460 2279 1611 2346 Euchari·
1624 2298 1813 2371 liturgicarum
1833 2306 1935 2357 netas.

231 2381 327 2442 sticos
356 2380 431 2440 ritus
462 2373 678 2457 explicandos,
714 2374 805 2436 multa
841 2373 929 2436 nobis
958 2375 1068 2438 deesse
1104 2376 1237 2459 ingenue
1261 2375 1419 2440 fateamur.
1467 2379 1610 2445 Vastatac
1779 2383 1787 2390 ’

230 2477 320 2540 bellis
344 2476 494 2539 continuis
517 2474 708 2555 provinciae,
732 2480 894 2554 antequam
916 2475 946 2535 in
961 2473 1095 2538 Arabum
1117 2483 1299 2556 potestatem
1317 2478 1471 2540 venirent:
1494 2481 1612 2559 spolia-

231 2584 283 2638 tae
312 2575 464 2639 multoties
495 2574 532 2636 ab
562 2572 620 2635 illis
642 2572 820 2650 Ecclesiae,
850 2571 1028 2636 Christianis
1059 2576 1157 2656 qui-a
1186 2575 1265 2638 mille
1300 2583 1330 2638 ct
1362 2577 1488 2658 amplius
1524 2582 1611 2643 annis

231 2675 420 2738 durissimam
443 2672 499 2736 sub
521 2671 691 2735 infidelibus
715 2670 840 2734 dominis
863 2673 1042 2735 servitutem
1060 2675 1207 2753 serviunt,
1231 2676 1282 2736 vix
1297 2674 1458 2757 quidquam
1473 2676 1612 2739 relictum

231 2783 296 2854 est,
320 2773 400 2837 unde
423 2773 517 2835 decor
539 2771 645 2834 domus
667 2770 724 2833 Dei
747 2773 910 2834 sustentari
931 2779 1045 2853 posset.
1089 2772 1194 2854 ltaque
1217 2790 1285 2835 cum
1307 2773 1452 2856 Episcopi
1476 2784 1505 2838 et
1528 2772 1611 2840 Ordo

229 2875 329 2936 omnis
352 2872 586 2936 Ecclesiasticus
610 2869 801 2933 facultatibus
823 2871 887 2933 suis
918 2871 1039 2952 spoliati
1069 2889 1130 2933 non
1161 2871 1295 2951 aliunde,
1327 2892 1422 2955 quam>
1445 2894 1485 2936 ex
1515 2876 1614 2956 plebis

230 2972 456 3053 eleemosynis,
490 2971 581 3032 vitam
609 2969 744 3032 tolerare
773 2977 803 3032 et
832 2988 910 3051 quae
933 2970 971 3033 ad
994 2971 1200 3034 sacerdotales
1235 2972 1404 3035 lunationes
1436 2977 1613 3038 necessaria

233 3079 322 3136 erant
344 3070 460 3133 habere
486 3077 628 3150 possent,
661 3070 690 3131 in
714 3070 858 3132 extremis
881 3070 1028 3151 angustiis
1051 3069 1146 3134 lerme
1170 3088 1291 3152 semper
1314 3074 1485 3151 constituti,
1519 3091 1614 3136 orna·

231 3179 350 3249 menta,
374 3177 404 3231 et
427 3170 607 3251 praesertim
629 3186 735 3231 sacros
758 3168 869 3246 libros,
900 3186 1078 3250 comparare
1109 3169 1219 3233 dudum
1250 3186 1345 3252 aegre
1369 3179 1505 3251 possunt.
1550 3172 1614 3234 lta·

232 3288 292 3351 que
316 3268 416 3331 nullae
440 3275 508 3330 sunt
532 3287 550 3330 a
572 3266 672 3329 multis
695 3267 826 3330 saeculis
849 3267 1055 3331 Ecclesiarum
1076 3267 1296 3331 Bibliothecae:
1328 3270 1440 3332 vetusti
1471 3267 1613 3350 Codices,

232 3369 283 3450 qui
307 3363 379 3430 olim
402 3366 535 3446 fuerant,
558 3385 616 3429 usu
638 3366 812 3448 quotidiano
836 3367 937 3429 detriti
960 3374 991 3429 et
1013 3368 1162 3430 consumti
1184 3376 1270 3448 sunt,
1294 3368 1460 3450 pluresque
1483 3369 1613 3433 tortasse

232 3467 309 3530 tales
334 3468 363 3529 in
387 3464 570 3541 Occidente,
600 3466 651 3547 qui
678 3486 720 3527 ex
749 3467 896 3528 communi
923 3466 1082 3550 naufragio
1105 3468 1286 3546 evaserunt,
1310 3486 1398 3549 quarn
1421 3468 1451 3530 in
1475 3468 1612 3547 Oriente,

232 3567 453 3647 reperirentur.
499 3565 597 3627 Aucta
621 3572 668 3628 est
690 3565 835 3646 majorem
857 3568 887 3628 in
910 3565 1030 3629 modum
1053 3566 1102 3628 illa
1126 3567 1279 3628 calamitas
1302 3586 1360 3648 per
1375 3565 1613 3630 Ecclesiastico-

231 3683 300 3729 rum
337 3663 534 3727 Orientalium
569 3665 785 3748 ignorantiam,
821 3667 871 3747 qui
899 3674 1022 3728 veteres
1053 3664 1184 3730 Codices
1220 3666 1440 3748 neglexerunt,
1470 3666 1612 3747 optimum

231 3766 305 3842 rati,
330 3764 356 3826 si
379 3779 477 3825 rtovos
500 3765 616 3844 potius,
641 3780 729 3843 quam
752 3764 891 3844 antiquos
914 3764 1077 3843 haberent,
1101 3783 1228 3846 quorum
1251 3783 1344 3845 saepe
1366 3763 1534 3848 fragmenta
1557 3784 1613 3828 se·

232 3862 393 3941 milacera,
416 3864 537 3925 noviter
559 3863 681 3944 scriptis
704 3862 879 3924 amiciendis
892 3863 1050 3942 destinata,
1074 3864 1239 3944 perierunt.
1276 3863 1417 3926 Accessit
1433 3864 1527 3942 zelus,
1552 3882 1612 3926 non

232 3960 354 4044 quidem
377 3961 543 4024 secundum
565 3961 720 4024 scientiam
749 3961 1006 4025 Missionariorum
1040 3963 1254 4044 quorumdam,
1285 3964 1335 4043 qui
1358 3962 1538 4043 praesertim
1561 3961 1612 4023 ubi

232 4059 392 4140 plurimum
415 4068 570 4141 poterant,
593 4062 685 4122 utin
712 4060 827 4124 Libano
857 4060 936 4142 apud
964 4061 1147 4141 Maronitas,
1177 4070 1207 4124 et
1229 4063 1260 4123 in
1282 4062 1471 4123 ltlalabaricis
1500 4061 1613 4123 Eccle-

232 4160 304 4237 siis,
328 4168 452 4223 veteres
475 4159 711 4223 sacramentales
733 4160 829 4223 libros
846 4160 1147 4223 dammisabolendos
1163 4162 1263 4242 potius
1275 4160 1498 4243 judicaverunt,
1523 4178 1611 4241 quarn

230 4257 262 4320 in
285 4258 439 4341 Europam
463 4260 719 4324 transmittendos.
765 4258 851 4322 Unde
863 4261 893 4322 in
910 4259 1052 4322 Romanis
1066 4258 1212 4343 Collegiis
1227 4260 1459 4337 Maronitarum,
1479 4258 1611 4336 Sapien-

231 4359 311 4438 tiae,
336 4359 426 4421 etde
449 4360 650 4442 Propaganda
674 4358 747 4438 Ode,
771 4360 830 4423 imo
854 4361 937 4422 etin
961 4359 1027 4441 ipsa
1050 4360 1194 4422 Vaticana
1212 4357 1413 4438 Bibliotheca,
1437 4356 1610 4438 paucissimi

230 4458 427 4538 reperiuntur
448 4458 524 4521 tales
549 4457 743 4521 Orientalium
766 4459 850 4536 libri,
874 4476 940 4521 cum
970 4459 1079 4542 ingens
1110 4459 1229 4520 illorum
1253 4461 1340 4540 copia
1368 4457 1536 4537 comparari
1560 4454 1609 4517 la-

231 4557 291 4621 cile
313 4558 481 4638 potuisset,
505 4567 535 4620 ct
559 4558 673 4620 Romae
696 4560 824 4621 maxime
847 4558 1019 4637 debuisset,
1043 4559 1093 4620 ubi
1117 4561 1208 4621 toties
1224 4560 1262 4621 de
1285 4556 1481 4620 Orientalium
1497 4555 1556 4617 ude
1580 4562 1610 4617 et

230 4658 338 4720 ritibus
356 4657 521 4738 judicatum
545 4664 600 4720 cst.

319 4754 394 4820 Cum
417 4775 492 4819 vero
515 4757 589 4820 baec
612 4763 751 4818 veterum
774 4754 911 4819 codicum
935 4757 1042 4818 raritas
1065 4754 1103 4817 ad
1126 4756 1226 4817 omnia
1257 4751 1491 4817 sacramentalia
1515 4751 1609 4814 officia
1659 4768 1766 4820 uterina
1784 4783 1872 4822 aarum
1888 4768 1934 4836 qut

229 4857 397 4937 pertineat,
420 4855 564 4919 babemus
587 4862 686 4917 tamen
709 4857 781 4918 satis
806 4856 962 4935 antiquos,
987 4854 1037 4935 qui
1059 4854 1241 4934 Anapboras
1264 4852 1389 4933 proprie
1405 4851 1500 4914 dictas
1515 4868 1610 4913 accu-
1646 4852 1763 4906 Officium
1809 4854 1934 4924 generate

228 4963 297 5018 rate
321 4963 554 5036 repraesentent
576 4956 742 5037 praecipue
765 4953 957 5017 Jacobiticas.
1005 4954 1080 5019 Sunt
1103 4960 1203 5015 autern
1225 4950 1421 5034 Anaphurae,
1444 4949 1608 5033 praecipua
1642 4942 1780 4996 continent

227 5051 281 5115 illa
304 5072 375 5134 pars
399 5050 493 5118 Ollicii
516 5054 732 5131 Eucharistici,
756 5071 833 5135 quac
857 5055 894 5117 ab
917 5053 1055 5117 oratione
1077 5052 1174 5117 osculi
1197 5052 1280 5133 pacis
1307 5051 1427 5131 incipit,
1455 5058 1486 5114 et
1513 5067 1610 5131 usquc

1348 5164 1403 5242 ,a
