4525 6034
695 559 774 637 toa
819 561 1054 641 osssuavhuo
1070 562 1343 669 nutrimenti
1356 562 1557 641 reuoluto
1568 563 1964 644 ulschtdohoutsts.

696 747 816 811 medani
837 747 957 832 Imperii
977 748 1161 830 Metropolin
1183 749 1274 830 paulo
1296 757 1368 830 post
1388 749 1611 831 migraverunt,
1641 756 1673 812 et
1695 768 1798 814 eorum
1823 751 1971 832 exemplo,
1995 754 2041 816 sed

696 848 847 930 aliquanto
870 849 980 927 serius,
1001 848 1162 911 Melchitae
1185 867 1240 912 seu
1262 848 1440 912 Orthodoxi.
1490 847 1564 912 Cum
1588 849 1738 913 Catholici
1758 865 1838 912 nova
1859 849 1979 931 digmus
1997 855 2042 916 sub

695 945 864 1012 Justiniano
894 948 1081 1030 Imperatore
1109 949 1245 1011 instituta
1275 947 1397 1023 luisset3
1427 947 1548 1029 duoque
1583 956 1687 1011 essent
1714 967 1752 1011 eo
1781 947 1866 1011 titulo
1894 949 2043 1030 Antistites,

695 1067 773 1111 unus
795 1048 937 1127 Persidis,
959 1049 1036 1111 alter
1058 1047 1237 1122 Armeniam
1268 1048 1476 1112 Antiochenus
1500 1049 1671 1111 Patriarcha
1694 1047 1827 1111 Graecus
1851 1066 1922 1110 suae
1943 1067 2044 1131 quoque

694 1146 850 1212 Ecclesiae
874 1147 1060 1212 Catholicum
1083 1148 1218 1210 instituit.
1261 1147 1407 1223 Mittebat,
1430 1148 1525 1229 inquit
1547 1147 1632 1211 Nilus
1655 1148 1858 1229 Doxapatrius
1883 1145 2045 1211 Qbobnan

694 1248 728 1308 in
740 1246 923 1328 irenopolis,
935 1247 1131 1327 irenopoleos
1141 1248 1263 1312 dictarat.
1294 1233 1337 1308 K'
1355 1233 1428 1329 ᾆκεῖ
1447 1235 1510 1332 poio
1532 1237 1683 1309 ἔστελλεν
1705 1237 1725 1309 ὁ
1741 1236 1934 1324 Ἀντιοχείας
1953 1247 2046 1308 acdo-

696 1334 786 1409 λικὰν
807 1335 1110 1432 εἰςΕἰρηνοόπολιν,
1132 1333 1191 1408 τὸν
1213 1336 1385 1429 λεγόμενον
1395 1337 1675 1430 Εἰρηνουπόλεως.
1705 1347 1765 1412 Sed
1788 1346 1899 1408 fallitur
1919 1346 1944 1406 is
1964 1353 2045 1423 autor,

696 1447 766 1509 dum
788 1446 915 1510 alterum
938 1446 1123 1510 Catholicum
1147 1464 1236 1527 quem
1257 1446 1466 1528 Romopyreoa
1492 1453 1594 1525 vocat,
1617 1448 1696 1509 mitti
1722 1447 1827 1509 scribit
1854 1448 1888 1506 in
1915 1444 2046 1520 Person,

405 1542 482 1598 Allo&
510 1544 540 1597 aa
563 1562 683 1598 omem
696 1555 727 1608 et
745 1545 941 1629 Babylonem,
963 1549 1015 1608 cni
1034 1565 1114 1608 nwtc
1136 1565 1245 1608 nomen
1265 1545 1384 1626 Rapdo.
1419 1540 1737 1618 mathesuenta
1758 1530 1934 1606 namatii
1953 1562 2047 1628 χειρο-

370 1626 388 1683 ¹·
407 1629 433 1685 ¹·
451 1646 473 1681 ⁰·
494 1630 520 1682 9.
693 1645 797 1709 cornia
818 1633 1026 1726 actitandi
1052 1631 1252 1724 καλούμενον
1270 1630 1498 1729 Ῥωμογύρεως
1526 1640 1583 1709 καὶ
1612 1633 1714 1730 αὐτὴν
1742 1632 1800 1729 τήν
1828 1637 1980 1728 Περσίαν,
2004 1635 2047 1705 ἔτι

693 1739 750 1807 καὶ
772 1732 875 1830 αὐτὴν
895 1733 953 1829 τήν
974 1740 1160 1825 Βαβυλῶνα
1180 1732 1238 1829 τὴν
1258 1742 1315 1806 νῦν
1336 1737 1538 1829 καλουμένην
1558 1741 1683 1827 Rapaci.
1712 1742 1846 1826 Bagdad,
1870 1750 1903 1804 ut
1925 1744 2047 1807 scriben-

693 1845 762 1907 dum
785 1854 843 1924 est,
865 1845 903 1907 ab
926 1845 1105 1908 Almansore
1127 1845 1193 1927 ejus
1216 1844 1371 1909 conditore
1394 1844 1544 1925 appellata
1567 1844 1621 1907 luit
1638 1844 1769 1906 Medinat
1789 1842 1919 1904 etselam.
1948 1841 2047 1904 Civitas

688 1946 790 2025 pacis,
813 1952 904 2026 atquo
925 1945 1002 2008 adeo
1024 1963 1086 2008 non
1115 1944 1186 2007 alibi
1214 1944 1388 2026 quaerenda
1416 1930 1662 2028 Εἶρηνοῦπολις.
1705 1943 1769 2005 lllic
1798 1942 1889 2003 etiam
1919 1941 1971 2004 luit
1996 1941 2047 2005 Ca·

693 2044 822 2107 tholicus
843 2044 1060 2127 liomopyrmc
1083 2043 1166 2126 quod
1189 2062 1299 2107 nomen
1321 2043 1391 2106 alibi
1406 2042 1569 2106 facilenon
1589 2044 1753 2125 reperitur,
1777 2040 1991 2122 formatumque
2009 2049 2048 2103 est

693 2163 710 2206 a
732 2143 840 2219 Rosam
864 2143 1014 2224 quomodo
1038 2145 1146 2208 Graeci
1169 2151 1318 2207 vocantur
1339 2143 1377 2204 ab
1399 2142 1563 2222 malibus,
1587 2151 1618 2205 et
1641 2143 1743 2223 Yyour
1764 2159 1843 2223 quae
1866 2159 1929 2204 vox
1949 2139 2050 2202 mea·

693 2262 745 2307 ros
770 2241 1083 2306 Trans-Eufrateuses
1106 2243 1257 2326 siguificat
1278 2243 1401 2324 linguis,
1426 2243 1559 2305 moribus
1583 2250 1614 2305 et
1636 2242 1785 2325 religione
1807 2240 1978 2303 dissimiles.
2016 2240 2049 2302 ht

692 2342 827 2427 Bagdadi
854 2343 954 2404 statim
981 2341 1230 2406 Nestorianorum
1265 2341 1438 2406 Catholicus
1476 2342 1672 2423 praecipuam
1702 2343 1893 2404 autoritatem
1931 2340 2050 2416 obtinuit,

692 2460 754 2505 non
776 2440 865 2503 modo
886 2433 917 2502 in
939 2459 1023 2520 suos,
1046 2441 1155 2505 sedin
1178 2441 1313 2523 reliquos
1344 2441 1545 2505 Christianos:
1579 2439 1648 2520 quia
1678 2438 1887 2503 hiuhamedani
1913 2440 1981 2521 jura
1998 2440 2051 2502 Ec-

693 2541 871 2617 clesiarum,
905 2558 945 2602 ex
977 2542 1174 2620 possessione
1204 2539 1452 2605 determinabant.
1508 2539 1681 2602 Nestoriani
1709 2537 1949 2602 Christianorum
1977 2539 2052 2621 primi

693 2640 866 2723 bagdadum
888 2646 1046 2720 venerant,
1070 2647 1101 2703 et
1122 2640 1186 2703 illic
1207 2640 1312 2703 sedem
1334 2638 1568 2702 Patriarchalem
1595 2656 1680 2701 suam
1701 2639 1931 2701 constituerant.
1971 2637 2052 2700 Jaco-

661 2770 668 2786 ·
690 2739 772 2804 bitae
796 2740 1040 2804 0rthodonorum
1063 2739 1203 2820 exemplo
1227 2737 1412 2802 Catholicum
1442 2756 1564 2820 quoque
1586 2755 1674 2801 suum
1694 2737 1868 2801 hahuerunt
1898 2739 1929 2801 in
1955 2738 2052 2802 lintio-

692 2841 790 2904 cheno
813 2839 1033 2902 Patriarchatu:
1057 2839 1112 2902 sed
1135 2840 1221 2921 cujus
1243 2838 1334 2902 sedes
1358 2837 1499 2901 Takritae
1529 2836 1602 2916 fuit,
1631 2837 1713 2899 urbis
1736 2836 1766 2897 in
1789 2836 1901 2900 hobus
1923 2837 2052 2917 hiesopo·

691 2942 800 3004 tamiae
822 2938 964 3016 celebris,
987 2957 1076 3021 quam
1099 2937 1246 3003 Catholici
1274 2937 1449 3022 dignitatem
1477 2939 1507 2999 iu
1537 2936 1643 3000 eadem
1670 2936 1746 3000 urhe
1775 2935 1906 2999 obtinuit
1935 2938 2053 3000 biamus
2159 2943 2164 2966 ⁸

692 3040 857 3105 secundum
878 3040 981 3102 varios
1005 3038 1135 3102 Codices
1158 3038 1324 3121 Liturgiac,
1347 3056 1425 3118 quac
1455 3037 1498 3100 illi
1520 3036 1669 3100 tribuitur.
1718 3033 1826 3117 Longo
1858 3044 1965 3117 postca
1986 3044 2053 3098 tem

691 3141 777 3223 poris
799 3138 958 3202 intervallo
982 3137 1151 3221 Gregorius
1174 3137 1388 3219 Abuliaragius
1419 3155 1460 3199 ex
1481 3135 1614 3198 Historia
1637 3135 1851 3216 Dynastiarum
1876 3151 1894 3197 a
1917 3133 2053 3197 Pocochio

691 3241 772 3306 edita
794 3249 826 3303 et
847 3240 1044 3320 interpretata
1067 3246 1172 3317 notus,
1202 3240 1232 3299 in
1261 3236 1366 3299 eadem
1397 3236 1471 3299 sede
1494 3235 1648 3297 ordinatus
1671 3240 1719 3295 cst
1739 3231 1898 3312 hlofrian:
1933 3250 1997 3294 nam
2020 3233 2052 3292 ita

691 3341 800 3405 deinde
824 3338 971 3403 Catholici
993 3337 1094 3401 vocati
1124 3336 1255 3400 luerunt.
1308 3336 1413 3416 ltaque
1443 3333 1618 3418 Bagdadum
1646 3332 1774 3413 simplex
1803 3333 1887 3413 apud
1914 3331 2053 3394 Jacohitas

690 3442 891 3523 Episcopatus
913 3436 976 3513 luit,
999 3455 1088 3519 quam
1111 3436 1238 3500 obtinuit
1259 3436 1285 3497 is
1309 3434 1347 3499 de
1371 3451 1431 3515 quo
1453 3435 1553 3516 agitur
1576 3432 1767 3495 Philoxenus.
1813 3432 1925 3513 Neque
1946 3429 2054 3515 Bagda-

691 3543 760 3604 dum
790 3539 853 3603 ullo
888 3540 967 3601 inter
993 3536 1148 3600 Jacohitas
1175 3535 1313 3615 ampliori
1341 3533 1458 3597 honore
1481 3532 1598 3610 floruit,
1634 3550 1701 3595 cum
1730 3550 1771 3593 ex
1800 3531 1896 3595 liaris
1924 3541 1956 3596 et
1982 3530 2055 3593 Amri

690 3640 939 3703 Nestoriauorum
967 3637 1093 3700 historia
1124 3635 1290 3699 discamus:
1319 3633 1507 3699 Catholicum
1536 3633 1616 3695 illius
1643 3639 1749 3696 sectae
1778 3629 1888 3694 decem
1917 3632 2054 3714 subjectas

691 3738 748 3802 sihi
770 3738 956 3820 Metropoles
979 3736 1131 3814 hahuisse,
1156 3735 1234 3798 inter
1256 3751 1332 3815 quas
1353 3731 1489 3816 Bagdadi
1513 3732 1625 3795 mentio
1648 3730 1728 3793 nulla
1753 3737 1809 3795 est.

778 3835 943 3899 Observari
972 3843 1074 3918 potest
1101 3834 1296 3897 Philoxenum
1330 3833 1418 3895 istum
1454 3831 1542 3895 aliter
1575 3830 1755 3893 Eleazarum
1791 3837 1937 3893 vocatum
1963 3828 2054 3906 luisse,

692 3937 773 4020 quod
796 3953 915 4008 nomen,
928 3934 1113 4016 deposuerat
1136 3952 1203 3997 cum
1224 3932 1394 4015 Episcopus
1426 3931 1631 3994 ordinaretur:
1661 3928 1691 3992 id
1720 3931 1800 3992 enim
1827 3947 1928 4012 saepe
1948 3928 2053 4003 lactum,

692 4037 872 4119 praesertim
895 4034 974 4118 apud
998 4035 1093 4117 Syros
1115 4032 1288 4108 Jacohitas,
1322 4038 1355 4094 ut
1377 4031 1455 4093 inter
1477 4029 1680 4111 Liturgiarum
1702 4036 1824 4091 autores
1849 4028 1984 4112 ignatios
2009 4044 2055 4088 re·

692 4137 826 4219 perimus
850 4136 880 4197 in
902 4135 1106 4198 Patriarchatu
1129 4131 1314 4216 appellatos,
1345 4148 1436 4193 unum
1462 4130 1513 4212 qui
1535 4130 1620 4211 prius
1651 4128 1817 4191 vocabatur
1843 4127 1962 4209 Joseph
1989 4124 2053 4188 iilius

691 4236 802 4301 Vahih:
826 4235 916 4297 alium
938 4235 988 4316 qui
1011 4234 1146 4297 loannes
1170 4231 1249 4294 iilius
1271 4230 1404 4306 blaadni3
1433 4238 1464 4292 et
1487 4229 1571 4292 istius
1595 4228 1766 4291 mutationis
1789 4228 1907 4309 aliquot
1930 4226 1986 4289 alia
2005 4233 2054 4286 um

692 4338 723 4400 iu
744 4333 950 4400 Alexandrina
972 4333 1110 4412 historia,
1134 4350 1223 4414 quarn
1245 4330 1276 4391 in
1299 4328 1501 4404 Antiocheno,
1525 4328 1662 4408 exempla
1686 4336 1764 4390 sunt.

780 4433 812 4495 ln
835 4435 893 4498 ista
914 4434 1049 4518 Liturgia
1071 4431 1145 4495 nihil
1168 4428 1324 4514 singulare
1336 4428 1478 4503 occurrit,
1501 4426 1581 4508 quod
1605 4427 1808 4510 explicatione
1831 4428 1977 4512 indigeat,
1998 4441 2055 4486 cunr

694 4534 731 4597 ad
754 4533 879 4597 aliarum
901 4535 1092 4616 Syriacarum
1113 4533 1188 4595 ritus
1210 4528 1357 4628 lacohitis
1380 4525 1475 4589 lorma
1498 4544 1649 4626 expressa
1671 4526 1720 4590 sit.

1045 4884 1689 4935 ψ
