4525 6034
709 588 785 661 rm
1049 541 1053 548 ’
1217 588 1574 666 insonuit

708 798 780 846 rum
809 779 863 870 qui
891 779 1074 849 orationem
1095 785 1244 848 nostram
1265 776 1445 871 petierunt:
1465 777 1640 871 unicuique
1656 776 1805 850 concede
1821 779 1955 852 Domine
1965 780 2047 876 quil-

710 892 787 987 quid
814 893 856 965 ad
884 894 1041 965 auxilium
1066 896 1228 988 pertinet,
1256 891 1357 962 etad
1384 890 1609 964 deducendum
1636 896 1669 964 in
1695 892 1879 968 habitacula
1905 906 1964 968 ura.

813 1008 989 1080 Sacerdos
1015 1008 1153 1080 cloccas
1169 1031 1294 1080 vocem.
1347 1008 1414 1079 Per
1440 1008 1589 1081 eamdem
1611 1010 1869 1083 misericordiam
1895 1024 1976 1086 tuam
1998 1036 2048 1085 es·

709 1124 893 1215 sentialem
919 1126 1044 1218 largire
1069 1124 1168 1197 nobis
1196 1145 1281 1218 quae
1308 1147 1328 1195 a
1356 1134 1389 1194 te
1414 1127 1555 1218 petimus
1582 1133 1648 1197 tam
1674 1147 1779 1220 parva
1814 1151 1909 1221 quarn
1939 1151 2057 1221 magna>

708 1241 796 1314 Audi
830 1264 911 1332 nos‚
944 1244 1096 1337 quamvis
1136 1251 1169 1312 te
1204 1238 1369 1311 imbecille
1403 1244 1614 1313 invocamus:
1658 1245 1752 1337 aperi
1784 1243 1882 1316 nobis
1921 1254 2049 1338 quantm

708 1356 789 1430 libet
821 1359 983 1451 indignis:
1025 1358 1146 1449 adjuva
1180 1365 1244 1429 nos
1280 1378 1466 1451 quanquam
1509 1358 1702 1452 insipienter
1737 1362 1883 1450 egimus:
1917 1358 2051 1432 contium

708 1497 784 1560 nos,
812 1474 1077 1571 quandoquidem
1104 1484 1364 1570 perseveranter
1390 1471 1577 1569 pulsamus:
1605 1477 1766 1546 miserere
1791 1474 1890 1547 nobis
1915 1476 1985 1547 licet
2006 1479 2052 1546 in-

710 1592 800 1682 digni
827 1596 946 1663 simus:
974 1589 1125 1665 conforta
1154 1611 1216 1660 nos
1244 1589 1381 1677 robore,
1409 1593 1561 1684 quamvis
1589 1590 1783 1664 audaciores
1810 1596 1923 1664 simus.
1964 1591 2053 1664 Parce

709 1707 963 1803 peccatoribus,
991 1707 1114 1778 dimitte
1141 1709 1336 1802 insipienter
1365 1703 1559 1797 agentibus:
1591 1706 1698 1778 adduc
1731 1711 1765 1778 in
1800 1730 1900 1780 unum
1933 1708 2052 1794 diuisos,

710 1823 813 1895 reduc
841 1825 883 1896 ad
909 1823 1121 1896 concordiam
1149 1821 1364 1894 dissidentes:
1392 1832 1542 1893 ementes
1562 1845 1701 1911 revoca,
1728 1827 1823 1916 erige
1850 1847 1911 1897 eos
1938 1827 2051 1919 quice-

710 1940 875 2011 ciderunt:
908 1938 1076 2036 orphanos
1111 1940 1313 2011 necessariis
1345 1936 1447 2010 rebus
1474 1941 1615 2011 instrue:
1647 1948 1780 2037 praesta
1812 1943 1930 2031 egenis
1961 1938 2051 2012 abuu-

711 2056 864 2144 dantiam‚
883 2065 926 2127 'et
951 2059 1110 2152 captivos¹
1131 2059 1165 2126 in
1190 2053 1375 2127 libertatem
1402 2058 1548 2127 restitue.
1595 2054 1749 2128 Extende
1775 2057 1920 2127 Domine
1944 2079 2052 2128 manum

708 2183 799 2244 tuum
832 2175 864 2244 in
892 2171 1081 2245 excelsum:
1113 2170 1292 2244 consulere
1324 2170 1492 2244 advenas:
1526 2173 1669 2244 animum
1702 2174 1827 2267 inspira
1860 2171 1924 2243 illis
1955 2174 2055 2266 quite

709 2287 856 2362 confessi
888 2300 963 2361 suut
994 2297 1107 2375 reete:
1149 2299 1184 2360 et
1218 2291 1317 2360 etiam
1364 2288 1569 2361 confitentur.
1621 2288 1764 2384 Suscipe
1802 2310 1936 2383 qnoque
1972 2286 2054 2357 obla-

708 2410 817 2477 tiones
845 2405 985 2492 illorum,
1013 2416 1046 2477 et
1073 2407 1216 2477 omnium
1244 2427 1358 2476 eorum
1386 2407 1442 2499 qui
1475 2404 1533 2478 tibi
1560 2405 1628 2476 noti
1656 2415 1748 2493 sunt,
1781 2405 1862 2476 licet
1888 2408 1952 2477 sint
1975 2403 2055 2475 nobis

709 2525 833 2614 ignoti:
861 2526 936 2616 qnia
964 2523 1216 2594 inmisericors
1245 2543 1298 2609 eS,
1336 2531 1370 2593 et
1395 2542 1510 2593 amans
1530 2515 1816 2594 misericordiam:
1845 2519 1967 2616 tibique
1990 2518 2056 2612 glo-

710 2643 793 2711 riam
820 2631 1010 2710 et'luudem
1037 2637 1226 2727 referimus,
1253 2648 1287 2710 et
1312 2638 1410 2726 Filio,
1437 2647 1472 2708 et
1497 2637 1634 2735 Spiritui
1661 2646 1788 2710 sancto.

814 2754 974 2847 Populus.
1025 2755 1146 2828 Amen.
1962 2845 1967 2858 ι

813 2871 988 2943 Sacerdos
1018 2872 1210 2943 inclinatas.
1264 2869 1423 2945 Concede
1459 2871 1602 2942 Domine
1636 2871 1761 2967 populo
1795 2881 1853 2943 tuo
1888 2878 1922 2940 et
1952 2867 2057 2940 baere-

710 2990 801 3061 ditati
827 3000 905 3061 tuae
932 2998 1081 3083 tempora
1109 2988 1310 3061 abundantia
1336 3009 1442 3082 pace3
1470 2999 1503 3059 et
1521 2986 1564 3059 da
1590 2986 1947 3083 illistranquillitatem.
1979 2985 2057 3057 Con-

710 3127 811 3177 serva
837 3104 923 3176 bunc
950 3103 1117 3194 mundum:
1145 3115 1178 3176 et
1203 3102 1389 3176 habitantes
1415 3106 1449 3173 in
1475 3125 1536 3190 eo:
1570 3127 1590 3175 a
1616 3103 1704 3176 malo
1738 3115 1772 3175 et
1799 3113 1970 3200 potestate
1992 3105 2057 3193 ejus,

710 3234 743 3294 et
771 3224 881 3292 omnia
908 3242 1035 3312 genera
1062 3220 1299 3292 adversitatum
1327 3218 1456 3315 depelle
1483 3242 1501 3290 a
1530 3231 1683 3298 creatura
1711 3231 1775 3291 tua.
1830 3219 1978 3290 Benedie
2006 3241 2057 3288 co-

709 3361 814 3411 ronae
841 3339 934 3422 anni„
970 3345 1003 3407 et
1029 3359 1161 3408 omnem
1197 3335 1394 3408 circularem
1422 3335 1571 3428 ejusdem
1604 3338 1681 3407 anni
1714 3334 1894 3407 decursum
1929 3332 2057 3406 benedic.

709 3457 850 3528 Praesta
877 3456 1071 3526 memoriam
1096 3452 1219 3526 bonum
1246 3453 1397 3545 Regibus
1430 3463 1464 3522 et
1490 3451 1628 3545 Reginis
1654 3453 1762 3524 Deum
1796 3447 2059 3532 linteamenta

710 3570 773 3641 illis
800 3574 974 3642 victoriam
1008 3563 1214 3642 “adversus
1241 3592 1302 3642 eos
1329 3573 1383 3663 qui
1409 3568 1499 3642 bello
1527 3567 1601 3642 illos
1627 3569 1880 3661 aggrediuntur.

813 3686 990 3758 Sacerdos
1024 3686 1162 3757 aevom
1195 3709 1321 3757 cocem.
1376 3686 1460 3771 Quia
1496 3696 1528 3757 tu
1560 3687 1703 3758 Domine
1737 3707 1852 3755 curam
1888 3683 2059 3771 babeant

711 3805 854 3874 omnium
887 3824 1020 3897 semper
1050 3802 1108 3875 tibi
1144 3801 1352 3899 providentia
1385 3812 1453 3873 est:
1481 3803 1639 3896 Deusque
1671 3810 1787 3873 noster
1819 3823 1928 3873 verus
1960 3823 2009 3886 es,
2033 3806 2058 3868 et

710 3916 789 3990 Rex
823 3927 937 3991 noster
971 3929 1091 4016 potens
1124 3929 1158 3990 et
1188 3917 1338 3991 bellator.
1389 3917 1518 3990 Idcirco
1551 3941 1611 4013 per
1643 3930 1677 3990 te
1708 3921 1902 4011 quaerimus
1930 3918 2057 3997 salutern

712 4044 745 4104 et
778 4034 866 4131 apud
902 4043 945 4106 te·
968 4033 1149 4107 clamamus
1183 4046 1217 4106 et
1247 4038 1421 4128 gemimus
1473 4033 1577 4107 Salva
1612 4057 1675 4106 nos
1709 4033 1788 4105 Rex
1828 4046 1964 4123 noster,
1997 4031 2058 4103 Res

710 4149 861 4241 Regum,
895 4161 930 4222 ut
962 4173 1126 4246 nunquam
1159 4151 1372 4243 subjiciamur
1409 4174 1516 4245 regno
1551 4154 1724 4246 tyrannico
1766 4149 1954 4226 Pharaonis
1990 4149 2057 4220 illins

711 4265 900 4361 spiritualis,
927 4289 1036 4361 neque
1063 4267 1270 4340 dominorum
1298 4268 1496 4342 acerborum
1521 4269 1579 4340 luti
1606 4279 1640 4339 et
1665 4269 1789 4354 lateris,
1814 4272 1875 4363 qui
1901 4291 1963 4341 nos
1987 4288 2058 4360 qua·

711 4405 852 4477 cumque
878 4382 960 4456 hora
987 4386 1139 4456 servituti
1166 4382 1347 4475 subjiciant
1388 4383 1506 4456 Reduc
1531 4382 1629 4457 nobis
1656 4384 1798 4456 Domine
1823 4405 1968 4478 regnum
1979 4393 2058 4464 tunur,

712 4508 745 4568 et
772 4498 893 4591 adjuva
922 4521 984 4572 nos
1011 4522 1073 4595 per
1098 4503 1240 4592 gratiam
1267 4509 1376 4588 tuam3
1404 4499 1561 4573 confirma
1589 4504 1686 4572 etiam
1712 4500 1829 4595 Reges
1859 4498 2058 4589 nostrosqui

710 4617 886 4686 veritatem
921 4615 1058 4687 firmiter
1092 4626 1213 4688 tenent.
1265 4611 1389 4689 Libera
1415 4638 1478 4688 nos
1511 4640 1530 4687 a
1558 4627 1754 4713 tempestate
1787 4629 1820 4689 et
1857 4618 2000 4700 damnis,
2027 4609 2058 4682 ab

712 4729 864 4803 omnibus
883 4719 1117 4806 tentationibus
1135 4732 1328 4821 difficilibus,
1355 4733 1539 4824 amunibus
1549 4734 1705 4806 violentis
1732 4734 1927 4829 etpedibus
1954 4730 2058 4810 alitfflb

712 4845 753 4918 ab
782 4846 933 4921 omnibus
959 4846 1197 4921 rebellionibus
1224 4849 1421 4945 perniciosis
1446 4848 1610 4944 bellisque
1627 4852 1815 4923 vastitatem
1835 4845 2058 4928 inducentibus,

712 4972 745 5033 et
776 4963 818 5036 ab
853 4963 1005 5037 omnibus
1038 4966 1147 5060 plagis
1180 4975 1214 5036 et
1254 4965 1524 5060 percussionibus
1564 4966 1677 5039 lurore
1718 4970 1834 5041 mistis.
1891 4968 1944 5039 Du
1981 4959 2056 5034 nobis

711 5078 852 5151 Domine
878 5104 939 5178 per
966 5086 1106 5174 gratiam
1133 5091 1233 5173 mam,
1261 5092 1412 5176 tempora
1437 5082 1623 5176 tranquilla,
1649 5081 1779 5179 pluvias
1812 5081 2056 5180 opportunaset
