4525 6034
697 546 775 622 290
1201 546 1558 624 birunain

699 735 896 828 garbernent.
948 733 1088 823 lterum,
1121 745 1156 807 et
1186 757 1249 832 pro
1276 757 1331 807 me
1355 757 1416 806 reo
1444 732 1589 807 obsecro
1614 743 1668 823 te,
1698 743 1862 806 scrutator
1896 738 2057 825 mentium,

698 863 734 925 ut
760 850 936 944 abstergas
964 874 984 922 a
1010 873 1063 923 mo
1090 873 1221 923 omnem
1248 854 1378 947 peccati
1404 848 1580 941 maculam,
1606 862 1641 923 ιι
1664 850 1814 946 perfecte
1840 850 1981 923 mundas
1998 872 2056 937 me,

698 978 735 1041 ut
760 972 918 1041 sanctitas
945 990 1031 1063 quae
1058 991 1078 1039 a
1106 978 1140 1039 te
1167 978 1238 1056 ost,
1267 971 1301 1039 in
1332 990 1386 1039 mo
1420 966 1554 1039 habitet
1618 968 1741 1039 lteram
1773 976 1807 1038 et
1837 989 1902 1062 pro
1937 989 2058 1039 corona

698 1088 785 1171 anni,
813 1097 848 1157 ut
873 1083 1087 1156 benedicatur
1113 1106 1175 1181 per
1200 1086 1341 1177 gratiam
1368 1094 1469 1171 tuam,
1496 1096 1531 1156 et
1555 1093 1654 1156 aeres
1681 1083 1831 1155 concede
1847 1093 2059 1178 temperatos,

699 1201 816 1296 quibas
850 1199 977 1273 tructus
1010 1199 1280 1297 multiplicentur,
1319 1211 1354 1271 ut
1386 1199 1486 1272 edant
1520 1221 1687 1296 pauperes
1720 1208 1754 1270 et
1788 1208 1997 1289 saturentur,
2028 1208 2059 1270 et

697 1339 786 1389 voce
812 1320 992 1409 gratiarum
1019 1319 1159 1389 actionis
1186 1326 1220 1387 te
1245 1315 1441 1410 glorificent.

802 1432 962 1526 Papulas.
1009 1432 1129 1505 Amen.

801 1549 976 1621 Sacerdos
1002 1549 1141 1620 elevans
1170 1571 1296 1620 aecem.
1350 1548 1401 1621 'l'u
1441 1570 1480 1620 es
1512 1552 1598 1621 enim
1632 1550 1689 1644 qui
1720 1552 1864 1621 omnium
1896 1547 2061 1621 hominnm

698 1688 809 1738 curam
836 1668 938 1757 geris,
965 1675 1000 1737 et
1023 1686 1288 1760 unumquemque
1314 1667 1453 1738 inomni
1477 1663 1554 1738 loco
1577 1668 1689 1757 juvas,
1716 1675 1750 1736 et
1775 1662 1958 1755 gubernas.
1986 1664 2060 1737 Ad-

693 1784 775 1874 juva
803 1803 866 1853 nos
892 1781 1046 1868 Domine,
1074 1791 1108 1852 ιι
1135 1781 1258 1853 exaudi
1285 1803 1348 1854 nos
1376 1783 1648 1876 quotiescumque
1673 1780 1853 1853 clamamus
1880 1781 1924 1853 ad
1952 1792 2007 1870 te,
2031 1793 2061 1853 et

697 1897 844 1970 liberans
870 1919 934 1970 nos
961 1895 1002 1969 ab
1031 1900 1120 1970 omni
1147 1894 1274 1985 error'e,
1300 1900 1508 1989 ignorantia,
1542 1906 1576 1968 et
1600 1897 1747 1969 tenebris
1772 1898 1921 1992 peccati,
1949 1894 2008 1968 lac
2031 1905 2062 1968 at

696 2018 730 2086 in
755 2014 830 2087 luce
856 2013 1083 2086 mandatorum
1109 2023 1239 2087 tuorum
1265 2011 1469 2086 ambulemus
1484 2013 1637 2085 omnibus
1653 2011 1768 2086 diebus
1795 2015 1887 2084 vitae
1912 2022 2061 2085 nostrae:

680 2133 772 2226 ,quio
799 2140 833 2201 tu
860 2153 898 2203 es
926 2133 957 2200 in
986 2151 1051 2226 quo
1079 2132 1182 2225 spirat
1207 2152 1307 2202 omne
1333 2129 1422 2225 quod
1448 2131 1545 2217 vivit,
1571 2138 1605 2200 ιι
1631 2129 1689 2202 tibi
1722 2126 1860 2200 debetur
1893 2126 2009 2219 gloria
2033 2139 2063 2201 et

696 2244 804 2318 bonor
837 2244 878 2317 ab
916 2245 1067 2319 omnibus
1104 2267 1190 2341 quae
1221 2248 1343 2317 creasti
1375 2247 1407 2314 in
1443 2244 1540 2316 coelo
1567 2253 1602 2314 et
1632 2248 1666 2316 in
1692 2253 1797 2332 terra,
1833 2254 1867 2316 et
1892 2249 2063 2339 unigenito

696 2362 782 2434 Filio
809 2373 876 2448 tuo,
904 2371 938 2433 ot
963 2361 1100 2458 Spiritui
1125 2371 1183 2434 tuo
1210 2363 1418 2435 sanctissimo
1445 2372 1479 2432 ιι
1504 2359 1606 2434 bono.

802 2476 963 2571 Populea.
990 2478 1109 2551 Amen.

800 2593 976 2665 Sacerdos
1001 2593 1193 2665 inclinatio.
1245 2594 1368 2666 Iterum
1394 2616 1469 2666 cum
1496 2592 1732 2689 deprecatione
1764 2605 1799 2667 te
1835 2596 2063 2682 obsecramus,

696 2734 758 2809 pro
784 2711 848 2783 illis
876 2713 931 2806 qui
956 2733 1042 2783 nunc
1068 2710 1241 2784 nobiscum
1267 2713 1465 2803 congregati
1492 2721 1606 2783 orant:
1641 2720 1676 2782 et
1705 2734 1768 2807 pro
1803 2712 1868 2786 illis
1903 2715 1961 2807 qui
1988 2713 2065 2785 dili-

696 2838 815 2921 genter
840 2825 938 2899 nobis
964 2838 1218 2923 praecepemnt,
1244 2838 1279 2898 ut
1305 2830 1498 2900 memoriam
1525 2850 1640 2901 eorum
1666 2849 1781 2899 coram
1796 2837 1831 2899 te
1856 2827 2064 2901 laceremus:

697 2953 732 3016 et
761 2964 822 3040 pro
849 2944 912 3015 illis
946 2947 1002 3038 qai
1027 2953 1108 3016 vota
1135 2954 1170 3015 et
1201 2945 1360 3038 primitias
1393 2947 1426 3014 in
1459 2943 1612 3018 Ecclesia
1646 2953 1702 3015 tua
1734 2954 1850 3017 saneta
1885 2944 2065 3040 adimplent

697 3069 732 3131 et
758 3059 919 3133 oliemnt:
947 3061 1001 3154 qui
1027 3064 1151 3132 sanctis
1178 3062 1375 3147 ministrant,
1402 3071 1435 3132 et
1460 3060 1660 3157 pauperibus
1693 3060 1807 3155 populi
1837 3064 1883 3131 tui
1912 3061 2064 3133 alimenta

697 3176 870 3273 praebent,
897 3187 931 3248 et
957 3197 1073 3248 eorum
1100 3180 1155 3272 qui
1181 3175 1280 3248 bodie
1307 3175 1466 3270 quaedam
1495 3187 1737 3271 separaverunt
1762 3187 1796 3248 et
1822 3177 2022 3249 obtulerant

800 3294 950 3366 Elecaaa
974 3315 1099 3364 caeam.
1151 3292 1195 3364 Et
1224 3292 1421 3365 sacrificium
1452 3293 1517 3367 boc
1547 3294 1693 3387 benigne
1726 3297 1915 3390 accipiens,
1950 3298 1997 3366 ita
2031 3303 2063 3366 ut

696 3410 851 3482 voluntas
878 3419 933 3482 toa
959 3412 1061 3481 ineo
1089 3411 1290 3502 acquiescat,
1317 3419 1350 3481 et
1375 3431 1437 3504 per
1454 3409 1689 3501 benignitatem
1704 3412 1954 3483 miserationum
1981 3421 2056 3483 tua-

696 3549 769 3598 rum
796 3529 1004 3620 suscipiatur,
1031 3523 1154 3617 adJnva
1181 3534 1214 3596 et
1240 3525 1335 3597 salva
1362 3547 1423 3597 eos
1451 3547 1578 3614 omnes,
1605 3530 1660 3621 qui
1686 3535 1720 3597 ιι
1730 3529 1890 3600 invocant
1916 3549 1964 3598 ex
1990 3537 2055 3600 toto

697 3641 800 3713 corde
825 3662 906 3731 suo,
933 3652 967 3714 et
991 3644 1125 3736 suscipe
1150 3644 1184 3713 in
1220 3663 1372 3737 expanso
1405 3643 1501 3714 coelo
1533 3652 1589 3713 tuo
1624 3641 1784 3733 Domine,
1820 3647 1994 3716 orationes
2016 3626 2055 3713 et

696 3755 883 3830 oblationes
910 3779 995 3852 quae
1021 3756 1063 3829 ab
1092 3760 1181 3830 omni
1206 3757 1360 3829 Ecclesia
1386 3766 1442 3830 tua
1468 3769 1582 3831 sancta
1615 3756 1673 3829 tibi
1700 3758 1898 3847 oderantur,
1926 3771 1961 3831 et
1987 3759 2053 3830 illas

698 3896 782 3968 quas
808 3895 895 3945 nunc
921 3872 980 3945 tibi
1006 3872 1202 3946 obtrdenmt.
1253 3875 1361 3947 Parce
1389 3896 1520 3969 quoquo
1551 3897 1613 3970 per
1639 3878 1781 3966 gratiam
1806 3887 1918 3964 mam,
1947 3879 2053 3947 omni-

696 3989 760 4063 bus
787 3988 1006 4084 iniquitatibus
1034 4013 1120 4085 quae
1147 4013 1166 4061 a
1193 3990 1290 4064 nobis
1317 4001 1528 4087 perpetratae
1555 4000 1640 4079 sunt,
1667 3994 1741 4086 quia
1763 4003 1797 4064 tu
1823 4014 1861 4064 es
1876 3994 1971 4065 Deus
1989 4014 2052 4063 vo-

694 4105 767 4180 lens
794 4108 1036 4194 miserationes,
1063 4118 1097 4179 ιι
1123 4128 1270 4180 amorem
1303 4129 1386 4199 erga
1413 4106 1580 4197 homines,
1612 4117 1646 4178 et
1678 4106 1735 4179 tibi
1762 4108 1905 4200 gloriam
1931 4107 2048 4180 reteri-

696 4245 779 4312 mus,
806 4234 839 4294 ιι
865 4226 1035 4315 unigenito
1061 4222 1146 4295 Filio
1173 4233 1242 4314 tuo,
1269 4235 1302 4296 et
1328 4223 1463 4319 Spiritui
1488 4235 1544 4296 trra
1572 4227 1778 4297 sanctissimo
1805 4235 1839 4295 et
1863 4228 1964 4300 bono.

799 4338 959 4433 Papulas.
1010 4341 1129 4414 Amen.

800 4454 974 4528 Sacerdos
1004 4456 1195 4529 inclinatos.
1247 4456 1375 4530 Rursus
1403 4457 1619 4553 deprecamur
1644 4466 1678 4528 te
1701 4454 1858 4544 Domine,
1885 4479 1946 4553 pro
1969 4476 2045 4551 pace

691 4594 888 4664 regnorum,
916 4576 1104 4647 cessatione
1130 4571 1310 4663 bellorum,
1337 4581 1371 4644 et
1396 4595 1457 4669 pro
1485 4572 1658 4668 praeclaro
1691 4576 1792 4646 totius
1818 4572 1928 4645 mundi
1954 4582 2042 4644 statu:

696 4699 732 4760 ιιι
758 4688 953 4761 adoratores
980 4693 1037 4777 tui,
1063 4711 1124 4784 per
1150 4692 1379 4763 miserationes
1407 4713 1492 4786 quae
1518 4714 1538 4761 a
1565 4699 1599 4762 te
1624 4700 1715 4778 nant,
1741 4700 1991 4775 conserventur,
2013 4695 2041 4757 ιι

698 4827 771 4876 cum
798 4804 965 4898 diligentia
991 4805 1165 4900 tranquilla
1192 4811 1416 4904 unusquisque
1441 4810 1474 4878 in
1499 4810 1640 4900 regione
1668 4829 1728 4879 sua
1761 4806 1820 4878 tibi
1853 4806 2036 4878 confiteatur.

800 4921 950 5000 Eleaaas
983 4943 1127 4993 acceia:
1162 4922 1273 4996 Corda
1300 4934 1334 4995 ιι
1360 4925 1488 4996 animos
1514 4924 1645 5015 Regum
1680 4931 1714 4993 et
1745 4925 1926 5029 principum
1949 4920 2034 4991 adte

698 5047 858 5109 converte
883 5040 1040 5111 Domine:
1066 5043 1209 5134 impetus
1235 5039 1415 5133 violentos,
1441 5062 1614 5136 vanasque
1639 5038 1806 5114 doctrinas
1833 5037 1874 5110 ab
1898 5035 2032 5109 Ecclesia
