4525 6034
480 557 738 633 marmensi
770 555 1037 634 Jnooninnon
1062 559 1334 637 PATRIARCHAE.
1519 559 1596 634 457

270 739 371 839 Ὑπὲρ
391 747 459 816 τοῦ
474 740 776 842 διαφυλαχθῆναι
790 741 897 838 ἡμᾶς,
973 742 1591 820 Utconservemuromuessuhsancta

223 855 291 930 ὑπὸ
312 855 380 954 τὴν
394 857 505 957 ἁγίαν
522 856 773 958 καὶκρύταιαν
786 872 890 958 χεῖρα
930 867 964 928 et
988 870 1126 954 potente
1152 883 1251 933 manu
1276 861 1342 934 Dei
1369 869 1403 934 et
1430 872 1597 958 protega-

221 980 286 1047 τοῦ
314 973 502 1064 θεοῦ,καὶ
532 980 784 1071 σκεπασθῆναι
814 974 887 1050 (ind
928 996 1001 1045 mur
1028 976 1070 1048 ab
1105 979 1195 1048 omni
1230 976 1335 1067 malo,
1370 975 1597 1050 deducamur-

221 1087 539 1190 παντόςπονηρού,
557 1090 617 1165 καὶ
632 1090 889 1190 κατευούωθῆ-
927 1112 992 1183 que
1015 1093 1049 1162 iu
1068 1094 1159 1163 viam
1178 1101 1318 1164 rectam:
1347 1104 1381 1165 et
1398 1115 1460 1188 pro
1482 1098 1597 1165 omni-

220 1225 300 1280 ναι·
326 1205 406 1307 περὶ
428 1205 470 1281 de
491 1205 639 1283 πύντων
659 1215 735 1283 τῶν
756 1235 890 1306 προκε-
927 1202 991 1276 bos
1030 1211 1085 1302 qui
1118 1230 1166 1278 ex
1191 1206 1289 1281 nobis
1323 1208 1497 1300 ohiemnt,
1533 1232 1597 1282 se-

220 1326 454 1418 uorpppa'vmr
470 1321 594 1418 ἡμῶν,
611 1321 703 1398 νατύ
730 1325 773 1397 td
799 1320 891 1407 ἔλεός
927 1320 1069 1393 cundum
1108 1324 1373 1397 misericordiam
1413 1337 1523 1414 tuam,
1562 1336 1597 1398 et

220 1462 300 1526 σου,
315 1436 376 1511 καὶ
392 1437 483 1513 κατὰ
500 1438 543 1512 τὸ
560 1441 704 1536 θέλημα
721 1445 890 1536 Χριστοῦ
930 1436 1112 1509 secundum
1137 1439 1344 1512 voluntatem
1367 1439 1490 1514 Christi
1514 1444 1596 1516 Dei:

218 1559 286 1627 τοῦ
308 1560 400 1628 θεοῦ
421 1552 585 1649 δεόμεθά
606 1581 693 1646 σου,
710 1553 772 1629 καὶ
787 1555 889 1655 κύριε
930 1549 1151 1650 deprecamur
1192 1566 1246 1644 te,
1288 1557 1432 1628 Domine
1474 1560 1597 1631 exaudi

218 1667 432 1760 ἐπάκουσον,
450 1669 550 1769 κύριε
567 1675 721 1768 ἐλέησον,
927 1690 1008 1739 nos:
1035 1666 1142 1765 Kprie
1169 1669 1308 1743 eleison.

257 1781 372 1883 ’Ὑπὲρ
397 1784 554 1886 ἀφέσεως
576 1786 766 1886 ἁμαρτιῶν
791 1786 897 1883 ἡμῶν
974 1784 1041 1855 Ρτο
1069 1786 1270 1858 remissione
1287 1799 1501 1881 peccatorum
1525 1813 1622 1874 αο-Κ

219 1899 281 1973 uoti
295 1900 553 2001 ᾳυγχωρήσεως
571 1903 756 1978 παντοίων
766 1910 891 1999 πλημμ-
928 1909 1089 1987 suorum,
1138 1910 1173 1971 ei
1211 1922 1273 1996 pro
1311 1906 1412 1975 Vettii]
1453 1909 1598 1978 Omnium

217 2012 439 2112 μελημύτων
455 2018 576 2113 ripum?
591 2018 653 2092 καὶ
672 2022 891 2115 τούρυσθὴ-
932 2017 1104 2087 criminum
1130 2025 1332 2108 nostrorum,
1360 2028 1460 2115 utque
1476 2022 1597 2094 salve-

217 2161 299 2221 ναι,
317 2130 379 2206 καὶ
396 2136 564 2231 σωθῆναι
579 2133 671 2231 ἡμᾶς
687 2133 758 2209 ἀπὸ
775 2132 891 2232 πάρης
931 2152 1005 2201 mur
1045 2127 1087 2203 ab
1128 2136 1218 2204 omni
1253 2137 1495 2230 oppressione,
1533 2141 1596 2230 ira,

218 2248 401 2345 θλίψεως,
427 2247 546 2350 ὀργῆς,
562 2247 753 2340 κινδύνου,
770 2248 891 2351 dady-
930 2247 1100 2343 periculo,
1126 2250 1346 2340 necessitate,
1373 2254 1463 2322 omni
1482 2261 1596 2326 tenta-

216 2390 294 2458 κης,
313 2365 448 2448 παντὸς
469 2377 688 2463 πειρασμοῦ,
714 2365 776 2441 καὶ
800 2370 889 2441 ἐπα-
928 2367 1019 2436 tione
1050 2374 1084 2436 et
1113 2366 1356 2438 insurrectione
1387 2365 1530 2440 hostium
1564 2378 1598 2441 et

216 2477 424 2562 ναστύσεως
441 2483 601 2578 ἐχθρῶν,
617 2510 655 2557 τε
672 2480 734 2556 καὶ
750 2483 888 2574 ἐθνῶν,
928 2483 1094 2574 gentium:
1122 2478 1341 2577 deprecamur
1372 2493 1428 2575 te,
1454 2482 1597 2558 Domine

217 2592 382 2689 δεόμεθά
413 2621 502 2686 σου,
540 2594 640 2695 κύριε
672 2595 888 2691 ἐπάκουσον,
927 2595 1065 2668 exaudi:
1092 2594 1199 2692 Kurie
1225 2596 1365 2669 eleison.

216 2707 320 2806 κύριε
335 2715 489 2807 ε’λεήσον.
1625 2793 1630 2798 ,

267 2826 370 2924 Ὑπὲρ
404 2835 466 2923 τῆς
494 2828 598 2929 ἁγίοις
628 2836 796 2929 Χριστοῦ
827 2837 895 2906 τοῦ
971 2825 1038 2897 Pro
1081 2838 1198 2900 sancta
1244 2825 1308 2900 hac
1346 2830 1432 2903 urhe
1474 2830 1596 2906 Christi

218 2947 313 3017 θεοῦ
345 2942 451 3038 ἡμων
484 2942 619 3030 πόλεως
650 2943 793 3043 ταύτης,
827 2945 888 3022 καὶ
926 2942 991 3014 Dei
1016 2946 1143 3033 nostri,
1177 2954 1211 3015 et
1242 2967 1305 3039 pro
1338 2950 1427 3018 omni
1452 2947 1537 3021 urbe
1563 2957 1598 3021 ct

215 3056 334 3154 πάσης
350 3056 494 3147 πόλεως,
512 3060 574 3135 καὶ
587 3058 721 3160 χώρας,
739 3061 800 3136 καὶ
813 3071 887 3139 οιῡν
926 3063 1090 3152 regione,
1126 3070 1160 3131 et
1194 3082 1256 3155 pro
1290 3060 1496 3137 Orthodoxis
1531 3064 1597 3138 fido

216 3169 619 3270 ὀρθούόξωνὲνπὶστει
643 3177 703 3252 καὶ
729 3176 888 3276 εὐσεβείᾳ
929 3185 963 3246 et
994 3177 1117 3272 pietate
1150 3180 1356 3271 conspicuis,
1390 3183 1446 3274 qui
1472 3182 1506 3250 in
1532 3180 1596 3253 illis
1718 3232 1722 3236 ,

217 3288 422 3365 οἰκούντων
450 3296 487 3366 ἐν
514 3290 649 3384 αύταῖς,
666 3292 805 3394 εἰρήνης
827 3295 888 3370 καὶ
929 3290 1091 3364 habitant:
1134 3302 1170 3364 ut
1206 3295 1305 3365 etiam
1340 3316 1403 3390 pro
1441 3318 1527 3391 paco
1564 3306 1598 3368 et

216 3402 413 3504 ἀσφαλείας
440 3406 580 3500 αύτιύν,
605 3407 767 3505 ύεόμεθύ
802 3438 885 3503 σου,
924 3401 1109 3480 securitate
1131 3407 1277 3482 iliorum:
1305 3409 1525 3507 deprecamur
1550 3422 1596 3504 te,

216 3518 319 3619 κύριε
337 3520 550 3615 ε’πύκουσον,
565 3522 666 3625 κύριε
681 3531 834 3625 ἐλεησσν.
926 3525 1071 3596 Domine
1098 3524 1232 3595 exaudi.
1284 3525 1391 3623 Kyrie
1419 3528 1558 3601 eleison.

270 3637 346 3712 Καὶ
377 3639 465 3738 ὑπὲρ
498 3648 566 3716 τοῦ
602 3647 890 3743 συγχωρηθῆναι
976 3638 1021 3710 Et
1052 3649 1088 3711 ut
1119 3639 1329 3713 condonetur
1355 3643 1454 3716 nobis
1481 3644 1596 3740 quod-

216 3756 309 3852 ῆμῖν
331 3765 405 3834 πᾶν
431 3761 888 3859 ntpppu'rppm,52015026v
928 3778 1069 3850 cumque
1102 3755 1257 3829 delictum
1287 3756 1509 3832 voluntarium
1542 3771 1598 3833 aut

217 3900 254 3946 τε
271 3873 334 3948 κατ’
351 3872 539 3967 ἀκούσιον,
561 3878 622 3952 mi
646 3889 714 3954 ιρῡ
737 3879 890 3980 noonie-
928 3869 1201 3945 involuntarium:
1241 3883 1341 3968 utque
1376 3878 1597 3973 suscipiantur

212 3992 358 4085 χθῆναι
375 3990 443 4088 τήν
459 3990 584 4090 δέησιν
600 3993 717 4089 ἤρυον,
734 3996 795 4070 καὶ
816 4024 888 4072 xo·
930 3987 1187 4081 deprecationes
1208 3997 1358 4080 nostrae,
1381 4001 1415 4062 et
1431 3995 1597 4066 mittantur

215 4109 481 4206 ταπεμρθῆνοιι
506 4106 553 4183 wi
582 4113 659 4208 ἐλιή
686 4119 753 4187 ιρι)
783 4119 885 4203 θροῦ,
923 4102 1175 4175 misericordiae
1208 4115 1241 4176 et
1271 4107 1504 4182 miserationes
1530 4110 1596 4183 Dei

214 4224 277 4298 καὶ
311 4221 395 4307 τούς
433 4224 640 4324 οἰκτιρμρύς
674 4225 788 4303 αὐτοῦ
829 4228 886 4305 e’ni
924 4240 1026 4316 super
1052 4241 1115 4292 nos
1143 4240 1271 4311 omnes,
1297 4221 1472 4294 Dominum
1485 4222 1594 4297 Deum

214 4337 355 4422 πάντας
388 4338 493 4435 ἡμᾶς,
529 4339 658 4441 κύριον
692 4341 758 4420 τὸν
795 4343 886 4421 θοὰν
924 4345 1072 4407 uostmm
1099 4335 1291 4431 suppliciter
1317 4337 1546 4433 deprecemur.

214 4455 323 4550 ἠμεύν
349 4453 591 4552 ἱκετεύσωμεν.

974 4566 1137 4659 Populea.
1189 4567 1296 4665 Kyrie
1323 4568 1462 4642 eleison.
1543 4547 1547 4556 ’
