4525 6034
714 579 789 654 512
1218 580 1577 658 tttnnutn

712 769 833 860 ejiciet,
863 779 962 864 atque
988 767 1115 861 Angeli
1140 766 1343 842 festinabunt
1359 767 1403 841 ad
1421 768 1607 864 separanda
1624 770 1732 841 tritico
1746 791 1766 840 a
1782 771 1924 843 zizaniis:
1940 772 2037 865 qundo

711 884 866 976 gehenna
900 886 1047 974 ardebit,
1085 885 1147 958 sed
1178 907 1245 957 non
1281 885 1479 958 illuminata:
1510 887 1704 980 vermisque
1736 885 1944 981 poenitudinis
1969 889 2041 960 rodet

700 1000 941 1090 acerbissime,
970 1013 1003 1075 et
1029 1000 1159 1096 absque
1184 1002 1267 1074 line:
1293 1011 1328 1072 nt
1353 1004 1387 1074 in
1412 1001 1470 1073 illa
1496 965 1601 1091 bola,
1638 1004 1671 1072 in
1698 1024 1762 1096 qua
1795 1000 1898 1073 nulbrs
1921 1008 1974 1075 erit
1992 1009 2042 1076 ni·

712 1118 917 1192 sericordiae
944 1118 1052 1206 locus,
1079 1121 1224 1191 Domine
1250 1119 1349 1214 plene
1375 1118 1617 1203 misericordia,
1642 1116 1830 1210 benignitas
1858 1128 1908 1189 toa
1929 1120 2043 1192 nonde·

712 1233 802 1307 liciat
827 1257 910 1326 erga
937 1235 1095 1332 populum
1123 1245 1215 1306 tuum
1242 1245 1275 1306 et
1301 1257 1388 1307 oves
1414 1256 1563 1329 pascuae
1589 1243 1680 1321 tuae,
1705 1256 1814 1329 neque
1841 1236 2045 1308 iniraauertas

711 1349 832 1423 faciem
860 1360 950 1424 tuam
977 1376 997 1424 a
1023 1349 1132 1424 nobis.
1179 1349 1233 1422 Ne
1258 1354 1417 1445 projicias
1433 1371 1508 1422 mos
1535 1354 1626 1422 omni
1651 1372 1712 1446 spe
1739 1349 1921 1439 destitutos,
1942 1362 2046 1447 propter

714 1470 904 1562 iniquitates
940 1478 1088 1541 nostras:
1120 1489 1189 1541 non
1221 1466 1441 1562 praevaleant
1476 1477 1597 1559 stagna
1634 1477 1850 1562 peccatorum
1882 1477 2046 1552 nostrornm,

713 1587 796 1656 mari
832 1605 955 1672 magno
991 1583 1242 1656 misericordiae
1276 1594 1371 1655 tuae:
1404 1604 1448 1654 ne
1483 1603 1657 1674 gemamus
1691 1585 1724 1653 in
1750 1583 1925 1679 supplicio,
1952 1594 1982 1654 et
1999 1605 2049 1656 non

714 1703 758 1773 sit
789 1704 844 1794 qui
877 1703 1093 1784 misereatur,
1120 1723 1165 1772 ne
1201 1698 1381 1772 debeamus
1416 1721 1548 1786 amare,
1580 1710 1615 1770 et
1640 1721 1707 1771 non
1735 1701 1777 1771 sit
1803 1701 1860 1793 qui
1886 1697 2049 1771 consoletur.

713 1815 791 1888 Non
816 1816 961 1907 ligentur
987 1818 1098 1908 ignitis
1125 1815 1265 1888 vinculis
1292 1813 1428 1907 linguae
1460 1814 1661 1887 laudantium
1693 1825 1743 1886 te:
1776 1838 1887 1910 neque
1917 1813 2052 1886 natatu

714 1935 828 2006 saevis
864 1931 1083 2019 cruciatibus,
1118 1935 1173 2027 qni
1207 1931 1419 2028 passionibus
1452 1934 1515 2004 tuis
1548 1929 1670 2004 salvati
1696 1940 1787 2003 sunt:
1819 1953 1888 2004 non
1912 1934 2051 2026 priventur

715 2048 841 2121 anxilio
868 2048 1067 2120 clementiae
1094 2058 1183 2138 urae,
1210 2051 1266 2143 qni
1292 2051 1407 2120 vocati
1432 2058 1508 2120 sunt
1540 2071 1561 2118 a
1591 2056 1626 2119 te
1660 2047 1703 2119 ad
1735 2050 1869 2144 nuptias
1899 2058 1974 2119 tuas.
2014 2046 2053 2117 Nc

715 2163 858 2236 devoret
890 2167 977 2257 ignis
1013 2186 1075 2236 eos
1108 2168 1165 2258 qni
1195 2163 1412 2237 comederumt
1447 2185 1570 2258 corpus
1605 2174 1695 2236 tuum
1727 2174 1893 2236 sanctum:
1923 2165 1987 2235 sitis
2007 2182 2056 2232 non

713 2284 886 2353 excruciet
912 2302 973 2353 eos
1000 2282 1056 2376 qui
1082 2279 1237 2353 biberunt
1264 2283 1461 2372 sanguinem
1487 2290 1577 2352 tuum
1604 2283 1802 2375 pretiosum:
1829 2301 1895 2351 nac
1918 2269 2054 2349 ιιιιιιιιιιι3

715 2406 831 2490 tangat
857 2420 1002 2493 corpora
1029 2399 1161 2489 signato
1189 2395 1376 2469 chrismate
1402 2406 1459 2468 tuo
1490 2396 1683 2469 venerando
1716 2406 1751 2468 et
1783 2406 1912 2469 sancto.
1959 2393 2056 2465 Ratio·

713 2535 791 2585 nem
817 2512 905 2586 baba
930 2509 1104 2586 nobiscum
1134 2513 1289 2602 Domine,
1316 2511 1406 2609 quod
1438 2511 1586 2608 colaphis
1614 2515 1715 2600 caesi,
1743 2513 1901 2585 contemti
1935 2521 1967 2581 et
1994 2530 2058 2605 per·

628 2667 630 2676 ·
715 2632 920 2702 secutionem
948 2631 1041 2726 passi
1067 2649 1182 2702 sumus
1215 2653 1235 2701 a
1262 2629 1394 2726 populis
1422 2628 1540 2702 alienis
1573 2638 1710 2725 propter
1735 2651 1861 2702 nomen
1886 2638 1970 2699 tuum
1993 2646 2059 2697 san·

714 2754 813 2818 ctum
866 2744 919 2816 Ne
949 2748 964 2781 ⁴
991 2742 1142 2838 abneges
1174 2767 1237 2818 nos
1273 2749 1329 2840 qui
1363 2766 1431 2818 non
1464 2742 1706 2837 abnegavimus
1732 2752 1784 2817 te:
1825 2742 1983 2816 confitme
2010 2761 2059 2811 nos

714 2865 748 2933 in
776 2861 830 2933 die
851 2860 966 2955 J‘udicii
994 2863 1058 2950 tui,
1084 2859 1342 2957 qnia‘conlessi
1377 2883 1491 2936 sumus
1525 2871 1572 2933 te:
1604 2883 1648 2933 ne
1682 2862 1806 2958 pudeat
1838 2870 1874 2933 te
1905 2859 1945 2930 de
1975 2855 2061 2942 nobb,
2169 2921 2174 2930 .

717 2999 803 3073 quos
830 2999 897 3049 non
923 2977 1037 3075 puduit
1063 2980 1299 3052 exinanitionis
1325 2988 1415 3066 tuae,
1441 3001 1485 3050 ne
1513 2977 1708 3051 confusione
1735 2979 1862 3052 afficias
1888 3000 1951 3049 nos
1975 2995 2062 3045 comu

715 3092 802 3168 solio
829 3102 896 3165 tuo.
949 3093 1092 3190 Propter
1123 3092 1208 3166 baec
1242 3104 1342 3189 atque
1375 3093 1494 3167 similia
1529 3093 1685 3168 Ecclesia
1716 3105 1791 3184 tua,
1823 3105 1861 3167 et
1892 3116 1978 3186 grex
2006 3100 2062 3162 tuus

716 3209 918 3305 poenitendo
946 3209 1169 3306 deprecantur
1203 3220 1237 3282 te
1262 3209 1426 3301 Domine,
1452 3222 1487 3282 et
1518 3233 1581 3307 per
1612 3223 1647 3284 te
1682 3222 1782 3307 atque
1814 3223 1926 3284 tecum
1956 3213 2063 3284 Patren

718 3337 807 3399 tuum
833 3325 984 3398 dicendo.
1762 3333 1768 3343 '

729 3435 733 3450 ⁴
822 3442 982 3537 Populos.
1033 3442 1209 3516 Miserere.

819 3557 1005 3631 Sacerdos.
1056 3559 1130 3633 Nos
1158 3581 1300 3655 quoque.

821 3675 1010 3748 Diaconos.
1064 3676 1172 3762 Quam
1199 3675 1342 3750 timenda
1369 3686 1421 3749 est
1446 3676 1532 3749 baec
1558 3674 1651 3749 bora.

830 3950 1006 4023 Sacerdos
1036 3951 1221 4025 inclinatio
1247 3953 1333 4023 dicii
1365 3949 1380 3990 ⁵
1403 3951 1659 4024 looocotiocem
1684 3950 1839 4046 Spiritus
1865 3954 1986 4024 acacii.

822 4141 987 4214 lliserere
1018 4146 1084 4216 mei
1114 4142 1228 4232 Deus,
1261 4153 1295 4215 et
1327 4147 1418 4215 mitte
1449 4146 1590 4236 gratiam
1624 4142 1766 4239 Spiritum
1793 4145 1848 4215 'sui
1876 4136 2067 4229 sanemini

718 4259 776 4332 tibi
804 4257 1093 4332 consubstantialis
1120 4271 1173 4332 est
1199 4271 1234 4332 et
1260 4269 1473 4348 coaeternus,
1498 4263 1556 4354 qni
1581 4282 1643 4354 per
1656 4259 1843 4355 Prophetas
1871 4258 2000 4332 locutus
2022 4260 2068 4337 tib

719 4387 753 4447 et
778 4375 953 4469 Apostolis
981 4380 1178 4472 sapientiam
1203 4376 1327 4466 tribuit,
1354 4386 1587 4471 martyresque
1613 4379 1806 4449 coronavit:
1841 4376 1901 4471 qui
1927 4376 1960 4444 in
1985 4373 2069 4444 amau

718 4514 834 4586 purum
866 4492 1016 4584 Virginis
1049 4504 1188 4565 sanctae
1219 4492 1409 4581 descendit,
1446 4502 1480 4565 et
1511 4513 1634 4588 corpus
1668 4491 1826 4566 formavit
1861 4489 1981 4564 Verbo
2016 4495 2070 4569 tuo,

718 4612 792 4702 ejus
819 4612 924 4695 socio,
951 4610 1167 4705 aequalisque
1199 4630 1314 4682 secum
1343 4620 1482 4681 namrue
1514 4621 1548 4682 et
1579 4610 1723 4682 virtutis:
1756 4618 1792 4680 nt
1823 4611 1904 4703 ipse
1936 4605 1991 4679 illo
2020 4602 2072 4674 de·

719 4724 856 4797 scendat
881 4727 981 4796 ettam
1008 4747 1095 4797 nunc
1115 4747 1215 4821 super
1241 4723 1326 4798 baec
1360 4729 1538 4822 mysteria,
1572 4725 1722 4823 perficiat
1756 4734 1791 4798 et
1822 4725 2007 4799 sanctificat
2028 4740 2071 4789 ea:

719 4862 839 4935 meque
865 4840 1025 4914 infirmum
1051 4845 1230 4937 carnisque
1256 4852 1290 4915 et
1316 4845 1450 4937 spiritus
1477 4842 1633 4917 sordibus
1657 4842 1873 4932 maculatum,
1902 4839 2072 4915 mundettl

720 4956 880 5052 purificet.

823 5073 985 5169 Populus.
1037 5074 1143 5174 liprie
1170 5075 1308 5150 albiam
1360 5074 1466 5170 Kynie
1492 5073 1630 5149 eleison.
1681 5074 1787 5171 Kyrie
1815 5073 1964 5150 eleison.
