4525 6034
701 576 776 652 622
1209 580 1568 660 Lttttttdll

700 788 784 859 erga
817 789 891 856 nos,
918 772 1042 861 gratias
1070 773 1200 864 agimus
1227 767 1284 841 tihi
1318 770 1410 841 Deus
1442 771 1544 843 Pater
1569 792 1664 860 vere,
1692 780 1725 842 et
1750 768 1836 841 Filio
1861 779 1916 842 tuo
1940 773 2039 863 unige-
2168 779 2173 788 '

699 884 781 972 nito,
808 893 842 955 et
868 883 1004 980 Spiritui
1031 894 1087 958 tuo
1113 889 1197 959 vivo
1225 894 1260 956 et
1294 897 1430 976 sanct03
1463 885 1707 982 adoramusquc
1733 895 1768 958 te
1794 897 1929 983 propter
1952 889 2042 957 omnia

699 997 863 1071 beneficia
891 1009 957 1089 tna,
985 1025 1072 1097 quae
1098 1002 1264 1075 contulisti
1285 1002 1395 1092 nobis,
1423 1013 1489 1075 tam
1518 1025 1559 1073 ea
1585 1024 1672 1097 quae
1698 1005 1834 1088 scimus,
1861 1026 1952 1099 quam
1975 1024 2042 1096 quae

699 1117 904 1207 ignoramus,
931 1116 1107 1192 manifesta
1135 1129 1169 1190 et
1203 1129 1346 1191 secreta.
1402 1119 1536 1192 Gratias
1563 1140 1697 1214 quoque
1728 1121 1858 1211 agimus
1892 1118 1946 1191 tibi
1966 1140 2042 1214 pro·

698 1243 773 1328 pter
800 1231 864 1305 hoc
890 1236 1117 1322 ministerium,
1145 1234 1365 1330 deprecantes
1399 1245 1433 1307 tc
1465 1246 1501 1308 ut
1532 1237 1696 1331 suscipias
1728 1234 1808 1306 illud
1841 1258 1887 1306 ex
1917 1233 2044 1307 manibus

699 1351 841 1420 nostris:
870 1353 943 1443 quis
970 1354 1057 1422 enim
1085 1351 1223 1423 sufficiat
1256 1350 1298 1424 ad
1326 1349 1512 1422 enarranda
1538 1349 1697 1423 miracrda
1723 1356 1897 1448 potcstatis
1923 1361 2046 1439 tuamet

699 1464 827 1537 auditas
854 1463 956 1538 iaciat
982 1489 1099 1540 omnes
1125 1467 1242 1541 laudes
1269 1467 1370 1552 tuas?
1406 1471 1481 1563 quia
1515 1470 1644 1541 etiamsi
1678 1478 1852 1541 creaturae
1887 1489 1993 1541 omnes
2015 1489 2045 1539 os

697 1602 796 1652 uuum
824 1592 939 1656 essent
971 1592 1005 1655 et
1039 1607 1105 1657 una
1131 1582 1264 1677 lingua,
1299 1606 1365 1657 non
1400 1584 1588 1659 sufficerent
1619 1584 1763 1658 Domine
1797 1584 1840 1656 ad
1870 1584 2047 1681 loquendum

698 1695 741 1766 de
767 1702 942 1791 majestate
969 1711 1035 1772 tua.

802 1815 928 1887 Conon.
983 1817 1068 1904 Quia
1100 1840 1215 1891 coram
1249 1816 1410 1890 Trinitute
1449 1827 1505 1888 tua
1538 1816 1702 1909 Domine,
1735 1819 1921 1889 consistunt
1949 1815 2048 1886 millias

697 1929 798 2021 mille,
826 1943 861 2005 et
887 1932 1000 2006 decies
1028 1933 1158 2023 millies,
1186 1933 1302 2006 decem
1328 1932 1418 2005 mille
1444 1933 1585 2027 Angeli:
1613 1955 1796 2028 omnesque
1821 1933 1919 2004 simnl
1943 1934 2048 2028 pariter

696 2046 853 2122 volantes
884 2052 1092 2123 incessanter
1124 2059 1159 2122 et
1190 2061 1372 2147 perpetuo,
1410 2061 1499 2123 vo'ce
1542 2049 1607 2122 alta
1643 2059 1677 2121 et
1708 2049 1908 2122 indesinenti
1939 2048 2049 2121 landen

697 2174 830 2252 canunt,
852 2163 1005 2259 J'uhilant,
1032 2168 1215 2240 clamantes
1242 2189 1326 2240 unus
1353 2165 1396 2238 ad
1423 2165 1560 2239 altemm
1574 2165 1722 2239 dicentes
1749 2176 1783 2238 et
1807 2162 2050 2261 respondentes:

697 2277 853 2370 Sanctus,
879 2281 1035 2376 Sanctus,
1062 2295 1125 2355 etc.

799 2397 976 2470 Sacerdos
1002 2399 1176 2493 profunde
1201 2400 1346 2471 inclinat
1371 2422 1409 2471 ce
1434 2398 1579 2470 dicendo
1606 2398 1696 2469 douc
1724 2397 1933 2469 Orationem.
1973 2395 2052 2466 San·

696 2521 780 2601 ctus,
798 2513 954 2606 Sanctus,
976 2514 1119 2589 Sanctus
1132 2517 1293 2589 Dominus
1320 2514 1429 2606 fortis,
1455 2518 1549 2608 cujus
1575 2514 1666 2610 pleni
1692 2524 1768 2588 sunt
1793 2513 1884 2587 coeli
1911 2523 1945 2585 et
1967 2522 2052 2584 terra.

886 2789 1103 2862 Pronunciot
1128 2791 1219 2864 donc
1249 2795 1442 2864 orationem
1468 2792 1703 2863 inclinationis
1727 2796 1876 2862 secreto.

799 2978 949 3076 Cumque
977 2979 1041 3053 illis
1073 2981 1294 3078 potestatibus
1322 2980 1545 3069 coelestibus,
1578 2989 1613 3053 et
1643 3001 1706 3053 nos
1739 2979 1887 3053 Domine
1921 2979 2004 3052 bone
2026 2987 2054 3048 et

693 3095 787 3167 Deus
813 3100 1005 3170 misericors
1032 3096 1213 3171 clamamus
1232 3109 1266 3170 et
1284 3098 1435 3188 dicimus,
1462 3107 1596 3171 sanctus
1624 3119 1663 3170 es
1688 3119 1785 3188 vere,
1812 3105 1848 3169 et
1876 3118 1959 3168 vere
1982 3093 2053 3187 glo-

693 3211 881 3300 rificandus,
909 3214 1077 3303 excelsus,
1105 3212 1337 3310 sublimisque3
1371 3214 1460 3309 quod
1495 3213 1693 3287 adoratores
1730 3223 1807 3284 tuos
1835 3217 1894 3308 qui
1920 3217 1954 3285 in
1977 3223 2054 3282 terra

693 3337 769 3399 sunt
795 3328 915 3421 dignos
942 3329 1061 3419 fecisti,
1088 3329 1213 3404 similes
1240 3331 1303 3404 illis
1331 3351 1410 3403 esse
1436 3334 1492 3426 qui
1507 3329 1742 3423 teglorilicant
1766 3333 1802 3400 in
1829 3330 1947 3402 coelis.
1973 3328 2055 3400 San·

691 3456 765 3517 ctus
791 3448 892 3518 etiam
917 3445 1021 3520 Filius
1048 3456 1122 3518 tuas
1149 3449 1337 3541 unigenitus
1354 3449 1517 3520 Dominus
1544 3457 1660 3520 noster
1670 3446 1770 3518 lesus
1797 3443 1967 3536 Christus,
1992 3465 2054 3516 cun

691 3560 816 3657 Spiritu
843 3572 972 3650 sancto,
1000 3565 1055 3659 qui
1080 3572 1191 3636 tecum
1225 3564 1268 3637 ab
1301 3574 1438 3636 aeterno
1466 3566 1642 3651 coexistit,
1674 3572 1710 3634 ut
1743 3561 1899 3654 ejusdem
1927 3581 2054 3634 consors

690 3688 847 3767 naturae,
888 3690 921 3752 et
960 3679 1112 3753 conditor
1150 3684 1294 3753 omnium
1337 3689 1573 3752 creaturarum.
1644 3677 1880 3751 Benedicimns
1913 3678 2054 3762 Domine,

692 3791 801 3866 Deum
819 3794 981 3884 Verbum,
1004 3794 1123 3867 Filium
1151 3796 1392 3886 absconditum,
1419 3801 1475 3891 qui
1502 3807 1554 3868 est
1579 3818 1625 3866 ex
1651 3798 1724 3867 sinu
1750 3804 1821 3885 tuo,
1849 3797 1909 3889 qui
1935 3796 2054 3865 cumin

692 3910 903 3985 similitudine
927 3921 984 3984 tua
1010 3923 1113 4003 esset,
1141 3924 1174 3985 et
1209 3916 1323 4006 imago
1350 3912 1554 3985 substantiae
1581 3922 1670 4001 tuae,
1695 3932 1762 3983 non
1788 3915 1945 4005 rapinam
1972 3910 2053 3982 arli-

691 4037 797 4099 tratus
824 4039 981 4100 estesse
1008 4050 1047 4100 se
1074 4028 1249 4123 aequalem
1274 4027 1349 4100 tili:
1376 4028 1436 4102 scd
1464 4032 1679 4124 semetipsum
1706 4028 1918 4118 exinanivit,
1954 4037 1986 4100 et
2008 4028 2053 4098 si·

691 4143 905 4216 militudinem
931 4148 1023 4216 servi
1043 4147 1185 4242 accepit,
1211 4143 1376 4217 hominem
1405 4143 1590 4242 perfectum
1616 4167 1663 4216 ex
1689 4144 1796 4214 anima
1823 4143 1983 4216 rationali
2004 4147 2053 4215 in·

691 4259 863 4352 telligente
890 4271 924 4333 et
949 4259 1145 4349 immortali,
1179 4272 1212 4333 et
1239 4283 1384 4358 corpore
1417 4259 1548 4333 mortali
1580 4261 1759 4348 hominum,
1785 4268 1820 4329 et
1847 4261 2018 4352 conjunxit
2041 4250 2053 4291 ⁷

691 4373 781 4447 illum
809 4374 884 4465 sibi,
910 4378 1082 4472 univitqne
1108 4399 1222 4449 secum
1248 4376 1424 4470 ingloria,
1450 4387 1618 4475 potestate
1645 4386 1677 4448 et
1703 4374 1847 4465 honore,
1877 4397 1926 4446 ex
1951 4384 2053 4446 nunna

692 4514 754 4564 sua
780 4490 991 4588 passibilem:
1026 4495 1081 4587 qui
1116 4491 1278 4565 formatus
1311 4504 1365 4567 est
1398 4516 1461 4589 per
1491 4495 1646 4566 virtutem
1683 4491 1824 4587 Spiritus
1861 4495 1971 4564 sancti
2001 4511 2053 4586 pro

691 4607 799 4681 salute
826 4611 986 4681 omnium:
1014 4612 1136 4705 quique
1162 4608 1268 4681 lactus
1296 4620 1349 4681 est
1375 4633 1421 4682 ex
1446 4608 1596 4697 muliere,
1621 4607 1795 4702 factusque
1821 4606 1890 4679 sun
1917 4606 2004 4702 lege,
2024 4613 2055 4677 ut

691 4725 835 4818 eosqui
869 4722 929 4796 sul)
963 4724 1042 4819 lege
1075 4736 1170 4798 crant
1199 4726 1395 4816 redimeret,
1428 4736 1463 4798 et
1495 4746 1611 4798 omnes
1643 4727 1699 4820 qui
1729 4728 1763 4795 in
1797 4724 1915 4797 Adam
1948 4722 2052 4796 mortni

691 4850 788 4912 erant
813 4840 1014 4914 vivificaret:
1042 4841 1272 4939 destruxitque
1296 4850 1472 4939 peccatum
1486 4844 1520 4913 ia
1539 4864 1729 4929 carnosum
1756 4851 1791 4913 et
1814 4841 1934 4935 legem
1957 4860 2052 4936 prac-

690 4965 861 5050 ceptorum
887 4981 950 5054 per
975 4970 1155 5055 praecepta
1181 4981 1242 5032 sua
1264 4960 1442 5032 destruxit:
1470 4960 1600 5054 apernit
1615 4956 1731 5030 oculos
1745 4960 2051 5032 mennam-nostra-

686 5092 760 5142 rum
787 5077 843 5170 qui
868 5077 962 5147 caeci
988 5097 1133 5168 eramus,
1160 5086 1195 5148 et
1219 5075 1353 5175 planam
1367 5074 1448 5148 iecit
1472 5072 1570 5150 nobis
1595 5075 1685 5149 viam
1712 5072 1846 5167 salutis3
1875 5084 1913 5148 et
1936 5071 2047 5146 illand-
