<?xml version="1.0" encoding="UTF-8"?>
<!DOCTYPE html PUBLIC "-//W3C//DTD XHTML 1.0 Transitional//EN"
    "http://www.w3.org/TR/xhtml1/DTD/xhtml1-transitional.dtd">
<html xmlns="http://www.w3.org/1999/xhtml" xml:lang="en" lang="en">
 <head>
  <title>
</title>
<meta http-equiv="Content-Type" content="text/html;charset=utf-8" />
  <meta name='ocr-system' content='tesseract 3.04.00' />
  <meta name='ocr-capabilities' content='ocr_page ocr_carea ocr_par ocr_line ocrx_word'/>
</head>
<body>
  <div class='ocr_page' id='page_1' title='image "./liturgiarumorie00unkngoog/liturgiarumorie00unkngoog_0347.png"; bbox 0 0 4525 6034; ppageno 0'>
   <div class='ocr_carea' id='block_1_1' title="bbox 567 612 1607 691">
    <p class='ocr_par' dir='ltr' id='par_1_1' title="bbox 567 612 1607 691">
     <span class='ocr_line' id='line_1_1' title="bbox 567 612 1607 691; baseline -0.003 0"><span class='ocrx_word' id='word_1_1' title='bbox 567 614 844 691; x_wconf 77' lang='lat' dir='ltr'><strong>luminatum</strong></span> <span class='ocrx_word' id='word_1_2' title='bbox 861 612 1055 691; x_wconf 76' lang='lat' dir='ltr'><strong>corttcmt</strong></span> <span class='ocrx_word' id='word_1_3' title='bbox 1071 614 1263 691; x_wconf 75' lang='lat' dir='ltr'><strong>substiti.</strong></span> <span class='ocrx_word' id='word_1_4' title='bbox 1531 615 1607 689; x_wconf 77' lang='lat'><strong>187</strong></span> 
     </span>
    </p>
   </div>
   <div class='ocr_carea' id='block_1_2' title="bbox 100 798 1606 2376">
    <p class='ocr_par' dir='ltr' id='par_1_2' title="bbox 100 798 1606 2376">
     <span class='ocr_line' id='line_1_2' title="bbox 234 798 1606 881; baseline -0.001 -17"><span class='ocrx_word' id='word_1_5' title='bbox 234 808 267 864; x_wconf 90' lang='lat' dir='ltr'><strong>ct</strong></span> <span class='ocrx_word' id='word_1_6' title='bbox 289 800 320 861; x_wconf 90' lang='lat' dir='ltr'><strong>in</strong></span> <span class='ocrx_word' id='word_1_7' title='bbox 342 801 402 862; x_wconf 90' lang='lat' dir='ltr'><strong>vita</strong></span> <span class='ocrx_word' id='word_1_8' title='bbox 424 800 597 881; x_wconf 89' lang='lat' dir='ltr'><strong>quotidiana</strong></span> <span class='ocrx_word' id='word_1_9' title='bbox 619 818 693 863; x_wconf 90' lang='lat' dir='ltr'><strong>usus</strong></span> <span class='ocrx_word' id='word_1_10' title='bbox 715 807 799 879; x_wconf 90' lang='lat' dir='ltr'><strong>erat,</strong></span> <span class='ocrx_word' id='word_1_11' title='bbox 830 806 862 861; x_wconf 91' lang='lat' dir='ltr'><strong>ut</strong></span> <span class='ocrx_word' id='word_1_12' title='bbox 889 798 1017 880; x_wconf 89' lang='lat' dir='ltr'><strong>Coptica</strong></span> <span class='ocrx_word' id='word_1_13' title='bbox 1044 817 1133 862; x_wconf 88' lang='lat' dir='ltr'><strong>sacra</strong></span> <span class='ocrx_word' id='word_1_14' title='bbox 1163 798 1262 865; x_wconf 87' lang='lat' dir='ltr'><strong>officia</strong></span> <span class='ocrx_word' id='word_1_15' title='bbox 1284 798 1489 861; x_wconf 71' lang='lat' dir='ltr'><strong>Alexandriae</strong></span> <span class='ocrx_word' id='word_1_16' title='bbox 1519 799 1606 862; x_wconf 91' lang='lat' dir='ltr'><strong>cele·</strong></span> 
     </span>
     <span class='ocr_line' id='line_1_3' title="bbox 229 892 1606 981; baseline 0 -19"><span class='ocrx_word' id='word_1_17' title='bbox 229 900 392 963; x_wconf 89' lang='lat' dir='ltr'><strong>brarentnr</strong></span> <span class='ocrx_word' id='word_1_18' title='bbox 414 901 596 978; x_wconf 78' lang='lat' dir='ltr'><strong>instituisse,</strong></span> <span class='ocrx_word' id='word_1_19' title='bbox 619 901 645 962; x_wconf 93' lang='lat' dir='ltr'><strong>si</strong></span> <span class='ocrx_word' id='word_1_20' title='bbox 668 901 735 981; x_wconf 93' lang='lat' dir='ltr'><strong>quis</strong></span> <span class='ocrx_word' id='word_1_21' title='bbox 758 900 924 977; x_wconf 83' lang='lat' dir='ltr'><strong>existimet,</strong></span> <span class='ocrx_word' id='word_1_22' title='bbox 948 892 1150 962; x_wconf 64' lang='lat' dir='ltr'><strong>difficile&#39;erit</strong></span> <span class='ocrx_word' id='word_1_23' title='bbox 1172 902 1292 963; x_wconf 91' lang='lat' dir='ltr'><strong>omnino</strong></span> <span class='ocrx_word' id='word_1_24' title='bbox 1316 906 1348 961; x_wconf 90' lang='lat' dir='ltr'><strong>ut</strong></span> <span class='ocrx_word' id='word_1_25' title='bbox 1367 900 1527 962; x_wconf 80' lang='lat' dir='ltr'><strong>contrariis</strong></span> <span class='ocrx_word' id='word_1_26' title='bbox 1550 918 1606 962; x_wconf 93' lang='lat' dir='ltr'><strong>ra-</strong></span> 
     </span>
     <span class='ocr_line' id='line_1_4' title="bbox 228 997 1604 1081; baseline 0 -20"><span class='ocrx_word' id='word_1_27' title='bbox 228 1000 363 1062; x_wconf 80' lang='lat' dir='ltr'><strong>tionibus</strong></span> <span class='ocrx_word' id='word_1_28' title='bbox 386 1000 463 1062; x_wconf 90' lang='lat' dir='ltr'><strong>haec</strong></span> <span class='ocrx_word' id='word_1_29' title='bbox 484 1001 658 1081; x_wconf 79' lang='lat' dir='ltr'><strong>conjectura</strong></span> <span class='ocrx_word' id='word_1_30' title='bbox 681 1006 846 1062; x_wconf 77' lang='lat' dir='ltr'><strong>evertatur.</strong></span> <span class='ocrx_word' id='word_1_31' title='bbox 877 997 987 1063; x_wconf 79' lang='lat' dir='ltr'>Saltem</span> <span class='ocrx_word' id='word_1_32' title='bbox 1010 997 1047 1060; x_wconf 89' lang='lat' dir='ltr'><strong>ab</strong></span> <span class='ocrx_word' id='word_1_33' title='bbox 1071 1017 1108 1061; x_wconf 93' lang='lat' dir='ltr'><strong>ea</strong></span> <span class='ocrx_word' id='word_1_34' title='bbox 1132 1005 1183 1061; x_wconf 90' lang='lat' dir='ltr'><strong>aut</strong></span> <span class='ocrx_word' id='word_1_35' title='bbox 1204 1000 1343 1080; x_wconf 82' lang='lat' dir='ltr'><strong>proxima</strong></span> <span class='ocrx_word' id='word_1_36' title='bbox 1366 998 1506 1075; x_wconf 86' lang='lat' dir='ltr'><strong>saecula,</strong></span> <span class='ocrx_word' id='word_1_37' title='bbox 1537 1017 1604 1061; x_wconf 86' lang='lat' dir='ltr'><strong>curn</strong></span> 
     </span>
     <span class='ocr_line' id='line_1_5' title="bbox 227 1097 1603 1182; baseline 0.001 -22"><span class='ocrx_word' id='word_1_38' title='bbox 227 1098 333 1181; x_wconf 82' lang='lat' dir='ltr'><strong>liugua</strong></span> <span class='ocrx_word' id='word_1_39' title='bbox 349 1099 464 1162; x_wconf 86' lang='lat' dir='ltr'><strong>Graeca</strong></span> <span class='ocrx_word' id='word_1_40' title='bbox 486 1101 517 1161; x_wconf 89' lang='lat' dir='ltr'><strong>in</strong></span> <span class='ocrx_word' id='word_1_41' title='bbox 531 1098 675 1182; x_wconf 78' lang='lat' dir='ltr'><strong>Aegypta</strong></span> <span class='ocrx_word' id='word_1_42' title='bbox 693 1116 790 1180; x_wconf 85' lang='lat' dir='ltr'><strong>prope</strong></span> <span class='ocrx_word' id='word_1_43' title='bbox 812 1098 931 1179; x_wconf 92' lang='lat' dir='ltr'><strong>penitus</strong></span> <span class='ocrx_word' id='word_1_44' title='bbox 954 1097 1166 1177; x_wconf 71' lang='lat' dir='ltr'><strong>obsolevisset,</strong></span> <span class='ocrx_word' id='word_1_45' title='bbox 1190 1099 1449 1180; x_wconf 85' lang='lat' dir='ltr'><strong>successissetque</strong></span> <span class='ocrx_word' id='word_1_46' title='bbox 1471 1098 1603 1161; x_wconf 89' lang='lat' dir='ltr'><strong>Arabica</strong></span> 
     </span>
     <span class='ocr_line' id='line_1_6' title="bbox 227 1196 1605 1282; baseline 0.001 -22"><span class='ocrx_word' id='word_1_47' title='bbox 227 1199 261 1261; x_wconf 90' lang='lat' dir='ltr'><strong>in</strong></span> <span class='ocrx_word' id='word_1_48' title='bbox 286 1200 352 1279; x_wconf 90' lang='lat' dir='ltr'><strong>ejus</strong></span> <span class='ocrx_word' id='word_1_49' title='bbox 374 1198 492 1275; x_wconf 88' lang='lat' dir='ltr'><strong>lacum,</strong></span> <span class='ocrx_word' id='word_1_50' title='bbox 514 1199 650 1282; x_wconf 84' lang='lat' dir='ltr'><strong>vulgaris</strong></span> <span class='ocrx_word' id='word_1_51' title='bbox 674 1197 861 1261; x_wconf 90' lang='lat' dir='ltr'><strong>consuetudo</strong></span> <span class='ocrx_word' id='word_1_52' title='bbox 884 1196 1053 1261; x_wconf 89' lang='lat' dir='ltr'><strong>introducta</strong></span> <span class='ocrx_word' id='word_1_53' title='bbox 1075 1205 1123 1261; x_wconf 92' lang='lat' dir='ltr'><strong>est</strong></span> <span class='ocrx_word' id='word_1_54' title='bbox 1146 1206 1179 1260; x_wconf 94' lang='lat' dir='ltr'><strong>ut</strong></span> <span class='ocrx_word' id='word_1_55' title='bbox 1199 1200 1278 1261; x_wconf 90' lang='lat' dir='ltr'><strong>inter</strong></span> <span class='ocrx_word' id='word_1_56' title='bbox 1301 1196 1451 1280; x_wconf 89' lang='lat' dir='ltr'><strong>Captitas,</strong></span> <span class='ocrx_word' id='word_1_57' title='bbox 1477 1198 1536 1261; x_wconf 94' lang='lat' dir='ltr'><strong>hac</strong></span> <span class='ocrx_word' id='word_1_58' title='bbox 1558 1206 1605 1261; x_wconf 91' lang='lat' dir='ltr'><strong>est</strong></span> 
     </span>
     <span class='ocr_line' id='line_1_7' title="bbox 228 1296 1603 1380; baseline 0 -20"><span class='ocrx_word' id='word_1_59' title='bbox 228 1299 352 1360; x_wconf 91' lang='lat' dir='ltr'><strong>nativas</strong></span> <span class='ocrx_word' id='word_1_60' title='bbox 374 1299 561 1380; x_wconf 78' lang='lat' dir='ltr'><strong>Aegyptias,</strong></span> <span class='ocrx_word' id='word_1_61' title='bbox 583 1298 634 1379; x_wconf 91' lang='lat' dir='ltr'><strong>qui</strong></span> <span class='ocrx_word' id='word_1_62' title='bbox 656 1297 795 1380; x_wconf 85' lang='lat' dir='ltr'><strong>plerique</strong></span> <span class='ocrx_word' id='word_1_63' title='bbox 817 1296 973 1361; x_wconf 89' lang='lat' dir='ltr'><strong>Jacabitae</strong></span> <span class='ocrx_word' id='word_1_64' title='bbox 995 1306 1100 1375; x_wconf 89' lang='lat' dir='ltr'><strong>erant,</strong></span> <span class='ocrx_word' id='word_1_65' title='bbox 1127 1317 1227 1380; x_wconf 92' lang='lat' dir='ltr'><strong>neque</strong></span> <span class='ocrx_word' id='word_1_66' title='bbox 1257 1299 1344 1362; x_wconf 90' lang='lat' dir='ltr'><strong>aliam</strong></span> <span class='ocrx_word' id='word_1_67' title='bbox 1374 1306 1497 1380; x_wconf 90' lang='lat' dir='ltr'><strong>praeter</strong></span> <span class='ocrx_word' id='word_1_68' title='bbox 1519 1317 1603 1362; x_wconf 90' lang='lat' dir='ltr'><strong>suam</strong></span> 
     </span>
     <span class='ocr_line' id='line_1_8' title="bbox 226 1396 1604 1482; baseline 0 -22"><span class='ocrx_word' id='word_1_69' title='bbox 226 1398 365 1482; x_wconf 82' lang='lat' dir='ltr'><strong>linguam</strong></span> <span class='ocrx_word' id='word_1_70' title='bbox 386 1405 549 1477; x_wconf 88' lang='lat' dir='ltr'><strong>noverant,</strong></span> <span class='ocrx_word' id='word_1_71' title='bbox 573 1415 660 1460; x_wconf 93' lang='lat' dir='ltr'><strong>sacra</strong></span> <span class='ocrx_word' id='word_1_72' title='bbox 683 1396 789 1460; x_wconf 83' lang='lat' dir='ltr'><strong>Officia</strong></span> <span class='ocrx_word' id='word_1_73' title='bbox 811 1398 841 1459; x_wconf 93' lang='lat' dir='ltr'><strong>in</strong></span> <span class='ocrx_word' id='word_1_74' title='bbox 863 1396 968 1459; x_wconf 89' lang='lat' dir='ltr'><strong>eadem</strong></span> <span class='ocrx_word' id='word_1_75' title='bbox 991 1397 1056 1479; x_wconf 90' lang='lat' dir='ltr'><strong>ipsa</strong></span> <span class='ocrx_word' id='word_1_76' title='bbox 1078 1396 1182 1479; x_wconf 77' lang='lat' dir='ltr'><strong>lingua</strong></span> <span class='ocrx_word' id='word_1_77' title='bbox 1209 1397 1446 1463; x_wconf 74' lang='lat' dir='ltr'><strong>celebrarentur.</strong></span> <span class='ocrx_word' id='word_1_78' title='bbox 1497 1397 1604 1480; x_wconf 81' lang='lat' dir='ltr'><strong>Neque</strong></span> 
     </span>
     <span class='ocr_line' id='line_1_9' title="bbox 228 1496 1604 1580; baseline 0 -20"><span class='ocrx_word' id='word_1_79' title='bbox 228 1498 313 1560; x_wconf 90' lang='lat' dir='ltr'><strong>enim</strong></span> <span class='ocrx_word' id='word_1_80' title='bbox 336 1496 463 1560; x_wconf 88' lang='lat' dir='ltr'><strong>dubitari</strong></span> <span class='ocrx_word' id='word_1_81' title='bbox 487 1505 588 1578; x_wconf 90' lang='lat' dir='ltr'><strong>potest</strong></span> <span class='ocrx_word' id='word_1_82' title='bbox 611 1497 682 1578; x_wconf 93' lang='lat' dir='ltr'><strong>quin</strong></span> <span class='ocrx_word' id='word_1_83' title='bbox 705 1497 866 1578; x_wconf 88' lang='lat' dir='ltr'><strong>antiquitus</strong></span> <span class='ocrx_word' id='word_1_84' title='bbox 888 1496 1010 1580; x_wconf 81' lang='lat' dir='ltr'><strong>linguae</strong></span> <span class='ocrx_word' id='word_1_85' title='bbox 1032 1497 1215 1560; x_wconf 87' lang='lat' dir='ltr'><strong>vernaculae</strong></span> <span class='ocrx_word' id='word_1_86' title='bbox 1239 1517 1310 1561; x_wconf 92' lang='lat' dir='ltr'><strong>usus</strong></span> <span class='ocrx_word' id='word_1_87' title='bbox 1334 1497 1517 1562; x_wconf 87' lang='lat' dir='ltr'><strong>inEcclesiis</strong></span> <span class='ocrx_word' id='word_1_88' title='bbox 1533 1497 1604 1560; x_wconf 85' lang='lat' dir='ltr'><strong>iue-</strong></span> 
     </span>
     <span class='ocr_line' id='line_1_10' title="bbox 227 1593 1604 1679; baseline 0.001 -20"><span class='ocrx_word' id='word_1_89' title='bbox 227 1598 290 1676; x_wconf 87' lang='lat' dir='ltr'><strong>rit,</strong></span> <span class='ocrx_word' id='word_1_90' title='bbox 313 1616 371 1659; x_wconf 90' lang='lat' dir='ltr'><strong>nec</strong></span> <span class='ocrx_word' id='word_1_91' title='bbox 394 1597 431 1660; x_wconf 94' lang='lat' dir='ltr'><strong>de</strong></span> <span class='ocrx_word' id='word_1_92' title='bbox 455 1616 491 1660; x_wconf 91' lang='lat' dir='ltr'><strong>ea</strong></span> <span class='ocrx_word' id='word_1_93' title='bbox 513 1615 548 1660; x_wconf 94' lang='lat' dir='ltr'><strong>re</strong></span> <span class='ocrx_word' id='word_1_94' title='bbox 572 1598 737 1679; x_wconf 88' lang='lat' dir='ltr'><strong>quaeritur.</strong></span> <span class='ocrx_word' id='word_1_95' title='bbox 784 1593 904 1658; x_wconf 84' lang='lat' dir='ltr'><strong>Certum</strong></span> <span class='ocrx_word' id='word_1_96' title='bbox 927 1604 1026 1659; x_wconf 91' lang='lat' dir='ltr'><strong>antem</strong></span> <span class='ocrx_word' id='word_1_97' title='bbox 1048 1605 1080 1660; x_wconf 91' lang='lat' dir='ltr'><strong>et</strong></span> <span class='ocrx_word' id='word_1_98' title='bbox 1106 1606 1193 1660; x_wconf 85' lang='lat' dir='ltr'><strong>extra</strong></span> <span class='ocrx_word' id='word_1_99' title='bbox 1222 1617 1338 1661; x_wconf 89' lang='lat' dir='ltr'><strong>amnem</strong></span> <span class='ocrx_word' id='word_1_100' title='bbox 1367 1601 1604 1661; x_wconf 88' lang='lat' dir='ltr'><strong>controversiam</strong></span> 
     </span>
     <span class='ocr_line' id='line_1_11' title="bbox 228 1694 1604 1780; baseline 0 -22"><span class='ocrx_word' id='word_1_101' title='bbox 228 1715 304 1759; x_wconf 93' lang='lat' dir='ltr'><strong>esse</strong></span> <span class='ocrx_word' id='word_1_102' title='bbox 326 1695 433 1774; x_wconf 91' lang='lat' dir='ltr'><strong>debet,</strong></span> <span class='ocrx_word' id='word_1_103' title='bbox 457 1696 494 1758; x_wconf 92' lang='lat' dir='ltr'><strong>ab</strong></span> <span class='ocrx_word' id='word_1_104' title='bbox 517 1715 554 1759; x_wconf 92' lang='lat' dir='ltr'><strong>ea</strong></span> <span class='ocrx_word' id='word_1_105' title='bbox 576 1714 664 1779; x_wconf 88' lang='lat' dir='ltr'><strong>quam</strong></span> <span class='ocrx_word' id='word_1_106' title='bbox 687 1694 881 1775; x_wconf 82' lang='lat' dir='ltr'><strong>designamus</strong></span> <span class='ocrx_word' id='word_1_107' title='bbox 903 1694 1045 1776; x_wconf 89' lang='lat' dir='ltr'><strong>Epocba,</strong></span> <span class='ocrx_word' id='word_1_108' title='bbox 1070 1715 1125 1759; x_wconf 91' lang='lat' dir='ltr'><strong>seu</strong></span> <span class='ocrx_word' id='word_1_109' title='bbox 1148 1696 1271 1760; x_wconf 91' lang='lat' dir='ltr'><strong>saecula</strong></span> <span class='ocrx_word' id='word_1_110' title='bbox 1294 1698 1432 1778; x_wconf 86' lang='lat' dir='ltr'><strong>proxima</strong></span> <span class='ocrx_word' id='word_1_111' title='bbox 1456 1705 1526 1780; x_wconf 91' lang='lat' dir='ltr'><strong>past</strong></span> <span class='ocrx_word' id='word_1_112' title='bbox 1545 1716 1604 1760; x_wconf 90' lang='lat' dir='ltr'><strong>aa·</strong></span> 
     </span>
     <span class='ocr_line' id='line_1_12' title="bbox 228 1793 1603 1880; baseline 0.001 -23"><span class='ocrx_word' id='word_1_113' title='bbox 228 1804 372 1878; x_wconf 88' lang='lat' dir='ltr'><strong>cupatam</strong></span> <span class='ocrx_word' id='word_1_114' title='bbox 404 1796 580 1880; x_wconf 79' lang='lat' dir='ltr'><strong>Aegyptum</strong></span> <span class='ocrx_word' id='word_1_115' title='bbox 610 1814 628 1858; x_wconf 90' lang='lat' dir='ltr'><strong>a</strong></span> <span class='ocrx_word' id='word_1_116' title='bbox 658 1795 836 1870; x_wconf 87' lang='lat' dir='ltr'><strong>Saracenis,</strong></span> <span class='ocrx_word' id='word_1_117' title='bbox 870 1793 1075 1857; x_wconf 82' lang='lat' dir='ltr'><strong>Alexandriae</strong></span> <span class='ocrx_word' id='word_1_118' title='bbox 1105 1804 1137 1858; x_wconf 91' lang='lat' dir='ltr'><strong>et</strong></span> <span class='ocrx_word' id='word_1_119' title='bbox 1163 1796 1194 1857; x_wconf 92' lang='lat' dir='ltr'><strong>in</strong></span> <span class='ocrx_word' id='word_1_120' title='bbox 1221 1804 1284 1858; x_wconf 89' lang='lat' dir='ltr'><strong>tota</strong></span> <span class='ocrx_word' id='word_1_121' title='bbox 1313 1796 1409 1860; x_wconf 89' lang='lat' dir='ltr'><strong>lerme</strong></span> <span class='ocrx_word' id='word_1_122' title='bbox 1433 1798 1603 1875; x_wconf 87' lang='lat' dir='ltr'><strong>Provincia,</strong></span> 
     </span>
     <span class='ocr_line' id='line_1_13' title="bbox 227 1894 1605 1980; baseline 0.001 -23"><span class='ocrx_word' id='word_1_123' title='bbox 227 1905 466 1978; x_wconf 89' lang='lat' dir='ltr'><strong>praeterquam</strong></span> <span class='ocrx_word' id='word_1_124' title='bbox 488 1898 518 1959; x_wconf 93' lang='lat' dir='ltr'><strong>in</strong></span> <span class='ocrx_word' id='word_1_125' title='bbox 541 1894 710 1972; x_wconf 81' lang='lat' dir='ltr'><strong>Thebaide,</strong></span> <span class='ocrx_word' id='word_1_126' title='bbox 732 1895 773 1956; x_wconf 93' lang='lat' dir='ltr'><strong>ita</strong></span> <span class='ocrx_word' id='word_1_127' title='bbox 795 1894 934 1957; x_wconf 77' lang='lat' dir='ltr'><strong>antissam</strong></span> <span class='ocrx_word' id='word_1_128' title='bbox 957 1913 1027 1957; x_wconf 89' lang='lat' dir='ltr'><strong>esse</strong></span> <span class='ocrx_word' id='word_1_129' title='bbox 1048 1895 1171 1977; x_wconf 81' lang='lat' dir='ltr'><strong>linguae</strong></span> <span class='ocrx_word' id='word_1_130' title='bbox 1186 1894 1396 1980; x_wconf 77' lang='lat' dir='ltr'><strong>Aegyptiacae</strong></span> <span class='ocrx_word' id='word_1_131' title='bbox 1418 1897 1497 1978; x_wconf 93' lang='lat' dir='ltr'><strong>apud</strong></span> <span class='ocrx_word' id='word_1_132' title='bbox 1512 1895 1605 1959; x_wconf 87' lang='lat' dir='ltr'><strong>Chri-</strong></span> 
     </span>
     <span class='ocr_line' id='line_1_14' title="bbox 226 1993 1603 2078; baseline 0.001 -20"><span class='ocrx_word' id='word_1_133' title='bbox 226 1999 363 2075; x_wconf 88' lang='lat' dir='ltr'><strong>stianas,</strong></span> <span class='ocrx_word' id='word_1_134' title='bbox 388 1997 439 2078; x_wconf 92' lang='lat' dir='ltr'><strong>qui</strong></span> <span class='ocrx_word' id='word_1_135' title='bbox 461 1996 518 2058; x_wconf 93' lang='lat' dir='ltr'><strong>soli</strong></span> <span class='ocrx_word' id='word_1_136' title='bbox 541 2014 578 2058; x_wconf 91' lang='lat' dir='ltr'><strong>ea</strong></span> <span class='ocrx_word' id='word_1_137' title='bbox 601 1994 762 2058; x_wconf 89' lang='lat' dir='ltr'><strong>utebantur</strong></span> <span class='ocrx_word' id='word_1_138' title='bbox 784 1993 1000 2076; x_wconf 80' lang='lat' dir='ltr'><strong>cognitionem,</strong></span> <span class='ocrx_word' id='word_1_139' title='bbox 1024 2003 1056 2056; x_wconf 92' lang='lat' dir='ltr'><strong>ut</strong></span> <span class='ocrx_word' id='word_1_140' title='bbox 1083 1995 1225 2057; x_wconf 90' lang='lat' dir='ltr'><strong>nonnisi</strong></span> <span class='ocrx_word' id='word_1_141' title='bbox 1249 1996 1327 2058; x_wconf 89' lang='lat' dir='ltr'><strong>inter</strong></span> <span class='ocrx_word' id='word_1_142' title='bbox 1358 1995 1465 2059; x_wconf 90' lang='lat' dir='ltr'><strong>doctas</strong></span> <span class='ocrx_word' id='word_1_143' title='bbox 1488 2015 1603 2078; x_wconf 89' lang='lat' dir='ltr'><strong>super-</strong></span> 
     </span>
     <span class='ocr_line' id='line_1_15' title="bbox 100 2092 1604 2177; baseline 0.001 -19"><span class='ocrx_word' id='word_1_144' title='bbox 100 2148 105 2166; x_wconf 87' lang='grc'><strong><em>,</em></strong></span> <span class='ocrx_word' id='word_1_145' title='bbox 226 2102 331 2175; x_wconf 90' lang='lat' dir='ltr'><strong>esset,</strong></span> <span class='ocrx_word' id='word_1_146' title='bbox 361 2097 469 2177; x_wconf 92' lang='lat' dir='ltr'><strong>qnibus</strong></span> <span class='ocrx_word' id='word_1_147' title='bbox 500 2095 589 2157; x_wconf 91' lang='lat' dir='ltr'><strong>etiam</strong></span> <span class='ocrx_word' id='word_1_148' title='bbox 618 2092 655 2156; x_wconf 89' lang='lat' dir='ltr'><strong>ad</strong></span> <span class='ocrx_word' id='word_1_149' title='bbox 678 2113 744 2157; x_wconf 91' lang='lat' dir='ltr'><strong>eam</strong></span> <span class='ocrx_word' id='word_1_150' title='bbox 766 2093 998 2174; x_wconf 88' lang='lat' dir='ltr'><strong>comparandam</strong></span> <span class='ocrx_word' id='word_1_151' title='bbox 1020 2093 1068 2155; x_wconf 93' lang='lat' dir='ltr'><strong>via</strong></span> <span class='ocrx_word' id='word_1_152' title='bbox 1091 2112 1151 2156; x_wconf 91' lang='lat' dir='ltr'><strong>nan</strong></span> <span class='ocrx_word' id='word_1_153' title='bbox 1176 2094 1262 2157; x_wconf 91' lang='lat' dir='ltr'><strong>aliter</strong></span> <span class='ocrx_word' id='word_1_154' title='bbox 1285 2094 1424 2175; x_wconf 89' lang='lat' dir='ltr'><strong>patebat,</strong></span> <span class='ocrx_word' id='word_1_155' title='bbox 1455 2115 1543 2177; x_wconf 87' lang='lat' dir='ltr'><strong>qnam</strong></span> <span class='ocrx_word' id='word_1_156' title='bbox 1570 2106 1604 2160; x_wconf 90' lang='lat' dir='ltr'><strong>ut</strong></span> 
     </span>
     <span class='ocr_line' id='line_1_16' title="bbox 227 2191 1604 2277; baseline 0.001 -19"><span class='ocrx_word' id='word_1_157' title='bbox 227 2214 299 2258; x_wconf 88' lang='lat' dir='ltr'><strong>eam</strong></span> <span class='ocrx_word' id='word_1_158' title='bbox 321 2195 421 2258; x_wconf 90' lang='lat' dir='ltr'><strong>studio</strong></span> <span class='ocrx_word' id='word_1_159' title='bbox 445 2193 646 2258; x_wconf 89' lang='lat' dir='ltr'><strong>addiscerent.</strong></span> <span class='ocrx_word' id='word_1_160' title='bbox 670 2194 781 2256; x_wconf 86' lang='lat' dir='ltr'><strong>Verum</strong></span> <span class='ocrx_word' id='word_1_161' title='bbox 804 2192 882 2274; x_wconf 88' lang='lat' dir='ltr'><strong>apud</strong></span> <span class='ocrx_word' id='word_1_162' title='bbox 905 2191 1024 2274; x_wconf 91' lang='lat' dir='ltr'><strong>plebem</strong></span> <span class='ocrx_word' id='word_1_163' title='bbox 1048 2194 1201 2277; x_wconf 80' lang='lat' dir='ltr'><strong>incognita</strong></span> <span class='ocrx_word' id='word_1_164' title='bbox 1223 2211 1350 2276; x_wconf 88' lang='lat' dir='ltr'><strong>prorsus</strong></span> <span class='ocrx_word' id='word_1_165' title='bbox 1367 2198 1520 2276; x_wconf 89' lang='lat' dir='ltr'><strong>remansit,</strong></span> <span class='ocrx_word' id='word_1_166' title='bbox 1543 2215 1604 2261; x_wconf 89' lang='lat' dir='ltr'><strong>nan</strong></span> 
     </span>
     <span class='ocr_line' id='line_1_17' title="bbox 227 2292 1605 2376; baseline 0.001 -19"><span class='ocrx_word' id='word_1_167' title='bbox 227 2297 329 2358; x_wconf 89' lang='lat' dir='ltr'><strong>minus</strong></span> <span class='ocrx_word' id='word_1_168' title='bbox 353 2314 441 2376; x_wconf 92' lang='lat' dir='ltr'><strong>quam</strong></span> <span class='ocrx_word' id='word_1_169' title='bbox 465 2296 599 2371; x_wconf 87' lang='lat' dir='ltr'><strong>Graeca,</strong></span> <span class='ocrx_word' id='word_1_170' title='bbox 624 2301 654 2356; x_wconf 93' lang='lat' dir='ltr'><strong>et</strong></span> <span class='ocrx_word' id='word_1_171' title='bbox 676 2301 775 2356; x_wconf 89' lang='lat' dir='ltr'><strong>tamen</strong></span> <span class='ocrx_word' id='word_1_172' title='bbox 797 2292 849 2354; x_wconf 91' lang='lat' dir='ltr'><strong>ubi</strong></span> <span class='ocrx_word' id='word_1_173' title='bbox 870 2300 941 2375; x_wconf 91' lang='lat' dir='ltr'><strong>past</strong></span> <span class='ocrx_word' id='word_1_174' title='bbox 963 2299 1082 2354; x_wconf 91' lang='lat' dir='ltr'><strong>centum</strong></span> <span class='ocrx_word' id='word_1_175' title='bbox 1110 2311 1206 2356; x_wconf 91' lang='lat' dir='ltr'><strong>annos</strong></span> <span class='ocrx_word' id='word_1_176' title='bbox 1234 2302 1286 2356; x_wconf 90' lang='lat' dir='ltr'><strong>aut</strong></span> <span class='ocrx_word' id='word_1_177' title='bbox 1313 2296 1435 2357; x_wconf 90' lang='lat' dir='ltr'><strong>circiter</strong></span> <span class='ocrx_word' id='word_1_178' title='bbox 1457 2295 1605 2358; x_wconf 88' lang='lat' dir='ltr'><strong>Melcbitis</strong></span> 
     </span>
    </p>
   </div>
   <div class='ocr_carea' id='block_1_3' title="bbox 226 2391 1606 2978">
    <p class='ocr_par' dir='ltr' id='par_1_3' title="bbox 226 2391 1606 2978">
     <span class='ocr_line' id='line_1_18' title="bbox 228 2391 1605 2478; baseline 0.001 -21"><span class='ocrx_word' id='word_1_179' title='bbox 228 2413 288 2457; x_wconf 93' lang='lat' dir='ltr'><strong>seu</strong></span> <span class='ocrx_word' id='word_1_180' title='bbox 312 2394 497 2458; x_wconf 83' lang='lat' dir='ltr'><strong>Orthadaxis</strong></span> <span class='ocrx_word' id='word_1_181' title='bbox 520 2392 666 2474; x_wconf 89' lang='lat' dir='ltr'><strong>quaedam</strong></span> <span class='ocrx_word' id='word_1_182' title='bbox 689 2391 845 2455; x_wconf 87' lang='lat' dir='ltr'><strong>Ecclesiae</strong></span> <span class='ocrx_word' id='word_1_183' title='bbox 867 2391 1003 2454; x_wconf 89' lang='lat' dir='ltr'><strong>redditae</strong></span> <span class='ocrx_word' id='word_1_184' title='bbox 1024 2399 1115 2469; x_wconf 92' lang='lat' dir='ltr'><strong>sunt,</strong></span> <span class='ocrx_word' id='word_1_185' title='bbox 1139 2411 1286 2475; x_wconf 89' lang='lat' dir='ltr'><strong>suumque</strong></span> <span class='ocrx_word' id='word_1_186' title='bbox 1308 2393 1509 2458; x_wconf 89' lang='lat' dir='ltr'><strong>Patriarcbam</strong></span> <span class='ocrx_word' id='word_1_187' title='bbox 1531 2395 1605 2478; x_wconf 90' lang='lat' dir='ltr'><strong>ipsis</strong></span> 
     </span>
     <span class='ocr_line' id='line_1_19' title="bbox 227 2492 1605 2576; baseline 0 -19"><span class='ocrx_word' id='word_1_188' title='bbox 227 2494 347 2557; x_wconf 86' lang='lat' dir='ltr'><strong>habere</strong></span> <span class='ocrx_word' id='word_1_189' title='bbox 370 2513 550 2557; x_wconf 89' lang='lat' dir='ltr'><strong>concessum</strong></span> <span class='ocrx_word' id='word_1_190' title='bbox 573 2502 636 2573; x_wconf 89' lang='lat' dir='ltr'><strong>cst,</strong></span> <span class='ocrx_word' id='word_1_191' title='bbox 659 2492 864 2575; x_wconf 84' lang='lat' dir='ltr'><strong>redintegrata</strong></span> <span class='ocrx_word' id='word_1_192' title='bbox 886 2500 956 2553; x_wconf 90' lang='lat' dir='ltr'><strong>sunt</strong></span> <span class='ocrx_word' id='word_1_193' title='bbox 980 2492 1059 2553; x_wconf 87' lang='lat' dir='ltr'><strong>inter</strong></span> <span class='ocrx_word' id='word_1_194' title='bbox 1081 2511 1137 2554; x_wconf 91' lang='lat' dir='ltr'><strong>eas</strong></span> <span class='ocrx_word' id='word_1_195' title='bbox 1161 2492 1266 2556; x_wconf 87' lang='lat' dir='ltr'><strong>Ollicia</strong></span> <span class='ocrx_word' id='word_1_196' title='bbox 1288 2512 1393 2572; x_wconf 91' lang='lat' dir='ltr'><strong>sacra,</strong></span> <span class='ocrx_word' id='word_1_197' title='bbox 1423 2502 1514 2576; x_wconf 93' lang='lat' dir='ltr'><strong>prout</strong></span> <span class='ocrx_word' id='word_1_198' title='bbox 1535 2503 1605 2557; x_wconf 90' lang='lat' dir='ltr'><strong>ante</strong></span> 
     </span>
     <span class='ocr_line' id='line_1_20' title="bbox 227 2590 1606 2677; baseline 0.001 -21"><span class='ocrx_word' id='word_1_199' title='bbox 227 2593 367 2657; x_wconf 89' lang='lat' dir='ltr'><strong>Arabum</strong></span> <span class='ocrx_word' id='word_1_200' title='bbox 391 2594 576 2656; x_wconf 88' lang='lat' dir='ltr'><strong>invasionem</strong></span> <span class='ocrx_word' id='word_1_201' title='bbox 598 2592 845 2670; x_wconf 88' lang='lat' dir='ltr'><strong>celebrabantur,</strong></span> <span class='ocrx_word' id='word_1_202' title='bbox 868 2590 927 2653; x_wconf 93' lang='lat' dir='ltr'><strong>hac</strong></span> <span class='ocrx_word' id='word_1_203' title='bbox 950 2598 997 2654; x_wconf 90' lang='lat' dir='ltr'><strong>est</strong></span> <span class='ocrx_word' id='word_1_204' title='bbox 1020 2590 1136 2655; x_wconf 87' lang='lat' dir='ltr'><strong>Graeca</strong></span> <span class='ocrx_word' id='word_1_205' title='bbox 1158 2591 1277 2677; x_wconf 81' lang='lat' dir='ltr'><strong>lingua,</strong></span> <span class='ocrx_word' id='word_1_206' title='bbox 1302 2611 1390 2673; x_wconf 92' lang='lat' dir='ltr'><strong>quam</strong></span> <span class='ocrx_word' id='word_1_207' title='bbox 1412 2594 1509 2658; x_wconf 91' lang='lat' dir='ltr'><strong>adhuc</strong></span> <span class='ocrx_word' id='word_1_208' title='bbox 1528 2596 1606 2659; x_wconf 91' lang='lat' dir='ltr'><strong>reti-</strong></span> 
     </span>
     <span class='ocr_line' id='line_1_21' title="bbox 227 2690 1605 2778; baseline 0.002 -23"><span class='ocrx_word' id='word_1_209' title='bbox 227 2704 321 2774; x_wconf 92' lang='lat' dir='ltr'><strong>nent,</strong></span> <span class='ocrx_word' id='word_1_210' title='bbox 346 2696 482 2776; x_wconf 87' lang='lat' dir='ltr'><strong>quamvis</strong></span> <span class='ocrx_word' id='word_1_211' title='bbox 505 2692 598 2774; x_wconf 82' lang='lat' dir='ltr'><strong>vulgo</strong></span> <span class='ocrx_word' id='word_1_212' title='bbox 621 2693 726 2775; x_wconf 81' lang='lat' dir='ltr'><strong>ignata</strong></span> <span class='ocrx_word' id='word_1_213' title='bbox 749 2691 840 2755; x_wconf 87' lang='lat' dir='ltr'><strong>iaret:</strong></span> <span class='ocrx_word' id='word_1_214' title='bbox 868 2690 1016 2772; x_wconf 90' lang='lat' dir='ltr'><strong>simulque</strong></span> <span class='ocrx_word' id='word_1_215' title='bbox 1044 2690 1184 2772; x_wconf 90' lang='lat' dir='ltr'><strong>Coptitae</strong></span> <span class='ocrx_word' id='word_1_216' title='bbox 1208 2691 1364 2759; x_wconf 88' lang='lat' dir='ltr'><strong>Jacobitae</strong></span> <span class='ocrx_word' id='word_1_217' title='bbox 1385 2693 1605 2778; x_wconf 81' lang='lat' dir='ltr'><strong>Aegyptiacam</strong></span> 
     </span>
     <span class='ocr_line' id='line_1_22' title="bbox 226 2788 1604 2873; baseline -0.001 -16"><span class='ocrx_word' id='word_1_218' title='bbox 226 2797 440 2872; x_wconf 90' lang='lat' dir='ltr'><strong>retinuerunt,</strong></span> <span class='ocrx_word' id='word_1_219' title='bbox 463 2795 522 2856; x_wconf 88' lang='lat' dir='ltr'><strong>etsi</strong></span> <span class='ocrx_word' id='word_1_220' title='bbox 544 2791 649 2855; x_wconf 92' lang='lat' dir='ltr'><strong>eadem</strong></span> <span class='ocrx_word' id='word_1_221' title='bbox 672 2791 751 2873; x_wconf 92' lang='lat' dir='ltr'><strong>apud</strong></span> <span class='ocrx_word' id='word_1_222' title='bbox 773 2791 918 2873; x_wconf 90' lang='lat' dir='ltr'><strong>populum</strong></span> <span class='ocrx_word' id='word_1_223' title='bbox 940 2788 1111 2852; x_wconf 88' lang='lat' dir='ltr'><strong>illiteratum</strong></span> <span class='ocrx_word' id='word_1_224' title='bbox 1134 2792 1317 2855; x_wconf 91' lang='lat' dir='ltr'><strong>obscuritate</strong></span> <span class='ocrx_word' id='word_1_225' title='bbox 1340 2792 1501 2858; x_wconf 89' lang='lat' dir='ltr'><strong>laboraret.</strong></span> <span class='ocrx_word' id='word_1_226' title='bbox 1525 2794 1604 2869; x_wconf 83' lang='lat' dir='ltr'><strong>Quin</strong></span> 
     </span>
     <span class='ocr_line' id='line_1_23' title="bbox 229 2889 1605 2978; baseline -0.001 -21"><span class='ocrx_word' id='word_1_227' title='bbox 229 2897 273 2957; x_wconf 89' lang='lat' dir='ltr'><strong>ita</strong></span> <span class='ocrx_word' id='word_1_228' title='bbox 298 2895 348 2956; x_wconf 89' lang='lat' dir='ltr'><strong>liat</strong></span> <span class='ocrx_word' id='word_1_229' title='bbox 370 2893 476 2956; x_wconf 92' lang='lat' dir='ltr'><strong>saltem</strong></span> <span class='ocrx_word' id='word_1_230' title='bbox 498 2912 515 2956; x_wconf 90' lang='lat' dir='ltr'><strong>a</strong></span> <span class='ocrx_word' id='word_1_231' title='bbox 537 2893 700 2975; x_wconf 81' lang='lat' dir='ltr'><strong>nongentis</strong></span> <span class='ocrx_word' id='word_1_232' title='bbox 724 2892 808 2954; x_wconf 91' lang='lat' dir='ltr'><strong>annis</strong></span> <span class='ocrx_word' id='word_1_233' title='bbox 832 2889 961 2952; x_wconf 90' lang='lat' dir='ltr'><strong>dubitari</strong></span> <span class='ocrx_word' id='word_1_234' title='bbox 984 2907 1045 2953; x_wconf 88' lang='lat' dir='ltr'><strong>non</strong></span> <span class='ocrx_word' id='word_1_235' title='bbox 1067 2897 1186 2971; x_wconf 82' lang='lat' dir='ltr'><strong>patest3</strong></span> <span class='ocrx_word' id='word_1_236' title='bbox 1209 2910 1309 2973; x_wconf 92' lang='lat' dir='ltr'><strong>neque</strong></span> <span class='ocrx_word' id='word_1_237' title='bbox 1330 2894 1469 2961; x_wconf 91' lang='lat' dir='ltr'><strong>interitus</strong></span> <span class='ocrx_word' id='word_1_238' title='bbox 1482 2894 1605 2978; x_wconf 83' lang='lat' dir='ltr'><strong>linguae</strong></span> 
     </span>
    </p>
   </div>
   <div class='ocr_carea' id='block_1_4' title="bbox 195 2991 1931 5166">
    <p class='ocr_par' dir='ltr' id='par_1_4' title="bbox 228 2991 1930 3485">
     <span class='ocr_line' id='line_1_24' title="bbox 229 2991 1606 3076; baseline -0.001 -19"><span class='ocrx_word' id='word_1_239' title='bbox 229 2993 345 3057; x_wconf 90' lang='lat' dir='ltr'><strong>dudum</strong></span> <span class='ocrx_word' id='word_1_240' title='bbox 367 3008 495 3074; x_wconf 89' lang='lat' dir='ltr'><strong>prorsus</strong></span> <span class='ocrx_word' id='word_1_241' title='bbox 518 2994 641 3076; x_wconf 83' lang='lat' dir='ltr'><strong>ignotae</strong></span> <span class='ocrx_word' id='word_1_242' title='bbox 664 3008 718 3054; x_wconf 88' lang='lat' dir='ltr'><strong>eas</strong></span> <span class='ocrx_word' id='word_1_243' title='bbox 739 2992 777 3053; x_wconf 91' lang='lat' dir='ltr'><strong>ab</strong></span> <span class='ocrx_word' id='word_1_244' title='bbox 799 2991 921 3071; x_wconf 90' lang='lat' dir='ltr'><strong>antiqua</strong></span> <span class='ocrx_word' id='word_1_245' title='bbox 944 3007 1001 3052; x_wconf 91' lang='lat' dir='ltr'><strong>sua</strong></span> <span class='ocrx_word' id='word_1_246' title='bbox 1023 2991 1159 3054; x_wconf 91' lang='lat' dir='ltr'><strong>instituta</strong></span> <span class='ocrx_word' id='word_1_247' title='bbox 1185 2994 1349 3055; x_wconf 90' lang='lat' dir='ltr'><strong>revocavit.</strong></span> <span class='ocrx_word' id='word_1_248' title='bbox 1393 2994 1606 3057; x_wconf 89' lang='lat' dir='ltr'><strong>Verumtamen</strong></span> 
     </span>
     <span class='ocr_line' id='line_1_25' title="bbox 229 3089 1605 3176; baseline -0.001 -20"><span class='ocrx_word' id='word_1_249' title='bbox 229 3103 264 3156; x_wconf 90' lang='lat' dir='ltr'><strong>nt</strong></span> <span class='ocrx_word' id='word_1_250' title='bbox 289 3092 386 3174; x_wconf 89' lang='lat' dir='ltr'><strong>plebis</strong></span> <span class='ocrx_word' id='word_1_251' title='bbox 416 3091 573 3156; x_wconf 92' lang='lat' dir='ltr'><strong>cammada</strong></span> <span class='ocrx_word' id='word_1_252' title='bbox 603 3090 833 3168; x_wconf 89' lang='lat' dir='ltr'><strong>consuleretur,</strong></span> <span class='ocrx_word' id='word_1_253' title='bbox 862 3090 1028 3151; x_wconf 90' lang='lat' dir='ltr'><strong>institutum</strong></span> <span class='ocrx_word' id='word_1_254' title='bbox 1057 3089 1112 3151; x_wconf 89' lang='lat' dir='ltr'><strong>luit</strong></span> <span class='ocrx_word' id='word_1_255' title='bbox 1140 3098 1172 3153; x_wconf 93' lang='lat' dir='ltr'><strong>nt</strong></span> <span class='ocrx_word' id='word_1_256' title='bbox 1201 3100 1360 3174; x_wconf 88' lang='lat' dir='ltr'><strong>postquam</strong></span> <span class='ocrx_word' id='word_1_257' title='bbox 1388 3097 1605 3176; x_wconf 90' lang='lat' dir='ltr'><strong>scripturarum</strong></span> 
     </span>
     <span class='ocr_line' id='line_1_26' title="bbox 228 3189 1604 3276; baseline 0 -21"><span class='ocrx_word' id='word_1_258' title='bbox 228 3193 325 3256; x_wconf 90' lang='lat' dir='ltr'><strong>lectio</strong></span> <span class='ocrx_word' id='word_1_259' title='bbox 349 3194 470 3273; x_wconf 91' lang='lat' dir='ltr'><strong>antiqno</strong></span> <span class='ocrx_word' id='word_1_260' title='bbox 493 3191 631 3254; x_wconf 89' lang='lat' dir='ltr'><strong>idiomate</strong></span> <span class='ocrx_word' id='word_1_261' title='bbox 656 3190 782 3271; x_wconf 87' lang='lat' dir='ltr'><strong>Coptica</strong></span> <span class='ocrx_word' id='word_1_262' title='bbox 804 3189 883 3252; x_wconf 89' lang='lat' dir='ltr'><strong>lacta</strong></span> <span class='ocrx_word' id='word_1_263' title='bbox 906 3195 1005 3266; x_wconf 92' lang='lat' dir='ltr'><strong>esset,</strong></span> <span class='ocrx_word' id='word_1_264' title='bbox 1036 3189 1135 3251; x_wconf 89' lang='lat' dir='ltr'><strong>statim</strong></span> <span class='ocrx_word' id='word_1_265' title='bbox 1164 3190 1389 3273; x_wconf 87' lang='lat' dir='ltr'><strong>explicarentur</strong></span> <span class='ocrx_word' id='word_1_266' title='bbox 1418 3213 1495 3276; x_wconf 91' lang='lat' dir='ltr'><strong>quae</strong></span> <span class='ocrx_word' id='word_1_267' title='bbox 1525 3194 1604 3256; x_wconf 91' lang='lat' dir='ltr'><strong>lecta</strong></span> 
     </span>
     <span class='ocr_line' id='line_1_27' title="bbox 229 3287 1603 3373; baseline 0 -18"><span class='ocrx_word' id='word_1_268' title='bbox 229 3302 322 3356; x_wconf 91' lang='lat' dir='ltr'><strong>erant</strong></span> <span class='ocrx_word' id='word_1_269' title='bbox 344 3310 400 3373; x_wconf 86' lang='lat' dir='ltr'><strong>per</strong></span> <span class='ocrx_word' id='word_1_270' title='bbox 423 3294 642 3373; x_wconf 89' lang='lat' dir='ltr'><strong>interpretem,</strong></span> <span class='ocrx_word' id='word_1_271' title='bbox 665 3291 769 3373; x_wconf 76' lang='lat' dir='ltr'><strong>lingua</strong></span> <span class='ocrx_word' id='word_1_272' title='bbox 790 3288 909 3372; x_wconf 84' lang='lat' dir='ltr'><strong>vulgari</strong></span> <span class='ocrx_word' id='word_1_273' title='bbox 931 3287 1080 3367; x_wconf 88' lang='lat' dir='ltr'><strong>Arabica,</strong></span> <span class='ocrx_word' id='word_1_274' title='bbox 1108 3290 1190 3370; x_wconf 93' lang='lat' dir='ltr'><strong>quad</strong></span> <span class='ocrx_word' id='word_1_275' title='bbox 1213 3291 1271 3355; x_wconf 92' lang='lat' dir='ltr'><strong>huc</strong></span> <span class='ocrx_word' id='word_1_276' title='bbox 1293 3311 1389 3373; x_wconf 89' lang='lat' dir='ltr'><strong>usque</strong></span> <span class='ocrx_word' id='word_1_277' title='bbox 1412 3294 1603 3356; x_wconf 84' lang='lat' dir='ltr'><strong>observatur.</strong></span> 
     </span>
     <span class='ocr_line' id='line_1_28' title="bbox 322 3388 1930 3485; baseline 0.002 -32"><span class='ocrx_word' id='word_1_278' title='bbox 322 3390 399 3453; x_wconf 91' lang='lat' dir='ltr'><strong>Olim</strong></span> <span class='ocrx_word' id='word_1_279' title='bbox 422 3398 564 3472; x_wconf 91' lang='lat' dir='ltr'><strong>quantum</strong></span> <span class='ocrx_word' id='word_1_280' title='bbox 586 3410 626 3453; x_wconf 86' lang='lat' dir='ltr'><strong>ex</strong></span> <span class='ocrx_word' id='word_1_281' title='bbox 648 3391 740 3453; x_wconf 88' lang='lat' dir='ltr'><strong>variis</strong></span> <span class='ocrx_word' id='word_1_282' title='bbox 763 3389 906 3451; x_wconf 90' lang='lat' dir='ltr'><strong>historiae</strong></span> <span class='ocrx_word' id='word_1_283' title='bbox 928 3388 1137 3452; x_wconf 84' lang='lat' dir='ltr'><strong>Patriarcltalis</strong></span> <span class='ocrx_word' id='word_1_284' title='bbox 1160 3390 1235 3454; x_wconf 89' lang='lat' dir='ltr'><strong>locis</strong></span> <span class='ocrx_word' id='word_1_285' title='bbox 1257 3394 1409 3475; x_wconf 91' lang='lat' dir='ltr'><strong>conjicere</strong></span> <span class='ocrx_word' id='word_1_286' title='bbox 1430 3411 1604 3475; x_wconf 88' lang='lat' dir='ltr'><strong>possumus,</strong></span> <span class='ocrx_word' id='word_1_287' title='bbox 1644 3411 1823 3480; x_wconf 78' lang='lat' dir='ltr'><strong>interpretatio</strong></span> <span class='ocrx_word' id='word_1_288' title='bbox 1833 3414 1930 3485; x_wconf 72' lang='lat' dir='ltr'><strong>vulga-</strong></span> 
     </span>
    </p>

    <p class='ocr_par' dir='ltr' id='par_1_5' title="bbox 226 3487 1931 4266">
     <span class='ocr_line' id='line_1_29' title="bbox 227 3487 1931 3573; baseline 0.003 -20"><span class='ocrx_word' id='word_1_289' title='bbox 227 3491 309 3553; x_wconf 89' lang='lat' dir='ltr'><strong>haec</strong></span> <span class='ocrx_word' id='word_1_290' title='bbox 331 3492 538 3573; x_wconf 78' lang='lat' dir='ltr'><strong>interpretatio</strong></span> <span class='ocrx_word' id='word_1_291' title='bbox 560 3490 598 3553; x_wconf 88' lang='lat' dir='ltr'><strong>ad</strong></span> <span class='ocrx_word' id='word_1_292' title='bbox 621 3490 765 3572; x_wconf 90' lang='lat' dir='ltr'><strong>populum</strong></span> <span class='ocrx_word' id='word_1_293' title='bbox 786 3507 847 3551; x_wconf 92' lang='lat' dir='ltr'><strong>nnn</strong></span> <span class='ocrx_word' id='word_1_294' title='bbox 870 3508 910 3550; x_wconf 87' lang='lat' dir='ltr'><strong>ex</strong></span> <span class='ocrx_word' id='word_1_295' title='bbox 932 3487 1009 3550; x_wconf 88' lang='lat' dir='ltr'><strong>libro</strong></span> <span class='ocrx_word' id='word_1_296' title='bbox 1033 3488 1138 3565; x_wconf 84' lang='lat' dir='ltr'><strong>habat,</strong></span> <span class='ocrx_word' id='word_1_297' title='bbox 1160 3490 1216 3553; x_wconf 93' lang='lat' dir='ltr'><strong>sed</strong></span> <span class='ocrx_word' id='word_1_298' title='bbox 1238 3493 1307 3554; x_wconf 89' lang='lat' dir='ltr'><strong>viva</strong></span> <span class='ocrx_word' id='word_1_299' title='bbox 1328 3509 1422 3556; x_wconf 91' lang='lat' dir='ltr'><strong>vace:</strong></span> <span class='ocrx_word' id='word_1_300' title='bbox 1445 3492 1552 3557; x_wconf 90' lang='lat' dir='ltr'><strong>suadet</strong></span> <span class='ocrx_word' id='word_1_301' title='bbox 1573 3493 1605 3555; x_wconf 93' lang='lat' dir='ltr'><strong>id</strong></span> <span class='ocrx_word' id='word_1_302' title='bbox 1618 3498 1873 3568; x_wconf 79' lang='lat' dir='ltr'><strong>rirquomnctaiacta</strong></span> <span class='ocrx_word' id='word_1_303' title='bbox 1888 3503 1931 3558; x_wconf 76' lang='lat' dir='ltr'><strong>eit.</strong></span> 
     </span>
     <span class='ocr_line' id='line_1_30' title="bbox 228 3587 1604 3673; baseline 0.001 -21"><span class='ocrx_word' id='word_1_304' title='bbox 228 3589 320 3652; x_wconf 91' lang='lat' dir='ltr'><strong>locus</strong></span> <span class='ocrx_word' id='word_1_305' title='bbox 352 3610 391 3653; x_wconf 87' lang='lat' dir='ltr'><strong>ex</strong></span> <span class='ocrx_word' id='word_1_306' title='bbox 420 3589 689 3653; x_wconf 78' lang='lat' dir='ltr'><strong>constitutionibus</strong></span> <span class='ocrx_word' id='word_1_307' title='bbox 721 3587 827 3670; x_wconf 73' lang='lat' dir='ltr'><strong>Cyrilli</strong></span> <span class='ocrx_word' id='word_1_308' title='bbox 856 3587 1047 3671; x_wconf 87' lang='lat' dir='ltr'><strong>Patriarchae</strong></span> <span class='ocrx_word' id='word_1_309' title='bbox 1074 3608 1168 3670; x_wconf 89' lang='lat' dir='ltr'><strong>supra</strong></span> <span class='ocrx_word' id='word_1_310' title='bbox 1195 3592 1302 3655; x_wconf 83' lang='lat' dir='ltr'><strong>citatis.</strong></span> <span class='ocrx_word' id='word_1_311' title='bbox 1354 3591 1476 3668; x_wconf 81' lang='lat' dir='ltr'><strong>Munus,</strong></span> <span class='ocrx_word' id='word_1_312' title='bbox 1500 3593 1604 3673; x_wconf 87' lang='lat' dir='ltr'><strong>inquit,</strong></span> 
     </span>
     <span class='ocr_line' id='line_1_31' title="bbox 226 3687 1606 3772; baseline -0.001 -20"><span class='ocrx_word' id='word_1_313' title='bbox 226 3691 403 3769; x_wconf 73' lang='lat' dir='ltr'><strong>scripturas</strong></span> <span class='ocrx_word' id='word_1_314' title='bbox 423 3688 556 3751; x_wconf 83' lang='lat' dir='ltr'><strong>Arabiae</strong></span> <span class='ocrx_word' id='word_1_315' title='bbox 578 3690 798 3769; x_wconf 74' lang='lat' dir='ltr'><strong>irueprctundi</strong></span> <span class='ocrx_word' id='word_1_316' title='bbox 817 3688 850 3749; x_wconf 93' lang='lat' dir='ltr'><strong>in</strong></span> <span class='ocrx_word' id='word_1_317' title='bbox 870 3687 1029 3763; x_wconf 80' lang='lat' dir='ltr'><strong>Ecclesia,</strong></span> <span class='ocrx_word' id='word_1_318' title='bbox 1051 3689 1094 3749; x_wconf 84' lang='lat' dir='ltr'><strong>ed</strong></span> <span class='ocrx_word' id='word_1_319' title='bbox 1114 3691 1298 3769; x_wconf 74' lang='lat' dir='ltr'><strong>rinpulurem</strong></span> <span class='ocrx_word' id='word_1_320' title='bbox 1320 3692 1448 3772; x_wconf 73' lang='lat' dir='ltr'><strong>aliquem</strong></span> <span class='ocrx_word' id='word_1_321' title='bbox 1462 3689 1606 3753; x_wconf 80' lang='lat' dir='ltr'><strong>Ordinem</strong></span> 
     </span>
     <span class='ocr_line' id='line_1_32' title="bbox 228 3785 1606 3870; baseline 0.001 -21"><span class='ocrx_word' id='word_1_322' title='bbox 228 3808 293 3849; x_wconf 87' lang='lat' dir='ltr'><strong>non</strong></span> <span class='ocrx_word' id='word_1_323' title='bbox 312 3790 459 3867; x_wconf 85' lang='lat' dir='ltr'><strong>pertinet,</strong></span> <span class='ocrx_word' id='word_1_324' title='bbox 480 3789 536 3850; x_wconf 81' lang='lat' dir='ltr'><strong>aed</strong></span> <span class='ocrx_word' id='word_1_325' title='bbox 557 3790 732 3870; x_wconf 80' lang='lat' dir='ltr'><strong>quicumque</strong></span> <span class='ocrx_word' id='word_1_326' title='bbox 751 3787 926 3865; x_wconf 63' lang='lat' dir='ltr'><strong>summatem</strong></span> <span class='ocrx_word' id='word_1_327' title='bbox 947 3785 1038 3848; x_wconf 80' lang='lat' dir='ltr'><strong>nabet</strong></span> <span class='ocrx_word' id='word_1_328' title='bbox 1059 3788 1196 3864; x_wconf 86' lang='lat' dir='ltr'><strong>dicendi,</strong></span> <span class='ocrx_word' id='word_1_329' title='bbox 1225 3791 1267 3851; x_wconf 87' lang='lat' dir='ltr'><strong>ad</strong></span> <span class='ocrx_word' id='word_1_330' title='bbox 1293 3799 1375 3853; x_wconf 88' lang='lat' dir='ltr'><strong>recte</strong></span> <span class='ocrx_word' id='word_1_331' title='bbox 1398 3792 1606 3869; x_wconf 79' lang='lat' dir='ltr'><strong>mterpretan-</strong></span> 
     </span>
     <span class='ocr_line' id='line_1_33' title="bbox 229 3884 1604 3970; baseline 0.003 -23"><span class='ocrx_word' id='word_1_332' title='bbox 229 3887 320 3961; x_wconf 84' lang='lat' dir='ltr'><strong>dum,</strong></span> <span class='ocrx_word' id='word_1_333' title='bbox 347 3889 413 3948; x_wconf 79' lang='lat' dir='ltr'><strong>siae</strong></span> <span class='ocrx_word' id='word_1_334' title='bbox 438 3886 616 3970; x_wconf 79' lang='lat' dir='ltr'><strong>Presbyter,</strong></span> <span class='ocrx_word' id='word_1_335' title='bbox 646 3886 712 3949; x_wconf 77' lang='lat' dir='ltr'><strong>siaa</strong></span> <span class='ocrx_word' id='word_1_336' title='bbox 740 3886 912 3961; x_wconf 77' lang='lat' dir='ltr'><strong>Diaconos,</strong></span> <span class='ocrx_word' id='word_1_337' title='bbox 942 3908 977 3949; x_wconf 90' lang='lat' dir='ltr'><strong>ee</strong></span> <span class='ocrx_word' id='word_1_338' title='bbox 1010 3884 1112 3966; x_wconf 73' lang='lat' dir='ltr'><strong>officia</strong></span> <span class='ocrx_word' id='word_1_339' title='bbox 1139 3887 1228 3968; x_wconf 68' lang='grc' dir='ltr'><em>[κηρὶ</em></span> <span class='ocrx_word' id='word_1_340' title='bbox 1251 3896 1361 3969; x_wconf 83' lang='lat' dir='ltr'><strong>petest.</strong></span> <span class='ocrx_word' id='word_1_341' title='bbox 1423 3889 1502 3951; x_wconf 89' lang='lat' dir='ltr'><strong>Nihil</strong></span> <span class='ocrx_word' id='word_1_342' title='bbox 1529 3907 1604 3951; x_wconf 92' lang='lat' dir='ltr'><strong>vera</strong></span> 
     </span>
     <span class='ocr_line' id='line_1_34' title="bbox 229 3985 1704 4070; baseline 0 -21"><span class='ocrx_word' id='word_1_343' title='bbox 229 3985 437 4070; x_wconf 79' lang='lat' dir='ltr'><strong>significasset</strong></span> <span class='ocrx_word' id='word_1_344' title='bbox 460 3988 516 4049; x_wconf 90' lang='lat' dir='ltr'><strong>ista</strong></span> <span class='ocrx_word' id='word_1_345' title='bbox 539 3985 736 4064; x_wconf 90' lang='lat' dir='ltr'><strong>Constitutio,</strong></span> <span class='ocrx_word' id='word_1_346' title='bbox 759 3986 785 4048; x_wconf 92' lang='lat' dir='ltr'><strong>si</strong></span> <span class='ocrx_word' id='word_1_347' title='bbox 804 3985 866 4067; x_wconf 92' lang='lat' dir='ltr'><strong>jam</strong></span> <span class='ocrx_word' id='word_1_348' title='bbox 888 4004 955 4048; x_wconf 92' lang='lat' dir='ltr'><strong>cum</strong></span> <span class='ocrx_word' id='word_1_349' title='bbox 977 3985 1169 4068; x_wconf 79' lang='lat' dir='ltr'><strong>promulgata</strong></span> <span class='ocrx_word' id='word_1_350' title='bbox 1191 3995 1259 4066; x_wconf 88' lang='lat' dir='ltr'><strong>est,</strong></span> <span class='ocrx_word' id='word_1_351' title='bbox 1283 3988 1403 4052; x_wconf 88' lang='lat' dir='ltr'><strong>labente</strong></span> <span class='ocrx_word' id='word_1_352' title='bbox 1427 3986 1605 4052; x_wconf 91' lang='lat' dir='ltr'><strong>duodecima</strong></span> <span class='ocrx_word' id='word_1_353' title='bbox 1700 3996 1704 4001; x_wconf 78' lang='grc'><em>“</em></span> 
     </span>
     <span class='ocr_line' id='line_1_35' title="bbox 230 4083 1604 4166; baseline 0.002 -20"><span class='ocrx_word' id='word_1_354' title='bbox 230 4083 373 4161; x_wconf 90' lang='lat' dir='ltr'><strong>saecula,</strong></span> <span class='ocrx_word' id='word_1_355' title='bbox 396 4085 678 4166; x_wconf 91' lang='lat' dir='ltr'><strong>interpretationes,</strong></span> <span class='ocrx_word' id='word_1_356' title='bbox 701 4092 735 4147; x_wconf 91' lang='lat' dir='ltr'><strong>ut</strong></span> <span class='ocrx_word' id='word_1_357' title='bbox 756 4103 835 4147; x_wconf 82' lang='lat' dir='ltr'><strong>iruna</strong></span> <span class='ocrx_word' id='word_1_358' title='bbox 858 4084 923 4147; x_wconf 84' lang='lat' dir='ltr'><strong>steri</strong></span> <span class='ocrx_word' id='word_1_359' title='bbox 945 4084 1039 4165; x_wconf 88' lang='lat' dir='ltr'><strong>solet,</strong></span> <span class='ocrx_word' id='word_1_360' title='bbox 1064 4084 1192 4147; x_wconf 89' lang='lat' dir='ltr'><strong>luissent</strong></span> <span class='ocrx_word' id='word_1_361' title='bbox 1215 4106 1254 4148; x_wconf 81' lang='lat' dir='ltr'><strong>ex</strong></span> <span class='ocrx_word' id='word_1_362' title='bbox 1277 4087 1431 4152; x_wconf 90' lang='lat' dir='ltr'><strong>codicibus</strong></span> <span class='ocrx_word' id='word_1_363' title='bbox 1447 4088 1604 4151; x_wconf 87' lang='lat' dir='ltr'><strong>recitatae:</strong></span> 
     </span>
     <span class='ocr_line' id='line_1_36' title="bbox 230 4182 1605 4266; baseline 0.002 -21"><span class='ocrx_word' id='word_1_364' title='bbox 230 4189 307 4245; x_wconf 90' lang='lat' dir='ltr'><strong>tunc</strong></span> <span class='ocrx_word' id='word_1_365' title='bbox 329 4185 407 4245; x_wconf 86' lang='lat' dir='ltr'><strong>enim</strong></span> <span class='ocrx_word' id='word_1_366' title='bbox 429 4183 535 4266; x_wconf 84' lang='lat' dir='ltr'><strong>legere</strong></span> <span class='ocrx_word' id='word_1_367' title='bbox 557 4191 671 4246; x_wconf 90' lang='lat' dir='ltr'><strong>tantum</strong></span> <span class='ocrx_word' id='word_1_368' title='bbox 698 4192 729 4246; x_wconf 90' lang='lat' dir='ltr'><strong>et</strong></span> <span class='ocrx_word' id='word_1_369' title='bbox 754 4182 904 4246; x_wconf 89' lang='lat' dir='ltr'><strong>elementa</strong></span> <span class='ocrx_word' id='word_1_370' title='bbox 934 4182 1059 4264; x_wconf 84' lang='lat' dir='ltr'><strong>Coptica</strong></span> <span class='ocrx_word' id='word_1_371' title='bbox 1088 4203 1182 4248; x_wconf 92' lang='lat' dir='ltr'><strong>nosse</strong></span> <span class='ocrx_word' id='word_1_372' title='bbox 1210 4187 1283 4249; x_wconf 90' lang='lat' dir='ltr'><strong>satis</strong></span> <span class='ocrx_word' id='word_1_373' title='bbox 1315 4185 1435 4264; x_wconf 87' lang='lat' dir='ltr'><strong>inisset,</strong></span> <span class='ocrx_word' id='word_1_374' title='bbox 1465 4193 1499 4248; x_wconf 93' lang='lat' dir='ltr'><strong>ut</strong></span> <span class='ocrx_word' id='word_1_375' title='bbox 1525 4202 1605 4248; x_wconf 92' lang='lat' dir='ltr'><strong>nunc</strong></span> 
     </span>
    </p>

    <p class='ocr_par' dir='ltr' id='par_1_6' title="bbox 195 4281 1607 5166">
     <span class='ocr_line' id='line_1_37' title="bbox 195 4281 1604 4367; baseline 0 -22"><span class='ocrx_word' id='word_1_376' title='bbox 195 4340 198 4353; x_wconf 87' lang='grc'><em>,</em></span> <span class='ocrx_word' id='word_1_377' title='bbox 231 4281 314 4364; x_wconf 89' lang='lat' dir='ltr'><strong>apud</strong></span> <span class='ocrx_word' id='word_1_378' title='bbox 339 4282 474 4364; x_wconf 90' lang='lat' dir='ltr'><strong>Captitas</strong></span> <span class='ocrx_word' id='word_1_379' title='bbox 497 4284 614 4348; x_wconf 83' lang='lat' dir='ltr'><strong>sufficit.</strong></span> <span class='ocrx_word' id='word_1_380' title='bbox 659 4283 692 4346; x_wconf 96' lang='lat' dir='ltr'><strong>ld</strong></span> <span class='ocrx_word' id='word_1_381' title='bbox 715 4282 907 4346; x_wconf 80' lang='lat' dir='ltr'><strong>consinnatur</strong></span> <span class='ocrx_word' id='word_1_382' title='bbox 928 4303 969 4346; x_wconf 84' lang='lat' dir='ltr'><strong>ex</strong></span> <span class='ocrx_word' id='word_1_383' title='bbox 991 4300 1029 4345; x_wconf 93' lang='lat' dir='ltr'><strong>ea</strong></span> <span class='ocrx_word' id='word_1_384' title='bbox 1052 4283 1134 4364; x_wconf 91' lang='lat' dir='ltr'><strong>quad</strong></span> <span class='ocrx_word' id='word_1_385' title='bbox 1156 4285 1268 4367; x_wconf 81' lang='lat' dir='ltr'><strong>legitur</strong></span> <span class='ocrx_word' id='word_1_386' title='bbox 1297 4287 1327 4347; x_wconf 95' lang='lat' dir='ltr'><strong>in</strong></span> <span class='ocrx_word' id='word_1_387' title='bbox 1356 4287 1417 4348; x_wconf 91' lang='lat' dir='ltr'><strong>vita</strong></span> <span class='ocrx_word' id='word_1_388' title='bbox 1440 4284 1546 4367; x_wconf 79' lang='lat' dir='ltr'><strong>Cyrilli</strong></span> <span class='ocrx_word' id='word_1_389' title='bbox 1569 4283 1604 4346; x_wconf 94' lang='lat' dir='ltr'><strong>ll.</strong></span> 
     </span>
     <span class='ocr_line' id='line_1_38' title="bbox 232 4382 1604 4468; baseline 0.004 -26"><span class='ocrx_word' id='word_1_390' title='bbox 232 4383 286 4463; x_wconf 92' lang='lat' dir='ltr'><strong>qni</strong></span> <span class='ocrx_word' id='word_1_391' title='bbox 308 4400 374 4444; x_wconf 91' lang='lat' dir='ltr'><strong>cum</strong></span> <span class='ocrx_word' id='word_1_392' title='bbox 388 4383 546 4446; x_wconf 90' lang='lat' dir='ltr'><strong>illiteratus</strong></span> <span class='ocrx_word' id='word_1_393' title='bbox 562 4384 682 4447; x_wconf 89' lang='lat' dir='ltr'><strong>omnino</strong></span> <span class='ocrx_word' id='word_1_394' title='bbox 698 4382 793 4462; x_wconf 87' lang='lat' dir='ltr'><strong>leret,</strong></span> <span class='ocrx_word' id='word_1_395' title='bbox 815 4392 973 4465; x_wconf 88' lang='lat' dir='ltr'><strong>postquam</strong></span> <span class='ocrx_word' id='word_1_396' title='bbox 985 4383 1022 4447; x_wconf 90' lang='lat' dir='ltr'><strong>ad</strong></span> <span class='ocrx_word' id='word_1_397' title='bbox 1039 4383 1270 4447; x_wconf 86' lang='lat' dir='ltr'><strong>Patriarahalem</strong></span> <span class='ocrx_word' id='word_1_398' title='bbox 1289 4385 1464 4468; x_wconf 83' lang='lat' dir='ltr'><strong>dignitatem</strong></span> <span class='ocrx_word' id='word_1_399' title='bbox 1480 4391 1604 4447; x_wconf 91' lang='lat' dir='ltr'><strong>evectus</strong></span> 
     </span>
     <span class='ocr_line' id='line_1_39' title="bbox 233 4482 1607 4565; baseline 0.002 -22"><span class='ocrx_word' id='word_1_400' title='bbox 233 4490 297 4558; x_wconf 91' lang='lat' dir='ltr'><strong>est,</strong></span> <span class='ocrx_word' id='word_1_401' title='bbox 319 4502 461 4563; x_wconf 74' lang='lat' dir='ltr'><strong>mapnam</strong></span> <span class='ocrx_word' id='word_1_402' title='bbox 481 4484 513 4544; x_wconf 88' lang='lat' dir='ltr'><strong>in</strong></span> <span class='ocrx_word' id='word_1_403' title='bbox 534 4485 635 4546; x_wconf 81' lang='lat' dir='ltr'><strong>studio</strong></span> <span class='ocrx_word' id='word_1_404' title='bbox 658 4482 850 4564; x_wconf 82' lang='lat' dir='ltr'><strong>Copticarum</strong></span> <span class='ocrx_word' id='word_1_405' title='bbox 871 4485 1017 4546; x_wconf 71' lang='lat' dir='ltr'><strong>libranum</strong></span> <span class='ocrx_word' id='word_1_406' title='bbox 1039 4502 1163 4563; x_wconf 70' lang='lat' dir='ltr'><strong>apuam</strong></span> <span class='ocrx_word' id='word_1_407' title='bbox 1190 4486 1350 4565; x_wconf 83' lang='lat' dir='ltr'><strong>impendit,</strong></span> <span class='ocrx_word' id='word_1_408' title='bbox 1374 4492 1409 4546; x_wconf 85' lang='lat' dir='ltr'><strong>nt</strong></span> <span class='ocrx_word' id='word_1_409' title='bbox 1436 4486 1607 4564; x_wconf 83' lang='lat' dir='ltr'><strong>scripturas</strong></span> 
     </span>
     <span class='ocr_line' id='line_1_40' title="bbox 233 4580 1605 4666; baseline 0.004 -25"><span class='ocrx_word' id='word_1_410' title='bbox 233 4581 279 4641; x_wconf 86' lang='lat' dir='ltr'><strong>ad</strong></span> <span class='ocrx_word' id='word_1_411' title='bbox 295 4581 438 4659; x_wconf 80' lang='lat' dir='ltr'><strong>papulam</strong></span> <span class='ocrx_word' id='word_1_412' title='bbox 458 4589 562 4661; x_wconf 70' lang='lat' dir='ltr'><strong>passu</strong></span> <span class='ocrx_word' id='word_1_413' title='bbox 581 4584 786 4663; x_wconf 73' lang='lat' dir='ltr'><strong>interpretari.</strong></span> <span class='ocrx_word' id='word_1_414' title='bbox 830 4580 864 4645; x_wconf 93' lang='lat' dir='ltr'><strong>ln</strong></span> <span class='ocrx_word' id='word_1_415' title='bbox 887 4583 1018 4645; x_wconf 89' lang='lat' dir='ltr'><strong>llistaria</strong></span> <span class='ocrx_word' id='word_1_416' title='bbox 1047 4583 1149 4645; x_wconf 88' lang='lat' dir='ltr'><strong>Vazae</strong></span> <span class='ocrx_word' id='word_1_417' title='bbox 1171 4582 1229 4645; x_wconf 82' lang='lat' dir='ltr'><strong>lilii</strong></span> <span class='ocrx_word' id='word_1_418' title='bbox 1258 4583 1353 4666; x_wconf 89' lang='lat' dir='ltr'><strong>Rejab</strong></span> <span class='ocrx_word' id='word_1_419' title='bbox 1380 4585 1431 4665; x_wconf 92' lang='lat' dir='ltr'><strong>qni</strong></span> <span class='ocrx_word' id='word_1_420' title='bbox 1461 4582 1605 4646; x_wconf 89' lang='lat' dir='ltr'><strong>miracula</strong></span> 
     </span>
     <span class='ocr_line' id='line_1_41' title="bbox 236 4679 1606 4764; baseline 0.004 -23"><span class='ocrx_word' id='word_1_421' title='bbox 236 4679 275 4741; x_wconf 92' lang='lat' dir='ltr'><strong>ad</strong></span> <span class='ocrx_word' id='word_1_422' title='bbox 299 4679 387 4742; x_wconf 87' lang='lat' dir='ltr'><strong>[idem</strong></span> <span class='ocrx_word' id='word_1_423' title='bbox 410 4679 607 4743; x_wconf 89' lang='lat' dir='ltr'><strong>Christianam</strong></span> <span class='ocrx_word' id='word_1_424' title='bbox 630 4698 797 4744; x_wconf 89' lang='lat' dir='ltr'><strong>conversus</strong></span> <span class='ocrx_word' id='word_1_425' title='bbox 821 4689 885 4758; x_wconf 88' lang='lat' dir='ltr'><strong>est,</strong></span> <span class='ocrx_word' id='word_1_426' title='bbox 907 4680 1048 4744; x_wconf 89' lang='lat' dir='ltr'><strong>scribitur</strong></span> <span class='ocrx_word' id='word_1_427' title='bbox 1070 4681 1280 4763; x_wconf 89' lang='lat' dir='ltr'><strong>Sacerdotem,</strong></span> <span class='ocrx_word' id='word_1_428' title='bbox 1309 4702 1369 4764; x_wconf 90' lang='lat' dir='ltr'><strong>qua</strong></span> <span class='ocrx_word' id='word_1_429' title='bbox 1391 4684 1606 4762; x_wconf 87' lang='lat' dir='ltr'><strong>catechisante,</strong></span> 
     </span>
     <span class='ocr_line' id='line_1_42' title="bbox 234 4779 1606 4863; baseline 0.004 -23"><span class='ocrx_word' id='word_1_430' title='bbox 234 4779 301 4860; x_wconf 89' lang='lat' dir='ltr'><strong>ejas</strong></span> <span class='ocrx_word' id='word_1_431' title='bbox 323 4781 467 4860; x_wconf 82' lang='lat' dir='ltr'><strong>mysteria</strong></span> <span class='ocrx_word' id='word_1_432' title='bbox 490 4779 628 4860; x_wconf 86' lang='lat' dir='ltr'><strong>edidicit,</strong></span> <span class='ocrx_word' id='word_1_433' title='bbox 651 4782 821 4861; x_wconf 78' lang='lat' dir='ltr'><strong>scripuras</strong></span> <span class='ocrx_word' id='word_1_434' title='bbox 842 4783 904 4861; x_wconf 80' lang='lat' dir='ltr'><strong>ipsi</strong></span> <span class='ocrx_word' id='word_1_435' title='bbox 923 4802 964 4843; x_wconf 80' lang='lat' dir='ltr'><strong>ee</strong></span> <span class='ocrx_word' id='word_1_436' title='bbox 987 4780 1112 4861; x_wconf 84' lang='lat' dir='ltr'><strong>Coptica</strong></span> <span class='ocrx_word' id='word_1_437' title='bbox 1134 4783 1237 4863; x_wconf 76' lang='lat' dir='ltr'><strong>itiaque</strong></span> <span class='ocrx_word' id='word_1_438' title='bbox 1257 4781 1391 4846; x_wconf 86' lang='lat' dir='ltr'><strong>Arabiae</strong></span> <span class='ocrx_word' id='word_1_439' title='bbox 1419 4786 1606 4863; x_wconf 79' lang='lat' dir='ltr'><strong>interprete-</strong></span> 
     </span>
     <span class='ocr_line' id='line_1_43' title="bbox 238 4878 1603 4961; baseline 0.007 -24"><span class='ocrx_word' id='word_1_440' title='bbox 238 4879 425 4957; x_wconf 80' lang='lat' dir='ltr'><strong>tum·fnisse.</strong></span> <span class='ocrx_word' id='word_1_441' title='bbox 470 4878 514 4942; x_wconf 91' lang='lat' dir='ltr'><strong>lta</strong></span> <span class='ocrx_word' id='word_1_442' title='bbox 537 4879 575 4943; x_wconf 93' lang='lat' dir='ltr'><strong>de</strong></span> <span class='ocrx_word' id='word_1_443' title='bbox 598 4879 701 4942; x_wconf 86' lang='lat' dir='ltr'><strong>hlarca</strong></span> <span class='ocrx_word' id='word_1_444' title='bbox 722 4878 785 4943; x_wconf 79' lang='lat' dir='ltr'><strong>filia</strong></span> <span class='ocrx_word' id='word_1_445' title='bbox 808 4879 987 4959; x_wconf 86' lang='lat' dir='ltr'><strong>Elhanbari,</strong></span> <span class='ocrx_word' id='word_1_446' title='bbox 1016 4882 1067 4961; x_wconf 89' lang='lat' dir='ltr'><strong>qui</strong></span> <span class='ocrx_word' id='word_1_447' title='bbox 1095 4888 1154 4943; x_wconf 90' lang='lat' dir='ltr'><strong>tam</strong></span> <span class='ocrx_word' id='word_1_448' title='bbox 1180 4881 1376 4945; x_wconf 90' lang='lat' dir='ltr'><strong>vehementer</strong></span> <span class='ocrx_word' id='word_1_449' title='bbox 1398 4902 1520 4947; x_wconf 89' lang='lat' dir='ltr'><strong>errares</strong></span> <span class='ocrx_word' id='word_1_450' title='bbox 1543 4884 1603 4947; x_wconf 74' lang='lat' dir='ltr'><strong>Ec-</strong></span> 
     </span>
     <span class='ocr_line' id='line_1_44' title="bbox 239 4975 1605 5066; baseline 0.007 -29"><span class='ocrx_word' id='word_1_451' title='bbox 239 4975 350 5039; x_wconf 88' lang='lat' dir='ltr'><strong>clesiae</strong></span> <span class='ocrx_word' id='word_1_452' title='bbox 371 4978 595 5042; x_wconf 84' lang='lat' dir='ltr'><strong>Alexandrinae</strong></span> <span class='ocrx_word' id='word_1_453' title='bbox 617 4980 719 5042; x_wconf 89' lang='lat' dir='ltr'><strong>varios</strong></span> <span class='ocrx_word' id='word_1_454' title='bbox 742 4981 905 5044; x_wconf 89' lang='lat' dir='ltr'><strong>insectatus</strong></span> <span class='ocrx_word' id='word_1_455' title='bbox 928 4988 992 5059; x_wconf 90' lang='lat' dir='ltr'><strong>est,</strong></span> <span class='ocrx_word' id='word_1_456' title='bbox 1016 4987 1045 5042; x_wconf 92' lang='lat' dir='ltr'><strong>et</strong></span> <span class='ocrx_word' id='word_1_457' title='bbox 1068 4980 1106 5042; x_wconf 90' lang='lat' dir='ltr'><strong>de</strong></span> <span class='ocrx_word' id='word_1_458' title='bbox 1128 4999 1189 5062; x_wconf 94' lang='lat' dir='ltr'><strong>qua</strong></span> <span class='ocrx_word' id='word_1_459' title='bbox 1212 4981 1323 5044; x_wconf 92' lang='lat' dir='ltr'><strong>dictum</strong></span> <span class='ocrx_word' id='word_1_460' title='bbox 1344 4990 1403 5044; x_wconf 89' lang='lat' dir='ltr'><strong>tam</strong></span> <span class='ocrx_word' id='word_1_461' title='bbox 1425 4984 1455 5046; x_wconf 96' lang='lat' dir='ltr'><strong>in</strong></span> <span class='ocrx_word' id='word_1_462' title='bbox 1468 4984 1605 5066; x_wconf 86' lang='lat' dir='ltr'><strong>Epitame</strong></span> 
     </span>
     <span class='ocr_line' id='line_1_45' title="bbox 238 5073 1607 5166; baseline 0.008 -29"><span class='ocrx_word' id='word_1_463' title='bbox 238 5073 403 5159; x_wconf 87' lang='lat' dir='ltr'><strong>llistorica,</strong></span> <span class='ocrx_word' id='word_1_464' title='bbox 428 5096 515 5160; x_wconf 93' lang='lat' dir='ltr'><strong>quam</strong></span> <span class='ocrx_word' id='word_1_465' title='bbox 538 5080 568 5141; x_wconf 92' lang='lat' dir='ltr'><strong>in</strong></span> <span class='ocrx_word' id='word_1_466' title='bbox 590 5077 809 5143; x_wconf 86' lang='lat' dir='ltr'><strong>Dissertatiane</strong></span> <span class='ocrx_word' id='word_1_467' title='bbox 831 5079 868 5142; x_wconf 92' lang='lat' dir='ltr'><strong>de</strong></span> <span class='ocrx_word' id='word_1_468' title='bbox 891 5080 1092 5160; x_wconf 90' lang='lat' dir='ltr'><strong>Paenitentia,</strong></span> <span class='ocrx_word' id='word_1_469' title='bbox 1115 5079 1258 5164; x_wconf 81' lang='lat' dir='ltr'><strong>legimus,</strong></span> <span class='ocrx_word' id='word_1_470' title='bbox 1282 5081 1362 5161; x_wconf 91' lang='lat' dir='ltr'><strong>quad</strong></span> <span class='ocrx_word' id='word_1_471' title='bbox 1385 5084 1465 5165; x_wconf 89' lang='lat' dir='ltr'><strong>apud</strong></span> <span class='ocrx_word' id='word_1_472' title='bbox 1486 5084 1607 5166; x_wconf 90' lang='lat' dir='ltr'><strong>plebem</strong></span> 
     </span>
    </p>
   </div>
   <div class='ocr_carea' id='block_1_5' title="bbox 0 0 2271 6034">
    <p class='ocr_par' dir='ltr' id='par_1_7' title="bbox 0 0 2271 6034">
     <span class='ocr_line' id='line_1_46' title="bbox 0 0 2271 6034; baseline 0 0"><span class='ocrx_word' id='word_1_473' title='bbox 0 0 2271 6034; x_wconf 95' lang='lat' dir='ltr'><strong> </strong></span> 
     </span>
    </p>
   </div>
  </div>
 </body>
</html>
