4525 6034
1235 569 1467 647 NOTAE

825 839 829 844 “
934 839 1024 910 Νονσ
1051 862 1096 911 eo
1121 847 1224 912 nocte
1250 844 1287 910 ίπ
1313 864 1382 935 qao
1408 842 1502 913 hodi
1527 843 1675 931 coluisti,
1704 850 1768 914 etc.

743 1047 834 1125 l'om
868 1059 943 1121 baec
972 1077 1042 1139 pars
1070 1060 1158 1122 ohlcii
1181 1060 1380 1124 Eucharistici
1411 1062 1555 1122 convenit
1585 1079 1651 1124 curn
1681 1062 1800 1126 Graeco
1829 1064 1964 1144 ejusdem
1986 1063 2042 1126 Li·

660 1164 780 1244 turgiae
803 1160 925 1239 codice,
957 1169 990 1223 ut
1012 1161 1101 1223 etiam
1130 1179 1199 1223 cum
1232 1162 1298 1225 aliis
1329 1163 1465 1226 omnibus
1493 1164 1574 1226 circa
1604 1165 1813 1228 recitationem
1842 1166 1996 1228 institutae
2022 1185 2042 1230 a

662 1261 785 1327 Christo
807 1260 1027 1340 Eucharistiae,
1052 1270 1083 1323 et
1107 1261 1270 1324 verborum
1292 1263 1383 1340 illius,
1407 1262 1446 1325 dc
1469 1280 1528 1342 qua
1550 1263 1623 1325 nihil
1645 1271 1693 1325 est
1715 1263 1909 1346 singulariter
1928 1265 2041 1327 obser-

662 1364 807 1441 vandum,
838 1369 961 1443 praeter
991 1379 1027 1422 ea
1059 1379 1138 1442 quae
1167 1360 1245 1423 dicta
1275 1369 1346 1423 sunt
1379 1361 1416 1422 ad
1447 1361 1584 1423 eumdem
1613 1361 1713 1424 locum
1744 1363 1898 1446 liturgiae
1926 1363 2039 1425 Basilii.

660 1448 839 1540 Κλοίμενον
861 1455 917 1521 καί
939 1446 1183 1538 tradendarum,
1207 1460 1246 1522 dc
1269 1458 1380 1522 Christi
1403 1478 1558 1541 corpore,
1581 1469 1614 1523 ut
1636 1448 1847 1540 ἐκχυνόμενον
1870 1461 1909 1524 de
1928 1461 2040 1525 Christi

661 1561 825 1643 sanguine,
857 1576 913 1642 per
934 1575 1082 1639 praesens
1106 1566 1138 1620 et
1160 1558 1291 1620 laturum
1318 1566 1437 1639 tempus
1463 1559 1592 1642 intelligi
1621 1567 1741 1639 potest,
1771 1559 1936 1623 secundum
1962 1580 2040 1623 vcr-

661 1660 765 1722 siones
789 1656 946 1719 Arabicas.
991 1655 1024 1718 ln
1048 1655 1175 1737 Coptica
1197 1658 1341 1719 versione
1362 1658 1543 1737 Fronpitur,
1573 1665 1604 1720 et
1626 1658 1759 1721 datiam
1803 1658 1927 1721 Utrovis
1948 1660 2038 1722 modo
2084 1639 2099 1654 ’

660 1756 768 1820 eadem
791 1756 970 1837 significatio
993 1763 1057 1818 est:
1083 1757 1152 1838 Syri
1174 1758 1329 1837 praesenti
1352 1764 1488 1837 tempore
1515 1757 1608 1841 vulgo
1639 1765 1868 1838 expresserunt.
1919 1758 2040 1822 hlistio-

661 1874 729 1919 nem
753 1873 850 1935 aquae
872 1872 939 1916 cum
962 1855 1051 1932 vino,
1080 1873 1167 1935 quam
1190 1854 1349 1918 Ecclesiae
1373 1873 1479 1918 omnes
1502 1863 1642 1931 servant,
1673 1863 1778 1919 contra
1809 1875 1899 1937 qnam
1930 1858 2039 1919 existi-

660 1961 740 2018 mant
763 1955 988 2031 Protestantes,
1012 1953 1060 2014 hic
1084 1954 1170 2016 locus
1192 1954 1367 2032 confirmat,
1397 1962 1429 2017 ut
1458 1955 1548 2017 etiam
1578 1955 1716 2036 reliquae
1745 1972 1849 2018 omnes
1871 1955 2039 2037 Liturgiae.

658 2053 831 2116 Nestoriani
853 2051 955 2115 edisse
978 2058 1009 2114 et
1031 2052 1146 2114 bibisse
1170 2051 1320 2115 Christum
1343 2072 1382 2115 ex
1405 2071 1483 2134 pane
1513 2062 1546 2115 et
1574 2053 1669 2115 calice
1697 2055 1886 2116 consecratis
1917 2055 2037 2120 dicunt:

660 2151 709 2214 hic
732 2150 872 2232 Coptitae
896 2149 934 2212 de
957 2151 1025 2213 solo
1049 2151 1162 2229 calice,
1188 2151 1269 2231 quod
1292 2154 1443 2214 tamenin
1467 2150 1585 2215 Graeco
1609 2152 1723 2215 Codice
1746 2170 1807 2215 non
1830 2153 1953 2234 legitur.
1979 2158 1983 2163 “

689 2412 739 2481 Τσ
759 2410 907 2480 Domine
933 2431 1018 2480 cocc
1045 2416 1106 2480 tuo
1124 2410 1202 2481 solo
1219 2417 1384 2481 corumota
1404 2411 1492 2482 hoec
1512 2434 1601 2505 quoe
1627 2419 1704 2483 runt
1725 2416 1918 2505 proposito,
1946 2419 2011 2483 etc.

744 2617 868 2695 lustaus
891 2646 1017 2709 prorsus
1040 2628 1116 2691 haec
1140 2630 1236 2693 oratio
1259 2631 1393 2693 continet
1420 2630 1490 2695 fidei
1513 2630 1700 2713 Coptitarum
1731 2631 1769 2695 de
1797 2649 1870 2693 vera
1901 2639 1932 2694 et
1960 2631 2038 2693 reali

659 2732 875 2795 elementorum
897 2734 1145 2795 transmutatione
1168 2733 1383 2795 testimonium:
1413 2733 1494 2813 quod
1523 2735 1554 2795 in
1579 2733 1697 2796 Graeco
1719 2733 1833 2796 Codice
1856 2751 1915 2795 non
1938 2735 2037 2796 minus

662 2832 785 2915 legitur,
809 2848 896 2911 quarn
920 2832 950 2895 in
974 2830 1118 2912 Copticis.
1164 2832 1270 2893 Petunt
1292 2832 1418 2912 scilicet,
1442 2841 1475 2895 ut
1496 2832 1580 2895 Deus
1602 2839 1781 2894 transmutet
1810 2831 1887 2894 dona
1916 2847 2038 2911 propo-

658 2933 727 3010 sita,
750 2949 829 2994 voce
851 2949 906 2993 sua
929 2931 1006 3009 sola,
1030 2931 1088 2992 hoc
1111 2937 1159 2993 est
1181 2925 1387 3010 imperiosae
1411 2930 1531 3008 divino,
1566 2931 1647 3011 quod
1668 2930 1749 2994 idem
1772 2937 1819 2991 est
1842 2947 1878 2991 ac
1901 2930 1926 2992 si
1948 2928 2037 2990 dice-

658 3040 737 3110 rent,
761 3037 869 3112 petere
891 3049 927 3092 se
949 3029 980 3092 id
1003 3030 1084 3110 quod
1107 3030 1202 3092 solius
1226 3030 1460 3110 omnipotentiae
1483 3030 1603 3096 divinae
1626 3048 1705 3110 opus
1728 3036 1784 3092 est.
1834 3029 1935 3091 Verba
1957 3044 2036 3107 quae

659 3130 940 3191 transmutationem
963 3129 1143 3210 significant,
1167 3127 1294 3205 Graece,
1316 3130 1508 3211 Aegyptiace
1538 3137 1568 3191 ct
1590 3128 1722 3191 Arabica
1744 3127 1864 3209 plenam
1891 3127 1981 3203 illam,
2004 3134 2036 3188 et

659 3230 809 3309 integram
839 3227 885 3290 rei
915 3228 945 3288 in
975 3245 1039 3289 rcm
1071 3226 1364 3290 transformationem
1393 3226 1568 3310 designant:
1603 3226 1739 3304 Ρίιοιιίιίι,
1772 3208 1828 3293 bm
1851 3234 1882 3287 et
1905 3208 1978 3316 &pit
2002 3231 2036 3286 ut

659 3325 811 3388 Graecum
832 3319 1063 3408 μεταποίησον.

745 3424 895 3487 Christum
918 3426 1004 3504 quasi
1032 3433 1224 3504 praesentem
1256 3424 1459 3504 alloquuntur,
1483 3432 1514 3486 et
1536 3422 1575 3485 ad
1597 3441 1666 3486 eum
1694 3423 1861 3485 orationem
1891 3421 2033 3504 dirigunt,

658 3524 688 3585 in
711 3541 771 3603 quo
795 3523 979 3585 adorationis
1003 3523 1101 3585 cultris
1124 3525 1305 3600 continetur,
1329 3531 1360 3585 et
1382 3523 1468 3586 simul
1499 3521 1649 3603 professio
1671 3521 1760 3598 hdei,
1791 3521 1829 3583 de
1852 3537 1925 3582 vcra
1948 3520 2034 3598 ejus-

658 3621 726 3682 dem
749 3623 779 3683 in
800 3621 1008 3683 Eucharistica
1034 3640 1139 3684 mensa
1170 3624 1350 3703 praesentia.
1382 3622 1463 3685 lllam
1486 3624 1558 3685 satis
1582 3620 1755 3703 significant
1778 3619 1874 3682 verba
1897 3617 2034 3680 Graecae

657 3718 821 3802 Liturgiae.
876 3709 989 3793 Αὐτὸς
1017 3708 1131 3805 παρὼν
1160 3710 1218 3805 τὴν
1247 3710 1408 3805 μυστικὴν
1437 3710 1561 3805 ταύτην
1589 3714 1792 3805 λειτουργίαν
1819 3709 2032 3802 καεάριισονι

628 3847 632 3856 =
659 3836 737 3899 quae
761 3818 881 3899 quidem
905 3818 994 3882 aliter
1015 3821 1112 3900 accipi
1135 3828 1271 3899 possent,
1295 3838 1403 3899 nempe
1433 3828 1465 3882 ut
1487 3826 1650 3902 rogaretur
1679 3818 1817 3882 Christus
1847 3816 1972 3892 adesse,
2001 3825 2034 3878 et

656 3934 803 3998 praesens
826 3916 885 3980 boc
908 3918 1066 3998 mysticum
1081 3919 1279 3981 ministerium
1299 3918 1460 3999 perlicere,
1484 3918 1781 3981 undel’rotestantes
1804 3916 2031 3992 concluderent,

657 4025 847 4096 praesentem
870 4033 930 4077 non
954 4034 1026 4078 esse
1048 4016 1129 4078 ilhrm
1157 4017 1244 4097 cujus
1275 4018 1448 4096 praesentia
1481 4017 1695 4097 postularetur.
1741 4015 1801 4078 Sed
1831 4013 2032 4076 difficultatem

656 4131 773 4176 omnem
796 4113 918 4177 solvunt
941 4116 1098 4178 versiones
1122 4115 1269 4196 Copticae
1292 4124 1323 4178 et
1344 4117 1504 4193 Arabicae,
1528 4116 1597 4178 dum
1620 4115 1692 4177 illud
1714 4103 1829 4199 παρών
1857 4115 1896 4174 ita
1924 4113 2033 4193 expri-

656 4220 749 4285 munt,
774 4221 806 4274 tu
828 4232 934 4275 corum
955 4213 1045 4276 nobis
1063 4216 1193 4294 positio,
1217 4213 1297 4295 quod
1310 4215 1480 4295 exprimunt
1496 4215 1679 4294 interpretes
1695 4211 1850 4293 Copticus,
1873 4211 2031 4274 etArabst

659 4312 717 4373 alia
740 4311 831 4374 lectio
854 4314 907 4391 qui
923 4330 1074 4391 praecona
1096 4332 1139 4391 es,
1164 4321 1193 4374 et
1214 4315 1293 4374 inter
1311 4332 1377 4375 πον.

745 4411 905 4491 Sequitur:
928 4410 1012 4472 Mitte
1034 4430 1126 4490 cuper
1145 4430 1203 4473 noa
1223 4414 1356 4491 pratiom
1377 4411 1510 4491 Spirimc
1538 4415 1582 4474 tui
1608 4413 1722 4486 suncti,
1745 4412 1797 4490 qut
1816 4409 1982 4487 sanctificet
2002 4417 2033 4470 ct

657 4509 828 4587 transferat
848 4510 925 4571 hoec
946 4511 1029 4570 dono
1048 4511 1218 4588 proposita,
1241 4512 1274 4571 io
1290 4529 1411 4589 corpor,
1434 4518 1464 4571 et
1475 4513 1651 4589 conquiram
1663 4511 1771 4571 εσίαιία
1784 4517 1916 4570 norbae.
1940 4506 2031 4570 Paulo

656 4607 744 4669 aliter
766 4605 902 4668 Graccus
926 4606 1042 4671 Codex.
1096 4595 1207 4680 Αὐτός
1233 4597 1273 4670 cd
1300 4595 1432 4686 πνεῦμα
1461 4624 1522 4671 σοιν
1550 4596 1589 4670 τὸ
1614 4594 1772 4690 πανοίμιον
1799 4597 2033 4685 κατάπεμψον·

654 4697 710 4767 ἵνα
733 4698 953 4790 ἐπιφοίσρσαν
973 4705 1014 4789 τῇ
1035 4697 1122 4788 ἁγίᾳ,
1144 4703 1199 4768 καί
1228 4695 1344 4790 οἷναθῇ
1365 4702 1421 4769 καὶ
1443 4696 1564 4787 ἐνδόξῳ
1585 4695 1691 4769 αὐτοῦ
1710 4699 1887 4790 παρουσίᾳ,
1909 4691 2031 4787 ἁγιάσῃ

656 4799 710 4864 καί
733 4793 942 4887 μεταποιήσῃ
964 4793 1006 4865 τοὶ
1028 4799 1225 4889 προκείμενα
1256 4800 1312 4866 καὶ
1334 4795 1413 4889 ἅγια
1435 4800 1527 4889 δοῦρα
1548 4802 1655 4866 ταῦτα
1677 4797 1724 4876 εἰς
1747 4792 1844 4880 αὐτό,
1873 4793 1912 4866 τό
1932 4799 2031 4879 σῶμα

656 4899 711 4965 καί
739 4894 777 4966 cd
806 4893 889 4983 αἷμα
918 4902 977 4987 τῆς
1007 4895 1167 4988 ἡμετέρας
1201 4894 1471 4989 ἀπολυτρώσεως.
1529 4904 1815 4968 Sententiae-nulla
1855 4903 2029 4966 diversitas:

656 5001 776 5083 plenior
806 5011 836 5066 et
867 5003 990 5066 uberior
1013 5010 1059 5066 est
1083 5002 1200 5067 Graeca
1229 5002 1373 5084 larmula,
1403 5003 1459 5068 sed
1487 5003 1595 5067 eodem
1624 5001 1711 5065 redit.
1762 5004 1871 5066 Versio
1898 5001 2031 5065 Arabica
