4525 6034
709 543 784 684 582
907 667 912 678 ,
1216 605 1573 684 llTUllGlh

708 798 826 869 tiaram
853 804 1061 884 nostrarum,
1089 793 1151 868 setl
1175 816 1238 892 per
1263 796 1405 888 gratiam
1432 803 1522 868 maur
1547 793 1804 867 inenarrabilem
1829 790 1984 868 sanctifica
1996 817 2044 867 sa·

675 913 866 987 ·crihcium
902 910 1005 999 istud,
1039 920 1075 984 et
1109 910 1152 984 da
1186 932 1249 1008 per
1283 910 1363 983 illud
1394 910 1649 1009 possibilitatem
1680 921 1716 983 et
1745 912 1924 996 virtutem,
1956 913 2046 982 itaut

707 1028 919 1104 obliviscaris
945 1038 1086 1125 peccata
1111 1037 1229 1101 nostra
1255 1027 1370 1120 multa,
1395 1031 1510 1123 sisque
1535 1028 1706 1124 propitius,
1733 1048 1808 1100 cnm
1833 1023 2047 1098 manifestabe-

707 1149 754 1218 ris
781 1146 815 1216 in
840 1146 905 1220 fine
932 1156 1136 1242 temporum,
1163 1149 1197 1217 in
1222 1143 1356 1218 homine
1383 1167 1481 1242 quem
1508 1168 1529 1217 a
1555 1141 1652 1216 nohis
1679 1144 1886 1229 assumsisti,
1917 1145 2048 1213 urenia-

706 1249 847 1357 mustpuc
874 1285 989 1335 coram
1016 1272 1049 1334 te
1076 1265 1219 1354 gratiam
1245 1272 1279 1334 et
1304 1260 1582 1351 misericordiam,
1612 1259 1769 1354 dignique
1796 1258 1967 1331 efficiamur
1986 1256 2049 1330 lau-

708 1378 805 1451 dandi
832 1389 865 1452 te
891 1401 966 1452 cunr
993 1376 1145 1451 coetibus
1171 1375 1458 1452 intellectualibus.

992 1653 1114 1748 Serpit
1140 1661 1175 1726 et
1200 1655 1286 1726 dicit
1310 1654 1400 1725 hano
1428 1654 1626 1725 Orationem
1650 1659 1797 1725 nemeto.

813 1844 1018 1919 Goulitemur
1044 1844 1188 1917 Domine
1213 1854 1248 1916 ct
1272 1844 1366 1919 Deus
1400 1854 1517 1916 noster
1549 1843 1680 1916 divitias
1714 1841 1921 1915 abundantes
1948 1845 2055 1935 gratim

707 1971 785 2034 tuae
819 1981 902 2053 erga
933 1981 1016 2034 uos:
1052 1963 1099 2038 Et
1130 1964 1360 2056 prosequitur.
1422 1959 1487 2047 Oui
1524 1983 1598 2032 eum
1635 1967 1832 2058 peccatores
1870 1968 1905 2030 et
1939 1956 2054 2030 humiles

708 2099 879 2168 essemus,
905 2086 1043 2173 propter
1069 2077 1305 2151 multitudinem
1333 2076 1530 2149 clementiae
1557 2085 1633 2148 tuae
1660 2076 1767 2148 iecisti
1786 2097 1850 2149 uos
1873 2076 1987 2168 dignos
2004 2074 2055 2147 atl-

708 2191 913 2265 ministraudi
938 2197 1100 2289 mysteria
1127 2204 1244 2267 saneta
1270 2196 1423 2291 corporis
1450 2203 1484 2264 et
1510 2196 1683 2286 sanguinis
1703 2191 1825 2265 Christi
1842 2196 1902 2264 tui
1933 2193 2056 2264 Petimus

708 2308 867 2381 auxilium
894 2330 914 2379 a
939 2319 986 2398 te,
1012 2309 1054 2381 ad
1082 2309 1186 2383 rohur
1213 2312 1396 2382 animarum
1420 2318 1622 2398 nostrarum,
1648 2318 1684 2382 nt
1709 2313 1742 2381 in
1764 2312 1906 2381 cantate
1920 2306 2057 2406 perfectu,

708 2435 742 2497 et
767 2429 801 2498 in
826 2424 892 2498 lide
916 2447 1001 2498 vera
1028 2426 1293 2499 administremus
1320 2427 1441 2499 donum
1467 2435 1556 2498 tuum
1583 2448 1667 2520 erga
1693 2448 1768 2501 nus.
1802 2426 1934 2499 Canon.
1959 2424 2058 2497 lltre-

706 2541 855 2615 feremus
882 2541 939 2614 tihi
965 2540 1112 2632 landem,
1140 2541 1299 2636 gloriam,
1327 2541 1574 2616 contessionem
1601 2552 1635 2615 et
1662 2542 1911 2633 adorationem,
1935 2562 2013 2613 nune
2033 2546 2059 2611 et

708 2680 860 2754 semper,
888 2668 922 2730 et
948 2662 981 2730 in
1008 2657 1146 2732 sacoma
1172 2658 1392 2733 saeculorum.

810 2774 935 2868 Sipaat
961 2798 999 2847 ae
1024 2778 1121 2868 sipao
1150 2779 1264 2848 meir
1290 2781 1325 2848 et
1349 2775 1569 2870 respondeat.
1621 2775 1743 2848 Amen.
1785 2797 1790 2806 ’

811 2892 859 2963 Et
881 2895 1112 2987 prosequitur.
1164 2892 1242 2965 Pax
1266 2890 1452 2967 vobiscum.

811 3009 1042 3102 Respondent.
1096 3009 1221 3081 'lecum
1249 3019 1283 3081 et
1308 3031 1383 3081 cnm
1410 3011 1526 3106 spiritu
1552 3018 1620 3081 tuo.

811 3124 859 3196 Et
885 3125 969 3196 dant
991 3149 1113 3220 pacem
1135 3125 1203 3198 sihi
1228 3128 1372 3197 inuicem
1398 3133 1433 3198 et
1450 3127 1574 3197 dieunt.
1601 3127 1667 3199 Pro
1685 3123 1839 3199 omnihus
1860 3119 2060 3197 ⁹Catholic'u.

811 3241 991 3315 Diaconos
1017 3243 1111 3313 dicit.
1165 3240 1409 3331 Conliteamur,
1435 3262 1615 3336 rogemus,
1649 3253 1682 3315 et
1716 3242 1949 3339 deprecemur.

992 3517 1170 3590 Sacerdos
1195 3519 1281 3590 dicit
1305 3518 1396 3590 hane
1424 3519 1622 3592 Orationem
1647 3525 1792 3591 secuda.

813 3707 958 3780 Domine
984 3709 1077 3781 Deus
1104 3717 1225 3804 potens
1253 3708 1375 3802 adjuva
1403 3707 1657 3782 imbecillitatem
1684 3731 1810 3798 meam,
1842 3732 1909 3806 per
1935 3707 2063 3781 clemen-

708 3826 788 3896 tium
814 3831 923 3914 tuam,
950 3834 985 3895 et
1009 3846 1072 3921 per
1098 3824 1294 3918 adjutorium
1321 3829 1454 3917 gratiae
1480 3836 1576 3898 tuae:
1603 3847 1724 3920 meque
1750 3825 1890 3919 dignum
1915 3823 1970 3896 iac
1992 3822 2062 3893 ole-

708 3940 804 4013 rcndi
819 3962 934 4014 curam
950 3951 983 4012 te
997 3939 1200 4014 oblationem
1218 3940 1315 4030 hanc,
1331 3952 1487 4037 tanquam
1504 3942 1545 4013 ad
1564 3965 1740 4015 commuue
1757 3945 1904 4015 amnium
1918 3939 2064 4024 auxilium,

709 4067 743 4130 et
769 4056 812 4130 atl
837 4055 968 4130 laudem
995 4056 1164 4131 Trinitatis
1191 4067 1268 4130 uuae
1294 4059 1406 4150 Pater,
1432 4058 1496 4131 Fili
1523 4068 1557 4131 et
1582 4058 1725 4155 Spiritus
1752 4069 1879 4132 sancte.

739 4297 742 4304 Ι
854 4331 942 4403 Atta
969 4333 1091 4405 Oratio
1118 4357 1207 4428 patae
1233 4334 1360 4406 dicitur
1386 4338 1490 4406 etiam
1515 4338 1551 4406 in
1577 4334 1739 4430 Litnrpia
1765 4334 1937 4407 Nestorii.

812 4522 956 4594 Domine
983 4533 1017 4594 et
1042 4523 1136 4597 Deus
1163 4533 1279 4596 noster
1305 4547 1429 4598 coerce
1455 4527 1675 4618 cogitationes
1701 4547 1808 4617 meas,
1835 4536 1873 4597 ut
1899 4547 1965 4598 non
1988 4543 2061 4594 era-

708 4643 829 4728 gentur
858 4641 892 4710 in
924 4637 1125 4712 vanitatibus
1161 4640 1272 4712 mundi
1307 4640 1413 4735 hujus.
1473 4643 1617 4714 Domine
1649 4641 1743 4714 Deus
1777 4652 1898 4715 noster
1933 4640 1973 4713 da
2001 4633 2060 4709 mihi

709 4762 745 4823 ut
770 4757 866 4826 uniar
893 4753 1060 4828 dilectioni
1086 4759 1234 4831 carimtis
1261 4767 1356 4851 tuae,
1383 4760 1534 4853 qnamvm
1560 4756 1714 4850 indiguus
1748 4761 1821 4831 sim.
1877 4759 1990 4833 Gloria
2015 4749 2059 4824 tihi

712 4865 855 4942 Christe.

814 4986 973 5060 Ascende
998 4992 1032 5060 in
1058 4987 1232 5062 thalamum
1268 4989 1397 5062 luminis
1429 4991 1595 5087 praeclari
1627 4993 1672 5064 tui
1698 4991 1857 5063 Domine:
1891 4985 2060 5063 seminata

711 5124 766 5173 me
793 5124 908 5175 semen
934 5102 1058 5178 honum
1084 5103 1286 5181 humilitatis:
1321 5116 1355 5178 et
1380 5106 1442 5181 suh
1471 5108 1532 5181 alis
1559 5112 1689 5203 gratiae
1715 5119 1792 5181 tuae
1820 5106 1987 5181 ahseonde
2008 5121 2058 5186 mh
