4525 6034
720 602 794 676 502
1227 602 1587 702 urruaorr

719 794 936 886 ignoranter;
968 813 1079 887 neque
1110 788 1249 863 inducas
1282 812 1345 863 nos
1379 793 1413 862 in
1444 792 1677 881 tentationem,
1709 814 1795 886 quae
1829 794 1916 864 vires
1946 804 2048 866 nostras

718 919 856 1004 superet
882 917 916 979 et
943 907 1105 980 excedat:
1134 906 1194 981 sad
1220 906 1327 980 libera
1352 929 1416 980 nos
1435 907 1572 995 ammo,
1598 910 1653 1002 qui
1679 931 1883 1004 quacumque
1906 908 1978 982 bora
1998 934 2049 982 m·

717 1021 807 1096 helat
833 1027 1013 1120 perniciem
1039 1023 1203 1119 nostraoi;
1238 1027 1315 1120 qnia
1341 1033 1430 1096 tuum
1458 1033 1510 1096 est
1534 1045 1674 1116 regnum
1702 1032 1736 1096 et
1767 1034 1823 1097 tua
1857 1035 1906 1097 est
1928 1028 2050 1116 udam,

718 1139 885 1213 adversus
912 1162 1052 1233 regnum
1080 1137 1169 1234 quod
1195 1142 1322 1233 cogitat
1348 1140 1595 1235 de‘perdendis
1621 1139 1696 1212 liliis
1721 1144 1818 1234 regni
1845 1145 1898 1213 tui
1934 1140 2049 1213 Rursum

717 1258 817 1327 etiam
844 1280 865 1327 e
891 1278 998 1349 regno
1026 1266 1081 1327 tuo
1108 1264 1246 1327 contere
1274 1266 1307 1328 et
1339 1256 1496 1352 disperde
1523 1260 1662 1330 virtutes
1689 1260 1838 1331 innnicas
1864 1281 1943 1353 qnae
1965 1259 2051 1330 sitiunt

717 1375 913 1464 sanguinem
947 1372 1153 1474 adorantium
1187 1383 1238 1444 te:
1276 1396 1338 1468 per
1375 1377 1531 1445 virtutem
1566 1383 1654 1445 mam
1688 1374 1809 1447 fortern
1845 1397 1902 1448 eas
1932 1377 2004 1465 ejice
2026 1384 2051 1444 et

717 1488 859 1584 dissipa:
885 1499 923 1560 ut
948 1489 989 1560 ad
1017 1487 1160 1582 gloriam
1187 1501 1274 1561 tuam
1302 1488 1458 1585 hymnum
1484 1513 1613 1585 purum,
1639 1502 1763 1563 eastum
1790 1502 1826 1563 et
1852 1495 1999 1563 sinoemm
2020 1490 2052 1562 ab

717 1608 807 1678 omni
832 1605 921 1694 labe,
948 1605 1126 1679 offeramus
1154 1603 1224 1693 tibi,
1251 1614 1285 1677 et
1315 1609 1485 1699 unigenito
1519 1607 1604 1679 Filio
1631 1618 1703 1695 tuo,
1736 1618 1770 1679 et
1800 1608 1933 1703 Spiritui
1962 1617 2052 1680 sancto

715 1731 782 1792 tuo.
1640 1707 1644 1713 ⁴

821 1838 981 1932 Populus.
1034 1841 1155 1912 Arnen.

787 1955 1004 2066 ‘Sacerdos
1057 1957 1141 2028 Pax.

819 2072 1008 2145 Diaconos.
1052 2073 1159 2148 'Ante

811 2187 983 2283 'Populos
1037 2188 1161 2262 Coram
1189 2199 1232 2262 te.
1380 2281 1390 2294 s

819 2309 1004 2380 Sacerdos.
1041 2309 1164 2383 Coram
1193 2321 1226 2382 te
1251 2311 1395 2384 Domine
1421 2307 1578 2380 inclinant
1603 2309 1694 2379 servi
1720 2310 1768 2380 tui
1794 2309 1883 2381 colla
1910 2332 1976 2395 sua,
1998 2309 2055 2401 qaia

717 2436 898 2521 expectant
924 2425 1046 2499 donum
1072 2425 1232 2499 coeleste.
1268 2427 1320 2499 'lu
1347 2435 1455 2497 autem
1481 2423 1571 2497 bone
1598 2426 1653 2519 qui
1678 2424 1796 2520 plenus
1823 2446 1864 2496 es
1890 2428 2057 2498 misericor·

718 2540 781 2629 dia,
810 2541 969 2638 solusque
995 2541 1180 2634 benignus,
1213 2542 1336 2615 exaudi
1363 2546 1430 2615 cito
1456 2563 1577 2638 preces
1603 2540 1752 2630 illorum,
1785 2552 1822 2613 et
1854 2563 1975 2615 corona
2000 2540 2058 2612 illos

717 2680 845 2731 corona
872 2659 1003 2751 gloriae
1029 2656 1330 2733 immarcescibilis:
1356 2658 1483 2732 illustra
1509 2667 1638 2730 montes
1659 2668 1693 2730 et
1713 2659 1843 2730 animos
1870 2681 1980 2731 eornm
2001 2656 2058 2728 luca

718 2778 878 2848 scientiae
905 2783 991 2863 tuae,
1020 2786 1053 2848 et
1079 2775 1122 2848 da
1149 2777 1212 2849 illis
1239 2781 1337 2849 etiam
1364 2788 1400 2850 ut
1426 2784 1612 2867 agnoscant
1637 2777 1845 2867 majestatem
1871 2776 2059 2848 latentemir

717 2890 842 2963 Sancto
870 2890 1067 2963 Sanctorum
1094 2902 1162 2966 tuo.
1226 2892 1279 2966 Ne
1304 2897 1339 2965 iu
1364 2893 1447 2965 hora
1473 2894 1685 2964 convenienti
1710 2889 1922 2964 subtrabatur
1952 2891 1989 2964 ab
2011 2890 2059 2963 illis

717 3008 820 3097 salus,
847 3017 881 3080 et
906 3007 1075 3081 mundatio
1103 3012 1284 3081 animarum
1310 3009 1450 3082 illorum.
1504 3008 1645 3104 Suscipe
1672 3032 1691 3081 a
1718 3007 1817 3082 nobis
1852 3008 1983 3081 inlinms
2009 3007 2059 3078 da-

715 3126 929 3219 precationes
955 3126 1037 3198 istas
1065 3149 1148 3221 quas
1174 3149 1237 3223 pro
1263 3125 1327 3199 illis
1359 3126 1423 3198 boe
1449 3134 1600 3220 tempore
1625 3123 1793 3198 offerimus
1820 3123 1892 3198 tibi
1942 3124 1991 3197 Da
2012 3122 2060 3195 illis

716 3242 816 3311 etiam
851 3251 888 3312 ut
919 3263 1003 3337 pure
1035 3253 1069 3314 et
1099 3242 1228 3339 absque
1262 3241 1391 3315 macula
1428 3242 1669 3315 communicent
1700 3246 1837 3337 corpori
1870 3253 1905 3314 et
1934 3244 2059 3334 sanguini

717 3356 839 3431 Christi
865 3359 930 3430 Dei
956 3357 1144 3433 Salvatoris
1180 3369 1214 3431 at
1238 3359 1456 3433 vivificatoris
1482 3361 1603 3446 nostri,
1639 3356 1726 3453 quod
1752 3368 1905 3431 tenemus
1931 3369 2059 3452 tanquam

715 3475 808 3545 vitae
835 3477 965 3570 pignos,
991 3473 1145 3547 fiduciam
1171 3474 1331 3550 habentes
1364 3475 1451 3572 quod
1485 3473 1570 3546 illius
1602 3476 1854 3569 participatione
1881 3473 2059 3572 depellentm

715 3592 903 3683 iniquitates
937 3601 971 3663 et
1009 3594 1217 3686 insipientiae
1247 3602 1401 3686 nostrae:
1436 3590 1592 3687 quodque
1625 3588 1718 3662 velut
1746 3595 1923 3664 materiam
1952 3589 2062 3668 finan

717 3705 839 3777 ardore
872 3728 933 3779 suo
970 3729 1028 3779 eas
1061 3719 1235 3780 consumet
1273 3719 1307 3781 et
1346 3712 1493 3803 rejiciet3
1535 3711 1728 3801 animasque
1764 3719 1921 3795 nosnos,
1958 3709 2062 3779 naun

717 3820 877 3893 obsessas
904 3820 1118 3897 inflammabit
1145 3847 1260 3898 amore
1299 3828 1440 3897 nominis
1467 3827 1526 3912 tui,
1552 3821 1758 3919 replebitque
1792 3823 1870 3898 illas
1903 3823 2062 3917 gaudioet

628 3962 630 3978 ¹
717 3937 933 4010 exultatione.
988 3940 1038 4011 Da
1071 3940 1169 4013 nobis
1202 3945 1301 4013 etiam
1333 3931 1421 4013 nuu'o
1452 3952 1489 4012 ut
1514 3939 1687 4014 oculorum
1717 3943 1826 4013 aciem
1858 3941 2006 4015 levemus
2031 3935 2063 4010 ad

717 4051 869 4127 sublimia
895 4062 965 4145 tua,
992 4065 1026 4127 at
1052 4078 1275 4148 agnoscamus
1303 4079 1450 4130 amorem
1475 4069 1566 4130 tuum
1593 4078 1676 4149 erga
1701 4079 1765 4129 nos
1790 4056 1958 4148 homines,
1981 4060 2064 4128 meu·

717 4168 917 4266 plicabilem‚
944 4172 1211 4263 inenarrabilem,
1238 4185 1274 4247 et
1297 4174 1467 4263 inlinitum,
1495 4175 1774 4268 omnipotentem,
1807 4174 1853 4248 ad
1880 4178 1987 4247 omnia
2009 4192 2062 4241 ar-

716 4297 863 4360 tensrmr:
899 4287 1117 4384 omnibusque
1153 4288 1378 4363 sublimiorem
1410 4291 1585 4362 Dominum
1622 4292 1781 4378 omnium,
1821 4303 1859 4364 et
1893 4298 2064 4383 regnantem

717 4425 817 4498 super
845 4406 966 4494 omnia,
992 4414 1028 4476 ut
1054 4408 1084 4476 ei
1112 4428 1199 4477 nunc
1235 4416 1270 4478 et
1302 4430 1507 4502 quacumque
1542 4405 1623 4479 bora
1654 4410 1781 4499 gratias
1817 4431 1979 4501 agamus,
2008 4403 2064 4498 luy-

716 4541 879 4615 mnosque
904 4520 1130 4596 indesinenter
1157 4521 1334 4598 oderamus
1360 4522 1431 4611 tibi,
1458 4525 1550 4597 Deus
1576 4525 1686 4613 Pater,
1712 4529 1886 4618 unigenito
1906 4525 1988 4598 Filio
2010 4531 2063 4604 uo,

717 4646 751 4708 et
777 4636 914 4731 Spiritui
940 4646 1057 4711 sancto
1084 4648 1152 4714 tuo.

717 4794 721 4798 ·
819 4752 981 4846 Populos.
1033 4755 1153 4827 Amen.

716 4921 719 4928 .
821 4868 1006 4944 δασενόοε.
1058 4871 1144 4943 Pax.

716 5019 722 5030 ·
821 4984 983 5078 Populos.
1035 4985 1178 5059 Etcum
1205 4989 1320 5083 spiritu
1345 4999 1412 5063 tuo.

715 5121 728 5162 α
821 5098 1005 5175 Sacerdos.
1056 5101 1311 5178 Misericordiae
1337 5106 1402 5177 Dei
1428 5107 1502 5204 siut
