4525 6034
726 570 801 644 326
1283 575 1514 657 notas

764 847 982 944 Συναχθὴιε
1006 846 1068 922 καὶ
1093 849 1259 934 siccidam
1285 849 1320 921 ot
1345 845 1518 927 διάκονοι.
1571 851 1830 951 Conpreqoeniui
1855 862 1890 929 ct
1914 860 2032 931 intrate

1320 965 1481 1039 Diucooi.
1670 968 1675 975 '

819 1102 890 1183 Curi
912 1116 1051 1181 rubricae
1074 1117 1132 1179 boc
1155 1118 1185 1179 iu
1208 1117 1313 1181 codice
1335 1120 1386 1181 vix
1408 1119 1487 1183 ullae
1508 1122 1582 1196 sint,
1604 1130 1635 1185 et
1657 1121 1774 1204 Coptici
1804 1126 2003 1188 caeremonias
2023 1126 2065 1189 di-

722 1237 827 1284 versas
850 1218 1037 1297 contineant,
1060 1218 1287 1299 conjectandum
1309 1225 1366 1298 est,
1389 1220 1442 1282 sed
1465 1221 1629 1284 secundum
1641 1223 1933 1287 verisimilitudinem.
1962 1224 2066 1289 Obser-

722 1338 825 1382 vamus
848 1316 1012 1380 secundnm
1035 1316 1219 1399 disciplinam
1242 1317 1465 1383 Alexandrinae
1487 1318 1660 1401 Ecclesiae,
1689 1321 1767 1384 intra
1796 1319 1895 1406 Βῆμα
1922 1341 1976 1386 seu
2000 1344 2066 1386 ιαιι-

721 1420 890 1498 ctuursttm,
923 1417 1093 1479 constitisse
1125 1417 1322 1496 Sacerdotes,
1354 1417 1579 1501 Episcoposve,
1609 1422 1636 1483 si
1664 1422 1760 1484 sacris
1789 1421 1986 1496 interessent,
2013 1442 2067 1487 uon

720 1537 796 1581 vero
842 1518 1009 1596 Diaconos,
1052 1518 1108 1579 nisi
1144 1517 1245 1580 altaris
1284 1517 1449 1581 ministerio
1482 1518 1689 1601 fungerentur.
1745 1521 1819 1583 Nam
1856 1540 1934 1585 nnus
1964 1522 2064 1586 Diaco-

721 1638 777 1682 nus
807 1617 893 1680 altari
922 1616 1072 1697 adstabat,
1101 1626 1132 1679 et
1161 1617 1359 1693 ministrabat,
1393 1626 1426 1681 ιιι
1454 1619 1563 1700 passim
1599 1628 1702 1684 notant
1736 1621 1845 1683 rituum
1880 1620 2065 1702 Interpretes:

720 1717 798 1782 baud
827 1717 945 1798 plnres,
974 1725 1007 1779 ut
1033 1717 1064 1779 iu
1093 1716 1159 1780 aliis
1188 1735 1285 1798 prope
1314 1716 1451 1780 omnibus
1473 1716 1628 1782 Ecclesiis.
1672 1719 1737 1783 lloc
1757 1720 1849 1802 igitur
1876 1720 1945 1782 loco
1967 1721 2066 1783 intelli-

720 1817 851 1902 gendum
874 1816 1011 1896 videtur,
1039 1815 1204 1881 Diaconum
1225 1817 1442 1880 ministrantem
1465 1835 1574 1881 vocare
1601 1819 1735 1903 collegas
1765 1838 1836 1883 suos
1867 1819 1906 1882 ad
1937 1818 2065 1882 Commu·

718 1919 855 1993 nionern,
889 1936 977 1997 quam
1005 1917 1184 1998 suscipiunt,
1218 1923 1376 1998 postquam
1409 1919 1636 1981 communicavit
1665 1917 1816 1983 Sacerdos
1847 1919 2013 1997 celebrans,
2039 1928 2066 1982 et

719 2017 874 2083 Sacerdoti
896 2018 981 2080 socio
1003 2035 1059 2080 seu
1080 2017 1259 2079 ministranti
1281 2016 1362 2079 dedit
1386 2016 1561 2098 particulam
1583 2027 1804 2097 consecratam,
1826 2020 1857 2081 in
1879 2036 2002 2097 manum,
2022 2018 2065 2082 vel

718 2122 749 2183 in
771 2117 939 2195 cochleari,
962 2123 994 2179 ut
1016 2123 1099 2180 notat
1121 2115 1258 2179 Gabriel:
1282 2124 1342 2178 turn
1365 2116 1498 2179 Diacouo
1520 2117 1708 2197 ministranti,
1735 2127 1766 2182 et
1787 2117 1897 2181 deinde
1919 2118 1982 2181 aliis
2002 2117 2065 2179 Dia·

718 2221 802 2283 conis
824 2218 966 2298 mysteria
989 2217 1129 2298 impertit.
1174 2215 1277 2297 ltaque
1299 2224 1444 2279 vocantur
1465 2216 1511 2279 his
1533 2217 1651 2297 verbis,
1686 2226 1718 2281 nt
1747 2218 1782 2281 ad
1806 2217 1901 2280 altare
1924 2217 2063 2294 accedant,

717 2317 768 2381 nbi
801 2317 1037 2379 communionem
1065 2317 1207 2398 accipere
1236 2315 1350 2394 solent,
1380 2315 1487 2398 reliqui
1516 2318 1603 2379 etiarn
1633 2336 1672 2380 ex
1702 2315 1803 2380 Claro.
1846 2317 1979 2379 Videnda
2006 2325 2064 2380 sunt

718 2435 796 2498 quae
818 2415 856 2480 de
878 2417 957 2480 illius
978 2417 1038 2478 ritu
1060 2415 1186 2479 diximus
1209 2417 1238 2479 in
1261 2417 1340 2479 notis
1363 2417 1400 2480 ad
1413 2415 1566 2499 Copticam
1588 2416 1768 2499 Litnrgiam:
1790 2418 1926 2499 quamvis
1948 2417 2063 2479 enimin

717 2516 914 2581 caeremoniis
937 2518 975 2579 sit
997 2515 1095 2597 aliqua
1118 2513 1294 2593 diversitas,
1316 2516 1413 2592 (nulla
1435 2517 1546 2598 quippe
1568 2515 1706 2579 Ecclesia
1729 2525 1793 2596 est,
1824 2526 1875 2581 aut
1905 2515 1973 2593 init,
1998 2532 2063 2597 quae

716 2618 854 2700 proprios
876 2616 992 2698 aliquos
1014 2634 1075 2679 non
1097 2615 1239 2695 baberet,
1262 2616 1342 2697 quod
1364 2617 1402 2680 de
1423 2616 1619 2699 Aegyptiacis
1642 2623 1770 2679 testatur
1790 2616 2000 2694 Abnlbircat,)
2021 2613 2063 2676 illa

716 2727 815 2783 tamen
849 2719 924 2782 leuis
954 2717 1110 2782 admodum
1139 2716 1256 2780 videtur
1284 2714 1392 2779 inisse:
1425 2715 1530 2779 saltem
1562 2715 1709 2798 explicari
1737 2716 1843 2780 melius
1875 2734 1937 2779 non
1965 2720 2063 2797 potest,

716 2837 804 2899 quam
826 2838 865 2882 ex
886 2838 922 2883 ea
945 2837 1023 2900 quae
1045 2819 1075 2880 in
1098 2816 1230 2898 Copticis
1252 2815 1354 2879 oltlciis
1375 2816 1563 2879 observatur.
1758 2802 1762 2807 ’

751 3078 849 3179 Εὐχή
875 3079 1103 3181 affectuales.
1146 3080 1266 3151 Oratio
1286 3080 1484 3185 Gratiarum
1505 3080 1653 3149 actionis
1673 3085 1753 3171 post
1779 3079 2039 3149 communionem.

827 3275 917 3363 lsir,
941 3296 971 3350 et
994 3303 1072 3367 qnae
1094 3291 1261 3364 sequuntur
1282 3285 1433 3346 orationes
1455 3300 1517 3345 non
1538 3281 1663 3346 eaedem
1686 3282 1806 3345 omnino
1828 3289 1910 3361 snut,
1933 3282 1958 3343 si
1979 3277 2062 3341 verba

717 3398 905 3475 spectentur,
929 3406 964 3450 ac
992 3386 1059 3447 illae
1081 3383 1189 3466 quibus
1211 3382 1336 3446 oldciunr
1358 3383 1532 3444 terminatur
1559 3382 1589 3444 iu
1611 3380 1737 3463 Coptica
1759 3381 1905 3465 liturgia.
1948 3380 2061 3459 Nempe,

717 3499 749 3554 ut
771 3491 910 3572 superins
933 3486 1124 3551 observatum
1146 3490 1210 3560 est,
1232 3481 1349 3545 illarum
1371 3483 1537 3546 orationum
1558 3481 1660 3544 variae
1683 3481 1796 3545 sormae
1811 3489 1895 3543 suut:
1917 3500 1956 3544 cx
1971 3479 2062 3544 diver-

717 3592 759 3655 sis
780 3588 923 3672 Litnrgiis
944 3587 1071 3668 petitae,
1093 3601 1192 3664 neque
1214 3599 1318 3644 omnes
1346 3581 1404 3644 dici
1426 3581 1541 3657 solent,
1571 3582 1627 3644 nisi
1650 3582 1686 3645 ad
1710 3580 1884 3645 Sacerdotis
1914 3580 2064 3654 arbitrium,

717 3690 772 3754 sed
794 3688 921 3752 omnium
945 3703 1003 3747 uua
1025 3684 1173 3747 sententia
1196 3689 1252 3744 est.
1296 3681 1391 3743 Prima
1415 3699 1492 3761 quae
1513 3681 1630 3762 incipit,
1667 3680 1820 3761 impletum
1840 3688 1888 3743 est
1906 3680 2014 3761 puudio
2033 3694 2063 3738 os

715 3797 868 3867 aesimon,
891 3786 994 3868 paucis
1017 3783 1174 3845 immutatis
1195 3780 1307 3862 legitur
1333 3781 1363 3842 in
1386 3779 1518 3862 Copticis
1541 3779 1711 3844 Codicibns.
1754 3780 1897 3861 Sequitur
1919 3779 1975 3841 alia
1994 3794 2061 3858 quac

714 3879 919 3974 γονυκλισιας
948 3883 1070 3947 dicitur:
1104 3884 1135 3945 in
1167 3881 1298 3962 Copticis
1327 3879 1440 3942 titulum
1469 3880 1575 3960 babet,
1604 3880 1805 3962 impositionis
1832 3898 1989 3955 munuum,
2015 3873 2061 3939 sed

698 3989 811 4057 ,oratio
834 3989 899 4068 ipsa
923 3984 1043 4048 diversa
1065 3989 1122 4045 est.
1166 3979 1231 4042 Nec
1251 3981 1308 4042 ista
1330 3979 1417 4042 etiarn
1447 3979 1630 4062 exemplaria
1661 3980 1738 4043 inter
1768 3998 1802 4042 se
1832 3979 1969 4061 perfecte
1995 3992 2059 4038 con-

712 4089 857 4150 sentiunt:
880 4103 947 4148 nam
969 4083 1069 4146 ultima
1092 4079 1262 4144 benedictio
1285 4097 1363 4161 qnae
1386 4079 1507 4141 extabat
1528 4080 1559 4141 in
1580 4078 1775 4163 Scaligerano
1798 4077 1930 4154 Codice,
1951 4074 2058 4139 omnino

711 4186 810 4252 differt
832 4186 869 4249 ab
892 4203 945 4263 ea,
969 4201 1055 4264 quarn
1076 4179 1164 4263 Regii
1185 4186 1217 4241 et
1239 4177 1288 4241 alii
1311 4177 1438 4242 Codices
1460 4186 1698 4260 repraesentant.
1741 4177 1821 4241 ldem
1842 4176 2058 4254 observaripo-

710 4294 770 4350 test
798 4289 829 4349 in
859 4284 960 4347 officiis
987 4280 1114 4359 Latinis,
1145 4296 1205 4342 uon
1233 4277 1322 4341 modo
1353 4276 1479 4341 Romani
1500 4278 1602 4359 Ritus,
1631 4278 1685 4341 sed
1717 4277 1846 4356 Gothici,
1881 4270 2056 4347 blosarabici,

709 4383 913 4464 Ambrosiaui,
943 4381 1104 4458 Gallicani,
1127 4386 1251 4460 praeter
1272 4378 1451 4461 singulares,
1473 4379 1629 4442 multarum
1650 4378 1852 4442 Ecclesiarum
1874 4393 1933 4439 usu
1955 4370 2057 4436 confir-

710 4491 816 4547 matos.
859 4483 973 4564 Nempe
995 4488 1064 4545 ante
1094 4478 1353 4558 communionem,
1383 4487 1414 4541 et
1442 4495 1477 4541 ea
1507 4486 1645 4559 peracta,
1671 4474 1945 4559 pronunciabantur
1970 4473 2055 4534 bene-

711 4584 858 4649 dictiones
888 4584 1027 4648 diversae
1055 4600 1148 4663 snper
1174 4579 1316 4661 populum
1339 4596 1356 4640 a
1379 4577 1606 4642 Sacerdotibus:
1636 4586 1667 4640 et
1696 4582 1781 4640 erant
1808 4573 1968 4638 nonnullae
1988 4570 2055 4651 Epi·

711 4684 850 4766 scopeles
874 4685 988 4760 dictae,
1010 4668 1079 4764 quia
1101 4700 1118 4743 a
1141 4679 1215 4743 solis
1236 4678 1393 4761 Episcopis
1416 4676 1601 4742 dicebantur.
1645 4676 1690 4740 De
1714 4675 1769 4738 illis
1792 4681 1934 4737 accurate
1956 4679 1985 4734 ct
1998 4668 2055 4731 inse

444 4792 505 4844 tter.
525 4791 617 4861 ωιις.
640 4792 658 4845 ι.
673 4792 700 4847 2.
712 4786 833 4867 scripsit
862 4782 1025 4847 Cardinalis
1054 4780 1153 4859 Bona,
1180 4798 1268 4862 quem
1297 4777 1456 4840 consulere
1485 4776 1747 4859 operaepretium
1774 4781 1835 4850 est,
1864 4791 1932 4835 cum
1958 4767 2054 4832 multas

393 4896 417 4932 ⁶·
434 4878 478 4930 ¹⁶·
713 4885 858 4970 ejusmodi
875 4879 1107 4947 benedictiones
1118 4879 1287 4962 collegerit.
1325 4877 1544 4959 Episcopalium
1562 4875 1758 4939 collectiones
1780 4881 1883 4936 extant
1905 4875 1935 4934 in
1956 4884 2052 4931 manu·
2120 4948 2124 4960 ι

712 4987 834 5069 scriptis
857 4984 1035 5063 Codicibns,
1059 4983 1109 5063 qni
1130 4980 1243 5043 idcirco
1265 4979 1364 5042 vocati
1385 4984 1456 5040 sunt
1477 4976 1546 5039 olim
1567 4974 1827 5037 Beaedictiouctea
1847 4972 1925 5034 libri.
1967 4968 2053 5078 thue

715 5086 746 5149 in
767 5085 826 5149 boc
846 5084 916 5149 Ritu
937 5082 1143 5148 Alexandrino
1172 5079 1321 5143 Diaconos
1351 5076 1437 5158 dicit,
1471 5062 1539 5151 Τὰς
1560 5061 1704 5160 κεφαλὰς
1726 5063 1815 5152 ὑμῶν
1834 5066 1880 5152 aqi
1901 5064 1972 5150 θεῷ
1990 5060 2055 5127 κλι-
