4525 6034
504 574 588 652 sttn
616 572 747 652 citou
772 572 1020 651 uumerus
1048 570 1273 650 mimorum
1498 570 1575 646 495

213 786 284 837 vam
309 761 381 851 titi,
408 761 535 835 iaciens
560 760 764 835 voluntatem
791 769 895 833 tuam:
922 781 996 832 cum
1022 759 1088 832 dde
1113 760 1237 832 invoco
1264 768 1297 831 te
1323 767 1433 855 pater,
1457 768 1492 831 et
1517 756 1576 831 in-

212 902 294 952 voco
320 901 462 971 regnum
488 888 587 951 tuum
640 876 871 950 Sanctificetur
895 879 1038 951 Domine
1064 898 1205 970 regnum
1231 886 1342 968 tirum,
1375 887 1409 948 et
1442 873 1501 948 tibi
1533 879 1577 949 sit

212 995 315 1089 gloria
341 995 536 1068 insaecula
564 993 783 1068 saeculorum.

308 1112 496 1184 numm
548 1110 706 1183 Inclinate
732 1113 841 1207 capita
866 1121 982 1184 vestra
1007 1131 1122 1184 coram
1148 1109 1292 1183 Domino
1319 1110 1393 1183 Deo
1424 1113 1575 1198 vivente,

212 1228 268 1302 sud
295 1250 393 1300 manu
419 1229 512 1299 servi
538 1231 610 1320 ejus
637 1227 835 1321 sacerdotis,
860 1237 897 1300 nt
920 1226 1098 1301 benedicat
1121 1222 1232 1299 vobis.

309 1343 471 1438 Populea.
527 1343 645 1416 Arnen.

309 1459 493 1533 Sacerdos.
552 1460 734 1532 Benedicat
768 1482 832 1535 nos
864 1481 986 1533 servos
1018 1482 1098 1534 suos
1131 1460 1316 1533 Dominus:
1349 1461 1382 1531 in
1415 1481 1502 1555 pace
1534 1462 1578 1533 sit

209 1579 360 1649 remissio
386 1586 612 1673 peccatorum,
638 1575 736 1650 nobis
763 1580 818 1673 qni
844 1579 1055 1674 percepimus
1081 1598 1205 1672 corpus
1232 1577 1304 1668 ejus
1340 1586 1512 1669 sanctum,
1543 1587 1578 1650 et

211 1696 404 1786 sanguinem
430 1696 503 1786 ejus
535 1696 727 1790 pretiosum.
785 1694 943 1767 Concede
973 1693 1070 1766 nobis
1101 1714 1165 1789 per
1195 1695 1361 1787 spiritum,
1392 1703 1428 1766 ut
1459 1715 1576 1767 omnes

212 1812 299 1881 vires
325 1810 448 1880 inimici
473 1808 716 1882 conculcemus.
742 1810 935 1884 Benedictio
962 1831 1078 1883 manus
1104 1820 1183 1882 tuae
1208 1819 1362 1897 sauctae,
1394 1807 1493 1905 plena
1525 1821 1577 1883 est

211 1923 436 1997 misericordia
464 1934 498 1996 at
523 1927 557 1996 in
590 1948 631 1997 ea
663 1948 756 2022 spem
789 1949 906 2000 omnes
938 1925 1116 2000 habemus:
1150 1922 1192 1997 ab
1229 1927 1318 1997 omni
1351 1948 1455 2021 opere
1487 1926 1576 2000 malo

210 2063 347 2115 remove
373 2060 452 2112 nos:
480 2041 582 2113 etad
609 2064 708 2114 omne
735 2066 820 2140 opus
848 2041 970 2117 bonnm
997 2043 1143 2136 adjunge
1168 2062 1241 2113 nos.
1294 2041 1496 2116 Benedictus
1521 2046 1578 2140 qui

210 2157 296 2230 dedit
329 2154 427 2229 nobis
460 2178 583 2253 corpus
614 2182 709 2232 snum
751 2170 918 2255 sanctum,
958 2171 992 2234 et
1024 2162 1220 2253 sanguinem
1254 2180 1347 2231 suum
1383 2162 1576 2256 pretiosum.

211 2273 355 2346 Gratiam
391 2275 600 2369 accepimus,
631 2285 665 2346 et
698 2278 802 2348 vitam
835 2279 1040 2366 invenimus,
1073 2297 1136 2372 per
1165 2277 1320 2346 virtutem
1352 2277 1462 2350 crucis
1493 2276 1578 2351 desn

212 2388 340 2462 Christi.
375 2388 451 2462 Tibi
470 2388 614 2462 Domine
639 2395 766 2483 gratim
793 2396 935 2486 agimus,
963 2393 1052 2490 quod
1078 2393 1306 2486 acceperimus
1332 2395 1474 2486 gratiam
1491 2393 1576 2490 Spi-

211 2508 288 2578 ritus
315 2508 430 2577 sancti.
471 2503 586 2578 Gloria
612 2506 754 2582 Domino
781 2509 869 2599 Deo,
896 2513 952 2606 qui
978 2509 1068 2582 dedit
1093 2508 1192 2582 nohis
1219 2530 1341 2604 corpus
1369 2531 1463 2582 suum
1490 2532 1577 2583 san-

212 2630 305 2711 ctum,
333 2633 367 2695 et
393 2624 587 2713 sanguinem
612 2628 815 2720 pretiosum,
849 2626 921 2699 laus
946 2627 1076 2699 Mariae
1106 2648 1193 2721 quae
1219 2635 1272 2699 est
1297 2625 1406 2718 gloria
1432 2629 1579 2701 omnium

211 2749 369 2828 nostrum,
397 2760 483 2835 qnae
509 2739 644 2834 protulit
668 2741 766 2816 nobis
791 2742 1041 2817 Eucharistiam.
