4525 6034
672 519 750 597 LIV
1154 526 1529 604 DISSEBTATIO

673 715 708 779 et
733 713 768 779 in
795 714 845 783 eia
870 734 974 807 sosque
998 715 1036 783 in
1059 716 1162 807 finem
1173 718 1481 808 perseverantiam,
1509 716 1556 785 ad
1573 715 1699 788 Christi
1725 715 1881 789 Gratiam
1904 723 2042 814 referre

673 825 874 919 docuerunt,
902 810 1173 901 obsecrationum
1199 851 1330 926 quoquc
1363 830 1636 903 Sacerdotaliam
1661 832 1889 909 Socrmaento
1920 840 2040 931 respi-

672 944 814 1031 ciamus,
849 967 937 1039 quoe
969 945 1012 1016 ab
1039 946 1215 1041 Apostolis
1241 947 1371 1016 hadita
1405 950 1440 1018 in
1474 952 1545 1018 toto
1579 949 1719 1037 mando,
1746 956 1848 1044 atque
1881 953 1918 1021 in
1950 957 2041 1025 omui

672 1057 851 1132 Catholica
877 1062 1035 1133 Ecclesia
1067 1065 1280 1156 uniformiter
1313 1063 1549 1156 celebrantur,
1587 1071 1625 1135 ut
1657 1064 1763 1160 legem
1789 1066 1950 1138 medendi
1981 1068 2042 1139 lea

672 1180 801 1247 statuat
838 1179 1061 1273 supplicandi.
1125 1180 1206 1249 Cum
1241 1181 1328 1249 enim
1368 1187 1561 1252 sanctarum
1595 1181 1828 1255 Ecclesiamsm
1863 1184 2042 1276 massulas

675 1294 837 1364 mandata
861 1294 993 1366 sibimet
1017 1295 1189 1390 lepatione
1210 1299 1397 1390 scopentur
1430 1297 1522 1390 apud
1553 1297 1700 1369 dioinom
1730 1298 1939 1370 clementiam
1970 1299 2040 1371 ba-

676 1413 768 1479 mani
791 1414 928 1505 pencris
953 1417 1057 1506 apunt
1082 1434 1235 1499 causam,
1262 1417 1298 1481 et
1322 1417 1395 1482 tota
1424 1434 1536 1484 secum
1570 1412 1730 1485 Ecclesia
1762 1418 2040 1511 congemiscente,

672 1527 845 1619 postulant
870 1533 904 1600 et
926 1533 1124 1621 precantur,
1150 1534 1187 1597 at
1211 1525 1401 1619 infidelibus
1426 1529 1686 1623 donctorfides:
1712 1536 1750 1600 nt
1763 1530 1968 1602 idololatrae
1994 1532 2039 1604 ab

674 1646 856 1737 impietatis
880 1667 963 1716 suae
988 1643 1175 1715 liberentur
1201 1642 1390 1715 erroribus:
1418 1644 1621 1717 minuans
1647 1645 1762 1716 mmm
1790 1647 1904 1718 cordis
1937 1648 2039 1718 oela-

672 1765 759 1831 mine
794 1760 851 1831 len
881 1763 1038 1832 cerbatis
1070 1766 1258 1853 appareat:
1302 1766 1339 1831 nt
1370 1761 1537 1833 haeretici
1570 1762 1769 1835 Catholicae
1798 1763 1882 1857 fidei
1906 1785 2040 1858 perce-

668 1880 787 1971 ptione
798 1879 1022 1973 resipiscant:
1040 1883 1077 1947 at
1087 1875 1304 1949 Schismatici
1318 1880 1471 1971 spiritam
1485 1879 1659 1950 redioioae
1675 1881 1833 1951 caritatis
1845 1882 2039 1973 accipiant:

669 2001 707 2063 at
732 1992 837 2086 lapsis
859 1995 1092 2087 poenitentiae
1117 1993 1269 2063 remedio
1295 1997 1535 2087 conferantur:
1564 2001 1601 2065 ot
1621 1996 1765 2089 denique
1782 1995 2040 2084 catechumenis,

671 2109 718 2180 ad
742 2112 1014 2205 regenerationis
1039 2114 1255 2179 comanente
1275 2110 1470 2202 perductis,
1499 2111 1655 2183 caelestis
1671 2111 1931 2183 misericordiae
1958 2112 2041 2183 aula

347 2215 852 2297 temperamentorum.
904 2224 1031 2296 Eadem
1055 2226 1185 2295 ratione
1217 2245 1297 2298 usus
1333 2235 1385 2297 est
1418 2225 1537 2298 Petrus
1571 2227 1741 2301 Diaconus
1777 2229 1964 2300 testimonio
1991 2250 2039 2299 ex

344 2320 376 2371 p.
389 2303 451 2354 210.

670 2340 784 2413 Basilii
809 2340 960 2434 Liturgia
986 2340 1176 2436 desumpto,
1211 2348 1247 2411 ut
1271 2339 1444 2435 Remigius
1469 2341 1714 2435 Lugdunensis.
1768 2343 1866 2430 Quod
1892 2346 1992 2435 igitur
2018 2369 2041 2419 a

669 2460 792 2530 sanctis
817 2456 992 2530 Ecclesiae
1018 2455 1210 2529 doctoribus
1236 2456 1357 2529 iactum
1383 2468 1456 2549 est,
1483 2457 1557 2529 dum
1585 2482 1700 2533 sanam
1727 2460 1891 2532 abversus
1909 2458 2039 2554 Pelagii

669 2583 853 2647 sectatores
887 2572 1088 2663 doctrinam,
1122 2572 1281 2666 Liturgiis
1314 2581 1469 2669 tanquam
1494 2573 1668 2648 Ecclesiae
1695 2577 1793 2647 totius
1825 2597 1914 2647 voco
1947 2600 2038 2649 con-

666 2688 897 2779 firmaverunt3
923 2713 990 2762 non
1016 2692 1136 2761 minori
1158 2691 1234 2781 jure
1259 2688 1411 2762 iecenmt
1426 2701 1541 2763 nostra
1564 2701 1673 2764 aetate
1690 2695 1840 2785 insignes
1858 2691 2037 2786 Theologi,

668 2828 743 2877 cum
767 2806 994 2881 Eucharistiae
1021 2806 1120 2878 fidem
1147 2827 1259 2876 earum
1286 2811 1461 2880 autoritate
1488 2807 1650 2881 abversus
1678 2809 1935 2882 Protestantium
1965 2828 2037 2879 no-

666 2926 788 2995 vitates
815 2931 1118 3020 propugnaverunt
1174 2918 1257 2993 Cum
1284 2927 1370 2994 enim
1398 2922 1440 2995 de
1467 2923 1539 2995 aliis
1567 2923 1736 2996 doctrinae
1763 2923 1943 3020 capitibus,
1968 2945 2037 2996 non

624 3092 627 3101 .
666 3041 729 3111 nisi
756 3062 818 3135 per
844 3043 1056 3113 occasionem
1082 3041 1115 3109 in
1143 3041 1250 3113 sacris
1278 3037 1418 3132 Officiis,
1446 3040 1567 3135 aliqud
1593 3040 1658 3112 «lici
1681 3044 1808 3137 possit,
1834 3048 1868 3112 at
1881 3044 2036 3136 proprius

669 3154 910 3250 quodammodo
936 3155 1031 3228 locus
1059 3154 1277 3251 explicandae
1303 3154 1380 3227 bdei
1407 3155 1449 3228 da
1474 3154 1699 3248 Eucharistia,
1725 3159 1760 3228 in
1785 3155 1848 3229 illis
1876 3167 1937 3230 est.

363 3300 655 3362 summasunmna
771 3272 897 3345 Sacrae
923 3273 1115 3369 Scripturas
1142 3271 1248 3345 verba
1281 3273 1316 3343 in
1350 3269 1468 3367 quibus
1502 3276 1682 3368 praecipue
1716 3272 1852 3346 lundata
1887 3281 1958 3361 est,
1989 3273 2036 3343 ita

347 3387 503 3456 nubentur
525 3388 600 3442 item
618 3390 651 3443 ue
668 3388 858 3485 simpliciter
884 3398 1201 3477 commemorantur,
1227 3396 1263 3458 ut
1290 3387 1430 3484 simplici
1456 3398 1490 3463 et
1508 3387 1629 3460 literali
1646 3410 1747 3461 sensu
1765 3387 1902 3482 intelligi
1917 3388 2036 3459 eadem

344 3472 512 3526 Eucharistia.

667 3513 838 3600 oporteat,
865 3529 886 3577 a
911 3503 1011 3602 plebe
1037 3508 1250 3601 praesertim,
1278 3525 1363 3599 quae
1395 3501 1559 3576 subtilium
1593 3506 1896 3600 interpretationum
1926 3506 2035 3575 minus

665 3645 794 3718 capax,
821 3622 896 3695 dum
924 3624 1085 3699 elementa
1103 3603 1207 3719 'panis
1235 3629 1268 3693 et
1293 3621 1362 3692 vini
1389 3619 1539 3713 intelligit
1555 3619 1627 3692 beri
1648 3641 1770 3716 corpus
1784 3629 1819 3691 et
1839 3622 2035 3712 sanguinem

667 3739 806 3829 Christi,
845 3761 992 3834 moxque
1023 3748 1060 3810 ιιι
1092 3748 1289 3810 consecrata
1325 3745 1418 3827 sunt,
1452 3757 1519 3807 non
1553 3736 1648 3808 aliter
1683 3735 1859 3832 appellari:
1892 3758 2035 3832 cunque

666 3854 784 3927 eadem
810 3853 1122 3929 communicantibus
1155 3852 1373 3951 praebentur,
1407 3850 1497 3923 audit
1527 3875 1547 3923 a
1582 3850 1812 3926 sacerdotibus
1846 3849 1912 3925 hoc
1944 3853 2034 3947 quod

665 3971 728 4045 illis
755 3972 867 4062 datur,
893 3993 960 4044 non
982 3975 1051 4064 jam
1079 3993 1156 4045 esse
1181 3992 1299 4067 panem
1327 3979 1360 4041 et
1385 3973 1499 4042 vinum
1523 3968 1746 4060 striduntur,
1774 3967 1835 4042 sed
1861 3990 1983 4065 corpus
1998 3978 2035 4039 et

666 4093 879 4187 sanguinem,
912 4087 1018 4187 deque
1045 4110 1087 4161 ea
1113 4088 1178 4161 fide
1204 4087 1372 4161 confessio
1407 4089 1658 4182 pronunciatur,
1691 4107 1758 4158 non
1791 4094 1903 4180 potest
1935 4082 2033 4154 aliam

664 4210 698 4278 in
724 4210 832 4279 animo
859 4207 1045 4300 opinionem
1072 4203 1217 4295 lmbere,
1243 4213 1377 4299 praeter
1404 4224 1476 4273 eam
1503 4224 1601 4297 quam
1616 4200 1723 4274 verba
1740 4205 1812 4297 ipsa
1826 4198 2031 4296 praeierunt.

665 4320 816 4399 Omnium
843 4324 963 4418 quippe
990 4323 1307 4417 interpretationum,
1335 4316 1451 4413 quibus
1468 4317 1630 4390 literalem
1657 4328 1691 4390 et
1709 4317 1889 4412 simplicem
1909 4314 2031 4388 Christi

662 4439 844 4514 verborum
871 4438 1145 4531 significationem
1171 4440 1339 4507 invertere
1365 4433 1617 4506 Reformatores
1636 4436 1746 4506 conati
1773 4443 1864 4521 sunt,
1891 4430 1979 4503 nulla
1997 4431 2032 4499 in

664 4559 854 4651 antiquitate
880 4554 1081 4651 praesidium
1105 4552 1223 4645 babet,
1249 4562 1305 4623 aut
1329 4551 1385 4623 ulh
1411 4560 1563 4624 veterum
1581 4550 1713 4623 Patruus
1739 4553 1772 4621 in
1790 4559 1934 4621 mentem
1960 4569 2031 4617 ve-

663 4677 720 4747 nit.
772 4672 880 4745 Nemo
908 4675 993 4744 inter
1021 4693 1081 4745 eos
1109 4691 1246 4766 quorum
1280 4668 1322 4739 ab
1356 4689 1419 4742 nos
1452 4671 1575 4764 scripta
1607 4676 1832 4762 pervenerunt
1857 4667 2028 4737 monuisse

665 4787 934 4861 animadvertitur
958 4791 992 4860 in
1016 4787 1168 4859 Homibis
1195 4795 1250 4856 aut
1277 4782 1513 4858 CatecbesIbns
1539 4783 1711 4881 populum,
1737 4805 1780 4853 ne
1805 4781 1958 4854 crederet
1984 4802 2031 4851 ex

574 4949 578 4955 ι
665 4904 803 5003 simplici
828 4904 1009 4978 verborum
1035 4904 1296 4997 significatione,
1323 4899 1356 4972 id
1383 4900 1469 5001 quod
1496 4897 1703 4996 accipiebant
1728 4921 1812 4970 vere
1839 4920 1918 4971 esse
1944 4919 2028 4969 cor-

664 5043 727 5118 pus
746 5018 884 5114 Christi,
910 5024 976 5097 imo
995 5023 1145 5115 graviter
1162 5016 1379 5110 inculcabant,
1406 5027 1441 5088 ut
1463 5019 1508 5090 ita
1525 5015 1686 5089 crederet.
1730 5015 1894 5090 Sensuum
1920 5036 2028 5111 repu-
