4525 6034
678 576 758 651 288
1182 572 1541 650 tlt-unuln

782 763 942 857 Populus.
997 765 1116 835 Amen.

783 880 967 951 Sacerdos.
1022 877 1180 952 Similiter
1215 887 1249 948 et
1288 898 1388 972 super
1428 875 1566 947 calicem
1600 878 1711 963 vitae,
1746 882 1921 971 postquam
1957 875 2043 948 illum

681 1001 762 1069 vino
790 1007 824 1067 et
851 1018 936 1090 aqua
965 1003 1147 1089 temperate
1173 995 1321 1081 miscuit,
1349 1003 1383 1063 et
1408 996 1583 1064 sanctitate
1610 1013 1670 1064 sua
1703 995 1933 1079 consecravit,
1960 1016 2044 1088 per-

680 1113 837 1206 fecitque,
864 1123 897 1183 et
924 1110 1055 1183 tradidit
1080 1108 1254 1204 Apostolis
1280 1112 1422 1181 sanctis:
1450 1107 1549 1180 dixit:
1581 1109 1755 1204 Accipite,
1794 1106 1897 1182 bibite
1931 1132 1977 1181 ex
2003 1131 2045 1180 eo

682 1253 747 1302 vos
778 1250 913 1301 omnes:
941 1227 1033 1298 Vere
1066 1229 1154 1297 enirn
1184 1224 1238 1296 hic
1274 1236 1325 1296 est
1352 1229 1488 1317 sanguis
1521 1248 1616 1297 meus
1652 1228 1707 1320 qui
1740 1247 1803 1320 pro
1836 1224 1947 1296 mundi
1977 1229 2047 1297 vita

684 1345 867 1432 ellunditur,
894 1352 928 1414 et
954 1342 1119 1431 dividitur,
1147 1345 1179 1413 in
1195 1344 1424 1413 remissionem
1439 1351 1653 1437 peccatorum
1680 1352 1714 1413 et
1738 1346 1840 1414 atam
1867 1350 2047 1413 aeternam.

790 1460 950 1553 Populos.
1002 1461 1122 1531 Amen.

787 1576 972 1648 Sacerdos.
1025 1575 1119 1646 lianc
1147 1574 1324 1646 salutarem
1351 1568 1586 1645 institutionem
1613 1573 1841 1667 suscipientes,
1868 1595 1989 1667 panem
2017 1583 2050 1645 et

685 1697 796 1765 viuum
823 1695 1014 1780 statuimus,
1049 1701 1082 1761 et
1115 1693 1311 1785 imponimus
1339 1712 1439 1784 super
1466 1688 1571 1761 altare
1596 1688 1681 1777 hoc,
1711 1692 1807 1781 juxta
1834 1701 2050 1786 praeceptum

685 1812 757 1901 ejus
784 1809 964 1895 vivificum,
991 1818 1027 1878 ut
1053 1810 1246 1879 memoriam
1274 1828 1432 1898 agamuS,
1461 1805 1641 1878 secundum
1669 1804 1837 1877 crumilum
1863 1805 1930 1877 hoc
1957 1807 2049 1879 divi-

685 1948 762 1997 num
777 1923 865 2020 quod
881 1927 942 1996 ait:
971 1926 1099 2018 quoties
1122 1925 1292 2018 mysteriis
1309 1925 1381 1994 istis
1406 1924 1529 1996 sanctis
1545 1921 1838 2016 communicabitis,
1858 1926 2050 1995 memoriam

686 2043 750 2112 mei
777 2040 923 2131 iacietis,
951 2049 986 2110 et
1011 2043 1221 2135 passionem,
1252 2049 1391 2110 mortem
1417 2049 1451 2110 et
1476 2042 1754 2110 resurrectionem
1779 2062 1888 2111 meam
1916 2063 2049 2112 annuun-

686 2158 819 2246 tiabitis,
849 2156 955 2228 donec
981 2159 1123 2227 veniam.

791 2272 952 2366 Populus.
1004 2270 1124 2343 Mortis
1151 2282 1228 2343 tuae
1253 2272 1396 2344 Domine
1421 2273 1613 2343 memoriam
1640 2274 1778 2363 agimus.

789 2388 972 2460 Sacerdos.
1011 2384 1369 2460 Commemorationem
1395 2390 1495 2478 igitur
1521 2387 1777 2481 dispensationis
1804 2398 1881 2460 tuae
1899 2388 2052 2460 salutaris

572 2597 575 2604 Χ
687 2509 836 2597 agimus,
868 2525 1164 2576 commemoramus
1200 2507 1299 2575 etiam
1331 2506 1590 2576 exinanitionem
1621 2514 1710 2575 tuam
1741 2506 1965 2576 voluntariam
1991 2527 2051 2600 pro

686 2620 797 2710 nobis,
822 2625 1013 2716 passionem
1040 2630 1126 2691 tuam
1153 2619 1334 2708 vivificam,
1360 2617 1562 2716 sepulturam
1587 2630 1675 2689 mam
1702 2642 1787 2713 quae
1804 2624 2053 2714 corruptionem

687 2737 907 2835 sepulcralem
935 2735 1048 2809 solvit:
1085 2736 1291 2832 praeclaram
1318 2746 1408 2808 tuam
1434 2746 1511 2831 post
1537 2735 1676 2807 triduum
1702 2758 1722 2806 e
1748 2735 1905 2831 sepulcro
1933 2759 2052 2809 resm-

686 2858 887 2928 reetionem:
915 2856 1146 2926 ascensionem
1173 2861 1261 2925 tuam
1287 2850 1470 2923 mirabilem
1497 2863 1623 2924 eterra
1640 2856 1675 2923 in
1692 2850 1836 2924 coelum:
1864 2858 2051 2926 sessionem

688 2983 776 3044 tuam
803 2974 930 3063 regiam
957 2980 991 3041 et
1019 2969 1225 3065 praeclaram
1253 2968 1296 3040 ad
1316 2968 1488 3040 dexteram
1506 2971 1687 3061 majestatis
1706 2968 1823 3054 Patris,
1852 2968 2053 3042 adventum-

689 3111 755 3182 que
791 3098 879 3159 tuum
913 3086 1092 3160 secundum
1128 3095 1257 3162 terrore
1288 3085 1438 3180 plenum,
1474 3084 1605 3180 quando
1638 3087 1874 3157 excitationem
1910 3092 2052 3160 omnium

686 3202 855 3286 ¹hominum
881 3202 1002 3289 iacies,
1035 3213 1069 3274 et
1096 3223 1200 3297 opera
1227 3203 1463 3296 cujuscumque
1488 3201 1597 3297 palam
1624 3201 1719 3274 fient:
1753 3201 1884 3297 quando
1916 3202 2052 3277 thronos

689 3317 772 3390 lucis
798 3318 973 3415 Apostolis
1001 3322 1065 3391 tuis
1084 3328 1243 3405 statuens,
1271 3304 1447 3388 vindictam
1461 3317 1573 3413 populi
1588 3317 1759 3390 Israelitici
1773 3317 1835 3389 illis
1853 3324 2052 3409 committes,

690 3445 724 3506 et
749 3458 823 3506 cum
849 3438 900 3506 ira
927 3438 1071 3531 aspicies
1097 3444 1276 3530 operantes
1303 3435 1517 3527 iniquitatem,
1543 3436 1661 3528 impios
1680 3444 1714 3504 et
1728 3425 1869 3528 iniquos,
1894 3440 1955 3530 qni
1972 3459 2052 3507 cru-

690 3552 796 3622 ciatus
813 3555 1003 3647 suscipient,
1024 3549 1151 3646 absque
1164 3549 1402 3636 misericordia,
1426 3549 1604 3621 secundum
1619 3553 1816 3645 aequitatem
1837 3559 1871 3620 et
1882 3553 2052 3642 jusstitiam:

692 3655 881 3762 orieturque
909 3667 979 3739 dies
1006 3670 1092 3758 ignis
1118 3666 1204 3739 illius
1232 3666 1504 3760 obscuriusque
1536 3665 1692 3738 lucentis:
1724 3675 1758 3736 et
1788 3687 1904 3738 coram
1936 3666 2051 3739 throno

691 3786 873 3875 majestatis
898 3792 974 3856 tuae
995 3781 1038 3854 ad
1057 3806 1200 3855 examen
1220 3782 1437 3871 occultorum,
1464 3792 1498 3852 et
1511 3780 1669 3872 judicium
1686 3781 1843 3872 decisum,
1872 3793 1906 3854 et
1925 3783 2051 3856 abbre-

691 3902 814 3972 viatum
843 3899 1024 3972 ascendent
1050 3923 1167 3973 omnes
1193 3899 1315 3972 tribus:
1342 3898 1529 3992 stridorque
1555 3897 1710 3988 dentium,
1737 3908 1770 3969 et
1784 3898 1937 3992 planctus
1957 3922 2050 3971 ama-

691 4038 761 4104 rus,
788 4026 821 4087 et
847 4016 1096 4090 inconsolabilis
1123 4018 1200 4088 erit:
1227 4016 1343 4088 domus
1366 4014 1480 4106 judicii
1507 4016 1692 4110 aperietur,
1725 4024 1773 4099 et¹
1780 4015 1888 4106 judex
1915 4014 2050 4100 sedebit

694 4144 728 4204 et
752 4136 976 4228 unusquisque
1001 4132 1167 4205 hominum
1193 4131 1331 4204 flammis
1358 4130 1606 4202 examinabitur.
1648 4132 1788 4202 Domine
1815 4136 1995 4228 propitiare
2018 4139 2049 4201 et

692 4271 796 4345 parce
820 4252 854 4320 in
885 4249 950 4320 hoc
975 4259 1125 4345 tempore
1151 4249 1307 4332 timendo,
1334 4247 1456 4343 populo
1484 4258 1540 4319 tuo
1566 4245 1664 4334 fideli,
1692 4251 1746 4342 qui
1772 4258 1805 4318 te
1831 4248 2002 4321 confitetur
2018 4257 2048 4317 ct

693 4388 813 4437 nomen
841 4377 928 4437 tuum
955 4365 1076 4436 laudat.
1121 4365 1199 4437 Nou
1217 4387 1322 4440 voces
1346 4364 1440 4436 iletus
1459 4387 1532 4436 cum
1554 4361 1697 4436 Diabolo
1715 4386 1735 4434 a
1750 4364 1846 4436 nohis
1868 4364 2045 4437 audiantur:

694 4506 738 4554 ne
770 4484 929 4579 plangant
954 4482 1078 4574 Angeli
1109 4486 1155 4554 tui
1189 4486 1312 4575 sancti,
1348 4480 1435 4577 quod
1470 4505 1489 4552 a
1523 4490 1704 4576 conspectu
1734 4489 1791 4551 tuo
1825 4484 2043 4575 projiciamur:

696 4599 756 4672 sed
791 4609 990 4671 convertere
1025 4598 1184 4685 Domine,
1219 4609 1251 4692 et
1286 4597 1360 4669 audi
1396 4599 1537 4691 suspiria
1572 4607 1606 4668 et
1640 4601 1783 4688 gemitus
1815 4619 1985 4668 servorum
2014 4603 2044 4665 et

698 4716 885 4788 ancillarum
922 4725 1057 4787 tuarum.
1119 4715 1264 4806 Ignosce
1298 4718 1463 4810 peccatis,
1496 4711 1665 4786 sanctifica
1698 4717 1922 4808 poenitentes,
1952 4732 2042 4808 parce

697 4833 849 4905 omnibus
876 4835 1103 4927 pergratiam
1131 4843 1236 4919 tuam,
1270 4839 1305 4901 et
1330 4828 1576 4903 misericordiae
1610 4840 1686 4901 tuae
1717 4826 1922 4900 effirndantur
1953 4846 2041 4921 super

696 4960 808 5022 reatus
839 4959 991 5040 nostros,
1025 4951 1144 5021 etenim
1176 4958 1315 5044 propter
1328 4947 1430 5029 ,haec
1461 4949 1588 5034 omnia,
1622 4944 1776 5018 Ecclesia
1811 4956 1924 5018 sancta
1957 4962 2039 5040 pen
