4525 6034
635 547 737 620 2190
1135 538 1565 617 COMMENTARIUS

660 740 748 812 atque
770 733 851 792 illum
873 737 1010 809 apertum
1032 730 1126 791 altori
1146 726 1281 806 imponit,
1304 725 1335 784 in
1359 726 1475 802 siquam
1497 725 1578 804 quod
1590 726 1667 787 baec
1678 729 1831 808 scriptura
1840 730 2040 807 promanavit

660 851 701 891 ea
715 830 816 891 cabis
823 828 947 904 Christi,
970 831 1022 909 qui
1032 847 1123 907 super
1135 827 1192 887 boc
1203 827 1301 904 ipsum
1312 824 1412 885 altare
1419 826 1554 902 ponitur.
1577 824 1614 886 Et
1624 842 1691 906 cap.
1702 825 1755 891 69.
1766 828 1921 889 Sacerdos
1933 827 2037 889 odeo-

660 939 711 993 cat
732 929 909 990 sacerdotes
931 928 1010 989 alios
1032 930 1277 998 circumstantes,
1298 924 1506 1001 utinspiciant
1519 923 1643 986 verbum
1665 945 1701 987 eo
1723 929 1755 988 in
1769 925 1849 988 libro
1863 930 2037 999 exaratum,

659 1030 754 1109 deque
776 1047 812 1090 eo
835 1028 980 1088 certiores
1002 1028 1079 1101 sint,
1102 1032 1249 1105 testesque
1268 1024 1345 1102 liant
1365 1021 1444 1083 bunc
1466 1021 1738 1102 librumapertum,
1761 1044 1828 1086 esse
1843 1024 2037 1085 oerels'aan-

658 1128 778 1208 pelium.
801 1126 877 1188 Post
899 1129 963 1205 qim
984 1127 1215 1205 inspectionem,
1245 1134 1417 1204 certamque
1445 1125 1646 1202 apnitionem,
1677 1124 1892 1188 osmdubuntur
1925 1122 2038 1184 libnan

660 1235 812 1306 apertum,
834 1234 868 1286 ut
889 1225 992 1286 osculo
1014 1225 1094 1285 itlius
1116 1226 1232 1303 aperti,
1246 1225 1341 1302 juata
1361 1224 1583 1285 sacerdotalem
1604 1224 1778 1303 diqnitatem
1796 1242 1898 1296 utam,
1921 1242 1942 1283 a
1955 1221 2038 1282 Lai-

661 1328 706 1388 cis
728 1327 961 1404 distinquantur.
1005 1323 1118 1385 Postea
1141 1324 1171 1383 si
1190 1322 1253 1383 orrlt
1273 1322 1428 1384 Sacerdos
1449 1322 1547 1401 leqere
1567 1321 1782 1402 Euanqetium,
1805 1321 1937 1400 osticium
1950 1320 2037 1394 illud,

660 1427 703 1487 ad
724 1426 821 1502 ipsius
844 1425 981 1485 ordinem
1001 1424 1147 1502 pertinet,
1170 1421 1307 1483 omnibus
1329 1420 1400 1481 aliis
1422 1423 1577 1500 exceptis:
1601 1429 1647 1483 est
1669 1423 1747 1483 mrim
1769 1440 1786 1483 e
1808 1419 2038 1482 successoribus

660 1524 887 1604 Apostolorum,
910 1524 963 1602 qui
982 1521 1180 1601 annqetium
1199 1521 1466 1599 praedicaverunt.
1502 1520 1540 1583 Si
1558 1521 1713 1583 Sacerdos
1740 1521 1816 1582 nolit
1839 1521 1904 1598 ipse
1927 1519 2038 1597 teqere,

657 1629 757 1702 potest
778 1621 917 1682 Diacono
937 1623 1113 1699 permittere
1136 1619 1266 1680 ediltrud
1287 1618 1386 1698 leqat,
1409 1620 1461 1699 qui
1482 1621 1526 1681 ita
1548 1619 1588 1680 ab
1611 1621 1682 1681 aliis
1695 1618 1845 1681 Diaconis
1866 1618 2039 1696 ununque-

660 1731 724 1797 tur,
747 1719 933 1800 manebitque
955 1739 1023 1781 cum
1045 1720 1196 1799 sinqutari
1215 1719 1348 1799 quadam
1373 1721 1609 1798 praeroqatioa,
1640 1718 1895 1799 oppedabiturque
1915 1715 2040 1778 Diaco-

659 1840 717 1881 nus
738 1819 906 1898 annqelii.
953 1819 1085 1880 Tandem
1106 1817 1268 1897 annqelii
1296 1818 1383 1879 lectio
1412 1838 1452 1879 ec
1480 1817 1615 1880 Antbone
1640 1820 1707 1898 fiet,
1738 1820 1790 1899 qui
1817 1825 1863 1879 est
1890 1815 2039 1888 srcbtimis,

654 1921 746 1999 juata
768 1918 842 1980 illud
863 1917 943 1997 quod
964 1919 1009 1978 ait
1032 1915 1195 1991 Dominus,
1219 1933 1296 1996 quae
1319 1915 1348 1977 in
1372 1934 1445 1978 aare
1468 1917 1592 1979 audistis
1616 1916 1791 1998 praedicate
1822 1933 1915 1995 saper
1942 1921 2038 1976 tecta

661 2018 779 2080 Tectum
801 2019 879 2077 enirn
903 2023 949 2077 est
968 2016 1102 2091 Ambon,
1125 2035 1211 2096 quem
1232 2018 1277 2078 ita
1299 2015 1443 2077 Salvator
1463 2017 1635 2096 desiqnaoit
1655 2035 1723 2078 cum
1744 2019 1785 2077 sit
1806 2015 1962 2090 sublimis,
1986 2016 2039 2075 in-

659 2124 726 2178 star
749 2117 828 2177 tecti.
851 2114 969 2175 Deinde
988 2124 1147 2194 postquam
1170 2116 1359 2177 descenderit
1380 2117 1408 2176 is
1429 2117 1482 2196 qui
1501 2114 1699 2196 annqelium
1720 2116 1805 2196 leqit,
1834 2124 1864 2177 et
1892 2116 1957 2192 ejus
1985 2115 2039 2174 in-

659 2223 794 2293 terpres,
825 2214 850 2275 is
873 2212 990 2274 scilieet
1021 2214 1071 2292 qui
1100 2212 1180 2275 illius
1209 2215 1382 2276 versionem
1410 2213 1568 2296 vulgarem
1592 2214 1683 2296 legit,
1702 2213 1844 2294 perfecta
1864 2214 2040 2291 scripturae

658 2316 785 2376 lectione
808 2320 838 2373 et
857 2314 1122 2391 interpretatione,
1144 2314 1291 2375 accedent
1313 2332 1416 2375 omnes
1442 2311 1627 2375 Sacerdotes
1653 2314 1827 2388 adstantes,
1857 2320 1887 2372 et
1910 2312 2039 2373 oscula-

659 2414 770 2476 buntur
791 2412 882 2493 illud,
906 2412 949 2473 ad
967 2413 1041 2490 fidei
1062 2419 1091 2472 et
1113 2412 1301 2473 certitudinis
1330 2431 1420 2492 quom
1448 2413 1486 2473 de
1513 2432 1549 2474 eo
1578 2413 1690 2475 babent
1716 2412 1930 2485 testimonium,
1959 2411 2043 2471 sicud

658 2516 690 2574 in
712 2512 816 2574 oscedo
835 2513 936 2590 primo
956 2510 1072 2589 soctrrrn
1094 2519 1148 2573 est.
1196 2508 1328 2572 Tandem
1352 2496 1416 2592 cap'
1435 2512 1485 2575 70.
1539 2512 1665 2591 Deserat
1693 2510 1905 2573 Subdiaconas
1927 2509 2039 2570 librum

658 2612 819 2691 Ecanqelii
839 2611 882 2671 ad
901 2610 1060 2688 populum,
1083 2611 1271 2689 incoloetque
1292 2611 1367 2671 illud
1388 2612 1454 2672 cela
1477 2613 1611 2687 sericea,
1636 2611 1885 2689 circumferetque
1898 2627 1957 2687 per
1971 2628 2040 2669 nse-

658 2711 741 2772 diam
763 2710 995 2783 nruldtudinem,
1017 2716 1051 2769 ut
1072 2728 1175 2770 ornnes
1196 2708 1304 2770 librum
1326 2710 1462 2772 clausum
1484 2712 1671 2787 oscrdentur,
1698 2715 1854 2790 sequentes
1879 2706 2039 2769 Sacerdo-

660 2817 721 2870 tnm
743 2810 909 2887 ecemptum
931 2809 962 2868 in
985 2811 1049 2887 ejus
1070 2810 1200 2870 acritate
1223 2817 1252 2869 et
1279 2810 1459 2870 certitudine
1488 2810 1702 2889 approbandos
1753 2808 1800 2870 De
1829 2805 1937 2870 eodem
1965 2807 2038 2884 ritu,

659 2908 700 2969 ita
724 2906 845 2970 Gabriel
868 2907 1042 2969 Patriureba
1064 2908 1095 2968 in
1117 2906 1236 2971 Rituali.
1266 2907 1465 2989 Eaanqetium
1492 2910 1629 2989 desertio
1654 2912 1753 2990 primo
1782 2911 1897 2970 circum
1927 2905 2039 2980 altore,

658 3015 796 3088 qestante
818 3008 892 3068 illud
913 3006 1070 3084 Diacono,
1095 3007 1218 3087 reliquis
1236 3010 1502 3086 praecedentibus,
1530 3027 1690 3090 cereosque
1718 3007 1914 3089 qestantibus.
1966 3004 2039 3067 Dum
2121 3068 2128 3082 ,

660 3107 836 3168 incensatur
857 3114 921 3181 ter,
944 3106 1074 3185 dicitque
1096 3105 1271 3181 Diaconus,
1293 3105 1351 3169 boc
1375 3114 1423 3169 est
1437 3107 1635 3191 Evangelium
1655 3108 1729 3171 Jesu
1749 3105 1860 3169 Christi
1879 3104 1946 3166 Filii
1967 3104 2036 3166 Dei.

660 3204 774 3266 Postea
797 3205 913 3284 accipit
933 3204 1040 3265 librum
1063 3212 1094 3265 et
1114 3203 1155 3265 ab
1178 3206 1273 3266 altari
1290 3207 1509 3285 proqreditur:
1536 3216 1606 3269 tnnc
1627 3207 1809 3269 Sacerdotes
1836 3213 1866 3266 et
1891 3205 2040 3284 Episcopi

660 3306 819 3365 adstantes
840 3306 942 3382 capito
963 3303 1117 3383 detequnt,
1140 3302 1322 3384 baculosque
1344 3306 1510 3385 deponant,
1532 3315 1562 3368 et
1574 3314 1757 3368 venerantur
1769 3304 1967 3384 annqetimn
1985 3305 2038 3364 in-

660 3404 821 3464 clinatione
843 3404 971 3481 capitis:
994 3401 1187 3481 desertaeque
1210 3422 1277 3464 cum
1295 3424 1408 3485 pompa
1431 3406 1474 3467 ad
1494 3406 1676 3481 Arnbonmn,
1698 3405 1751 3467 ubi
1768 3404 1951 3484 praemissis
1973 3403 2038 3463 ati-

660 3512 731 3582 quot
749 3500 893 3580 precibus
915 3509 945 3577 et
966 3502 1254 3582 acclamationibus,
1277 3522 1354 3584 puae
1378 3506 1409 3565 in
1438 3503 1579 3584 Liturqia
1608 3511 1809 3578 annotantur,
1839 3503 1948 3581 leqitur
1971 3499 2037 3563 Co-

657 3604 753 3680 ptica,
777 3605 807 3660 et
824 3608 932 3678 postea
954 3599 1096 3663 Arabiae.
1137 3598 1281 3663 Lectione
1309 3605 1470 3682 completa,
1498 3604 1575 3665 liber
1600 3602 1733 3682 refertur
1762 3603 1805 3664 ad
1834 3602 2036 3676 sacerdotem,

659 3701 712 3779 qui
732 3698 806 3758 illud
827 3706 874 3758 ter
895 3699 1047 3773 incensat,
1071 3706 1102 3759 et
1122 3700 1262 3761 manibus
1287 3704 1453 3779 sustinens,
1481 3703 1678 3764 osculandum
1705 3703 1831 3782 sinqsdis
1859 3701 2037 3762 sacerdoti-

659 3796 715 3858 bus
733 3797 870 3876 praebet.
914 3792 962 3858 lili
982 3817 1056 3859 cero
1078 3799 1228 3859 accedunt
1249 3801 1365 3863 detecto
1387 3804 1497 3881 capite,
1519 3802 1709 3882 dimissisque
1726 3801 1861 3862 bacidis:
1879 3806 2036 3878 postremo

659 3897 815 3957 oscidatur
834 3900 915 3976 ipse,
939 3903 968 3957 et
988 3896 1127 3959 Diacono
1150 3900 1353 3977 reponendum
1375 3901 1472 3962 tradit
1490 3902 1523 3962 in
1544 3901 1642 3962 locrrm
1663 3919 1758 3963 arum.
1790 3898 1822 3961 ln
1846 3898 1904 3959 alio
1927 3897 2037 3959 codice

660 3996 880 4075 manuscripto,
912 4002 942 4056 et
973 3996 1003 4056 in
1031 3994 1128 4077 Regio
1156 3998 1321 4059 recentiori
1349 3998 1562 4063 caeremoniali
1593 3999 1720 4079 legitur,
1750 3998 1941 4061 sacerdotem
1964 3996 2036 4058 dum

659 4095 796 4156 incensat
817 4094 1015 4176 Evangelium
1038 4093 1151 4159 dicere.
1196 4094 1301 4158 Adoro
1328 4096 1526 4179 annqetium
1551 4098 1608 4178 ptri
1628 4097 1688 4159 Dei
1708 4100 1772 4159 aiei
1792 4097 1917 4159 Domini
1936 4096 2038 4157 nostri

658 4192 734 4255 Jesu
757 4192 879 4258 Christi.

749 4291 782 4353 ln
805 4291 913 4354 eodem
936 4290 1041 4356 codiee
1065 4302 1144 4357 totus
1167 4293 1218 4356 ille
1241 4294 1364 4378 legendi
1386 4295 1545 4378 Evangelii
1566 4298 1641 4359 ritus
1671 4303 1812 4358 accurate
1842 4293 2034 4372 describitur,

661 4390 769 4453 eodem
792 4391 888 4453 terme
916 4390 1022 4454 modo:
1054 4412 1164 4475 nempe
1193 4394 1343 4458 Sacerdos
1366 4396 1503 4457 incensat
1531 4395 1743 4479 Evangelium,
1776 4393 1932 4458 deferente
1961 4395 2034 4459 illud

660 4491 931 4554 Diacono'circum
954 4491 1066 4555 altare:
1090 4502 1197 4574 postea
1220 4493 1376 4556 descendit
1399 4494 1436 4557 ad
1457 4503 1574 4576 portam
1598 4494 1782 4572 Sanctaarii,
1813 4512 1871 4574 qua
1900 4495 1938 4556 ad
1967 4512 2035 4557 am-

660 4590 771 4653 bonem
800 4591 875 4669 itur,
906 4589 957 4651 ubi
989 4591 1096 4653 iterum
1125 4592 1262 4655 incensat
1291 4592 1435 4656 dicendo:
1464 4593 1570 4656 Adoro
1597 4594 1796 4674 Erariqetium
1824 4593 1863 4658 D.
1893 4593 1930 4656 N.
1959 4594 2034 4656 lesu

660 4688 773 4752 Christi
799 4690 869 4751 Filii
897 4689 957 4751 Dei
985 4693 1065 4763 otei:
1099 4692 1208 4772 accipit
1245 4693 1353 4754 librum
1383 4712 1422 4755 ex
1449 4711 1539 4756 manu
1566 4693 1706 4772 Diaconi,
1738 4710 1966 4773 conversusque
1993 4692 2033 4756 ad

660 4786 866 4867 Occidentem,
890 4790 1086 4852 osculandum
1108 4790 1189 4851 illum
1213 4793 1339 4871 praebet
1354 4792 1568 4857 Sacerdotibus
1586 4785 1722 4856 bmnibus
1745 4809 1801 4857 suo
1825 4793 1947 4856 ordine:
1971 4801 2033 4855 tum

659 4886 767 4949 librum
789 4889 925 4952 Diacone
954 4889 1071 4968 reddit,
1094 4891 1145 4971 qai
1167 4889 1366 4974 Evangelium
1389 4891 1479 4976 legit,
1501 4894 1591 4956 modo
1614 4893 1712 4974 probe
1735 4894 1844 4974 legere
1870 4892 1957 4968 sciat
1984 4894 2032 4955 sin

659 4986 771 5069 minus,
796 4990 916 5071 legetur
938 5007 956 5052 a
979 4988 1156 5055 Sacerdote.
1201 4989 1298 5052 Finita
1319 4990 1451 5055 lectione
1465 4992 1616 5057 Sacerdos
1631 4993 1785 5056 inclinabit
1805 5011 1840 5056 se
1863 5010 1931 5053 enm
1953 4991 2030 5055 libro
