4525 6034
633 603 693 677 lb
728 600 948 678 bustuali
982 602 1257 679 LITURGIAll.
1553 602 1629 675 637

142 775 149 788 ⁴
259 787 590 870 Constantinopolitano
619 787 784 867 expositam
814 785 977 849 doctrinam
1007 786 1190 850 retinentes:
1219 785 1460 867 additionemque
1482 787 1512 848 in
1535 787 1629 851 Occi-

258 890 349 952 dente
375 887 482 951 lactam
504 905 603 967 neque
618 885 818 965 admittentes,
841 903 941 966 neque
963 886 1160 949 vehementer
1182 887 1400 968 impugnantes.
1429 885 1629 949 Observatum

258 989 337 1051 enim
359 995 406 1051 est
428 1001 445 1048 a
466 985 614 1050 Melchitis
637 993 669 1048 et
690 984 848 1063 Jacobitis,
869 985 1004 1048 Francos
1027 987 1091 1048 sive
1114 986 1247 1064 Latinos,
1270 985 1364 1047 verba
1386 985 1519 1066 Filioque
1544 1004 1631 1066 sym-

255 1087 327 1151 bolo
358 1086 509 1168 adjicere,
539 1085 611 1147 nihil
643 1084 722 1147 ultra
751 1083 862 1146 dicunt.
905 1084 1077 1148 Nestoriani
1107 1086 1256 1166 'theologi
1286 1104 1326 1148 ex
1353 1084 1502 1164 scriptura
1532 1101 1630 1158 sacra,

255 1206 349 1268 saepe
366 1195 405 1257 ¹ut
427 1187 457 1248 in
479 1186 537 1247 hac
560 1187 716 1261 oratione,
741 1185 883 1264 Spiritum
905 1193 1039 1247 sanctum
1063 1186 1173 1248 docent
1195 1204 1213 1248 a
1236 1186 1324 1247 Patre
1347 1183 1535 1266 procedere,
1559 1191 1590 1245 et
1613 1200 1630 1242 a

255 1287 331 1350 Filio
360 1288 513 1367 accipere:
543 1304 601 1347 nee
629 1284 667 1345 de
697 1284 747 1346 illa
776 1285 953 1364 quaestione
984 1303 1051 1346 eum
1074 1284 1199 1347 Graecis
1224 1286 1334 1366 agitata
1357 1284 1476 1346 solliciti
1498 1282 1629 1345 luerunt.

256 1383 303 1447 De
326 1386 495 1462 divinitate,
526 1382 850 1462 consubstantialitate,
883 1392 914 1447 et
942 1385 1121 1465 aequalitate
1145 1384 1272 1466 Spiritus
1295 1385 1391 1446 saneti
1412 1400 1465 1445 eos
1489 1388 1630 1445 accurate

255 1484 349 1566 loqui,
372 1486 530 1567 sequentia
552 1482 747 1566 praelationis
770 1483 864 1546 verba
887 1485 959 1545 satis
983 1484 1199 1547 demonstrant.

261 1869 296 1939 7.
334 1866 595 1937 similitudinem
621 1869 712 1936 serui
740 1869 888 1959 aceepit,
916 1866 1081 1936 homiuem
1102 1868 1294 1957 perfectum
1311 1916 1319 1932 .
1334 1917 1364 1932 ..
1393 1869 1426 1932 et
1454 1863 1632 1953 conjurarit

312 1984 403 2054 illum
428 1982 506 2072 sibl,
534 1987 708 2077 uetuitque
735 2005 849 2054 seeum
875 1985 911 2051 ia
936 1982 1060 2078 ploria,
1085 1986 1258 2074 potestate
1285 1980 1485 2066 ethonore,
1513 1985 1577 2048 ete.

371 2225 406 2302 la
430 2237 545 2300 duabus
567 2237 671 2317 primis
693 2238 836 2319 liturgiis
859 2237 931 2299 nihil
953 2238 1106 2319 reperitur
1128 2236 1208 2317 quod
1228 2237 1265 2299 ad
1280 2236 1478 2299 Nestoriauae
1493 2234 1630 2297 haeresis
1747 2261 1750 2272 ·

259 2341 509 2424 significationem
530 2341 691 2420 pertineat,
718 2342 838 2422 quodue
861 2342 898 2403 ad
922 2341 1128 2404 Orthodoxam
1150 2341 1330 2404 sententiam
1352 2340 1423 2418 levi,
1447 2357 1504 2400 nec
1526 2346 1632 2401 coacta

259 2441 509 2521 interpretatione
537 2459 598 2502 non
625 2439 714 2503 iaeile
742 2442 913 2505 reducatur.
958 2442 999 2503 At
1028 2443 1059 2503 in
1087 2443 1144 2503 ista
1172 2458 1250 2520 quae
1278 2438 1328 2502 vel
1350 2439 1409 2502 hoc
1432 2438 1497 2501 solo
1521 2438 1631 2500 indicio

260 2541 324 2603 aliis
354 2541 506 2603 recentior
535 2540 773 2616 demonstratur,
808 2559 869 2604 nou
903 2540 1034 2603 obscura
1064 2539 1329 2622 deprehenduntur
1366 2539 1479 2601 erroris
1513 2539 1631 2603 indicia.

260 2639 347 2713 Quod
370 2639 478 2701 dieitur
505 2639 562 2700 Dei
591 2639 683 2702 Filius
719 2643 900 2702 assumsisse
929 2641 1077 2702 bominem
1101 2639 1269 2720 perfectum
1291 2658 1332 2700 eac
1354 2642 1458 2701 aalma
1479 2639 1633 2715 ratioraali,

259 2741 438 2820 intellipente
460 2747 490 2800 et
510 2740 691 2801 immortali:
715 2748 744 2800 et
766 2759 896 2819 corpore
917 2741 1042 2802 mortali
1061 2741 1228 2816 hommum,
1258 2747 1374 2801 rectum
1397 2747 1461 2816 cst,
1491 2737 1633 2819 Symbola

260 2841 340 2921 quod
368 2838 528 2900 Athanasii
561 2838 654 2919 uulgo
688 2838 811 2917 dicitur,
841 2847 872 2901 et
899 2858 916 2901 a
947 2838 1072 2901 Graecis
1102 2837 1276 2918 Latinisque
1303 2840 1447 2920 recipitur
1469 2838 1631 2903 conforme.

261 2938 419 3018 Perfectus
439 2938 538 3015 Deus,
563 2936 719 3016 perfectus
745 2939 833 3000 bomo
856 2959 896 2999 ee
918 2940 1021 3000 aninra
1042 2938 1190 2999 rationali
1210 2946 1240 2999 et
1260 2938 1393 3000 bernano
1414 2958 1507 3001 cume
1529 2939 1633 3000 subsi-

259 3047 349 3101 stens.
395 3036 480 3108 Quae
502 3045 670 3117 sequuntur
691 3037 762 3099 licet
783 3038 911 3117 quodam
931 3036 1118 3118 intelligendi
1140 3036 1230 3098 modu
1253 3055 1328 3100 vera
1351 3038 1419 3115 sint,
1444 3056 1483 3099 ex
1499 3037 1633 3100 oreNe-

259 3138 461 3202 storianorum
491 3135 608 3216 prolata
638 3144 730 3198 totam
758 3136 877 3199 illorum
907 3137 1048 3198 haeresin
1077 3137 1327 3217 complectuntur.
1377 3138 1489 3198 Verum
1520 3139 1632 3218 quippe

259 3244 306 3298 est
328 3235 485 3297 humanam
509 3234 620 3297 Christi
648 3243 784 3302 naturam
813 3237 1003 3316 conjunctam
1031 3243 1061 3297 et
1089 3236 1202 3298 unitam
1231 3237 1296 3298 Deo
1326 3235 1430 3299 Verbo
1460 3236 1570 3315 luisse,
1601 3238 1632 3298 iu

258 3336 368 3418 gloria,
392 3342 542 3415 potestate
567 3334 745 3414 ethonore,
769 3337 839 3416 quia
861 3335 950 3397 homo
973 3354 1014 3397 ex
1034 3336 1163 3417 Virgine
1186 3344 1283 3414 natus,
1307 3334 1404 3399 factus
1427 3337 1567 3399 estDeus
1592 3354 1633 3397 ex

259 3438 370 3498 unione
392 3434 492 3496 intima
515 3441 547 3496 et
568 3435 732 3514 personali,
756 3453 822 3496 eum
845 3435 911 3498 Deo
934 3435 1048 3512 Verba,
1071 3436 1152 3497 unde
1173 3436 1283 3516 gloria,
1306 3444 1455 3516 potestus,
1482 3443 1513 3498 et
1534 3435 1633 3498 honor

257 3538 300 3599 illi
323 3536 518 3599 conveniunt:
548 3543 578 3597 at
600 3537 743 3598 unionem
766 3538 797 3597 in
820 3555 855 3597 ea
879 3535 945 3598 sola
968 3533 1119 3616 dignitatis
1143 3536 1410 3599 communicatione
1434 3538 1631 3612 constituere,

258 3638 382 3718 propria
406 3641 437 3695 et
459 3633 495 3695 ab
520 3633 704 3697 Orthodoxis
726 3652 786 3696 non
809 3637 920 3709 minus,
943 3652 1030 3714 quam
1053 3653 1070 3696 a
1093 3634 1238 3698 lucebitis
1261 3636 1449 3718 impugnata,
1472 3635 1632 3699 Nestoria-

259 3753 366 3797 norum
390 3735 491 3813 opinio
516 3741 571 3795 est.
616 3733 719 3814 ltaque
742 3743 775 3796 ut
798 3734 868 3796 alibi
891 3734 958 3796 luse
980 3721 1194 3815 probavimus,
1209 3734 1352 3797 Uarianam
1373 3736 1433 3798 Dei
1453 3743 1483 3797 et
1503 3739 1633 3800 leontinis

222 3892 228 3911 ,
258 3837 291 3896 iu
314 3833 446 3908 Cbmsta,
469 3852 535 3895 ease
557 3835 741 3913 decemper
762 3836 961 3911 aoluatotem,
991 3837 1242 3915 conjuactionem
1272 3844 1302 3897 et
1323 3836 1479 3916 dipnitatis
1496 3838 1632 3916 partici-

257 3935 420 4012 pationem,
442 3952 503 3994 nom
524 3935 687 3996 seeundum
708 3942 848 3996 montrum
871 3945 900 3997 et
917 3954 1091 4014 personam.
1121 3933 1442 3998 llallliasCatholicus
1458 3937 1631 3998 eonomine

260 4034 367 4093 tertius
391 4033 421 4094 in
442 4032 639 4113 Expositione
663 4032 732 4095 iidei
755 4053 842 4114 quam
866 4036 989 4116 scripsit
1012 4053 1079 4096 cum
1102 4042 1184 4097 esset
1205 4035 1577 4117 MetropolitaNisibenus,
1601 4043 1632 4097 et

259 4132 289 4192 in
311 4131 520 4212 Disputatione
545 4150 612 4195 cum
634 4133 957 4198 Vizirohbulhacimo.
1002 4134 1042 4196 Et
1062 4136 1093 4196 in
1115 4133 1174 4197 alio
1198 4153 1302 4215 opere.
1339 4137 1464 4198 Verbum
1477 4143 1632 4198 aeternam

256 4233 436 4310 productum
459 4249 480 4292 a
501 4235 652 4312 sapientia
673 4236 834 4312 creatoris,
857 4237 938 4314 quad
958 4236 1053 4296 Filius
1074 4234 1252 4314 appellatur,
1275 4243 1377 4316 estque
1396 4255 1458 4297 auo
1476 4254 1632 4315 persona-

258 4349 327 4391 rum
349 4332 450 4405 trium,
472 4332 629 4409 habitavit,
653 4351 706 4393 seu
728 4334 855 4412 illapsam
877 4343 936 4410 est,
960 4336 991 4395 in
1012 4335 1131 4396 bomine
1153 4343 1287 4397 assumto
1310 4355 1350 4396 ee
1371 4335 1475 4397 Maria
1503 4335 1631 4415 Vimine,

258 4431 409 4493 mediante
426 4433 565 4510 potentia
586 4432 795 4508 intellectuali,
818 4436 989 4513 animmque
1009 4434 1055 4495 itti
1076 4440 1122 4494 est
1138 4453 1197 4513 per
1218 4435 1358 4497 unionem
1375 4436 1551 4514 potestatis,
1576 4434 1632 4496 be-

257 4529 455 4604 neuolentiae,
477 4531 654 4605 voluntatis,
676 4531 817 4607 bonoms,
840 4534 1035 4595 excellentiae
1057 4540 1088 4594 et
1107 4534 1407 4612 repraesentationis.
1451 4533 1494 4596 lta
1516 4533 1631 4595 Ebnel-

259 4625 331 4703 taib‚
346 4627 592 4691 hmrusblathaei
603 4629 691 4707 lilius,
704 4630 793 4693 etalii
806 4649 902 4713 prope
913 4649 1017 4695 omnes
1031 4651 1158 4713 quorum
1169 4634 1283 4713 scripta
1292 4633 1328 4695 ad
1341 4650 1586 4714 nospervenere:
1598 4640 1632 4694 ut

260 4726 349 4788 etiam
373 4727 411 4789 de
433 4727 492 4790 illis
516 4735 664 4791 testantur
678 4728 833 4793 Jueobitae
857 4731 1007 4810 celebres,
1031 4734 1165 4796 Severus
1179 4732 1457 4809 Aschmoninensis,
1472 4732 1630 4811 Barsalibi,

258 4824 461 4905 Ebnassalus,
491 4825 686 4908 Abulbircat,
718 4837 749 4892 et
776 4831 885 4912 reliqui
911 4849 1021 4914 magno
1052 4850 1187 4895 numero.
1233 4832 1364 4895 'landem
1387 4835 1417 4895 in
1439 4833 1630 4895 lectionario

259 4925 383 4988 Persico
406 4926 443 4989 ad
466 4945 553 4989 usum
575 4928 832 5009 Nestorianorum‚
856 4932 894 4994 de
918 4949 978 5012 quo
1002 4931 1111 4995 dictum
1135 4940 1183 4995 est
1205 4932 1285 5012 alibi,
1309 4933 1359 4995 illa
1378 4931 1483 5012 verba,
1505 4932 1631 5014 Aequa-

258 5025 315 5102 lem
337 5044 370 5087 se
389 5025 510 5105 [aciens
523 5026 610 5104 Deo,
622 5029 823 5109 explicantur,
846 5033 1010 5093 secuudum
1029 5032 1185 5108 bonorem,
1208 5033 1384 5112 dipnitatem
1406 5039 1437 5093 et
1453 5037 1629 5112 potentiam.

258 5124 359 5206 Atque
392 5128 423 5187 in
454 5124 504 5187 tali
534 5128 653 5192 unionis
690 5128 815 5192 duarum
851 5131 883 5193 in
913 5129 1033 5194 Christo
1064 5140 1239 5194 naturarum
1269 5132 1460 5213 expositione
1491 5133 1629 5198 consistit

1343 5234 1425 5309 83*
