4525 6034
717 546 825 656 aaa

710 731 867 796 Potouiam
889 741 920 797 at
941 734 1105 798 Lituaniam
1127 736 1287 799 emitteret.
1331 736 1537 800 Protestantes
1566 754 1663 818 aeque
1691 736 1965 816 illis-insultabant,
1991 737 2061 819 quod

717 831 866 915 Georgius
899 833 1005 897 Douza
1044 852 1143 915 nuper
1169 833 1354 897 Alexandria
1383 835 1495 910 redux,
1528 835 1642 898 nullum
1677 835 1848 899 Gabrielem
1880 836 2062 900 Patriarcbam

714 929 952 995 Alexandrinum
975 952 1061 1012 esse,
1091 933 1147 997 sed
1176 933 1272 996 solum
1298 932 1450 997 Meletium
1481 934 1647 1017 dejeraret:
1678 954 1767 1017 quem
1789 955 1924 1001 errorem
1944 944 2061 999 secutum

715 1029 811 1094 luisse
834 1031 929 1094 virum
952 1033 1194 1113 celeberrimum,
1218 1034 1269 1114 qui
1290 1051 1346 1114 per
1368 1033 1476 1097 multos
1500 1052 1595 1097 annos
1622 1034 1780 1098 derebus
1803 1034 1990 1099 Orientalium
2009 1035 2062 1096 Ec-

715 1128 892 1193 clesiasticis
922 1133 1058 1196 scribere
1087 1150 1148 1195 non
1182 1134 1329 1209 cessavit,
1363 1135 1435 1196 satis
1469 1134 1570 1196 mirari
1595 1150 1656 1196 non
1685 1150 1857 1215 possumus.
1899 1132 2063 1218 ignorabant

714 1230 807 1312 igitur
829 1230 905 1294 duos
928 1231 966 1293 ab
990 1234 1074 1296 annis
1096 1232 1177 1295 mille
1198 1232 1342 1296 trecentis
1370 1233 1574 1297 Alexandriae
1607 1231 1702 1296 fuisse
1730 1234 1935 1313 Patriarchas,
1964 1233 2064 1296 Ortbc·

714 1326 864 1392 dcxorum
886 1349 986 1409 unum,
1008 1331 1213 1395 lacobitarum
1235 1332 1370 1395 aiterum.

801 1429 847 1493 De
870 1429 994 1494 Graecis
1022 1430 1204 1495 Patriarchis
1231 1431 1281 1494 hic
1308 1449 1369 1496 uon
1397 1433 1509 1516 agitur,
1532 1432 1583 1512 qui
1598 1439 1631 1495 ut
1644 1431 1802 1497 Ecclesiae
1826 1429 1959 1496 Graecae
1978 1431 2065 1509 idem,

715 1528 759 1591 ita
781 1536 810 1590 et
832 1528 1018 1612 disciplinam
1040 1538 1218 1613 sequuntur,
1242 1539 1272 1594 et
1295 1529 1625 1613 Constantinopolitano
1646 1531 1775 1615 subjecti
1797 1539 1884 1610 sunt,
1912 1548 2005 1612 aquo
2024 1530 2066 1591 in-

714 1630 877 1691 stituuntur
898 1629 987 1710 pleno
1006 1631 1091 1712 jure:
1114 1629 1190 1693 adeo
1213 1639 1246 1693 ut
1268 1630 1480 1716 suffragiorum
1508 1631 1746 1713 Episcoporum,
1775 1630 1858 1695 Cleri
1887 1641 1918 1695 et
1943 1630 2067 1693 saecula-

713 1728 789 1790 rium
811 1729 888 1792 ratio
911 1728 991 1791 nulla
1014 1729 1170 1794 habeatur.
1216 1729 1292 1793 Cum
1321 1750 1396 1794 vero
1426 1730 1500 1793 sede
1523 1729 1854 1812 Constantinopolitano
1876 1736 2013 1809 vacante,
2033 1747 2067 1791 cx

713 1829 809 1890 veteri
832 1829 1059 1909 consuetudine,
1083 1829 1163 1892 iilius
1186 1829 1469 1915 administrationem
1498 1830 1627 1893 habeant
1655 1829 1856 1894 Alexandrini
1878 1828 2065 1908 Patriarchae,

713 1926 874 1992 abbrerunt
902 1946 996 2011 saepe
1025 1928 1109 1991 multi
1136 1948 1154 1991 a
1176 1946 1232 1992 sua
1253 1928 1410 2009 Dicecasi,
1439 1936 1471 1992 et
1498 1928 1537 1991 ad
1564 1929 1802 1992 Patriarcharum
1825 1928 2067 2008 Constantinopo-

711 2025 835 2090 litanum
858 2028 958 2092 evecti
979 2036 1059 2108 sunt,
1094 2028 1180 2091 malis
1202 2028 1417 2110 utplurimum
1439 2028 1563 2094 artibus.
1608 2029 1712 2111 itaque
1741 2029 1901 2110 disciplina
1928 2028 2003 2110 apud
2022 2044 2067 2089 eos

713 2125 823 2189 dudum
845 2146 954 2190 eversa
977 2135 1040 2206 est,
1068 2129 1154 2210 cujus
1176 2127 1267 2191 muita
1291 2129 1421 2212 uestigia
1449 2128 1529 2209 apud
1559 2126 1695 2211 Coptitas
1726 2136 1906 2210 supersunt,
1929 2146 2002 2209 quae
2022 2145 2067 2190 se-

713 2227 817 2307 quenti
839 2226 1058 2290 Dissertatione
1088 2245 1245 2308 exponere
1267 2228 1491 2312 aggrediemur.
1535 2228 1584 2291 Ex
1605 2229 1738 2291 Historia
1766 2245 1860 2309 porro
1891 2226 2068 2291 Patriarcbali

712 2344 811 2407 nuper
834 2325 930 2405 edita,
961 2344 1131 2410 agnoscere
1161 2328 1288 2409 quisque
1311 2328 1424 2408 poterit
1445 2327 1518 2389 nihii
1547 2327 1584 2390 ab
1614 2328 1781 2391 autoribus
1809 2328 1861 2408 qui
1890 2328 1928 2391 de
1949 2327 2068 2390 Patriar·

713 2426 835 2488 charum
858 2426 1028 2504 electione,
1055 2426 1261 2503 ordinatione,
1290 2427 1472 2506 autoritate,
1507 2434 1537 2490 et
1559 2426 1662 2490 officiis
1685 2426 1891 2508 scripserunt,
1923 2429 2069 2490 memoriae

712 2525 863 2607 proditum
885 2524 991 2604 luisse,
1015 2524 1097 2606 quod
1118 2544 1181 2589 non
1203 2526 1349 2609 exemplis
1372 2525 1574 2589 confirmetur.
1641 2545 1644 2552 ’

799 2624 973 2708 adjecimus
997 2624 1129 2688 Oiiicium
1151 2624 1355 2690 Ordinationis
1377 2625 1567 2689 Patriarchae
1578 2624 1777 2689 Alexandrini
1797 2624 1907 2688 Latine
1928 2626 2069 2707 interpro-

712 2730 815 2801 tatum,
837 2744 878 2788 ax
900 2725 1006 2788 codice
1028 2725 1226 2807 Segrneriano
1249 2724 1541 2807 Coptica-Arabico,
1563 2728 1633 2808 quia
1654 2725 1757 2789 similis
1773 2724 1869 2788 Oiiioii
1892 2723 1986 2788 iorma
1999 2724 2070 2788 nulia

714 2841 844 2906 unquam
867 2822 947 2887 edita
970 2831 1031 2888 est:
1053 2841 1153 2906 neque
1177 2825 1255 2887 enim
1277 2826 1307 2887 in
1328 2824 1506 2906 imperfecto
1527 2825 1580 2889 ilio
1602 2825 1712 2889 ilituali
1731 2821 1971 2905 Ordinationum,
1992 2841 2070 2904 quem

712 2942 752 2986 ex
774 2923 942 3005 Symmiotis
962 2923 1083 3003 Aliatii,
1111 2924 1143 2985 in
1172 2941 1249 3005 epus
1278 2943 1366 2988 suum
1393 2924 1544 2988 transtulit
1565 2924 1619 2988 iiir
1642 2923 1832 2988 Clarissimus
1855 2922 1988 2987 ioannes
2007 2922 2070 2985 bio·

709 3025 812 3103 rinus,
835 3023 873 3086 da
901 3022 1073 3087 Patriarcha
1104 3023 1271 3087 ordinando
1302 3026 1462 3106 quidquam
1492 3025 1680 3087 occurrebat.
1724 3023 1822 3087 Habet
1851 3030 1953 3087 autem
1974 3023 2070 3103 singu-

711 3124 787 3186 laria
809 3123 899 3186 muita
921 3123 998 3186 baec
1020 3121 1187 3201 Ordinatio,
1209 3126 1240 3187 in
1263 3125 1371 3205 quibus
1394 3124 1431 3188 ab
1454 3124 1628 3206 Episcopali
1649 3122 1759 3203 diiiert,
1781 3142 1842 3187 nou
1866 3131 1965 3186 tamen
1992 3121 2020 3182 in
2038 3120 2070 3181 iis

710 3242 789 3305 quae
818 3223 857 3285 ad
879 3223 1064 3287 Sacramenti
1079 3209 1196 3287 ου’σίαν
1212 3225 1366 3304 pertinere
1395 3234 1536 3306 possunt;
1573 3223 1628 3288 sed
1656 3225 1687 3286 in
1722 3224 1933 3287 caeremoniis.
1973 3221 2069 3301 Neque

710 3326 788 3387 enim
810 3333 844 3387 ut
872 3323 1120 3387 Nestorianorum
1150 3324 1338 3387 consuetudo
1368 3323 1478 3386 dudum
1500 3323 1572 3405 luit,
1603 3323 1676 3407 eligi
1711 3324 1741 3385 in
1763 3322 1969 3386 Patriarebam
1991 3320 2069 3397 solet,

711 3427 762 3506 qui
780 3425 842 3505 jam
865 3423 953 3486 alteri
973 3423 1130 3486 Ecclesiae
1153 3441 1210 3504 per
1231 3422 1464 3504 praecedentem
1483 3422 1711 3487 Ordinationem
1724 3420 1865 3505 alligatus
1888 3420 1989 3496 fuerit,
2010 3436 2069 3480 cum

710 3523 810 3588 nutus
840 3523 919 3605 apud
947 3522 1097 3604 Coptitas,
1127 3542 1146 3586 a
1175 3523 1314 3586 Dioscuri
1342 3531 1480 3605 tempore
1507 3523 1695 3605 Episcopus,
1727 3522 1764 3584 ad
1792 3519 1875 3582 illam
1906 3522 2069 3603 dignitatem

710 3632 881 3704 assumptus
911 3621 1009 3685 fuerit.
1054 3621 1115 3685 Sed
1143 3641 1243 3704 neque
1271 3620 1380 3686 Graeci
1407 3624 1476 3704 ipsi,
1508 3642 1526 3686 a
1555 3624 1662 3704 quibus
1691 3623 1748 3684 hac
1777 3622 1808 3682 iu
1829 3630 1919 3701 parte
1943 3619 2069 3683 Canoncs

711 3722 824 3803 anitiqui
845 3721 949 3784 violati
971 3729 1050 3799 sunt,
1074 3729 1104 3783 et
1125 3721 1205 3784 inter
1228 3740 1305 3802 quos
1327 3721 1588 3803 frequentissimae
1610 3730 1680 3785 sunt
1706 3720 1929 3802 Episcopomm
1951 3717 2069 3782 transla-

709 3823 826 3901 tiones,
848 3840 955 3885 novam
983 3820 1209 3885 Ordinationem
1231 3821 1394 3901 celebrant,
1417 3820 1473 3886 sed
1494 3822 1591 3885 solum
1611 3806 1847 3906 Ἐνθρονισμόν.
1867 3818 1903 3881 in
1925 3821 1983 3882 istc
2003 3830 2067 3877 reru

711 3922 896 4003 Coptitarum
925 3920 1031 3985 Officio
1061 3920 1267 3985 Ordinationis
1295 3921 1386 3984 muita
1421 3928 1584 3984 occurrunt
1617 3920 1790 4001 discipliuae
1820 3920 1974 4003 vestigia,
2001 3933 2069 3997 quae

711 4022 855 4102 Graecas,
879 4023 972 4104 Syrus
994 4029 1025 4084 et
1046 4020 1169 4084 Latinas
1192 4022 1359 4100 illustrant,
1390 4028 1422 4083 ut
1443 4021 1532 4103 periti
1560 4020 1709 4084 Lectores
1733 4019 1805 4083 satis
1828 4017 2066 4095 animadvertent,

710 4120 800 4185 modo
823 4120 1073 4184 Commentariun
1094 4119 1219 4184 ioannis
1241 4121 1361 4199 biorini,
1384 4130 1416 4184 et
1437 4120 1560 4183 liuberti
1581 4117 1965 4184 Ponufieateuraecorum
1986 4118 2066 4198 iege-

709 4224 778 4285 rint.
823 4221 869 4284 iili
897 4222 974 4283 enim
1003 4221 1233 4303 praecaeteris
1262 4239 1417 4285 sacrarum
1445 4219 1672 4285 Ordinationum
1704 4219 1889 4298 doctrinam,
1928 4218 2065 4298 simulque

710 4327 840 4389 omnium
862 4324 1051 4389 saeculorum
1073 4321 1270 4404 disciplinam,
1301 4331 1359 4386 tam
1381 4333 1523 4387 accurate
1544 4327 1767 4398 tractaverunt,
1797 4325 1829 4385 ut
1851 4319 1879 4381 si
1911 4336 1989 4400 quae
2017 4315 2066 4380 ad-

709 4445 818 4489 versus
841 4423 1011 4489 Orientaies
1035 4423 1247 4487 Ordinationes
1271 4427 1403 4507 suspicio
1426 4426 1498 4488 viris
1526 4427 1556 4487 in
1586 4423 1760 4503 antiquitate
1782 4419 1997 4483 Ecclesiastica
2016 4434 2068 4498 pa-

708 4546 775 4589 rum
796 4526 925 4589 versatis
947 4525 1056 4606 injecta
1077 4523 1193 4600 iuerat,
1217 4542 1282 4587 eam
1310 4527 1429 4606 penitus
1453 4525 1660 4587 discusserint.
1688 4521 1782 4584 Notas
1805 4519 1996 4583 necessarias
2017 4511 2067 4578 sed

707 4627 820 4690 breves
842 4625 1016 4708 adjecimus,
1039 4624 1107 4704 quia
1130 4622 1168 4686 de
1190 4626 1285 4686 sacris
1310 4624 1564 4711 Ordinationibus,
1602 4624 1628 4686 si
1656 4622 1738 4685 Deus
1760 4623 1851 4683 vitam
1875 4613 2064 4691 concesserit,

710 4726 960 4791 Commentariun
977 4724 1122 4797 dabimus,
1143 4724 1175 4785 iu
1197 4742 1258 4805 qno
1281 4726 1380 4787 omnia
1402 4743 1480 4807 quae
1503 4723 1540 4787 ad
1563 4721 1747 4805 disciplinam
1770 4719 1976 4796 Orientalium,
1997 4718 2068 4778 circa

708 4826 775 4891 illas
797 4828 959 4909 pertinent,
982 4823 1077 4889 fusius
1101 4831 1301 4907 exponantur.

1138 5032 1655 5078 ψ
