4525 6034
710 587 787 660 390
874 584 1109 664 cusantium
1136 586 1189 661 Ab
1215 585 1423 662 Lll'llltlllhbl
1448 583 1605 662 Tfluulu
1631 585 1915 665 lffiuloluttsu.

797 771 830 833 ln
853 770 910 833 hac
933 770 1069 851 liturgia
1090 768 1164 831 nihil
1187 770 1336 847 occurrit,
1364 768 1445 849 quod
1472 767 1543 830 alibi
1573 767 1755 849 explicatum
1783 788 1843 835 non
1873 770 1965 833 luerit
2001 770 2052 834 Nisi

708 868 862 932 delectum
889 888 977 950 quem
1007 869 1037 930 in
1067 868 1174 950 paucis
1204 867 1269 929 aliis
1293 869 1375 930 circa
1396 866 1491 930 verba
1515 866 1626 930 Christi
1648 868 1863 944 observamus3
1885 878 1915 931 et
1935 869 2006 949 quod
2023 871 2054 933 da

708 968 773 1030 aliis
801 966 912 1031 (lictum
940 976 1002 1044 est,
1034 967 1072 1029 de
1101 968 1158 1028 ista
1182 985 1303 1047 quoque
1326 965 1484 1028 dicendum
1507 966 1643 1029 videtur:
1673 985 1782 1049 nempe
1804 969 1891 1050 sequi
1912 967 2055 1030 debuerant

694 1065 803 1146 ‚verba
834 1066 961 1129 Christi:
1005 1065 1144 1145 Accipite
1173 1072 1203 1126 et
1222 1066 1421 1127 moderate:
1465 1064 1531 1126 Hoc
1552 1073 1599 1126 ert
1620 1063 1738 1146 Corpus
1759 1086 1872 1142 mam,
1894 1073 1924 1128 et
1943 1069 2057 1128 amitttat·

707 1172 738 1226 οε
758 1165 951 1343 eugepium
964 1262 1044 1325 illius
1057 1261 1213 1341 Liturgiae
1227 1260 1356 1323 Codices
1380 1261 1596 1335 habuissemus,
1619 1260 1751 1325 sortasse
1773 1262 1831 1325 alia
1851 1262 1939 1325 lectio
1959 1263 1987 1323 in
2005 1263 2056 1325 aliis

706 1370 830 1443 reperta
852 1361 968 1440 luisset,
992 1380 1059 1423 curn
1082 1359 1271 1422 librariorum
1294 1360 1382 1441 culpa
1405 1362 1517 1424 omissa
1543 1361 1644 1442 potius
1672 1361 1833 1424 videantur
1854 1363 1947 1424 verba
1967 1360 2057 1424 Christi
2195 1413 2196 1426 ,

707 1461 948 1539 sacramentalia,
972 1479 1061 1542 quarn
1083 1476 1179 1540 pravo
1202 1458 1341 1536 consilio,
1364 1477 1405 1520 ex
1426 1457 1504 1520 lalsa
1526 1460 1734 1540 suppositione
1757 1461 1907 1541 opinionis
1916 1459 1964 1522 ‘de
1982 1459 2057 1522 lura-
2195 1485 2196 1512 l

707 1561 829 1622 catione
853 1558 982 1640 Spiritus
1005 1559 1120 1634 sancti,
1152 1557 1191 1619 de
1213 1575 1272 1638 qua
1296 1556 1364 1638 Syri
1386 1565 1437 1620 aut
1459 1559 1567 1639 reliqui
1589 1557 1760 1622 Orientales
1783 1577 1939 1639 numquam
1960 1559 2058 1640 copita-

707 1667 827 1721 verunt.
873 1656 1009 1719 videnda
1044 1673 1122 1737 quae
1154 1655 1192 1717 de
1221 1655 1281 1718 hoc
1310 1665 1488 1737 argumento
1517 1657 1597 1719 dicta
1627 1664 1697 1718 sunt
1726 1655 1764 1719 ad
1799 1656 1961 1739 liturgiam
1985 1657 2057 1735 Petri,

708 1757 846 1838 Dionysii
867 1755 1016 1818 Barsalibi
1040 1764 1070 1818 et
1092 1772 1205 1836 paucas
1229 1754 1311 1816 alias.

795 1855 881 1929 Quae
904 1862 1083 1935 sequuntur,
1106 1854 1306 1934 paraphrasin
1329 1856 1484 1917 continent
1507 1853 1683 1917 verborum:
1728 1852 1795 1914 lloc
1814 1851 1911 1930 tacite
1932 1855 1961 1914 in
1979 1873 2056 1918 meaa

709 1956 1042 2017 commemorationem:
1064 1953 1213 2034 simulque
1233 1954 1389 2015 continent
1408 1953 1629 2034 professionem
1648 1951 1717 2014 fidei
1740 1949 1778 2013 de
1793 1951 1922 2014 veritate
1943 1953 2058 2033 carparis

709 2062 741 2116 et
763 2053 920 2136 sanguinis
943 2049 1055 2115 Christi
1078 2054 1109 2114 in
1131 2051 1329 2115 Eucharistia.
1353 2052 1400 2115 De
1421 2053 1579 2133 disciplina
1601 2068 1694 2133 porro
1709 2049 1856 2131 Syrorum
1871 2050 2057 2120 tauchitanm
2195 2065 2196 2074 ¹

709 2159 845 2218 statuere
868 2159 1001 2231 oportet,
1024 2167 1085 2214 non
1108 2170 1148 2214 ex
1170 2149 1286 2213 duabus
1308 2149 1359 2214 vel
1381 2149 1477 2213 tribus
1499 2150 1643 2232 liturgiis
1666 2166 1792 2231 quarum
1813 2167 1889 2212 usus
1909 2147 2059 2228 infrequens

709 2257 775 2327 est,
798 2248 854 2312 sed
876 2268 916 2312 ex
939 2250 1087 2313 communi
1109 2250 1240 2312 omniurn
1262 2248 1376 2329 torma,
1398 2250 1450 2330 qui
1474 2251 1505 2311 in
1526 2249 1662 2331 Liturgia
1683 2247 1789 2310 iacobi
1812 2250 1988 2311 continetur.
2024 2245 2058 2306 lte

708 2349 904 2412 lnvocatione
927 2346 1055 2429 Spiritus
1078 2350 1191 2426 sancti,
1218 2365 1296 2429 quae
1318 2348 1526 2434 subiungitur,
1550 2348 1695 2411 adversus
1718 2364 1908 2410 communem
1929 2346 2001 2409 illan
2018 2362 2060 2406 re-

708 2447 812 2531 gulam
834 2446 944 2510 deduci
965 2446 1039 2509 nihil
1061 2453 1181 2528 potest,
1205 2465 1273 2510 cum
1294 2447 1400 2510 iisdem
1422 2447 1526 2510 verbis
1549 2454 1633 2509 extet
1656 2447 1744 2509 etiarn
1767 2447 1796 2507 in
1820 2445 1881 2508 illis
1905 2464 1978 2527 quae
1997 2444 2060 2504 iate·

709 2563 796 2628 gram
818 2545 931 2609 habent
952 2545 1116 2609 verborum
1139 2544 1252 2610 Christi
1272 2539 1407 2609 formam.

1086 3265 1698 3450 LITUllGll

832 3594 1981 3715 autistiti-currina.

1198 3901 1320 3972 Oratio
1347 3908 1428 3972 auk
1453 3900 1592 3972 Pocera.

780 4093 941 4198 Durriae
967 4119 1061 4194 Deus
1087 4121 1199 4194 lumen
1226 4132 1398 4197 aeternum
1424 4133 1458 4195 et
1484 4144 1619 4196 verum:
1652 4143 1775 4218 parens
1801 4120 1937 4193 luminis
1962 4119 2064 4192 acerui

711 4248 747 4309 et
771 4238 865 4326 veri3
897 4235 975 4309 lons
1010 4241 1102 4309 vitae
1138 4247 1171 4309 et
1203 4260 1306 4312 causa
1333 4238 1511 4325 bonorum,
1537 4240 1734 4333 principium
1766 4238 2065 4333 tranquillitatis‚el

711 4354 809 4444 origo
841 4355 949 4448 pacis:
990 4361 1125 4447 praesta
1160 4352 1258 4427 nobis
1292 4366 1329 4427 ut
1360 4378 1435 4427 cum
1474 4352 1708 4448 tranquillitate
1744 4365 1777 4425 et
1810 4376 1900 4449 pace
1933 4368 2064 4425 ornemur

711 4467 944 4540 misericordia
972 4467 1147 4563 spirituali,
1175 4480 1210 4541 et
1234 4481 1360 4543 rectam
1388 4470 1431 4542 de
1457 4468 1615 4541 tetidem
1632 4467 1834 4541 habeamus:
1864 4479 1965 4562 utque
1987 4463 2063 4536 liberi

712 4579 755 4653 ab
783 4586 873 4654 omni
898 4586 1058 4686 passione
1084 4582 1350 4681 reprehensibili,
1376 4590 1410 4657 in
1436 4587 1575 4657 caritate
1601 4606 1698 4672 vera,
1726 4583 1842 4656 demus
1870 4604 1987 4680 pacem
2009 4599 2062 4649 no·

711 4695 763 4768 bis
790 4699 947 4788 invicem,
972 4700 1007 4768 in
1034 4697 1151 4771 osculo
1179 4710 1296 4773 sancto
1316 4711 1352 4773 et
1377 4700 1503 4791 dimna,
1530 4708 1564 4771 et
1582 4698 1768 4771 referemus
1784 4697 1843 4770 tibi
1859 4697 1998 4782 laudem
2016 4701 2063 4763 etc

816 4811 977 4905 Populos.
1030 4815 1150 4886 Amen.

815 4925 1004 4999 Diaconos
1058 4928 1126 5000 Det
1151 4934 1377 5025 unusquisque
1403 4953 1532 5026 pacem.

816 5039 1001 5114 Sacerdos.
1057 5044 1108 5115 Te
1135 5049 1224 5118 enim
1250 5044 1358 5119 solum
1385 5050 1557 5138 nummus,
1592 5045 1717 5121 iontem
1748 5045 2013 5118 benedictionum
2039 5045 2063 5105 et
