4525 6034
712 574 762 649 74
1084 577 1700 659 ossutttttbtttts

406 761 473 817 Usus
491 763 559 817 iltius
577 765 698 835 frequens
797 761 880 824 lilarn
909 762 1001 845 igitur
1035 781 1112 843 quae
1140 762 1256 829 Jacobo
1286 765 1417 828 adscribi
1446 766 1541 845 solet,
1575 766 1606 827 in
1629 766 1800 848 quotidiano
1823 767 1982 829 ministerio
1999 766 2052 847 Syri

387 858 414 902 et
435 867 491 950 eam
508 849 699 951 .c⁰m¹¹¹e¹¹.⁸⁸.‘⁵⁰
711 860 918 942 frequentant,
941 882 981 925 ex
1004 870 1121 925 vetusta
1144 882 1265 926 suarum
1288 863 1491 927 Ecclesiarum
1513 865 1691 941 traditione,
1720 865 1849 928 schisma
1877 864 2053 928 Jacobitamn

388 936 525 1006 ⁰¹P¹¹⁰⁸V¹⁸
544 937 674 991 ⁸⁰³³¹¹bl
710 961 809 1024 multis
832 963 917 1025 annis
940 961 1151 1025 antecedente:
1175 981 1241 1025 cum
1265 963 1352 1026 aliter
1374 982 1439 1027 eam
1468 963 1505 1026 ab
1529 963 1714 1028 Orthodoxis
1744 982 1841 1045 aeque
1863 981 1899 1026 ac
1921 963 2053 1027 haereticis

607 1118 611 1125 ,
709 1069 882 1144 usurpatam
904 1061 999 1125 tuisse
1021 1061 1140 1123 diliicilc
1163 1062 1252 1127 toret.
1297 1061 1345 1126 Ad
1368 1063 1503 1126 eamdem
1524 1063 1775 1128 commentarium
1797 1081 1884 1125 suum
1907 1079 2054 1126 accommo-

708 1161 789 1223 davit
811 1161 974 1241 Dionysius
997 1160 1160 1239 Barsalibi‚
1185 1162 1236 1242 qui
1260 1161 1438 1225 duodecimo
1461 1163 1584 1226 vivebat
1606 1164 1747 1242 saeculo,
1770 1180 1838 1224 cum
1861 1162 1957 1224 adbuc
1970 1162 2055 1225 Franci
2153 1204 2166 1233 Α

707 1260 737 1321 in
753 1260 921 1323 Palaestina
934 1268 1113 1342 regnarent:
1138 1267 1169 1323 et
1194 1262 1220 1322 si
1241 1260 1396 1324 Maronitis
1419 1263 1578 1341 credimus,
1602 1262 1694 1326 multo
1708 1271 1806 1339 antea,
1829 1268 1918 1324 sexto
1941 1262 2056 1325 videlicet

707 1360 848 1437 saeculo,
884 1361 979 1422 simile
1013 1377 1090 1440 opus
1121 1360 1287 1440 scripserat
1323 1360 1455 1425 doannes
1489 1362 1590 1442 blano,
1624 1381 1713 1444 quem
1747 1370 1846 1423 tamen
1868 1369 1985 1442 praeter
2003 1358 2080 1439 aos,'

707 1458 902 1523 Orientalium
934 1459 1098 1536 Automm,
1135 1460 1185 1540 qui
1223 1458 1348 1541 Syrisce
1376 1462 1426 1524 vel
1461 1462 1594 1525 Arabica
1628 1464 1835 1544 scripserunt,
1865 1480 1955 1524 nemo
1981 1465 2055 1525 novit

705 1558 791 1622 Unde
813 1577 874 1620 non
896 1561 993 1621 inanis
1016 1559 1150 1639 suspicio
1173 1566 1220 1620 est
1242 1558 1365 1621 alterius
1387 1577 1463 1642 opus
1492 1560 1534 1623 illi
1562 1580 1578 1622 a
1602 1560 1757 1624 Maronitis
1780 1561 1954 1623 attributum
1973 1562 2055 1624 titisse.

615 1727 621 1735 ¹
706 1658 778 1721 lnde
801 1677 893 1739 porro
916 1656 1105 1720 manifestum
1135 1666 1198 1737 est,
1230 1676 1416 1720 communem
1447 1667 1478 1722 et
1507 1660 1772 1724 celebratissimum
1799 1659 1978 1742 Liturgiam‚
2004 1679 2056 1722 ean

707 1777 776 1820 esse
799 1776 876 1840 quae
898 1757 1005 1820 iacobi
1027 1757 1148 1831 dicitur,
1170 1758 1207 1819 ad
1230 1775 1319 1837 quarn
1340 1758 1476 1839 reliquae
1499 1759 1652 1841 Syriacae,
1676 1768 1816 1841 tanquam
1837 1757 2055 1839 adpraecipuan

705 1856 887 1920 referendae
910 1864 995 1919 sunt:
1019 1865 1053 1918 ut
1073 1857 1221 1940 generale
1244 1855 1316 1919 illud
1339 1856 1489 1937 Officium,
1513 1878 1579 1939 quo·
1596 1853 1826 1941 praepardtoria
1848 1861 1962 1937 omnia,
1983 1866 2009 1919 et
2027 1857 2056 1919 ad

705 1955 872 2020 Gratiarum
895 1957 1044 2019 actionem
1066 1962 1138 2037 post
1160 1957 1396 2019 communionem
1429 1959 1627 2039 pertinentia,
1661 1977 1723 2021 non
1750 1960 1790 2022 ad
1818 1977 1885 2020 earn
1913 1957 1995 2038 Xysti
2018 1958 2055 2018 cui

705 2057 756 2120 illa
780 2058 974 2138 conjungitur
996 2056 1026 2117 in
1048 2055 1148 2118 multis
1171 2056 1392 2137 exemplaribus
1415 2057 1487 2120 biss.
1512 2077 1589 2139 quae
1618 2059 1742 2138 reliquis
1768 2058 1989 2139 praetulerunt,
2016 2057 2056 2136 qui

705 2157 867 2220 editionem
889 2156 1018 2219 Missnlis
1042 2153 1196 2218 Chaldaici
1219 2165 1410 2222 curaverunt.
1455 2157 1515 2220 lsta
1537 2166 1635 2222 tamen
1659 2160 1794 2240 quamvis
1817 2166 1976 2221 censeatur
1994 2158 2055 2217 inter

704 2257 856 2339 reliquas,
880 2264 1024 2337 extetque
1047 2256 1077 2317 in
1099 2256 1228 2336 antiquis
1252 2255 1430 2334 Codicibus,
1453 2259 1578 2321 rarioris
1601 2266 1700 2322 tamen
1722 2258 1843 2320 omnino
1865 2275 1941 2319 usus
1962 2264 2014 2331 est,
2032 2264 2055 2317 et

581 2416 586 2425 ,
704 2375 801 2439 prope
824 2355 949 2432 nullius,
981 2372 1077 2425 neca
1106 2353 1249 2418 Jacobitis
1279 2355 1355 2433 alio,
1389 2363 1422 2418 ut
1450 2355 1587 2436 videtur,
1618 2357 1678 2421 fine
1707 2359 1891 2439 composita,
1922 2363 1954 2418 ut
1979 2356 2056 2417 attera

704 2455 775 2519 tutti
797 2457 895 2536 Papae
918 2455 1055 2530 nomine,
1078 2474 1166 2535 quarn
1187 2462 1220 2516 ut
1243 2454 1273 2516 in
1295 2455 1495 2518 Romanorum
1518 2465 1653 2520 veterum
1666 2456 1842 2519 Pontificum
1863 2454 1924 2518 fide
1946 2475 1977 2517 se
1996 2472 2055 2535 per-

705 2558 814 2618 sistere
836 2554 912 2618 salso
935 2554 1148 2637 gloriarentur.
1192 2554 1314 2617 illorum
1337 2556 1465 2637 quippe,
1488 2556 1558 2618 Julii
1579 2558 1774 2638 praesertim,
1803 2554 1896 2618 falsas
1926 2553 2055 2636 Epistulas

705 2655 817 2716 babent
838 2655 869 2716 in
892 2656 954 2716 suis
979 2652 1232 2733 Collectionibus‚
1256 2656 1413 2717 sententiis
1442 2655 1555 2736 aliquot
1578 2657 1711 2738 opinioni
1734 2656 1772 2718 de
1795 2673 1853 2717 una
1875 2662 1977 2717 natura
1996 2670 2054 2714 suae

705 2756 779 2818 satis
803 2752 985 2833 commodis,
1009 2754 1227 2835 interspersas‚
1257 2773 1331 2834 quas
1354 2754 1433 2816 inter
1455 2754 1587 2829 ulia-SS.
1611 2756 1730 2818 Patrum
1751 2757 1924 2818 testimonia
1946 2753 2055 2834 allegant

705 2854 806 2917 Autor
826 2855 913 2916 Fs'dei
933 2853 1077 2929 Palmum,
1100 2860 1131 2914 et
1153 2853 1236 2915 multi
1258 2853 1308 2915 alii
1332 2856 1487 2936 anonymi,
1510 2863 1634 2936 praeter
1655 2856 1789 2937 insignes
1805 2854 1976 2935 theologos
2001 2852 2054 2913 isa·

706 2954 908 3029 Ebn-Zaraa,
930 2954 1077 3017 Severum
1099 2952 1399 3032 ltscbmoninensem,
1423 2973 1589 3035 omnesque
1602 2954 1719 3017 tandem
1738 2956 1788 3034 qni
1801 2953 1983 3017 Jacobiticac
2000 2949 2054 3012 tidei

707 3053 907 3117 vindicandae
929 3055 1010 3116 serio
1033 3053 1243 3117 incubuerunt.

421 3163 478 3230 Syri
497 3164 693 3219 credunrtaco-
795 3152 881 3227 Quod
905 3161 1003 3216 autem
1026 3155 1191 3234 praecipua
1214 3153 1360 3216 habeatur
1374 3155 1453 3216 inter
1466 3152 1562 3234 Syros
1584 3154 1660 3216 haec
1674 3153 1780 3216 iacobi
1791 3153 1928 3235 liturgia
1952 3155 2053 3230 praeter

384 3248 445 3301 bum
462 3251 693 3320 permetitur-giam
708 3274 744 3315 oa
768 3272 844 3334 quae
868 3253 995 3316 diximus
1019 3252 1128 3335 probat
1150 3252 1288 3333 Dionysii
1317 3253 1463 3315 Barsalibi
1494 3254 1694 3315 testimonium
1721 3255 1772 3334 qui
1801 3252 1884 3314 initio
1914 3249 2052 3313 Commen-

386 3338 529 3405 ⁸⁰l¹l³⁵⁵⁸⁸⁰·
708 3354 774 3415 tarii
801 3354 831 3414 in
852 3353 932 3415 illam
954 3356 994 3416 ita
1018 3354 1158 3435 loquitur.
1203 3353 1362 3428 Traditur,
1385 3354 1465 3433 quod
1483 3352 1566 3431 ferio
1586 3352 1641 3416 ΙΙΙ.
1663 3360 1734 3433 post
1755 3354 1931 3414 descensum
1944 3348 2051 3428 Spht'lw

707 3455 807 3516 suncti
837 3452 973 3515 Jacobus
1001 3452 1163 3534 Αροειοίω
1189 3452 1359 3532 Liturpiom
1388 3451 1552 3513 celebrauit
1580 3454 1715 3514 eamdem
1743 3453 1882 3528 omnino,
1911 3467 1991 3530 quom
2014 3443 2052 3504 lit

707 3552 859 3616 habemus.
906 3551 1036 3633 Cumque
1057 3553 1759 3633 ropotnusesset,undeocccp12esetcom,itc
1786 3551 1948 3629 respondit.
1992 3543 2054 3604 Vim'l

707 3652 870 3730 Dominus,
892 3655 968 3715 nibil
988 3655 1103 3733 acheri,
1127 3661 1182 3715 cut
1202 3655 1328 3715 detrusi
1345 3652 1388 3712 'ob
1411 3652 1549 3731 eoquod
1570 3653 1676 3714 audivi
1696 3671 1717 3712 o
1730 3650 1862 3713 Domino
1882 3656 1986 3710 norbo.
2013 3641 2051 3701 Ed

704 3758 830 3831 propter
851 3753 927 3814 baec
947 3752 1089 3833 Liturpe'c
1108 3754 1274 3833 praecipue
1296 3753 1411 3813 exindo
1432 3754 1477 3812 est
1498 3759 1527 3811 et
1548 3753 1679 3813 omnium
1697 3753 1807 3831 pansa.

419 3850 451 3905 ttt
469 3851 545 3904 ettam
563 3853 662 3906 Graeci.
794 3851 978 3915 Graecorum
1005 3870 1125 3933 quoque
1155 3851 1319 3914 communis
1355 3850 1475 3913 traditio
1508 3859 1554 3911 est
1583 3850 1729 3913 Jacobum
1755 3849 1919 3932 Liturgiam
1946 3844 2050 3925 prium

707 3953 883 4032 scripsisse,
907 3951 986 4033 quod
1009 3953 1138 4033 probant
1160 3952 1319 4014 autoritate
1340 3951 1457 4029 Procli,
1481 3952 1564 4031 cujus
1587 3950 1765 4032 opusculum
1795 3948 1906 4011 editum
1931 3952 1973 4007 est
1997 3957 2049 4002 cun

708 4052 830 4114 Graccis
852 4052 995 4137 biturgiis
1018 4069 1036 4113 a
1058 4052 1210 4115 Morellio:
1233 4059 1294 4113 turn
1317 4049 1431 4132 Synodi
1453 4049 1629 4127 Trullanae,
1652 4052 1737 4130 cujus
1760 4066 1877 4127 canon,
1901 4040 2049 4126 quamvist

706 4153 780 4215 sede
802 4152 936 4215 Romana
959 4152 1085 4232 probata
1113 4169 1174 4213 non
1200 4150 1305 4230 tuerit,
1335 4151 1367 4212 in
1397 4148 1530 4226 Gratiani
1558 4149 1720 4212 Decretum
1748 4147 1863 4210 relatus
1893 4152 1951 4208 est:
1977 4137 2048 4201 etin

707 4252 842 4314 eamdem
865 4255 1041 4315 sententiam
1062 4252 1251 4333 posteriores
1275 4269 1379 4314 omnes
1403 4251 1512 4312 Graeci
1525 4257 1752 4325 concesserunt,
1775 4254 1808 4309 ut
1826 4253 1908 4328 patet
1924 4236 2047 4319 exprimtt

612 4407 618 4429 ,
703 4350 864 4433 Responsa
888 4351 1056 4414 Hieremiae
1078 4349 1270 4413 Patriarchae
1286 4349 1605 4429 constantinopolitani
1620 4347 1657 4410 ad
1672 4348 1961 4431 Wirtenbergenses.
1996 4336 2047 4397 lu-

705 4452 813 4513 dicium
835 4451 947 4514 Leonis
969 4450 1072 4513 Allatii
1100 4451 1138 4513 de
1166 4449 1271 4513 eadem
1298 4448 1434 4531 Liturgia
1461 4449 1552 4530 longa
1580 4448 1799 4511 Dissertatione
1830 4445 2001 4527 expositum,
2020 4439 2047 4495 el

704 4550 802 4614 Riveti
825 4570 983 4614 censuram
1006 4550 1075 4613 alibi
1098 4550 1303 4631 expendimus.

451 4757 481 4808 P·
501 4757 546 4809 29.
1122 4759 1243 4829 Oratio
1271 4764 1350 4829 onie
1372 4758 1526 4831 Osculum
1547 4760 1658 4852 pacis.

419 4981 537 5034 Secunda
563 4981 694 5051 Ltrurgiue
801 4954 948 5033 Securos
976 4966 1051 5028 haec
1075 4973 1122 5027 est
1146 4964 1299 5045 biturgiaa
1322 4981 1405 5045 pars,
1428 4971 1461 5026 ut
1483 4971 1565 5025 notat
1587 4962 1745 5041 Barsalibi,
1768 4961 1854 5043 cujus
1874 4954 1959 5020 rerba
1979 4952 2042 5021 sont

382 5082 451 5135 tim·
706 5070 791 5132 Haec
813 5078 859 5132 est
879 5072 1012 5133 secundo
1033 5069 1191 5150 Ltrnrptce
1209 5087 1300 5147 pars,
1323 5088 1399 5148 quac
1421 5071 1599 5130 terminatur
1620 5066 1732 5129 celebri
1751 5067 1805 5128 itta
1823 5057 2043 5147 prauumue,
