4525 6034
709 567 785 642 472
1211 569 1572 647 eleuauit

691 754 806 816 'anime
829 771 897 816 cum
919 771 1010 817 carne
1033 771 1110 816 unus
1132 753 1301 831 esthemo,
1324 754 1365 817 ita
1386 751 1469 818 Deus
1493 764 1523 818 et
1545 755 1635 818 homo
1657 773 1734 818 unus
1757 764 1803 819 est
1825 755 1968 834 Christus,
1992 757 2042 822 he-

709 851 904 934 qucntissime
927 861 1089 935 usurpatur
1112 872 1128 916 a
1150 853 1305 932 Jacobitis,
1329 862 1360 917 et
1383 872 1450 916 cum
1472 854 1503 918 in
1524 855 1665 937 symbolo
1687 856 1766 938 quod
1778 856 1928 920 Athanasii
1948 857 2043 937 dicitur,

709 960 861 1033 occurrat,
885 972 982 1034 eaque
993 954 1182 1037 Augustinus
1196 972 1268 1016 usus
1292 953 1392 1031 fuerit,
1414 962 1578 1034 potuerunt
1599 954 1680 1017 iilam
1701 956 1814 1037 absque
1837 956 2044 1037 reprehensione

709 1071 865 1134 usurpare.
889 1053 1045 1130 &eomodo
1067 1062 1113 1116 eet
1134 1055 1212 1115 enim
1233 1072 1311 1115 onus
1332 1055 1429 1133 homo,
1453 1056 1558 1116 naimo
1580 1063 1610 1117 et
1630 1074 1750 1135 conpos,
1772 1057 1819 1117 sic
1840 1075 1915 1118 unae
1934 1054 2047 1117 cumae

715 1152 841 1215 Verbum
862 1161 892 1215 et
912 1153 1007 1216 homo.
1047 1153 1092 1215 ita
1114 1152 1166 1215 iiie
1189 1154 1331 1216 Tractatu
1352 1154 1403 1215 di.
1428 1161 1459 1216 et
1483 1155 1532 1219 79.
1556 1154 1587 1216 in
1607 1154 1764 1232 ioannem,
1786 1154 1945 1218 Enohiiidii
1963 1172 1987 1219 c.
2005 1151 2046 1219 36.

712 1253 808 1318 Semo.
832 1251 905 1317 130.
929 1260 959 1315 et
982 1251 1056 1315 261.
1078 1252 1135 1335 Ep.
1159 1251 1196 1315 ad
1220 1251 1413 1316 Volusianum
1439 1251 1508 1317 137.
1533 1262 1563 1317 et
1584 1253 1662 1317 aiibi.
1695 1253 1769 1316 Eam
1791 1262 1890 1317 tamen
1910 1255 1938 1316 in
1957 1255 2048 1316 diono-

626 1397 632 1409 .
711 1352 839 1434 physitis
862 1370 923 1416 non
945 1351 1150 1433 probaverunt
1168 1352 1357 1430 Anastasius,
1380 1353 1538 1416 Facundus
1562 1359 1592 1416 et
1614 1353 1680 1416 alii:
1702 1353 1757 1416 sed
1780 1352 1857 1416 haee
1878 1354 1944 1417 alibi
1963 1353 2049 1418 fusius.

713 1452 809 1514 Unum
830 1459 877 1514 est
896 1454 1080 1534 mysterium,
1102 1451 1172 1532 quie
1194 1451 1266 1514 licet
1286 1452 1317 1514 in
1339 1452 1469 1516 diversis
1489 1452 1660 1534 speciebus,
1682 1469 1774 1515 unum
1787 1462 1994 1515 sacramentum
2005 1460 2049 1515 est

710 1551 804 1613 Unius
827 1569 903 1613 vero
926 1558 1029 1631 typum
1052 1551 1185 1628 exhibet,
1209 1552 1278 1632 quia
1300 1552 1440 1614 unionem
1470 1552 1619 1634 significet
1641 1551 1829 1614 humanitatis
1853 1561 1883 1615 et
1904 1552 2051 1630 divinitatis,
2190 1582 2191 1585 ¹

712 1652 800 1714 unius
824 1650 951 1714 Christi:
974 1668 1083 1731 nempe
1105 1658 1138 1713 ut
1160 1650 1262 1712 dicunt
1284 1651 1365 1727 alibi,
1388 1669 1500 1734 corpus
1519 1651 1599 1733 quod
1621 1653 1652 1713 ie
1668 1651 1751 1714 disco
1772 1669 1862 1714 sacro
1887 1660 1942 1729 est,
1962 1669 2051 1732 corpus

712 1759 759 1814 est
780 1750 933 1833 sanguinis
956 1749 1051 1811 calice
1074 1751 1222 1812 conteuti:
1245 1758 1277 1812 et
1298 1752 1424 1832 sanguis
1446 1753 1477 1814 in
1500 1752 1605 1830 culice,
1628 1752 1751 1834 sanguis
1774 1752 1913 1834 estiiiius
1927 1752 2052 1833 corporis,

712 1856 745 1911 ut
767 1848 898 1930 loquitur
914 1848 1071 1912 Barsalibi.
1094 1848 1231 1912 Videnda
1245 1867 1323 1932 quae
1337 1858 1438 1913 notata
1451 1850 1570 1914 suntad
1584 1850 1746 1933 Liturgiam
1761 1851 1869 1916 iacobi
1884 1850 2052 1934 Serugeusis.

1128 2191 1650 2234 -ψ-
1685 2185 1688 2200 ’

1091 2590 1692 2846 itionem

832 2924 874 3043 S.
915 2921 1325 3043 theodosi
1379 2913 1957 3044 Pninlinofliu

987 3164 1052 3254 QUI
1078 3162 1211 3273 sonui
1236 3164 1283 3240 ΕΤ
1309 3162 1534 3241 iocundius
1559 3163 1696 3243 nicius
1722 3165 1802 3243 est.

1119 3455 1270 3558 Primam
1298 3454 1419 3525 Oratio
1446 3460 1527 3524 onte
1552 3454 1688 3525 Pacem.

781 3654 897 3757 Deus
934 3680 1051 3768 Peter,
1089 3680 1251 3751 Dominus
1286 3679 1448 3765 omnium,
1482 3675 1718 3774 tranquillitas,
1757 3699 1848 3772 pax,
1890 3686 1925 3750 et
1956 3682 2058 3750 carim

712 3798 904 3872 coelestium
931 3805 964 3868 et
989 3798 1211 3883 terrestrium,
1237 3804 1371 3890 praesta
1396 3794 1494 3868 nobis
1521 3792 1754 3890 peccatoribus
1781 3798 1898 3874 servis
1929 3797 2006 3882 tuis,
2032 3801 2059 3863 ut

676 3989 679 3994 Α
712 3919 746 3987 in
772 3912 1004 4009 tranquillitate
1030 3922 1085 3984 tua
1112 3897 1224 3983 divina
1248 3911 1429 4001 laetemur,
1461 3922 1496 3983 et
1525 3915 1559 3982 in
1584 3934 1669 4007 pace
1701 3922 1756 3984 tue
1789 3910 1944 4006 perfecte
1977 3910 2058 3984 dele·

713 4041 860 4121 utemur,
888 4033 980 4102 etin
1006 4032 1142 4100 caritate
1167 4039 1223 4100 tua
1248 4031 1414 4100 veraciter
1440 4027 1633 4121 gloriemur,
1660 4027 1936 4125 illustrenturque
1951 4032 2060 4101 animae

712 4158 849 4223 nostrae
874 4149 1016 4219 veritate
1048 4155 1119 4230 tua,
1151 4141 1362 4240 purificemini
1395 4156 1524 4217 mentes
1555 4158 1691 4219 nostrae
1724 4144 1908 4218 dilectione
1942 4157 2009 4232 nia,
2035 4149 2061 4214 et

713 4263 959 4340 sanctificentur
985 4263 1117 4358 spiritus
1143 4263 1250 4333 nostri
1277 4283 1339 4356 per
1371 4266 1531 4356 mysteria
1564 4263 1715 4350 vivifiea,
1748 4271 1782 4333 et
1815 4285 1937 4336 eorum
1969 4263 2061 4335 hene-

712 4382 787 4453 ficio
816 4379 906 4473 digni
932 4378 1123 4463 efficiamur,
1151 4385 1186 4446 ut
1210 4379 1411 4449 conscientia
1438 4402 1538 4473 pune,
1571 4389 1605 4450 et
1636 4378 1739 4452 eorde
1764 4380 1892 4452 mundo
1921 4376 2060 4451 esord-

711 4497 787 4586 nus,
803 4495 1036 4592 amplectamur
1055 4495 1198 4564 invicem
1212 4495 1245 4564 in
1260 4484 1375 4567 osculo
1395 4506 1510 4567 saneto
1525 4504 1559 4566 et
1572 4495 1695 4585 divim,
1721 4495 1918 4571 inflammati
1932 4502 2060 4578 canem,

713 4624 747 4685 et
781 4623 874 4686 casta
907 4621 1085 4705 mutuaque
1118 4608 1307 4681 dilectione:
1342 4633 1403 4705 per
1435 4634 1583 4684 amonem
1618 4635 1698 4705 erga
1730 4609 1887 4689 homines
1922 4609 2060 4706 unigeniti

682 4765 684 4770 ·
711 4727 788 4802 Filii
814 4733 878 4818 tui,
904 4749 1089 4825 perquem
1116 4736 1249 4797 etcum
1276 4717 1402 4820 quote
1429 4727 1526 4800 decet
1550 4728 1659 4821 gloria
1686 4738 1719 4800 et
1744 4728 1865 4802 honor.

814 4845 976 4940 Populus.
1027 4844 1147 4916 Amen.

816 4962 999 5034 Sacerdos.
1051 4960 1135 5032 Pax.

816 5078 976 5172 Popoioe.
1027 5075 1072 5147 Et
1097 5098 1172 5150 cum
1198 5076 1313 5173 spiritu
1339 5085 1406 5149 tuo.
