4525 6034
712 591 763 666 68
1088 590 1704 669 bsssuhvntlouus

710 777 875 841 lectoribus
898 776 1176 859 linguaesyriacae
1198 776 1342 857 imperitis
1365 777 1455 838 miras
1467 776 1608 839 tenebras
1620 774 1736 855 obludit,
1759 777 1790 838 ia
1803 774 2059 840 vernonellitum

711 876 816 941 Seueri
839 874 1032 952 Antiochenl,
1055 895 1122 939 cum
1145 875 1213 938 illas
1236 894 1296 958 quo
1319 878 1365 938 vis
1395 875 1495 955 modu,
1519 896 1559 939 ex
1580 876 1714 957 Syriacis
1735 876 1904 959 originibus
1926 875 2063 956 interpre-

710 979 769 1040 tari
792 983 918 1039 conatus
941 983 998 1039 est.
1043 974 1086 1039 lta
1106 972 1219 1052 Sedro,
1242 978 1307 1039 sive
1329 976 1438 1052 Satira,
1460 975 1605 1038 Ordinato
1625 978 1731 1039 vertit:
1763 984 1795 1039 et
1815 978 1847 1039 in
1869 975 1974 1038 Officio
1998 990 2063 1035 coa·

421 1068 451 1123 P·
473 1069 515 1120 ¹⁰·
537 1069 578 1122 ¹¹·
601 1070 668 1122 ¹²·'
709 1078 791 1139 muni
811 1076 975 1158 Liturgiae.
1019 1074 1061 1137 tn
1080 1077 1188 1155 incipit
1207 1077 1345 1139 oramen
1370 1072 1592 1151 Poenitentiae‚
1618 1078 1718 1155 primo
1739 1066 1940 1139 Prooemium.
1983 1074 2065 1135 Sedu

709 1178 770 1239 hoc
793 1177 861 1239 loco
884 1176 1066 1258 assigmtur,
1090 1192 1168 1255 quae
1190 1174 1397 1238 Poenitentiaa
1416 1175 1536 1253 dicitur,
1559 1177 1629 1256 quia
1645 1176 1756 1254 petitur
1767 1183 1962 1257 peccatorum
1982 1172 2064 1235 reaia

710 1276 914 1351 Prooemium
936 1274 1039 1337 breuis
1062 1276 1159 1338 oratio
1182 1282 1240 1350 est,
1264 1293 1342 1354 quae
1365 1274 1478 1353 Satiris,
1501 1283 1534 1338 et
1556 1275 1621 1337 aliis
1634 1274 1810 1355 quibusdam
1822 1274 1972 1355 praemitti
1995 1272 2064 1334 solet

710 1375 814 1438 Ahcbo
837 1375 927 1438 uerbi
948 1373 1137 1455 Disqniaa‘tio,
1161 1392 1227 1435 curn
1250 1375 1346 1437 oratio
1376 1376 1414 1438 sit
1443 1394 1522 1456 quae
1549 1377 1579 1437 in
1602 1375 1726 1438 aliarum
1753 1375 1813 1438 fine
1839 1374 1965 1445 dicitur,
1994 1389 2063 1451 quan

710 1475 813 1537 ultima
836 1472 969 1537 clausula
992 1473 1137 1554 sequitur,
1158 1473 1323 1536 libantemo
1352 1472 1441 1550 dicta,
1464 1483 1495 1537 et
1516 1474 1567 1538 ille
1590 1475 1832 1555 complementum
1854 1475 1962 1547 vertit,
1992 1478 2063 1550 atque

710 1575 751 1637 ita
772 1573 867 1637 ferme
890 1575 921 1635 iu
942 1573 1085 1654 reliquis:
1117 1571 1198 1635 unde
1219 1580 1279 1635 tarn
1301 1574 1444 1656 exiguum
1475 1593 1514 1635 ex
1537 1573 1645 1636 talibus
1667 1572 1860 1636 versionibus
1881 1571 2016 1648 fructum
2034 1567 2064 1630 ad

711 1672 895 1753 antiquitatis
917 1672 1152 1736 Ecclesiasticae
1173 1671 1404 1735 illustrationem
1426 1673 1615 1754 pervenisse,
1640 1673 1740 1735 mirari
1762 1690 1852 1736 nemo
1875 1671 1978 1734 debet.

797 1771 908 1836 Omnes
931 1790 1008 1855 ergo
1031 1789 1126 1834 voces
1148 1771 1226 1850 illas,
1248 1773 1318 1852 quia
1340 1772 1444 1835 Latine
1468 1772 1553 1836 reddi
1575 1774 1629 1835 vix
1640 1779 1779 1851 possunt,
1801 1787 1857 1834 sua
1879 1771 1984 1852 lingua
2004 1769 2063 1832 reli·

711 1870 843 1951 quimus:
867 1872 937 1953 quid
959 1891 1034 1935 uero
1057 1870 1261 1954 significarent
1283 1880 1425 1953 quantum
1454 1873 1486 1934 in
1515 1871 1602 1935 nobis
1624 1871 1681 1934 fuit
1707 1871 1934 1953 explicavimus.
1978 1868 2063 1948 ltaque

709 1978 743 2032 ut
774 1970 920 2034 aSedris
946 1972 1140 2053 incipiamus,
1173 1970 1243 2034 illae
1273 1972 1374 2034 Prosis
1404 1971 1623 2052 quodammodo
1652 1972 1765 2035 nostris
1792 1971 1994 2052 respondent:
2019 1985 2063 2029 nec

710 2088 831 2152 semper
853 2070 1002 2147 dicuutur,
1025 2069 1081 2133 sed
1102 2070 1268 2133 secundum
1290 2070 1435 2133 fastorum
1463 2072 1655 2149 varietatem,
1685 2077 1716 2133 et
1738 2071 1776 2133 ad
1800 2069 1974 2133 Sacerdotis
1995 2068 2063 2130 arbi-

710 2169 809 2234 trium.
852 2170 1033 2252 Plerumque
1056 2188 1117 2233 non
1140 2170 1257 2246 soluta,
1287 2169 1342 2232 sed
1372 2171 1476 2235 stricta
1504 2173 1640 2235 oratione
1671 2173 1805 2253 scriptae
1833 2178 1920 2249 sunt,
1949 2169 2062 2231 canone

406 2258 492 2328 tteorp.
507 2258 597 2311 ΛΜ
611 2258 934 2350 Grau-Ephremitico
957 2270 1007 2333 vel
1029 2270 1209 2348 Jacobitico,
1233 2287 1311 2350 quae
1340 2277 1409 2332 sunt
1435 2271 1512 2333 duae
1533 2288 1675 2333 versuum
1705 2271 1785 2352 apud
1815 2272 1911 2352 Syros
1941 2270 2062 2351 species;

389 2344 476 2397 cm
494 2345 510 2398 ¹¹
528 2346 554 2397 ⁶·
709 2369 788 2431 tales
810 2376 880 2432 sunt
902 2369 1017 2433 Sedrae
1039 2369 1154 2450 aliquot
1176 2371 1207 2431 in
1236 2369 1349 2432 Missali
1380 2369 1492 2432 Romae
1524 2370 1622 2448 edito,
1654 2387 1779 2451 quarum
1803 2369 1921 2449 aliquae
1946 2371 1978 2430 in
2003 2367 2062 2430 its.

710 2470 913 2548 reperiuntur.
957 2468 1001 2531 lta
1023 2487 1144 2549 quoque
1167 2469 1356 2550 appellantur
1377 2486 1487 2549 proces
1511 2486 1573 2531 nou
1596 2469 1673 2531 adeo
1695 2470 1843 2551 prolixae,
1867 2487 1945 2550 quae
1968 2469 2061 2549 passim

711 2571 741 2630 in
764 2567 875 2631 Oillciis
899 2576 1078 2631 occurrunt:
1101 2576 1131 2632 et
1154 2568 1271 2630 illarum
1292 2568 1371 2631 ratio
1402 2586 1464 2631 non
1486 2570 1582 2651 magis
1605 2569 1751 2650 explicari
1772 2577 1890 2650 potest,
1925 2588 2009 2649 quam
2027 2574 2063 2629 tot

712 2667 937 2743 vocabulorum,
960 2685 1038 2749 quae
1060 2669 1091 2730 in
1106 2669 1217 2730 nostris
1230 2667 1393 2730 Breviariis
1409 2677 1440 2730 et
1453 2668 1626 2731 blissalibus
1649 2668 1836 2731 adhibentur.
1858 2668 2060 2738 invitatoriam

716 2767 835 2844 Vernus,
856 2767 1056 2847 Antiphatae,
1077 2767 1297 2843 sacerdotalis,
1320 2767 1474 2843 introita,
1492 2768 1655 2843 aaaron,
1667 2767 1883 2848 ilespnraon'a,
1895 2765 2060 2837 Communia,

710 2867 852 2929 Secreta:
875 2866 962 2945 Infra
984 2869 1132 2928 actionem
1155 2865 1211 2928 alia
1233 2873 1294 2927 tarn
1315 2865 1415 2928 multa.

797 2966 982 3044 Orationum,
1004 2974 1037 3028 ut
1060 2965 1139 3047 apud
1162 2965 1308 3045 Graecos,
1331 2964 1450 3045 aliquae
1477 2964 1557 3027 elata
1586 2981 1664 3028 voce
1687 2966 1825 3027 dicuutur
1847 2966 1923 3029 aliae
1946 2966 2060 3036 secreta

711 3073 742 3128 et
763 3083 830 3128 cum
845 3065 1048 3145 inclinatione,
1065 3084 1143 3147 quae
1167 3067 1208 3128 ita
1229 3073 1370 3128 notantur
1392 3046 1498 3133 rtth'bn
1524 3065 1896 3141 abalienationem,
1919 3074 1949 3129 et
1973 3068 2058 3131 ΝΜ

711 3165 851 3230 Gheento.
909 3166 1086 3228 inchoatio:
1123 3173 1155 3228 et
1188 3165 1257 3227 illae
1292 3164 1437 3228 formulae
1471 3164 1657 3245 respondent
1692 3164 1827 3227 Graecae
1852 3151 2014 3251 Ἐκᾳιὶνως
2034 3167 2058 3221 et

710 3266 903 3338 Μυστικῶς.
948 3266 981 3327 ln
1003 3267 1098 3346 prima
1120 3266 1300 3328 monendum
1324 3272 1385 3343 est,
1412 3262 1623 3327 hallucinatum
1652 3265 1746 3328 luisse
1775 3265 1990 3340 Boderianum,
2017 3259 2056 3341 qui

710 3381 832 3445 semper
854 3367 945 3429 vertit
967 3365 1114 3441 Trinitas,
1147 3371 1178 3427 et
1199 3383 1266 3428 cum
1296 3365 1491 3446 sequentibus
1521 3364 1625 3427 verbis
1655 3365 1811 3447 conjungit
1837 3373 1871 3428 ut
1900 3362 2056 3428 sententian

711 3462 825 3526 eiiciat.
869 3465 995 3547 Reliqua
1017 3466 1079 3528 suis
1101 3464 1177 3527 locis
1201 3464 1452 3528 observabuntur.

422 2519 483 2571 uae.
496 2518 582 2591 Chald.
594 2538 621 2590 p.
635 2520 696 2573 117.

389 2617 411 2659 ct
428 2623 478 2674 seq.

420 3727 451 3780 P·
469 3731 495 3780 ⁷·
513 3737 536 3780 n
554 3728 596 3780 19.
1139 3728 1318 3799 Diaconos
1343 3727 1426 3823 lenit
1450 3725 1648 3819 Epistolan.

421 3952 509 4004 Lectio
526 3950 658 4021 Epistulae
682 3968 698 4005 a
826 3935 862 4013 lu
886 3947 1032 4013 Orientali
1053 3948 1190 4011 Ecclesia
1217 3966 1279 4012 uon
1301 3947 1401 4011 solent
1421 3948 1568 4010 Lectores
1587 3946 1636 4008 rel
1656 3945 1836 4010 Subdiaconi
1854 3964 1967 4009 sacram
1984 3941 2056 4005 Scri-

386 4038 516 4095 ⁰i³⁰⁰¹¹ih
709 4059 837 4131 pturam,
860 4053 945 4135 cujus
959 4053 1070 4115 multae
1089 4052 1246 4118 Sectiones
1261 4053 1413 4136 leguntur,
1435 4049 1556 4132 publice
1577 4049 1701 4133 legere:
1725 4049 1816 4130 idque
1838 4050 1930 4133 vulgo
1950 4044 2055 4129 perfici·

710 4159 759 4213 tur
781 4170 799 4214 a
820 4151 971 4214 Diaconis.
993 4150 1027 4212 ln
1053 4152 1189 4233 priorum
1219 4150 1508 4229 Ordinationenihil
1531 4151 1664 4213 occumit
1685 4150 1765 4230 quod
1789 4149 1826 4213 ad
1849 4149 1976 4212 Officium
1994 4140 2054 4206 illud

709 4250 835 4335 legendi
856 4251 1031 4333 Epistulam,
1055 4260 1087 4314 ut
1109 4251 1189 4332 apud
1211 4250 1345 4329 Latinos,
1368 4251 1528 4332 pertineat.
1561 4249 1623 4311 lmo
1645 4248 1825 4313 Subdiaconi
1849 4249 1888 4312 ad
1910 4248 1992 4311 altare
2010 4243 2054 4303 vix

711 4350 873 4414 accedunt:
897 4351 1024 4415 Diaconi
1048 4354 1146 4414 omnia
1169 4369 1257 4414 sacra
1278 4350 1441 4414 ministeria
1465 4350 1588 4425 obeunt,
1611 4356 1642 4410 et
1673 4348 1786 4430 absque
1807 4348 1940 4412 Diacouo
1964 4344 2054 4406 Litur·

710 4453 791 4536 giam
812 4452 870 4514 rite
893 4451 1042 4514 celebrari
1063 4451 1234 4514 Orientales
1260 4470 1323 4515 non
1349 4451 1527 4514 existimant.
1577 4448 1663 4512 Unde
1692 4449 1798 4512 Petrus
1828 4449 1965 4513 lllelichac
1987 4440 2054 4522 Epi·

710 4568 823 4632 scopus
847 4550 947 4632 culpat
968 4554 1000 4613 in
1021 4551 1146 4614 Francis
1168 4552 1235 4614 sive
1254 4552 1378 4630 Latinis,
1402 4550 1482 4631 quod
1504 4550 1571 4612 sine
1593 4548 1731 4612 Diacono
1757 4548 1894 4631 Litaugia
1918 4543 1988 4629 apud
2007 4556 2052 4604 eos

710 4649 891 4713 celebretur.

413 4759 504 4812 Plures
515 4761 640 4813 lectiones
653 4779 696 4814 aa·
795 4748 958 4812 Lectiones
981 4750 1011 4811 in
1034 4748 1237 4813 Orientalibus
1259 4748 1406 4813 Ecclesiis
1428 4746 1532 4828 plures
1555 4746 1622 4810 fieri
1643 4748 1752 4812 solent.
1797 4749 1894 4810 Prima
1916 4764 1951 4809 er
1966 4738 2051 4803 reteri

388 4845 604 4914 craeScripmrae
617 4849 696 4901 mti-
711 4850 917 4912 Testamenta:
942 4849 1076 4912 secunda
1099 4869 1140 4912 ex
1161 4850 1247 4913 Actis
1269 4847 1499 4930 Apostolorum:
1522 4849 1612 4910 tertia
1633 4866 1674 4909 ex
1692 4848 1836 4930 Epistolis
1851 4847 1942 4911 Pauli:
1960 4845 2051 4921 quatit

387 4933 481 4999 mlh·
712 4969 752 5010 ex
783 4947 962 5011 Catholicis:
996 4950 1099 5031 quinta
1128 4950 1247 5013 taudem
1278 4969 1318 5012 ex
1346 4946 1524 5028 Evangelio.
1576 4947 1620 5010 lta
1648 4946 1716 5011 illas
1743 4957 1885 5012 recenset
1911 4938 2050 5021 Dionysias
2110 5020 2114 5039 Ι

710 5047 866 5112 Rarsalibi.
890 5047 1002 5112 Omnes
1025 5050 1148 5131 syriace
1170 5049 1313 5134 leguntur
1334 5047 1515 5111 alliacouo:
1538 5054 1568 5109 et
1589 5057 1698 5129 postea
1720 5049 1832 5134 legitur
1853 5064 1947 5112 earum
1964 5043 2049 5102 inter·
