4525 6034
659 595 707 668 52
1035 596 1655 677 OBSERVATIONES

658 798 719 861 quo
742 780 821 864 apud
849 800 904 867 nos
935 781 964 842 in
996 799 1052 843 usu
1080 789 1159 844 sunt.
1206 780 1328 845 Scilicet
1355 782 1462 845 diebus
1492 781 1653 863 protestis,
1677 784 1838 866 aliquando
1867 783 1934 847 illas
1963 804 2027 850 cunr

657 882 765 944 nrinori
788 889 935 962 apparatu
958 880 1125 959 celebrant,
1150 900 1238 962 quam
1260 881 1425 945 Dominicis
1449 890 1480 944 et
1501 881 1605 960 lestis,
1627 892 1660 945 ut
1683 902 1750 946 cum
1779 882 1951 964 Baptismus
1974 886 2028 948 ad·

657 981 851 1055 ministratur,
874 981 944 1041 dum
966 980 1119 1061 sponsalia
1143 979 1347 1060 celebrantur,
1370 990 1420 1043 aut
1443 981 1579 1043 Ollicium
1601 981 1771 1063 Lumpodis
1792 985 1858 1045 sive
1870 984 2029 1047 Extremae

657 1079 831 1155 Unctionis;
853 1097 923 1142 narn
947 1079 1160 1142 Ordinationes
1183 1082 1269 1142 statis
1299 1088 1329 1143 ει
1351 1081 1536 1143 solemnibus
1568 1080 1676 1145 diebus
1698 1081 1787 1143 liunt:
1820 1082 1959 1162 privatim
1981 1084 2031 1146 vix

658 1179 818 1260 aliquando
840 1179 938 1242 iactae
961 1180 1166 1259 reperiuntur.
1211 1179 1244 1242 ln
1267 1179 1414 1242 Eccleslis
1438 1197 1560 1261 quoquc
1584 1181 1682 1242 omnia
1705 1180 1938 1244 sacramentalia
1960 1182 2032 1246 Offi-

657 1280 704 1342 cia
726 1278 844 1360 persici,
868 1285 1010 1341 constans
1034 1278 1230 1341 Orientalium
1254 1278 1410 1359 disciplina
1433 1286 1499 1341 est:
1523 1280 1640 1360 privata
1669 1281 1747 1342 enim
1771 1280 1878 1342 altaria
1900 1281 1976 1360 sive,
1998 1289 2031 1343 ut

655 1378 749 1460 vulgo
773 1378 908 1455 dicimuS,
933 1376 1074 1457 Capellos
1096 1379 1280 1440 domesticos
1301 1380 1454 1460 ignorant,
1478 1397 1578 1460 neque
1601 1380 1627 1441 sl
1657 1380 1686 1442 id
1709 1398 1765 1460 per
1795 1378 1914 1441 illorum
1946 1380 2031 1463 leges

655 1478 887 1540 Ecclesiasticus
911 1477 1063 1552 licuisset,
1082 1478 1145 1557 jam
1168 1486 1325 1558 pateretur
1347 1478 1537 1541 adlictlssima
1566 1476 1806 1541 Christianorum
1838 1478 1893 1542 sub
1924 1479 2035 1542 inlide-

655 1577 734 1640 libus
766 1576 954 1658 principibus
993 1575 1141 1638 conditio:
1164 1594 1232 1638 cum
1266 1584 1402 1640 vetustas
1430 1576 1584 1640 Ecclesias
1613 1578 1693 1640 tueri
1729 1578 1782 1639 vix
1812 1580 1939 1659 possint.
1973 1581 2034 1661 Sy·

656 1693 760 1739 rorum
791 1677 829 1738 ab
857 1677 942 1738 annis
973 1684 1005 1737 ut
1033 1676 1183 1737 minimum
1213 1678 1368 1738 sexcentis
1397 1676 1585 1738 consuetudo
1607 1683 1673 1754 εει,
1696 1676 1782 1757 cujus
1805 1679 1937 1740 meminit
1957 1678 2035 1742 Bar·

656 1774 761 1852 salibi,
795 1783 828 1837 ut
856 1774 1026 1858 singulares
1057 1792 1113 1854 pro
1143 1776 1359 1854 poenitentiam
1386 1775 1545 1858 agentibus
1575 1776 1730 1859 Liturgiae
1767 1776 1971 1854 celebrentur,
2005 1786 2035 1841 et

655 1875 743 1937 simul
766 1876 957 1955 imponantur
979 1873 1038 1935 illis
1061 1892 1184 1948 manus,
1215 1876 1379 1955 variaeque
1408 1894 1465 1957 pro
1494 1883 1688 1957 peccatorum
1712 1877 1856 1956 qualitate
1879 1878 2033 1939 orationes

656 1992 750 2054 super
771 1972 839 2036 illos
870 1974 1048 2034 recitentur.
1093 1973 1206 2035 Verum
1229 1971 1299 2036 illae
1330 1974 1524 2037 celebrantur
1554 1976 1584 2037 in
1611 1975 1758 2038 Ecclesiis
1789 1981 1820 2037 ct
1848 1976 2033 2038 ministrante

654 2072 801 2150 Diacono,
825 2091 881 2134 nec
905 2073 970 2134 sinc
994 2071 1082 2134 thure
1105 2080 1136 2137 ct
1160 2079 1258 2133 cautu

742 2172 934 2243 Observatur
955 2172 985 2232 in
1007 2172 1099 2233 variis
1114 2170 1279 2233 Codicibus
1303 2170 1378 2234 levis
1400 2173 1430 2234 in
1445 2171 1622 2252 quibusdam
1645 2172 1704 2240 irus
1727 2173 1916 2237 orationibus
1939 2193 2031 2256 prae·
2147 2200 2150 2207 ·

655 2273 815 2353 peratoriis
839 2271 999 2334 diversitas
1022 2270 1134 2351 aliqua,
1168 2270 1222 2333 sed
1246 2272 1276 2332 in
1299 2272 1457 2334 sententiis
1486 2271 1582 2347 nulla;
1612 2272 1692 2334 unde
1723 2272 1789 2335 illas
1813 2272 1879 2334 aliis
1903 2274 2032 2355 conjun-

656 2390 732 2456 gere
755 2371 860 2434 inutilc
882 2371 972 2451 plano
995 2369 1084 2433 leret.

1100 2718 1276 2809 Impressas
1302 2719 1349 2788 od
1374 2688 1497 2807 altare,
1526 2725 1590 2788 etc.

763 2944 799 3022 ln
822 2952 959 3030 Oriente,
982 2959 1016 3013 ut
1038 2951 1068 3012 in
1090 2950 1237 3013 Ecclesiis
1261 2950 1429 3032 insignibus
1452 2951 1591 3027 vetustis,
1613 2952 1793 3030 praesertim
1815 2970 1894 3033 quae
1918 2954 1950 3014 in
1968 2953 2030 3017 Oc·

655 3058 775 3122 cidente
798 3063 974 3137 supersunt,
997 3054 1103 3117 altaria
1126 3056 1166 3116 ita
1190 3055 1351 3117 constituta
1373 3061 1453 3133 sunt,
1477 3060 1509 3115 ut
1532 3053 1682 3116 circumiri
1698 3055 1827 3134 possint,
1850 3075 1951 3136 neque
1974 3077 2031 3139 pa·

654 3156 779 3221 rictibus
802 3157 994 3220 adhaereant.
1038 3155 1139 3217 Locus
1161 3154 1320 3216 Ecclesiae
1342 3155 1494 3235 superior,
1517 3155 1548 3215 in
1571 3172 1631 3234 quo
1655 3153 1749 3217 altare
1779 3164 1845 3234 est,
1876 3157 2032 3218 Sorrctuo-

655 3259 733 3319 rium
754 3258 878 3338 proprie
902 3255 1022 3330 dicitur,
1044 3253 1177 3316 Arabica
1199 3254 1406 3336 utplurimum
1429 3254 1509 3315 inter
1524 3250 1712 3315 Christianos
1734 3252 1840 3316 Heibel
1859 3239 1936 3324 5ὶή
1954 3275 2031 3338 quae

655 3374 718 3418 vox
740 3376 781 3418 ex
804 3356 955 3419 Hebraico
979 3353 1061 3418 sonte
1085 3355 1232 3432 derivata,
1255 3355 1394 3434 templum
1415 3352 1558 3433 primario
1580 3351 1747 3435 significat:
1777 3371 1817 3414 ex
1838 3371 1896 3416 usu
1920 3355 2031 3417 Eccle-

656 3455 791 3534 siastico,
814 3463 931 3536 partem
953 3453 1034 3515 illam
1058 3455 1264 3536 augustiorem
1287 3452 1400 3535 templi,
1424 3454 1453 3515 in
1477 3469 1535 3533 qua
1558 3451 1653 3513 altare
1677 3459 1741 3529 est,
1772 3459 1802 3514 ει
1825 3453 1856 3514 in
1879 3473 1939 3535 qua
1964 3455 2031 3517 dum

654 3555 792 3638 liturgia
822 3553 1006 3632 celebratur,
1029 3551 1089 3615 soli
1118 3553 1286 3615 consistunt
1315 3552 1476 3632 Episcopi,
1509 3550 1692 3614 Sacerdotes
1722 3558 1753 3614 ει
1779 3552 1924 3617 Diaconi:
1953 3572 2030 3635 quac
2120 3582 2133 3595 .

656 3652 799 3716 cancellis
822 3661 853 3716 et
875 3652 956 3731 velo,
979 3673 997 3715 a
1019 3670 1108 3731 nave,
1132 3654 1164 3714 in
1185 3671 1243 3733 qua
1265 3652 1349 3714 L'aici
1371 3658 1451 3727 sunt,
1473 3657 1640 3731 separatur.
1664 3650 1782 3713 Vocant
1804 3652 1894 3714 etiam
1918 3651 2030 3738 Βῆμα,

656 3753 777 3815 nominc
799 3770 816 3815 a
840 3751 965 3814 Graecis
989 3760 1128 3832 accepto,
1151 3761 1184 3814 ut
1198 3752 1286 3813 etiarn
1308 3750 1459 3829 Aradios,
1482 3750 1540 3812 boc
1563 3757 1611 3811 est
1629 3739 1813 3834 Ἱερετεῖον,
1837 3753 1949 3831 quibus
1972 3773 2032 3818 ro-

656 3851 741 3914 cibus
764 3850 833 3933 Syri
855 3850 1180 3913 Arabica-scribentes
1209 3868 1270 3912 non
1297 3851 1394 3913 minus
1422 3855 1563 3927 utuntur,
1593 3866 1681 3928 quam
1702 3849 1858 3932 Aegyptii.
1904 3850 1946 3913 At
1971 3853 2032 3935 Sy·
2109 3936 2111 3939 ι

655 3952 738 4014 riace
761 3950 854 4032 vulgo
880 3961 998 4017 ranna)
1024 3957 1181 4032 usurpant,
1205 3968 1282 4031 quae
1305 3967 1367 4013 uox
1389 3949 1514 4030 proprie
1544 3949 1644 4011 attare
1665 3948 1825 4031 significat,
1849 3967 1909 4030 qua
1932 3953 2033 4035 signi-

655 4050 795 4113 ficatione
817 4052 848 4112 in
870 4050 1001 4113 Arabica
1022 4050 1125 4134 lingua
1149 4067 1243 4131 saepe
1266 4050 1413 4130 accipitur
1435 4065 1556 4129 quoque
1577 4066 1634 4129 pro
1657 4048 1839 4110 sanctuario.

349 4165 483 4226 Quomodo
501 4165 642 4221 abOrien-
740 4148 775 4212 ln
798 4149 902 4213 Obicio
925 4151 1006 4232 quod
1030 4149 1122 4213 edidit
1144 4148 1350 4225 Boderianus,
1381 4147 1514 4210 occurrit
1536 4164 1598 4209 vox
1620 4145 1736 4210 Graeca
1770 4132 1910 4230 Θρόνος,
1942 4167 2031 4228 quam

333 4251 520 4306 ratihmvocari
533 4253 641 4307 soleam·
654 4253 807 4332 interpres
837 4268 898 4313 nort
928 4248 1096 4330 explicans,
1119 4249 1284 4312 lectoribus
1313 4246 1526 4310 offendiculum
1555 4245 1687 4326 reliquit.
1731 4244 1775 4307 lta
1798 4246 1878 4307 enim
1901 4256 2032 4312 vocatur

653 4351 742 4413 etiam
765 4348 855 4412 sedes
877 4348 1079 4430 Episcopalis,
1103 4366 1180 4428 quae
1203 4349 1282 4411 intra
1304 4347 1505 4409 sanctuarium
1528 4341 1705 4429 seuBripoc
1728 4343 1915 4423 collocatur,
1941 4365 2031 4427 ᾳιιειιι

654 4448 794 4531 Coptitae
816 4449 847 4510 in
869 4446 1034 4510 Pontificali
1054 4447 1257 4510 Ordinationis
1281 4445 1473 4510 Patriarclrae
1485 4444 1693 4522 Alexandrini,
1716 4431 1906 4528 Σύνθρονος
1928 4446 2031 4522 etlam

653 4557 691 4611 ut
708 4545 828 4625 Graeci,
852 4553 971 4610 vocant.
1016 4546 1071 4608 llic
1094 4564 1170 4609 vero
1193 4546 1231 4609 de
1253 4545 1352 4609 Altari
1374 4545 1485 4628 agitur,
1508 4543 1590 4625 quod
1613 4543 1773 4624 aliquando
1797 4542 1950 4605 vacam
1973 4563 2051 4626 ap-.

652 4647 777 4728 pellant,
801 4647 871 4728 quia
893 4646 925 4707 in
947 4664 987 4708 eo
1010 4652 1057 4708 cst
1079 4647 1206 4708 drocus
1226 4646 1295 4724 Dei,
1319 4662 1386 4707 cum
1409 4646 1439 4706 in
1462 4643 1515 4707 illo
1537 4662 1649 4725 corpus
1672 4643 1784 4706 Christi
1809 4640 2031 4723 τεθεωμένεν,

652 4757 685 4809 ut
707 4766 775 4810 curu
797 4745 913 4827 Gyrillo
935 4744 1143 4808 Alexandrino
1166 4746 1278 4821 dicunt,
1301 4751 1509 4823 consecretur,
1538 4752 1568 4806 et
1591 4742 1629 4805 ad
1651 4742 1740 4805 tinem
1768 4760 1865 4822 usque
1888 4744 2032 4807 sacrificii

652 4846 835 4909 immolatum
863 4853 1048 4927 permaneat.
1099 4845 1281 4909 Accuratius
1318 4853 1417 4907 tamen
1443 4842 1595 4923 loquendo
1626 4842 1791 4920 lbrooum,
1826 4849 1857 4904 ct
1894 4842 2031 4908 Arabica

653 4944 735 5026 quod
762 4946 840 5008 idem
871 4956 918 5009 cst
940 4956 1020 5014 '052
1047 4944 1145 5007 isarei
1165 4944 1318 5026 appellant
1340 4943 1460 5006 Arabes
1484 4940 1663 5020 Christiani,
1693 4940 1796 5004 altaris
1825 4940 1976 5022 medium,
2000 4943 2030 5004 iu

652 5063 713 5125 quo
736 5046 837 5110 ιιιεειιε
860 5065 949 5111 sacer
967 5055 1003 5115 et
1024 5045 1103 5110 calix
1124 5044 1321 5124 collocantur,
1345 5051 1414 5106 ante
1437 5049 1560 5123 etpost
1582 5042 1852 5106 consecrationem.
