4525 6034
467 626 516 701 IN
542 625 798 702 LITURGIAM
823 627 844 703 J
854 626 976 702 OANN
985 627 1028 703 IS
1055 624 1299 703 ACOEMETI.
1496 627 1573 701 489

199 809 255 872 sed
266 827 370 872 omues
388 807 510 871 laudant
522 810 822 888 Neocaesarieusem,
845 830 933 892 quem
957 821 988 874 et
1011 812 1265 895 'thaumaturgum
1288 818 1414 873 vocant:
1437 810 1574 874 Nazian-

199 927 317 987 zeuum‚
339 908 521 989 Npsseuum.
545 910 732 974 Timotheum
754 928 815 973 non
839 912 928 974 alium
950 912 1121 995 intelligere
1139 910 1294 989 dehemus,
1315 929 1403 993 quam
1415 909 1573 989 Actorum,

199 1011 250 1091 qui
272 1007 508 1071 Alexandrinam
536 1010 639 1073 sedem
668 1013 837 1092 occupavit.
883 1011 1065 1074 Philoxenus
1095 1013 1121 1073 is
1151 1018 1214 1088 est,
1245 1011 1295 1093 qui
1325 1012 1413 1074 etiam
1442 1009 1572 1073 Xeuaias

200 1110 297 1172 dictus
328 1116 375 1170 est
402 1106 645 1190 Hierapolitanos
675 1111 862 1192 Episcopus,
893 1113 978 1193 cujus
1008 1112 1129 1194 nomine
1157 1110 1284 1174 habetur
1310 1109 1454 1193 Liturgia.
1500 1108 1573 1181 Quis

199 1210 239 1271 sit
260 1208 409 1288 Jacobus,
440 1211 525 1291 cujus
548 1212 679 1275 meminit
701 1212 775 1287 ista,
806 1210 926 1273 dubium
949 1219 1010 1285 cst;
1039 1219 1109 1272 sunt
1132 1211 1209 1272 enim
1232 1219 1295 1274 tres
1318 1209 1398 1291 apud
1419 1208 1574 1272 tacobitas

201 1307 407 1384 celeberrimi3
437 1307 618 1387 Baradatus,
649 1330 665 1373 a
695 1329 755 1391 quo
782 1310 850 1373 iilos
873 1310 1079 1373 denominatos
1103 1328 1173 1372 csse
1197 1311 1360 1373 communis
1384 1309 1486 1388 opinio
1510 1316 1573 1371 est:

202 1405 401 1488 sungeias,
432 1414 463 1469 et
484 1407 670 1473 Edessenus.
717 1408 880 1473 Clementis
902 1410 1068 1495 Liturgiam
1091 1428 1213 1491 quoque
1236 1406 1521 1488 habent,ati11um
1544 1407 1574 1468 iu

200 1505 356 1588 Diptpchis
378 1506 559 1569 nominatum
581 1508 652 1571 aiibi
674 1527 761 1590 quam
784 1510 814 1571 in
836 1510 903 1587 ista,
925 1527 985 1573 uon
1007 1510 1186 1590 reperimus.

408 1768 442 1841 6.
478 1769 582 1855 Quem
609 1769 672 1840 tibi
699 1774 872 1865 offerimus
897 1772 1137 1865 deprecantem
1159 1793 1228 1864 pro
1255 1768 1363 1841 uobis.

303 1960 419 2038 Simius
449 1973 563 2038 locutio
592 1982 676 2037 extat
704 1975 735 2036 iu
764 1975 856 2037 variis
886 1975 1030 2057 Syrorum
1059 1975 1202 2056 precibus
1226 1971 1435 2051 Christumque
1469 1968 1574 2032 offerri

200 2075 230 2137 iu
253 2076 355 2139 altaris
378 2077 541 2157 sacrificio,
569 2085 710 2141 constans
735 2078 866 2141 omnium
889 2078 1084 2142 Orientalium
1108 2077 1332 2159 theologorum
1356 2074 1491 2137 doctriua
1515 2080 1573 2150 est,

200 2193 277 2255 quae
302 2175 425 2240 Graecis
448 2194 508 2239 uon
531 2179 627 2240 minus
652 2176 804 2240 familiaris
827 2186 889 2257 est,
917 2186 950 2240 ut
972 2177 1039 2241 tuse
1062 2178 1100 2240 de
1124 2196 1161 2240 ea
1183 2176 1305 2258 scripsit
1326 2173 1490 2238 Dositheus
1513 2173 1574 2235 Pa·

202 2275 331 2338 triarcha
354 2276 642 2360 Hierosolymitauus
665 2278 694 2340 in
716 2277 905 2358 Euchirium,
929 2286 960 2340 et
981 2278 1080 2341 muitis
1103 2276 1312 2340 autoritatibus
1337 2274 1502 2337 coufirmat.

611 2984 1134 3165 ‚titutum

248 3317 290 3433 S.
327 3316 591 3496 olusculo
646 3344 670 3408 1·
713 3319 971 3438 EPISCOPI
1009 3321 1255 3440 [usuum
1293 3314 1520 3503 utiocto
1564 3325 1568 3336 '

508 3558 669 3635 sivit
722 3557 1272 3637 coustitutum.

608 3850 759 3921 Primam
786 3850 908 3922 Oratio
933 3857 1014 3922 aute
1039 3851 1176 3922 Pacem.

273 4043 431 4146 Deme
457 4070 551 4144 Deus
585 4075 640 4168 qui
673 4072 825 4146 adoraris
862 4072 904 4145 ab
939 4072 1110 4162 omuibus,
1144 4074 1368 4169 excelsusque
1401 4096 1439 4145 es
1471 4095 1572 4169 super

204 4191 331 4275 omnia,
358 4190 480 4260 coritas
507 4188 716 4279 iudeficiens,
743 4211 814 4285 pax
840 4198 873 4259 et
899 4188 1135 4285 tranquillitas,
1169 4189 1255 4262 nulla
1291 4189 1460 4261 iracundia
1486 4212 1571 4286 per-

203 4302 393 4377 turbabilis:
426 4308 481 4399 qui
513 4328 575 4399 per
608 4328 756 4378 amorem
792 4327 874 4397 erga
910 4305 1060 4379 homines
1094 4316 1205 4396 mum,
1238 4316 1341 4379 totum
1375 4307 1440 4378 hoc
1473 4328 1571 4378 omne
1653 4373 1656 4376 ,

204 4419 293 4515 quod
320 4430 373 4493 est
397 4421 601 4518 produxisti,
628 4433 662 4494 ot
679 4445 741 4518 per
756 4420 950 4495 effusionem
977 4425 1105 4514 gratioe
1133 4431 1391 4515 mosomagum,
1419 4433 1452 4494 et
1467 4424 1570 4492 inex-

203 4534 383 4632 plicabilis,
409 4547 536 4611 mentes
564 4561 740 4635 supemas‚
776 4541 809 4609 iu
842 4561 941 4611 uuam
972 4538 1184 4611 concordiam
1218 4538 1389 4635 pacificam
1425 4542 1571 4631 conjuri-

204 4656 286 4725 xisti
313 4652 427 4743 simul,
455 4665 489 4726 et
515 4654 670 4750 quidquid
703 4655 844 4727 alienum
878 4656 920 4729 ab
954 4655 1009 4726 illa
1044 4678 1130 4751 pace
1164 4664 1334 4751 reputatur
1366 4678 1386 4726 a
1419 4653 1570 4728 coetibus

205 4791 321 4840 eorum
348 4775 538 4844 removisti:
566 4774 630 4859 Qui
657 4772 805 4844 similiter
831 4795 876 4844 ex
902 4774 1038 4844 materia
1064 4770 1186 4866 liquida
1212 4769 1378 4842 hominem
1411 4771 1453 4843 ad
1479 4774 1569 4843 ima-

204 4886 317 4976 ginem
344 4895 431 4958 tuam
458 4891 597 4976 creasti,
624 4910 806 4984 regemque
834 4909 934 4984 super
960 4899 1103 4976 terram,
1130 4910 1206 4959 cum
1221 4896 1386 4983 potestate
1402 4891 1436 4959 iu
1460 4890 1569 4960 omnia

205 5004 419 5074 constituisti:
446 5006 475 5075 is
503 5026 587 5077 vero
613 5026 674 5099 per
698 5002 849 5076 fraudem
875 5005 1026 5097 maligni,
1059 5003 1213 5076 libertate
1240 5026 1300 5077 sua
1333 5004 1472 5094 excidit,
1506 5027 1568 5076 re-

205 5113 393 5214 bellemque
419 5143 458 5192 se
485 5120 647 5211 ostendit3
674 5122 750 5214 quia
777 5116 1016 5217 intempestive
1041 5121 1082 5193 do
1112 5119 1220 5192 fructu
1252 5120 1410 5212 comedit,
1446 5130 1481 5194 et
1511 5125 1570 5194 iu·-
