4525 6034
704 585 778 662 158
1041 589 1723 670 LITURGlAPllTlllll

803 777 954 849 Eteonos
979 799 1104 849 accen.
1159 777 1392 868 Orationibus,
1424 787 1458 850 et
1485 778 1772 875 deprecationibus
1798 802 1912 853 eorum
1939 780 2052 875 adjura

700 913 763 965 nos
789 893 950 984 Domine,
983 904 1017 966 et
1042 917 1145 990 parce
1170 894 1283 969 nobis:
1311 904 1469 990 sorteque
1495 918 1610 969 eorum
1637 897 1756 990 dignos
1789 919 1853 969 nos
1884 897 1990 988 effice,
2021 910 2052 971 ut

701 1033 775 1082 cum
802 1012 883 1100 illis,
910 1020 945 1084 et
970 1013 1055 1083 inter
1080 1011 1156 1084 illos
1182 1011 1367 1088 referamus
1394 1012 1470 1103 tibi,
1498 1023 1560 1085 ete.

803 1128 965 1222 Populos.
1016 1129 1136 1203 Amen.

801 1245 978 1318 Sacerdos
1002 1245 1193 1317 inclinatos.
1245 1244 1414 1317 Memento
1440 1247 1583 1319 Domine
1609 1256 1643 1319 et
1667 1245 1810 1338 illorum,
1837 1252 1892 1345 qui
1916 1253 1951 1324 in
1977 1274 2053 1325 san-

698 1371 827 1435 ctorum
855 1362 952 1434 domo
975 1364 1045 1454 jam
1080 1361 1346 1450 obdormierunt,
1381 1371 1415 1433 ct
1445 1366 1664 1458 quieverunt,
1697 1375 1883 1438 sanctorum
1915 1370 2053 1461 Petrum,

699 1489 733 1551 et
758 1481 967 1568 Doctorum3
993 1488 1029 1550 nt
1055 1478 1279 1563 orationibus,
1316 1489 1350 1550 et
1375 1478 1667 1554 intercessionibus
1694 1505 1828 1575 eorum,
1863 1484 1904 1557 ab
1933 1485 2053 1558 adver-

698 1600 779 1668 sarii
806 1597 888 1668 dolis
915 1598 1110 1692 eripiamur,
1136 1617 1201 1667 nec
1226 1617 1294 1667 non
1322 1594 1363 1667 ab
1391 1594 1576 1669 hominibus
1601 1601 1782 1693 perversis.

801 1712 950 1783 Eleoona
975 1734 1101 1783 cucero.
1127 1710 1172 1783 [lt
1198 1735 1312 1786 eorum
1340 1714 1395 1808 qui
1421 1711 1537 1786 scdulo
1564 1711 1785 1810 Evangelium
1811 1727 1898 1790 tunm
1919 1721 2055 1790 inomni

698 1838 787 1901 terra
821 1828 1102 1916 circumtulerunt,
1140 1839 1174 1900 et
1205 1827 1392 1902 Ecclesiam
1426 1840 1514 1901 tuam
1545 1840 1693 1902 sanctam
1722 1834 1756 1902 in
1783 1831 1973 1907 orthodoxa
1997 1832 2054 1905 fide

698 1929 991 2018 confirmaverunt:
1017 1946 1272 2041 perorationes
1299 1968 1415 2019 eorum
1441 1967 1553 2040 puras,
1580 1968 1696 2018 omnes
1723 1947 1856 2040 adJ‘uva,
1882 1960 1916 2021 et
1942 1954 1977 2022 in
1994 1953 2058 2021 nri,

697 2062 879 2138 sericordia
905 2072 961 2135 tua
988 2063 1167 2154 confirma,
1201 2074 1237 2135 ut
1270 2085 1344 2134 cum
1376 2061 1459 2153 illis,
1492 2073 1526 2135 et
1560 2065 1645 2135 inter
1677 2063 1752 2136 illos
1786 2065 1973 2139 referamus
2006 2065 2054 2138 tibi

696 2181 858 2273 gloriam,
885 2189 948 2252 etc.

798 2296 961 2390 Populos.
1013 2295 1132 2368 Amen.

796 2413 972 2484 Sacerdos
997 2413 1189 2484 inclinatos.
1216 2413 1368 2500 Praesta,
1393 2413 1548 2504 Domine,
1573 2434 1635 2507 per
1661 2412 1856 2485 sacrificium
1881 2412 1946 2485 hoc
1973 2413 2054 2508 quod

692 2530 935 2625 peccatricibus
962 2533 1045 2602 meis
1072 2527 1223 2601 manibus
1250 2528 1308 2601 tibi
1335 2528 1489 2617 ollcrtur,
1523 2531 1715 2601 memoriam
1750 2528 1871 2601 bonam
1897 2529 2053 2626 patribus,

691 2645 867 2739 fratribus,
895 2657 928 2718 et
954 2649 1122 2739 magistris
1149 2651 1293 2738 nostrie,
1326 2655 1361 2718 et
1386 2643 1538 2719 omnibus
1569 2643 1719 2719 fidelibus
1752 2645 1914 2719 defunctis
1946 2649 2054 2732 istius,

693 2773 729 2836 et
755 2766 991 2860 cujuscumque
1016 2762 1093 2836 loci.

798 2881 949 2953 Elecens
980 2903 1106 2952 nocem.
1160 2880 1322 2969 Domine,
1357 2878 1499 2950 Domine
1531 2876 1695 2950 homiuum
1733 2891 1881 2970 amator,
1917 2885 1952 2952 in
1984 2883 2052 2953 sinu

693 2995 930 3073 Abrahamaeo
958 2997 1087 3070 colloca
1114 3017 1174 3068 eos
1202 2999 1257 3092 qui
1283 2999 1316 3067 iu
1342 3018 1427 3067 vera
1451 2995 1516 3066 fide
1542 2998 1642 3067 vitam
1669 3019 1761 3068 suam
1781 3006 2051 3080 consummarunt,

695 3114 852 3189 auferens
879 3115 1108 3210 dimittensque
1135 3136 1251 3187 omnes
1277 3115 1486 3209 iniquitates,
1519 3122 1553 3185 et
1584 3115 1890 3209 praevaricationes
1917 3110 2049 3194 illomm,

609 3281 613 3290 ·
695 3243 731 3304 et
755 3241 905 3304 nostras:
933 3234 1007 3326 quia
1034 3230 1142 3302 nullus
1169 3239 1266 3302 csta
1293 3233 1441 3324 peccatis
1468 3232 1639 3318 immund,
1670 3231 1732 3301 nisi
1758 3230 1921 3302 Dominus
1952 3229 2050 3314 Deus,

695 3358 730 3420 et
756 3347 914 3420 Salvator
939 3357 1054 3421 noster
1079 3348 1180 3419 lesus
1207 3344 1375 3426 Christus,
1401 3368 1462 3442 per
1488 3368 1597 3440 quem,
1626 3355 1660 3417 et
1684 3343 1945 3418 misericordiam
1969 3366 2051 3416 cou-

695 3467 811 3560 seqni,
839 3476 872 3536 et
898 3466 1129 3537 remissionem
1157 3471 1371 3558 peccatorum
1397 3461 1513 3551 nobis,
1540 3471 1574 3533 et
1599 3462 1679 3556 ipsis
1706 3482 1891 3557 speramus,
1921 3470 2049 3557 propter

695 3603 780 3654 eum.

799 3699 960 3792 Populos.
1013 3697 1158 3770 Dimitte.

753 3845 756 3856 ·
797 3814 982 3887 Sacerdos.
1016 3815 1198 3908 ignosce,
1224 3813 1377 3900 Domine,
1404 3821 1438 3908 et
1464 3811 1587 3882 dimitte
1614 3831 1768 3896 errores,
1794 3816 1829 3879 et
1853 3810 2047 3905 insipientias

695 3954 873 4006 servornm
900 3930 1158 4025 ancillarumque
1184 3939 1333 4017 tuorum,
1367 3939 1433 3999 tam
1469 3924 1615 4000 occultas
1651 3949 1748 4020 quam
1780 3923 1988 4013 manifestas,
2020 3934 2048 3996 et

694 4070 758 4122 nos
785 4051 877 4145 eripe
903 4072 924 4121 a
951 4046 1146 4121 confusione
1173 4067 1284 4118 coram
1311 4055 1355 4133 te,
1382 4054 1418 4115 nt
1442 4045 1475 4115 iu
1501 4042 1598 4115 nobis
1624 4052 1760 4137 propter
1785 4062 1860 4131 noS,
1892 4051 1927 4113 et
1952 4046 2047 4114 nostri

695 4188 798 4239 causa
824 4165 1046 4259 glorificetur,
1074 4174 1108 4236 et
1132 4162 1284 4235 laudetur
1309 4184 1431 4234 nomen
1457 4170 1547 4231 tuum
1579 4157 1802 4245 benedictum,
1836 4167 1870 4229 et
1902 4158 1976 4231 Filii
2008 4162 2046 4230 tui

693 4285 828 4356 Domini
854 4286 958 4356 nostri
983 4283 1066 4354 lesu
1093 4278 1225 4368 Christi,
1252 4292 1287 4353 et
1312 4280 1453 4375 Spiritus
1480 4280 1525 4351 tui
1551 4267 1634 4367 livi,
1661 4286 1694 4347 et
1720 4276 1837 4364 sancti,
1868 4298 1965 4365 nunc,
1991 4285 2045 4348 en

744 4451 746 4458 -
797 4400 959 4494 Pupulus.
1012 4399 1114 4471 Sicut

797 4516 982 4590 Sacerdos.
1034 4516 1117 4587 Pax.

797 4635 958 4727 Populus.
1010 4631 1052 4704 Et
1079 4654 1152 4703 cum
1179 4634 1295 4727 spiritu
1321 4639 1388 4703 tuo.

796 4751 981 4823 Sacerdos.
1033 4747 1294 4821 Misericordiae.

797 4867 983 4941 Moeno.
1033 4864 1216 4940 Credimus.
