4525 6034
356 608 397 685 lli
417 606 601 684 emutat
619 604 844 682 GENERALEM
857 603 942 680 SIVE
960 601 1169 679 LITURGIAM
1186 597 1453 677 AETHiOPIOAM.
1527 598 1602 673 515

229 796 259 857 in
281 792 396 856 Lexico
419 810 476 855 suo
499 792 597 854 locum
619 790 732 857 habere
754 789 806 851 vix
827 787 932 851 voluit.
975 786 1119 863 Korban,
1141 785 1264 861 Kallas,
1286 785 1471 865 Anapbora,
1502 782 1606 847 Coeraa

230 901 315 969 sunt,
339 899 419 954 totus
441 891 560 954 Coenos
587 899 690 952 actius
734 887 896 951 Orutiom
923 904 1035 949 samoe
1059 887 1092 947 ia
1122 883 1225 949 Coena
1251 884 1375 947 Domiai
1395 885 1459 946 dici
1479 883 1605 946 solitae:

230 992 345 1054 Preces
373 990 623 1067 Eucharisticae,
650 988 816 1050 Hecubae:
846 1004 945 1067 neme
972 985 1158 1049 soloecisare
1186 986 1270 1046 timet
1297 991 1330 1046 ut
1359 982 1491 1047 Coenam
1519 992 1604 1046 suam

230 1092 344 1173 umque
366 1091 502 1153 instruat
546 1088 702 1152 Habentur
724 1086 881 1168 Epistulae
904 1086 1013 1168 quibus
1040 1087 1089 1148 vir
1110 1085 1280 1169 linguanun
1304 1083 1497 1146 Orientalium
1518 1080 1605 1166 peri:

230 1192 362 1254 tissimus
384 1190 555 1253 Ludovicus
577 1188 705 1269 Picques
727 1188 844 1251 Doctor
871 1186 1075 1263 Serbonicus,
1103 1186 1236 1267 putidam
1263 1183 1344 1247 illam
1374 1183 1604 1256 affectationem,

231 1290 427 1354 vehementer
450 1289 615 1371 exprobrat
632 1284 771 1351 Ludollo.
794 1284 823 1349 ls
845 1286 938 1370 igitur
960 1303 1028 1348 cum
1050 1284 1226 1365 particulam
1247 1283 1325 1346 hanc
1346 1291 1456 1345 sancta
1478 1286 1605 1363 sumta,

117 1388 120 1399 '
231 1388 366 1452 Coenam
395 1406 480 1450 suam
508 1396 650 1451 evertere
681 1386 753 1448 satis
784 1385 983 1468 intelligeret:
1021 1400 1089 1446 nam
1124 1385 1151 1446 si
1179 1391 1284 1446 sancta
1311 1382 1390 1447 lacta
1419 1390 1504 1462 sunt,
1534 1391 1603 1446 ante

231 1487 487 1564 communionem,
510 1503 571 1548 non
593 1491 791 1566 exspectatur
812 1502 885 1547 usus
908 1482 1030 1546 coenae
1051 1483 1181 1560 Domini,
1203 1500 1304 1565 neque
1324 1491 1359 1545 ut
1380 1480 1450 1544 alibi
1471 1482 1605 1564 loquitur

231 1586 388 1649 Arcanum
407 1586 654 1666 participationis
676 1582 796 1646 Cocoae
824 1583 962 1658 Domini,
993 1582 1148 1646 ridiculam
1177 1589 1209 1645 et
1236 1581 1397 1645 inauditam
1419 1583 1605 1663 interpreta-

233 1688 346 1749 tionem
359 1702 453 1761 suam,
471 1686 678 1747 sanctorium
693 1686 819 1759 sanem,
833 1682 996 1746 substituit.
1032 1682 1107 1746 Mira
1129 1700 1205 1745 sane
1226 1681 1406 1745 confidentia
1427 1681 1498 1744 fuit:
1522 1682 1604 1744 illum

233 1788 314 1848 enim
344 1786 532 1847 existimasse
564 1783 740 1864 oportebat,
774 1784 826 1863 qui
856 1782 948 1845 salsas
975 1800 1046 1846 suas
1075 1783 1235 1845 versiones
1264 1781 1434 1845 confutaret
1456 1782 1606 1844 neminem

231 1884 314 1947 fore:
338 1887 424 1966 quasi
446 1903 485 1947 ex
507 1883 585 1948 illius
608 1881 726 1946 dictatIs
748 1882 898 1964 penderet
919 1884 1048 1946 omnium
1071 1900 1149 1964 quae
1169 1881 1206 1944 ab
1220 1880 1419 1963 Aethiopibus
1442 1888 1605 1963 usurpatae

233 1985 354 2047 fueram
376 2003 486 2048 vocum
508 1981 724 2065 intelligentia,
753 2000 842 2063 quam
864 1981 976 2046 frustra
999 1982 1219 2046 circumvenire
1240 1982 1361 2061 nititur,
1388 2000 1455 2045 cum
1477 2000 1517 2044 ex
1539 1980 1606 2043 aliis

233 2084 345 2167 linguis
369 2091 399 2148 et
420 2083 563 2168 Liturgiis
585 2084 747 2164 perspicua
770 2083 818 2145 sit.

527 2390 587 2463 19.
633 2391 725 2463 Unus
751 2391 862 2463 Pater
887 2396 1038 2479 sanctas,
1065 2398 1100 2462 et
1125 2390 1308 2485 sequentia.

337 2603 393 2683 Ex
421 2614 644 2695 comparatione
674 2613 760 2676 istius
788 2588 944 2697 biturgiae
976 2630 1044 2675 cum
1076 2608 1292 2674 Alexandrinis
1318 2612 1391 2673 satis
1421 2609 1609 2674 manifestum

238 2728 295 2803 est,
318 2738 357 2782 ex
368 2717 427 2781 illis
438 2717 648 2798 Aethiopicam
662 2734 838 2798 expressam
853 2716 960 2779 luisse:
983 2715 1037 2779 sed
1060 2713 1150 2777 multa
1173 2713 1280 2778 desunt
1303 2715 1340 2778 ad
1362 2716 1472 2778 rituum
1494 2714 1609 2779 intelli-

237 2821 371 2903 gentiam
393 2818 424 2879 in
442 2815 623 2896 Aethiopico
647 2816 825 2897 exemplari,
847 2824 881 2879 ut
903 2816 932 2877 in
954 2816 1108 2894 versione,
1132 2832 1210 2897 quae
1233 2815 1352 2879 aliunde
1375 2815 1506 2897 petenda
1528 2822 1608 2892 sunt,

236 2920 404 3000 praecipue
434 2936 474 2979 ex
504 2915 640 2997 Liturgia
668 2914 874 2979 Alexandrina
904 2915 1048 2997 Coptica,
1079 2922 1111 2978 et
1140 2914 1280 2979 Gabriele
1309 2915 1489 2978 Patriarcba.
1532 2915 1609 2977 Nam

237 3017 401 3080 Orationes
434 3035 474 3078 ex
501 3014 551 3077 illa
582 3014 749 3097 descriptas
778 3022 809 3076 et
837 3016 942 3079 eodem
971 3015 1040 3079 loco
1067 3014 1255 3095 recitandas,
1283 3014 1371 3077 simili
1398 3031 1518 3095 quoque
1547 3017 1609 3076 ritu

235 3115 428 3197 usurpandas
457 3133 527 3178 esse
556 3131 618 3176 non
648 3122 748 3194 potest
776 3114 914 3180 dubitari
957 3115 999 3178 At
1028 3115 1126 3178 oratio
1158 3114 1240 3177 Unus
1266 3113 1360 3177 Pater
1387 3122 1527 3188 mactus,
1549 3120 1608 3175 etc.

237 3234 317 3297 quae
340 3213 562 3278 confessionem
585 3213 654 3277 lidei
676 3213 714 3276 de
742 3212 888 3277 Trinitate
918 3215 1061 3293 eontinet,
1084 3216 1182 3295 primo
1205 3234 1223 3277 a
1244 3213 1406 3278 sacerdote
1428 3215 1608 3295 pronuntia-

237 3324 305 3393 tur,
328 3314 437 3378 deinde
459 3332 476 3375 a
497 3314 627 3395 populo,
657 3314 739 3395 quod
761 3315 791 3376 in
813 3314 978 3395 exemplari
999 3311 1181 3395 Aethiopico
1209 3331 1271 3376 non
1300 3320 1432 3392 notatur,
1454 3331 1554 3394 neque
1577 3315 1608 3376 in

237 3414 346 3477 Latina
368 3414 519 3476 versione.

328 3512 415 3587 Quod
438 3514 574 3593 sequitur
594 3512 749 3574 Sacerdos
770 3513 894 3574 ekoans
922 3520 1148 3575 samamcntam
1169 3514 1245 3576 dicit
1270 3514 1335 3576 alta
1361 3532 1453 3592 noce,
1480 3512 1608 3577 Domine

238 3612 316 3676 Jesu
339 3611 458 3676 Christe
480 3612 626 3675 miserere
648 3613 755 3691 nostri,
777 3629 837 3674 non
860 3612 1077 3694 praescribitur
1105 3612 1136 3674 in
1158 3611 1228 3675 Ritu
1251 3611 1391 3694 Coptica:
1421 3619 1453 3676 et
1479 3612 1608 3677 sortasse

238 3711 291 3773 illa
314 3711 415 3773 ultima
437 3713 530 3774 verba
553 3730 570 3772 a
593 3710 706 3793 populo
729 3710 857 3774 dicenda
878 3719 964 3774 sunt:
994 3729 1104 3795 nempe
1125 3712 1220 3796 [syrie
1241 3714 1354 3775 eleison
1375 3719 1438 3775 ter:
1461 3731 1539 3794 quae
1562 3720 1610 3777 est

239 3810 483 3892 frequentissima
505 3811 607 3892 popub
629 3819 700 3893 post
722 3811 929 3875 sacerdotales
951 3812 1103 3876 orationes
1127 3811 1312 3876 acclamatio.

328 3909 369 3972 At
392 3912 522 3975 elevatio
546 3910 732 3975 sacramenti
754 3911 812 3974 hoc
835 3918 882 3973 est
903 3910 1068 3992 particulae
1094 3911 1174 3974 illius
1196 3912 1329 3992 maj0ris,
1353 3929 1431 3992 quae
1453 3912 1484 3973 in
1505 3909 1610 3973 bitur-

240 4010 300 4094 giis
330 4008 544 4073 Alexandrinis
583 4011 707 4073 Graecis
742 3998 928 4073 Σπουδικόν
963 4010 1071 4075 dicitur
1107 4012 1165 4074 boc
1200 4018 1247 4073 est
1274 4005 1377 4087 Σῶμα
1405 3998 1610 4089 δεσποτικόν,

241 4128 354 4189 corpas
379 4110 588 4203 Domiaicnm:
623 4109 704 4173 unde
732 4109 865 4173 Arabiae
892 4110 1078 4189 scribentes,
1115 4110 1255 4193 Coptitae
1285 4109 1423 4174 lecerunt
1448 4110 1611 4174 lsbodicon

241 4211 308 4272 sive
330 4208 515 4283 Asbodicam
539 4210 577 4272 de
601 4228 658 4291 qua
681 4210 791 4272 dictum
819 4217 867 4272 est
890 4210 927 4272 ad
949 4209 1050 4273 basilii
1076 4210 1257 4295 Liturgiam3
1288 4210 1396 4272 codem
1425 4211 1514 4273 modo
1544 4210 1610 4273 lieri

241 4307 348 4370 debuit
375 4315 465 4390 atque
491 4308 523 4371 iu
552 4308 620 4371 Ritu
648 4308 784 4391 Coptica.
834 4308 939 4390 ltaque
967 4328 1042 4373 vere
1069 4309 1189 4373 dicebat
1217 4310 1376 4393 Zagazabo
1405 4310 1435 4371 in
1462 4309 1610 4372 relatione

242 4426 332 4490 quam
348 4407 439 4470 edidit
452 4407 612 4472 Damianos
636 4407 746 4472 aGoes
768 4409 806 4471 de
820 4408 1153 4490 moribuaAetltiopm
1175 4407 1399 4472 Sacramentum
1414 4426 1475 4471 non
1495 4408 1611 4472 elevari
1678 4417 1680 4421 ’

242 4507 323 4588 apud
346 4525 431 4584 suos,
453 4506 537 4569 utin
559 4508 711 4572 Lusitania
733 4507 854 4572 videbat
876 4507 957 4571 beri:
981 4515 1070 4589 atque
1093 4527 1133 4571 ex
1155 4527 1194 4572 eo
1215 4509 1387 4572 testimonio
1408 4526 1569 4590 perperam
1592 4527 1610 4570 a

243 4606 343 4669 multis
367 4606 521 4671 autoribus
543 4608 686 4689 scriptum
708 4617 766 4685 est,
789 4608 989 4671 elevationem
1015 4608 1221 4673 Eucharistiae
1249 4607 1327 4690 apud
1349 4605 1517 4689 Aethiopes
1539 4607 1611 4669 nul-

243 4704 303 4768 lam
326 4723 407 4770 esse.
451 4705 524 4770 lndc
548 4709 699 4771 acutiores
722 4708 771 4770 alii
794 4707 918 4789 probari
947 4708 1213 4785 existimaverunt,
1246 4706 1380 4771 eamdem
1408 4706 1445 4770 ab
1468 4706 1527 4770 illis
1549 4724 1610 4769 non

244 4804 373 4868 adorari.
416 4804 563 4869 Elevatur
586 4815 684 4872 tamen
705 4807 813 4890 procul
835 4806 942 4870 dubio:
974 4807 1030 4872 sed
1052 4826 1112 4872 non
1135 4808 1242 4872 eodem
1263 4807 1418 4892 liturgiae
1440 4806 1526 4886 loco,
1549 4825 1609 4887 quo

243 4904 274 4965 in
295 4904 401 4967 Latina
422 4905 575 4969 Ecclesia:
598 4924 697 4988 neque
719 4908 816 4971 hostia
838 4907 1014 4988 simpliciter
1036 4907 1203 4971 sacerdotis
1226 4906 1377 4971 manibus:
1407 4926 1513 4970 verum
1535 4925 1611 4988 par-

243 5003 333 5066 ticula
355 5004 386 5066 ia
408 5004 492 5068 disco
515 5006 625 5087 posita,
648 5026 716 5070 cum
738 5007 844 5070 eodem
867 5007 1027 5071 attollitur:
1056 5006 1137 5071 calix
1159 5026 1220 5071 non
1242 5014 1389 5071 movetur.
1435 5007 1510 5071 'lum
1532 5008 1612 5071 aliud

243 5120 365 5185 quoque
387 5104 417 5166 in
439 5103 509 5168 Ritu
530 5106 691 5170 discrimen
713 5114 760 5170 est
782 5107 874 5189 quod,
897 5115 930 5170 ut
951 5106 982 5169 ia
1003 5115 1068 5171 toto
1082 5107 1207 5171 Oriente
1230 5114 1263 5170 ut
1285 5106 1364 5189 apud
1387 5106 1521 5172 Graecos
1544 5108 1613 5172 ele-

273 5244 389 5287 romrst.
1355 5227 1402 5302 81
