4525 6034
570 598 835 677 sinunt
888 599 1197 678 GllllLLl.
1488 601 1564 673 277

201 783 308 858 lorum
335 809 480 875 suorum,
507 798 541 861 et
567 787 659 859 dixit.
712 788 786 861 Hoc
812 799 865 861 est
891 809 1013 884 corpus
1030 810 1138 860 meum
1154 786 1241 882 quod
1260 807 1322 883 pro
1343 785 1441 860 voltis
1464 786 1563 861 irau-

201 905 301 995 gitur,
327 925 392 975 vos
419 913 541 991 numm,
567 917 602 976 et
628 904 748 976 multos
773 903 888 976 fideles
915 915 1093 1001 praeparat
1120 903 1292 976 advitam
1319 911 1499 977 aeternam.

306 1018 467 1113 Populus.
519 1021 639 1093 Arnen.

306 1134 489 1209 Sacerdos.
542 1136 675 1209 Miscuit
700 1141 798 1208 etiam
826 1158 872 1207 ex
898 1139 991 1225 vino,
1018 1146 1051 1209 et
1067 1159 1164 1232 aqua,
1191 1134 1328 1207 calicem
1355 1138 1458 1222 vitae,
1485 1140 1506 1216 †
1533 1143 1567 1205 et

201 1249 533 1342 benedixissent
560 1252 777 1326 sanctificavit
802 1275 891 1341 eum,
928 1259 949 1335 †
976 1261 1010 1324 ct
1044 1251 1134 1325 dedit
1164 1275 1239 1325 eum
1273 1249 1389 1324 turbae
1416 1249 1567 1347 discipu-

201 1367 310 1439 lorum
337 1389 481 1456 suenum
509 1379 543 1441 et
569 1369 669 1441 dixit:
695 1367 759 1440 llic
786 1377 838 1440 est
864 1373 1001 1461 sanguis
1026 1391 1138 1457 meus,
1166 1371 1221 1463 qui
1257 1368 1413 1460 obsignat
1438 1367 1565 1441 'lesta-

202 1494 348 1557 mentum
383 1488 499 1557 mortis
533 1507 649 1574 meae3
678 1505 743 1557 vos
775 1495 901 1572 numm,
938 1495 973 1557 et
1003 1485 1123 1558 multos
1160 1483 1275 1558 fidelos
1314 1498 1492 1581 praeparat
1524 1484 1567 1556 ad

202 1604 307 1673 vitam
334 1611 513 1673 aeternam.

308 1716 469 1810 Populos.
520 1719 639 1791 Arnen.

307 1832 490 1906 Sacerdos.
544 1833 628 1905 Cum
654 1843 763 1906 autem
790 1856 850 1906 eos
877 1835 1072 1921 sanctitatis,
1106 1843 1141 1905 et
1170 1837 1376 1907 remissionis
1402 1843 1567 1930 peccato-

203 1973 275 2023 rum
310 1948 493 2039 beneficio,
529 1953 699 2045 corporis,
734 1961 768 2021 et
799 1953 969 2043 sanguinis
1002 1952 1053 2022 sui
1082 1948 1163 2022 fecit
1195 1953 1393 2048 participes,
1426 1954 1567 2048 primum

201 2068 376 2162 praecepit
400 2070 462 2153 eis,
489 2076 523 2137 et
549 2069 703 2159 injunxit:
740 2069 936 2163 campani,
969 2075 1003 2138 et
1032 2064 1128 2148 calci
1159 2065 1235 2137 huic
1273 2065 1567 2154 communicabitis,

202 2203 371 2254 memores
397 2192 515 2270 estote,
542 2193 576 2254 et
602 2186 793 2255 memoriam
821 2183 990 2256 celebrate
1015 2186 1130 2254 mortis
1162 2204 1272 2273 meae,
1304 2187 1442 2279 ejusque
1468 2206 1568 2258 com-

201 2300 473 2370 memorationem
500 2299 602 2370 lacite
629 2297 736 2371 donec
762 2301 905 2370 veniam.

307 2414 467 2507 Populos.
520 2414 638 2487 lllortis
665 2425 741 2486 tuae
766 2416 909 2487 Domine
934 2420 1127 2488 memoriam
1154 2419 1292 2507 agilum.

308 2529 491 2601 Sacerdos.
544 2531 616 2604 Sed
647 2552 709 2604 nos
741 2535 840 2603 etiam
872 2533 1014 2603 Domine
1048 2533 1141 2605 Deus
1167 2542 1300 2623 nostor,
1333 2532 1501 2605 adorando
1535 2543 1570 2606 et
1710 2531 1715 2540 '

201 2657 320 2720 sancte
345 2646 427 2719 lesu
454 2643 596 2735 Christe,
624 2656 777 2742 tanquam
805 2645 1023 2720 arrhabonem
1048 2651 1140 2720 vitae
1166 2657 1335 2736 tenemus,
1371 2650 1569 2744 depositum,

201 2760 460 2857 dispensationis
487 2773 564 2835 tuae
576 2762 744 2850 salutaris,
769 2764 1014 2861 gloriamurque
1032 2767 1066 2836 in
1080 2762 1292 2859 passionibus
1310 2768 1386 2854 tuis,
1413 2776 1447 2839 et
1461 2777 1568 2840 morte

201 2900 301 2973 quam
328 2882 434 2950 nostri
461 2901 561 2952 causa
588 2901 770 2974 perpessus
797 2902 855 2969 es;
890 2880 1073 2973 gaudemus
1107 2889 1142 2951 et
1176 2879 1361 2953 exultamus
1388 2884 1420 2953 in
1448 2882 1567 2971 salute,

201 3006 238 3067 et
270 2999 585 3069 commemoratione
610 2998 862 3070 resurrectionis
895 3005 971 3068 tuae
1004 2994 1171 3069 mirabilis.
1225 2997 1454 3092 Deprecamur
1479 3022 1566 3092 gra-

200 3114 292 3198 fium
319 3121 354 3183 et
378 3112 639 3192 misericordiam
666 3123 767 3200 mam,
794 3122 928 3184 etcum
954 3116 1089 3185 veneris
1124 3116 1158 3182 in
1184 3114 1240 3184 illo
1273 3112 1406 3204 mnino,
1433 3125 1466 3186 et
1491 3127 1569 3188 ter-

200 3226 301 3313 ribili,
327 3237 514 3325 statutoque
540 3228 608 3318 die,
632 3250 700 3301 uon
727 3232 842 3321 ejicias
868 3250 931 3300 nos
958 3251 979 3299 e
1005 3237 1188 3325 conspectu
1216 3238 1290 3318 tuo,
1317 3237 1509 3326 statuasque
1535 3234 1569 3302 in

200 3343 341 3439 pudore,
369 3353 403 3415 et
427 3343 639 3417 comunione:
665 3367 732 3418 non
758 3347 791 3416 in
817 3342 976 3434 tenebris,
1004 3354 1038 3416 et
1062 3344 1222 3437 caligine:
1249 3366 1316 3417 non
1342 3350 1376 3418 in
1402 3346 1569 3439 gehenna,

202 3463 427 3532 etomciatu:
455 3465 581 3533 nonin
615 3458 712 3549 fletu,
745 3472 779 3533 et
811 3461 954 3533 stridore
986 3459 1148 3533 dentium:
1181 3484 1249 3535 non
1281 3465 1314 3533 in
1347 3462 1482 3551 dolore,
1513 3474 1570 3535 aut

202 3578 350 3648 utentia:
377 3599 444 3648 uon
470 3581 503 3649 in
523 3578 624 3667 luctu,
651 3586 707 3650 aut
722 3577 917 3669 gemitibus:
944 3599 1011 3649 non
1037 3579 1071 3648 in
1085 3580 1192 3665 minis,
1219 3589 1253 3651 et
1278 3578 1583 3676 increpationibus·

203 3715 249 3765 ne
275 3691 438 3765 laetentur
464 3691 629 3767 denonis
655 3696 776 3765 inimici
803 3697 925 3783 nostri,
957 3715 1001 3765 ne
1026 3693 1220 3765 irrideamur
1255 3691 1297 3766 al
1331 3696 1371 3766 iis
1398 3698 1453 3789 qui
1479 3696 1569 3767 ode-

86 3865 92 3876 ,
203 3818 281 3879 runt
306 3830 385 3881 uos:
412 3812 634 3904 nequeenim
661 3812 684 3880 ii
711 3830 822 3881 sumus
848 3808 991 3881 Domine
1018 3812 1072 3903 qui
1087 3814 1265 3905 passiones
1291 3820 1364 3882 tuas
1393 3808 1569 3883 crubesci-

204 3946 289 4012 mus‚
317 3936 372 3997 aut
398 3946 519 3997 nomen
546 3936 634 3998 nrum
660 3935 807 3998 sanctum
834 3947 1005 4017 negamus.
1038 3925 1088 3997 Tu
1116 3935 1224 3998 autom
1251 3926 1394 3999 Domine
1421 3949 1569 4020 agnosce

203 4063 279 4126 nos,
306 4052 341 4112 et
366 4064 458 4138 spem
486 4050 586 4132 tuam,
611 4041 788 4139 lumenque
813 4041 923 4113 vultus
950 4046 1006 4128 tui,
1033 4044 1146 4113 emitte
1172 4065 1274 4139 super
1300 4065 1382 4132 nos,
1410 4053 1444 4115 et
1469 4065 1570 4139 super

204 4154 395 4229 Ecclesiam
422 4169 509 4230 mam
536 4167 695 4247 sanctam,
721 4170 756 4230 et
782 4156 1029 4244 Orthodoxam,
1063 4180 1161 4251 quarn
1194 4159 1420 4252 exgentibus
1447 4158 1569 4254 adqui-

205 4276 329 4345 sivisti:
357 4296 443 4369 quae
469 4278 644 4346 etiamnum
657 4297 746 4347 voce
772 4273 860 4346 elata
881 4271 1027 4365 jubilans
1040 4272 1162 4346 clamat
1181 4275 1224 4346 ad
1251 4285 1295 4365 te,
1321 4277 1454 4348 Patrem
1469 4284 1570 4361 mum,
1624 4295 1655 4372 j

206 4387 433 4485 spiritumque
459 4401 608 4463 sanctum
634 4400 736 4479 tunm,
762 4391 887 4462 diceus.

312 4504 474 4600 Populea.
526 4506 690 4579 Miserere
716 4506 823 4580 nolis.

312 4621 495 4694 Sacerdos.
547 4621 620 4695 Nos
646 4626 745 4696 etiam
771 4622 829 4695 tibi
855 4625 982 4714 gratias
1009 4627 1139 4716 agimus
1166 4624 1207 4697 de
1234 4624 1397 4714 omnibus,
1424 4633 1458 4696 et
1483 4646 1570 4720 pro-

208 4749 284 4835 ptor
312 4742 431 4811 omnia.

313 4854 473 4948 Popnlns.
526 4854 578 4928 'le
602 4854 783 4929 laudamus

313 4970 502 5043 Diaconos.
554 4971 732 5043 Memento.

313 5086 488 5160 Sacerdos
513 5087 695 5160 inclinetur
719 5088 804 5159 dicit
829 5088 1082 5161 lanceationem
1106 5088 1258 5184 Spiritus
1283 5091 1402 5160 suncti.

1285 5205 1365 5282 38*
