4525 6034
683 578 756 653 180
1187 580 1547 659 Lll'UllGlh

678 775 732 839 tes
759 763 879 854 reduc,
906 765 1054 838 infirmos
1080 767 1199 854 visita,
1228 765 1356 840 debiles
1383 769 1558 858 confirma,
1592 770 1780 844 valetudine
1815 773 1962 846 adversa
1996 773 2050 847 la-

677 877 839 954 borantes
865 880 1010 972 robora,
1037 892 1072 953 et
1098 904 1159 954 eos
1187 884 1241 977 qui
1268 905 1289 953 a
1316 883 1535 958 daemonibus
1562 896 1746 976 tentantur,
1772 886 1895 960 libera:
1923 893 2051 963 vinctos

679 995 786 1087 educ,
812 1019 998 1094 oppressos
1025 996 1169 1091 adJuva,
1208 1008 1389 1094 pereuntes
1423 999 1467 1072 ad
1501 1003 1654 1074 timorem
1681 1013 1770 1076 tuum
1803 1024 1910 1091 voca,
1945 1013 1980 1076 et
2012 1003 2052 1075 ad

677 1115 724 1182 tui
751 1116 997 1205 cognitionem,
1024 1124 1058 1185 et
1084 1114 1238 1187 omnibus
1264 1118 1305 1186 iis
1333 1118 1389 1210 qui
1416 1114 1606 1189 obtulertmt
1634 1117 1832 1209 oblationes,
1857 1130 1954 1210 vota,
1979 1122 2052 1215 pri-

677 1230 806 1317 mitias,
833 1252 873 1301 ac
900 1228 1048 1302 decimas
1073 1232 1108 1300 iu
1132 1228 1288 1302 Ecclesia
1316 1239 1370 1303 tua
1398 1241 1534 1322 sancta3
1568 1243 1604 1305 tu
1633 1233 1778 1306 Domine
1810 1234 1959 1308 retribue
1991 1234 2052 1308 illis

678 1338 780 1434 bona,
808 1355 842 1416 et
867 1344 1059 1440 praeclara,
1087 1349 1162 1441 quia
1189 1354 1224 1417 tu
1250 1348 1446 1438 miserator,
1473 1352 1656 1422 civeniae
1688 1348 1829 1442 largitor
1863 1374 1919 1423 es:
1956 1362 1991 1423 et
2021 1363 2052 1423 to

679 1456 778 1530 decet
803 1459 925 1550 honor,
952 1462 1076 1554 gloria,
1105 1471 1140 1533 et
1164 1466 1313 1558 potentia
1339 1467 1372 1536 in
1400 1466 1569 1556 unigenito
1596 1464 1682 1537 Filio
1709 1476 1777 1539 tuo.

783 1576 958 1652 Sacerdos
984 1579 1176 1652 inclinatur.
1204 1577 1356 1673 Regibus
1383 1578 1572 1653 timentibus
1603 1580 1729 1672 Deum,
1761 1605 1881 1678 pacem
1918 1593 2051 1678 praesta

678 1692 837 1766 Domine:
860 1694 990 1786 iudices
1017 1696 1147 1769 custodi
1173 1701 1206 1768 in
1233 1701 1353 1770 timore
1387 1708 1468 1795 tuo,¹
1496 1705 1530 1767 et
1560 1700 1704 1769 omnium
1738 1695 1883 1770 fidebam
1913 1698 2052 1770 filiorum

677 1806 855 1881 Ecclesiae
873 1822 1010 1884 sanctae
1024 1812 1218 1902 recordare,
1245 1811 1377 1909 depelle
1404 1810 1446 1885 ab
1474 1816 1524 1884 eis
1550 1811 1639 1886 bella
1666 1823 1730 1884 tam
1747 1813 1931 1885 domestica
1955 1836 2050 1907 quam

678 1933 858 1999 extranea:
887 1926 1062 2023 tranquilla
1089 1931 1227 2001 civitate
1253 1929 1481 2026 perfruantur,
1509 1938 1543 2001 et
1568 1927 1698 2002 custodi
1724 1952 1786 2003 eos
1814 1932 1912 2021 signo
1931 1931 2051 2000 victri-

677 2046 727 2115 cis
754 2046 863 2117 crucis
890 2055 976 2116 tuae.

780 2161 933 2232 Eteonos
958 2182 1084 2232 nocem
1112 2163 1386 2234 Persecutionem
1411 2163 1595 2258 patientes,
1622 2170 1657 2232 et
1683 2163 1837 2256 captivos
1852 2163 1970 2252 gregis
1997 2162 2052 2248 tui,

680 2278 807 2369 dirige,
834 2287 868 2349 et
894 2275 1010 2366 salva,
1036 2300 1098 2374 per
1124 2276 1388 2352 misericordiam
1414 2288 1504 2349 tuam
1529 2277 1687 2349 Domine:
1713 2279 1916 2368 navigantes
1943 2274 2052 2347 addu-

676 2398 744 2466 cito
772 2393 814 2465 ad
845 2402 976 2489 portum
1009 2397 1214 2467 securitatis:
1245 2396 1434 2490 peregrinis
1465 2404 1540 2466 esto
1573 2392 1691 2464 domus
1722 2391 1865 2466 reditus:
1899 2396 1933 2463 in
1966 2395 2052 2463 mam

675 2508 837 2607 proiectis
864 2520 939 2582 esto
966 2513 1093 2583 itineris
1119 2532 1251 2582 comes:
1278 2509 1473 2601 Religiosis,
1500 2520 1534 2581 et
1548 2506 1735 2597 Monachis,
1763 2518 1797 2578 et
1823 2512 1864 2579 iis
1886 2512 1943 2602 qui
1969 2530 2051 2602 spe·

675 2624 782 2697 lancis
810 2637 921 2698 terrae
947 2625 1165 2716 delitescunt,
1192 2627 1291 2698 linem
1317 2625 1467 2717 religiosi
1493 2624 1589 2717 hnjus
1615 2626 1780 2719 propositi
1814 2622 1985 2711 concedo,
2021 2633 2052 2693 et

676 2744 753 2834 quia
782 2762 898 2813 omnes
926 2764 1000 2815 cum
1027 2765 1156 2815 summa
1182 2764 1263 2815 cura
1278 2741 1591 2833 adjuvasDomino,
1617 2762 1663 2811 ex
1690 2738 1842 2812 omnibus
1867 2738 2050 2811 reseremus

676 2853 736 2925 tibi
763 2855 915 2948 gloriam.

781 2972 956 3045 Sacerdos
982 2972 1174 3045 inclinatae.
1201 2972 1256 3046 Ad
1284 2972 1390 3045 altare
1415 2984 1506 3045 tuum
1540 2969 1689 3043 coeleste
1725 2980 1760 3041 et
1787 2969 1828 3041 ad
1862 2968 1949 3042 istud
1974 2970 2049 3040 Do-

677 3089 787 3176 mine,
813 3099 980 3161 memento
1007 3110 1094 3160 nunc
1116 3087 1368 3185 Prophetarum,
1394 3088 1648 3184 Apostolorum,
1674 3085 1874 3182 Martyrum,
1902 3083 2050 3158 Confes-

676 3224 810 3291 sorum,
836 3203 1141 3292 Annunciatorum,
1167 3203 1458 3290 Praedicatornm,
1487 3215 1521 3275 et
1539 3199 1845 3293 Evangelistarum:
1873 3203 2049 3296 praecipue

676 3329 815 3392 sanctae
841 3318 958 3391 Matris
994 3319 1059 3391 Dei
1093 3342 1293 3415 semperque
1324 3319 1474 3412 Virginis
1508 3319 1635 3390 Beatae
1668 3316 1815 3402 Mariae,
1850 3326 1884 3386 et
1915 3315 2047 3387 loannis

675 3439 909 3531 praecursoris
936 3436 1119 3531 Baptistae,
1148 3445 1181 3507 et
1207 3435 1366 3531 Stephani
1392 3439 1489 3532 primi
1515 3434 1755 3520 Diaconorum,
1782 3440 1817 3500 et
1841 3432 1940 3527 primi
1955 3429 2047 3501 hiar-

678 3562 790 3647 tprum
817 3551 1088 3647 reliquorumque
1114 3561 1304 3624 sanctorum
1333 3554 1487 3624 omnium.

781 3667 931 3738 dhanane
955 3689 1081 3738 oocem.
1109 3665 1154 3740 Et
1181 3678 1334 3762 tanquam
1360 3665 1487 3755 bonne,
1515 3678 1549 3737 et
1573 3668 1695 3736 veniae
1728 3662 1870 3753 largitor
1895 3660 2044 3746 Domine,

679 3804 802 3873 agmen
836 3783 1108 3878 triumphatorum
1135 3783 1267 3855 illorum
1293 3784 1438 3874 adjunge
1459 3781 1502 3854 ad
1518 3780 1673 3853 auxilium
1691 3777 1885 3850 infirmitatis
1905 3785 2046 3862 nostrie,

679 3897 814 3970 ordines
841 3898 971 3970 illorum
997 3897 1138 3988 beatos,
1165 3909 1289 3971 turmas
1318 3920 1434 3970 corum
1461 3894 1691 3982 admirabiles,
1726 3916 1903 3966 occursum
1940 3911 2047 3964 eorum

678 4007 918 4110 praeclarum,
940 4014 1064 4087 festum
1098 4037 1216 4087 eorum
1247 4013 1499 4101 laetabundum,
1534 4022 1655 4086 statum
1688 4032 1809 4092 eorum,
1834 4007 1976 4095 laetum,
2011 4005 2046 4076 ad

679 4130 830 4201 ordbrcm
857 4129 1062 4223 doxologiae
1089 4151 1206 4208 eorum
1237 4129 1448 4226 praeclarae,
1483 4140 1517 4202 et
1553 4150 1615 4225 per
1651 4127 1912 4199 intercessiones
1939 4145 2046 4197 eorum

679 4247 901 4340 suscipiantur
927 4244 1136 4333 oblationes,
1164 4245 1332 4339 decimae,
1360 4254 1394 4318 et
1419 4248 1590 4317 orationes
1617 4252 1765 4331 nostrae,
1793 4262 1908 4312 coram
1936 4239 2045 4310 throno

678 4359 877 4455 praeclarae
903 4364 1087 4454 majestatis
1114 4370 1211 4450 tuae,
1245 4370 1280 4432 et
1310 4384 1383 4433 cum
1410 4364 1470 4450 iis,
1504 4370 1539 4431 et
1573 4363 1746 4431 intereos
1779 4356 1965 4429 reseremus
1997 4353 2046 4425 tibi

678 4474 839 4565 gloriam,
867 4487 901 4548 et
927 4480 1108 4569 gratianum
1138 4479 1312 4549 actionem.

764 4590 960 4663 ¹Sacerdos
986 4592 1179 4663 inclinatae.
1204 4591 1389 4664 Doctorum
1415 4589 1632 4688 probatorum
1659 4598 1694 4661 et
1719 4609 1878 4659 verorum
1904 4587 2045 4684 Episco-

680 4727 820 4801 porum,
847 4716 1038 4779 sanctornm
1063 4710 1300 4804 inspiratorum
1327 4732 1346 4780 a
1374 4709 1499 4804 Spiritu
1531 4718 1646 4779 sancto
1682 4708 1739 4799 qui
1772 4703 1894 4777 dudum
1925 4708 1960 4776 in
1990 4701 2045 4773 lide

681 4818 871 4894 orthodoxa
898 4821 1071 4912 obierunt,
1098 4833 1264 4896 memento
1292 4825 1435 4896 Domine
1454 4844 1517 4919 per
1531 4820 1794 4896 misericordiam
1812 4829 1921 4893 tuam:
1948 4840 2042 4916 prae-

680 4937 778 5031 cipue
804 4959 908 5029 vero,
939 4948 973 5010 et
998 4942 1202 5028 nominatim,
1228 4940 1359 5033 Ignatii,
1386 4940 1559 5035 Dionysii,
1579 4937 1773 5027 Clementis,
1798 4937 1919 5026 Marci,
1941 4932 2040 5007 Pauli:
