4525 6034
1077 1078 1679 1260 LllUllGlll

844 1415 1388 1543 rnrussouuur
1472 1409 1917 1533 nrrsoorr

969 1655 1280 1752 minutulum,
1309 1657 1393 1735 SEU
1417 1651 1782 1732 HlllllOPOLlTANl

1181 1930 1303 2003 Oratio
1331 1936 1411 2002 onte
1437 1930 1575 2002 Pacem.

773 2125 889 2229 Dans
922 2154 992 2224 vita
1023 2156 1186 2241 omnium‚
1216 2152 1276 2225 lux
1308 2164 1385 2226 ante
1418 2156 1509 2225 initia
1542 2174 1654 2224 rerum
1686 2154 1837 2223 existens
1872 2162 1909 2224 et
1937 2154 2047 2226 nostis

695 2269 849 2345 omnibus
876 2267 1129 2362 cogitationibus
1157 2270 1342 2358 excelsior,
1379 2270 1499 2364 dignos
1530 2269 1623 2342 effice
1654 2290 1734 2355 nos,
1770 2278 1807 2339 ut
1836 2291 1914 2341 cum
1945 2272 2049 2340 timore

693 2397 819 2462 stemus
845 2407 959 2458 coram
986 2396 1038 2474 tc,
1065 2384 1183 2458 dantes
1209 2387 1307 2460 nobis
1333 2390 1477 2459 invicem
1502 2409 1638 2483 pacem,
1670 2389 1705 2456 in
1732 2387 1872 2457 caritate
1905 2388 2050 2477 unigeniti

692 2500 769 2575 Filii
795 2506 858 2575 tui:
884 2525 946 2599 per
974 2524 1071 2597 quem
1098 2512 1231 2574 etcum
1259 2526 1324 2600 quo
1352 2514 1386 2576 te
1412 2503 1508 2576 decet
1533 2501 1661 2596 gloria,
1695 2501 1803 2573 bonor
1828 2513 1863 2574 et
1890 2504 2051 2597 imperium

691 2643 767 2693 cum
791 2620 917 2716 Spiritu
934 2627 989 2691 tuo
1006 2621 1228 2711 sanctissimo,
1254 2619 1356 2709 bono,
1383 2619 1566 2710 adorando,
1593 2618 1795 2705 vivificante,
1822 2615 1950 2712 tibique
1974 2639 2050 2690 con-

692 2733 921 2829 substantiali,
947 2758 1051 2819 nuuc‚
1079 2746 1141 2808 etc.

585 2914 589 2921 .
658 2922 664 2931 ,
801 2851 961 2945 Populos.
1013 2853 1135 2926 Amen.

799 2967 984 3043 Sacerdos.
1036 2969 1121 3040 Pax,

800 3084 962 3178 Populos.
1014 3083 1158 3157 Etcum
1185 3085 1300 3178 spiritu
1326 3093 1392 3155 tuo.

799 3200 985 3273 Diaconos.
1038 3199 1106 3272 Det
1133 3202 1271 3295 quisque
1297 3222 1424 3295 pacem,

798 3317 959 3411 Populus.
1011 3318 1143 3409 Dignos
1169 3315 1233 3387 fac.

799 3434 986 3505 Diaconos.
1039 3432 1228 3527 Postquam.

801 3550 963 3643 Populos.
1016 3548 1143 3622 Coram
1169 3557 1212 3620 te.

799 3665 983 3737 Sacerdos.
1035 3666 1221 3738 Dexteram
1247 3676 1335 3737 tuam
1361 3662 1560 3736 invisibilem
1586 3664 1728 3736 Domine
1754 3664 1912 3754 deniae,
1939 3679 1974 3741 et
1994 3665 2051 3740 bc-

695 3782 793 3854 nedic
807 3782 1004 3857 adoratores
1031 3793 1116 3870 tuus,
1145 3784 1199 3878 qui
1213 3786 1303 3854 'nunc
1328 3781 1521 3854 inclinantur
1532 3802 1645 3852 coram
1670 3790 1720 3852 ta:
1746 3802 1806 3875 per
1825 3783 2050 3856 multitudinem

695 3904 943 3973 miserationum
974 3902 1134 3991 unigeniti
1160 3899 1235 3971 Filii
1261 3903 1325 3989 tui,
1355 3919 1418 3995 per
1450 3919 1567 3992 mem,
1602 3904 1636 3968 ct
1670 3918 1743 3968 cum
1778 3919 1864 3991 quo‚
1901 3911 1937 3971 te
1969 3902 2052 3972 decet

696 4016 963 4109 gloriabamur,
991 4026 1024 4087 et
1048 4026 1212 4112 pot-estas
1239 4038 1313 4087 curn
1340 4014 1464 4110 Spiritu
1490 4024 1560 4103 tuo,
1588 4016 1810 4102 sanctissimo,
1835 4014 1945 4106 bono,
1975 4016 2052 4089 ado-

695 4132 821 4223 rando,
846 4132 1055 4219 vivificante,
1081 4130 1206 4225 tibique
1232 4129 1521 4217 consubstantiali,
1548 4150 1653 4219 nunc,
1678 4138 1740 4200 etc.

800 4248 960 4341 Populus.
1013 4250 1133 4321 Amen,

792 4362 974 4436 'Sacerdos
1000 4364 1084 4436 dicit
1111 4365 1309 4435 Orationem
1334 4385 1437 4458 super
1461 4362 1577 4433 uelum,
1720 4376 1724 4387 ’

801 4481 851 4553 Te
878 4480 1096 4577 deprecamur
1123 4483 1156 4551 in
1182 4478 1246 4551 bac
1272 4479 1354 4554 bora
1381 4480 1534 4568 Domine,
1560 4487 1596 4548 ut
1622 4475 1681 4550 des
1701 4476 1799 4553 nobis
1821 4484 1966 4573 gratiam
1980 4477 2051 4572 Spi-

697 4601 779 4672 ritus
815 4600 861 4669 tui
894 4600 1016 4685 sancti,
1057 4608 1091 4670 et
1131 4596 1333 4671 corrobores
1372 4617 1435 4668 nos
1466 4594 1509 4667 ad
1541 4597 1756 4667 ministerium
1785 4594 1850 4669 buc
1883 4592 2052 4695 spirituale,

698 4714 925 4810 «repetasque,
952 4723 986 4785 et
1011 4715 1126 4806 ejicias
1154 4711 1297 4788 anobis
1324 4735 1440 4786 omnes
1476 4714 1694 4804 cogitationes
1720 4711 1855 4804 foetas,
1893 4722 1930 4785 et
1954 4710 2050 4805 pban·

695 4840 839 4903 tasmata
874 4840 1023 4902 terrena:
1058 4851 1119 4924 per
1152 4828 1358 4901 clementiam
1391 4831 1552 4920 unigeniti
1577 4827 1652 4900 Filii
1683 4831 1746 4900 tui:
1779 4852 1843 4925 per
1879 4831 2051 4925 quamsi

698 4969 773 5017 cum
800 4969 865 5042 quo
892 4956 925 5018 tc
951 4946 1049 5017 decet
1075 4944 1203 5038 gloria,
1229 4945 1336 5020 honor
1362 4955 1396 5018 et
1421 4948 1612 5040 imperium,
1643 4967 1716 5016 cum
1743 4944 1869 5041 Spiritu
1896 4956 1953 5018 tuo
1978 4962 2050 5015 sau-

697 5063 845 5135 ctissimo
873 5073 906 5134 et
934 5061 1044 5155 bono,
1070 5072 1132 5134 etc.
1230 5126 1233 5137 ,
