4525 6034
499 574 717 653 litoteta
741 571 882 650 nilon
908 569 1074 650 SANGTI
1099 567 1273 646 JAGOBI.
1494 567 1567 641 127

205 807 210 814 ·
256 759 265 794 ”
307 763 468 857 Popaluc.
520 761 690 835 Habemus
717 759 758 832 od
784 761 971 833 Dominum.

308 880 491 952 Sacerdos.
543 877 676 952 Gratias
703 897 851 970 agamus.

308 996 469 1090 Populus.
521 995 666 1088 Dignum
693 1003 727 1067 et
748 997 874 1087 justum
900 1000 960 1062 est
1495 1061 1499 1066 ,

308 1111 483 1184 Sacerdos
509 1112 699 1183 inclinatur.
752 1109 844 1181 Vere
878 1106 1011 1199 dignum
1044 1117 1078 1179 et
1106 1109 1230 1199 justum
1257 1116 1322 1192 est,
1364 1127 1428 1178 nas
1462 1104 1570 1201 opifici

207 1231 312 1302 amuis
337 1239 511 1301 creaturae
536 1231 662 1322 gratias
688 1248 804 1320 agere,
831 1245 972 1319 eumque
999 1221 1143 1295 adorare
1169 1232 1203 1294 et
1229 1219 1428 1313 glorificare.

309 1345 459 1417 tteeom
483 1367 608 1416 ooccro.
645 1344 753 1429 Quem
779 1340 912 1413 laudant
936 1339 1084 1412 Virtutes
1113 1338 1297 1426 coelestes3
1324 1359 1510 1433 corporeae
1535 1347 1572 1409 et

207 1464 428 1558 incorporeae
454 1461 668 1552 (creaturae)
694 1457 747 1533 sol
773 1466 807 1529 et
832 1456 909 1528 luna
935 1465 970 1527 et
995 1477 1112 1528 omnes
1140 1454 1276 1542 stellae,
1308 1464 1399 1526 terra
1431 1464 1466 1524 et
1491 1475 1570 1523 rna-

206 1580 268 1666 n‘a,
295 1580 505 1673 primogeniti
531 1576 688 1671 descripti
712 1578 746 1646 in
773 1571 960 1646 Jerusalem
987 1570 1144 1660 coelesti,
1177 1569 1323 1664 Angeli,
1354 1568 1571 1662 Archangeli,

206 1694 433 1788 Principatus‚
467 1694 676 1781 Potestates,
709 1689 853 1779 Throni,
885 1690 1158 1778 Damiuationes,
1191 1687 1359 1776 Virtutes,
1393 1684 1572 1759 Cherubim

206 1810 396 1902 multioculi‚
422 1807 595 1905 Seraphim
623 1831 688 1883 sex
725 1805 787 1878 alis
820 1808 991 1895 hartmoti,
1023 1807 1078 1900 qui
1113 1807 1239 1901 opertis
1265 1804 1416 1877 faciebus
1444 1814 1478 1875 et
1502 1828 1571 1900 pe-
1697 1789 1702 1804 ’

207 1926 314 2016 dibus,
342 1926 456 1999 volant
481 1926 566 1998 alter
592 1924 635 1998 ad
662 1923 815 2014 alterum,
840 1920 1058 2011 sanctificant,
1084 1921 1228 1994 clamant
1253 1931 1287 1992 et
1313 1919 1433 1992 dicuin.

309 2042 470 2137 Populos.
522 2042 677 2130 Sanctus,
703 2050 766 2112 etc.

308 2159 485 2230 Sacerdos
515 2158 707 2229 inclinatos.
758 2155 851 2227 Vere
892 2161 1027 2227 sanctus
1063 2174 1122 2241 es,
1156 2163 1190 2224 et
1229 2149 1469 2240 sanctificator,
1508 2175 1573 2224 rex

156 2265 160 2274 ’
206 2274 429 2348 saeculorum
480 2275 622 2346 Sanctus
649 2275 748 2344 etiam
775 2269 878 2343 Filius
904 2280 992 2359 tuus,
1018 2269 1180 2342 Dominus
1201 2280 1316 2342 noster
1341 2269 1442 2342 lesus
1470 2266 1573 2340 Chri·

206 2401 286 2466 stus.
341 2391 483 2464 Sanctus
509 2393 608 2463 etiam
635 2389 777 2484 Spiritus
803 2397 878 2458 tuus
911 2395 1065 2475 sanctus,
1099 2388 1154 2481 qui
1184 2396 1347 2459 scrutatur
1379 2386 1573 2461 abscondita

205 2514 272 2579 tua.
327 2507 380 2579 De
407 2518 496 2580 terra
522 2505 688 2578 hominem
714 2507 854 2594 creasti,
886 2513 921 2576 et
956 2508 990 2575 in
1016 2502 1173 2600 paradiso
1209 2503 1397 2577 collocasti:
1432 2526 1574 2600 cumque

204 2634 441 2716 hanegressus
467 2621 585 2696 fuisset
609 2621 799 2694 mandatum
824 2630 932 2709 mum,
968 2643 1037 2693 non
1069 2621 1246 2694 deseruisti
1277 2620 1366 2694 illum
1394 2632 1572 2710 errantem,

205 2739 266 2813 sad
296 2740 447 2812 direxisti
472 2739 564 2811 illum
590 2761 651 2834 per
676 2735 875 2834 Prophetas:
901 2736 1099 2832 undamque
1130 2740 1332 2830 unigenitum
1358 2736 1458 2810 filiurn
1484 2748 1573 2810 tuum

204 2858 326 2928 misisti
350 2860 384 2928 in
410 2854 576 2944 mundum,
603 2857 658 2949 qui
684 2857 874 2926 incarnatus
901 2863 952 2926 est
979 2853 1020 2925 de
1040 2853 1164 2949 Spiritu
1190 2863 1317 2946 sancto,
1344 2865 1379 2926 et
1404 2879 1450 2927 ex
1468 2856 1575 2927 illaria

203 2972 365 3066 Virgine:
391 2980 426 3044 et
450 2974 628 3043 renovavit
654 2972 832 3062 imaginem
860 2979 958 3057 mam,
986 2993 1072 3064 quae
1099 2969 1270 3066 deturpata
1299 2981 1380 3043 erat.

228 3174 232 3177 .
312 3089 462 3160 Elcoono
486 3111 612 3159 vocem.
665 3086 750 3159 Cum
775 3108 861 3158 vero
887 3095 1023 3181 paratus
1050 3096 1142 3160 esset
1158 3086 1200 3158 ad
1216 3089 1459 3184 suscipiendam
1479 3111 1577 3163 mor-

205 3216 273 3277 tem
302 3204 536 3295 voluntariam,
563 3227 625 3302 pro
652 3203 751 3275 nohis
778 3201 1024 3298 peccatoribus,
1049 3205 1122 3298 ipse
1149 3206 1403 3299 qui‘peccatum
1423 3229 1490 3278 non
1515 3204 1575 3277 le-

206 3333 315 3412 cerat,
343 3326 472 3418 accepit
498 3343 615 3418 panem
643 3323 676 3392 in
702 3340 818 3391 manus
846 3342 923 3393 suas
950 3330 1099 3410 sanctas,
1125 3329 1161 3392 et
1171 3325 1297 3413 gratias
1324 3344 1441 3415 agens,
1468 3320 1575 3414 †he-
1644 3413 1649 3422 Ι

207 3439 348 3526 nedixit,
375 3439 404 3526 †
430 3437 701 3524 sanctificavit†
734 3435 908 3527 etfregit,
943 3435 1096 3532 deditque
1128 3437 1302 3532 Apostolis
1336 3440 1405 3511 suis
1439 3442 1575 3525 sanctis,

206 3566 241 3627 et
268 3554 362 3626 dixit
414 3555 579 3649 Accipite,
605 3551 802 3624 manducate
830 3574 876 3623 ex
903 3573 955 3627 eo.
1008 3551 1083 3624 Hoc
1109 3564 1161 3625 est
1186 3575 1308 3649 carpus
1335 3578 1459 3642 meum,
1488 3554 1576 3650 quod

206 3693 270 3767 pro
299 3668 399 3743 vohis
426 3680 460 3741 et
485 3691 546 3765 pro
573 3667 681 3741 multis
708 3667 889 3760 frangitur,
925 3681 959 3742 et
986 3668 1081 3742 datur
1113 3668 1153 3741 ad
1189 3675 1419 3743 remissionem
1445 3692 1576 3768 pecca-

206 3797 327 3874 torum,
356 3788 516 3858 civitam
544 3796 722 3857 aeternam.

316 3902 475 3996 Populus.
528 3903 647 3974 Arnen.
1706 3971 1713 3986 ,

316 4019 501 4090 Sacerdos.
534 4017 691 4090 Similiter
718 4027 752 4089 et
778 4016 916 4089 calicem
942 4022 1083 4114 accepit,
1110 4029 1145 4091 et
1169 4022 1296 4111 gratias
1323 4042 1429 4112 ageos
1444 4023 1484 4110 ‘†
1508 4021 1577 4094 he-

208 4137 356 4222 nedixit,
383 4136 412 4223 †
438 4134 672 4224 sanctificavit,
699 4135 728 4222 †
754 4142 788 4205 et
813 4132 902 4205 dedit
932 4133 1050 4207 iisdem
1076 4136 1250 4231 Apostolis
1276 4141 1344 4209 suis
1377 4142 1517 4225 sanctis,
1546 4146 1579 4210 et

209 4254 306 4325 dixit.
346 4252 512 4348 Accipite,
538 4251 641 4323 hihite
668 4273 714 4322 ex
740 4272 782 4322 eo
809 4273 875 4324 vos
902 4272 1028 4324 omnes.
1065 4253 1129 4324 Hic
1157 4265 1209 4325 est
1235 4257 1371 4346 sanguis
1397 4277 1503 4342 meus,
1522 4257 1578 4350 qui

208 4393 274 4467 pro
302 4368 400 4441 vohis
428 4377 461 4439 et
485 4390 548 4463 pro
575 4368 684 4440 inultis
711 4365 884 4440 effunditur
911 4377 944 4439 et
971 4367 1083 4458 datin,
1119 4370 1161 4442 ad
1193 4373 1425 4444 remissionem
1451 4394 1578 4468 pecca-

208 4499 333 4574 torum,
360 4494 394 4556 et
418 4488 520 4556 vitam
549 4495 728 4557 aeternam.

317 4600 478 4695 Populos.
528 4602 648 4675 Amen.

318 4717 502 4789 Sacerdos.
554 4719 630 4790 Hoc
670 4716 769 4790 facite
809 4719 844 4789 in
884 4739 993 4791 meam
1041 4723 1404 4792 commemorationem:
1447 4720 1578 4814 quando

209 4833 500 4909 communicabitis
527 4833 602 4906 huic
628 4838 802 4931 mysterio,
829 4845 969 4907 mortem
981 4857 1089 4908 meam
1116 4846 1151 4908 ct
1166 4838 1444 4909 resurrectionem
1471 4858 1578 4907 meam

210 4961 484 5039 commemorate,
513 4951 620 5024 donec
645 4954 790 5023 veniam.

318 5066 480 5161 Populos.
532 5066 651 5141 Martis
676 5075 754 5140 tuae
779 5067 935 5160 Domine,
961 5079 1025 5142 etc.
