4525 6034
396 1096 478 1215 ιι
529 1094 983 1214 riou-scrin
1035 1095 1412 1216 caducan
1492 1266 1497 1277 ἱ

718 1331 898 1410 surturi
929 1333 1106 1410 BdSlLll

582 1620 586 1628 ·
633 1540 1195 1661 ALEXANDRINAM

826 1769 1001 1853 ιιιιιι.

578 2283 799 2385 Λειτουργία
831 2288 899 2358 τοῦ
922 2281 1030 2383 oiylov
1055 2282 1259 2360 Βασιλείαν.

331 2500 424 2593 Quas
448 2509 486 2571 de
509 2507 567 2570 hac
588 2506 724 2588 liturgia
747 2502 875 2568 dicenda
898 2512 985 2568 erant
1007 2503 1157 2586 explicata
1187 2512 1257 2568 sunt
1279 2512 1422 2587 quamam
1452 2523 1528 2588 opus
1550 2504 1607 2572 luit
1652 2526 1684 2578 ι’,
1701 2530 1748 2587 57.

222 2618 257 2680 in
287 2614 415 2698 praevia
444 2611 483 2674 de
511 2609 655 2691 liturgiis
677 2608 917 2687 Dissertatione,
947 2627 1026 2689 quae
1053 2608 1103 2671 hic
1118 2616 1275 2691 ‚repetere
1302 2608 1486 2691 superfluum
1514 2610 1606 2678 toret.

224 2714 305 2777 lllud
328 2713 428 2775 statim
451 2708 683 2787 observandum,
706 2707 816 2770 deesse
845 2708 876 2769 in
907 2706 1021 2771 Codice
1042 2707 1142 2791 Regio
1165 2725 1270 2771 omnes
1292 2710 1512 2791 propemodum
1535 2730 1611 2776 ora-

223 2818 328 2881 nores
350 2810 608 2893 praeparatorius,
632 2826 700 2873 cum
721 2808 817 2888 prima
846 2809 946 2870 sites
967 2824 1046 2887 quae
1069 2805 1179 2869 dicitur
1200 2797 1530 2887 Καταπετᾶσματος,
1553 2809 1611 2872 etsi

225 2932 291 2976 non
313 2913 447 2993 integra,
469 2908 526 2972 sed
547 2908 654 2990 majori
676 2914 764 2988 parte
785 2907 897 2970 mutila.
931 2905 1006 2967 Eam
1029 2905 1166 2986 sequitur
1188 2905 1247 2968 alia
1269 2906 1406 2987 ejusdem
1430 2910 1610 2991 argumenti,
1683 2910 1686 2915 '

227 3011 402 3092 eodemque
425 3010 494 3072 loco
518 3004 683 3083 recitanda,
707 3023 786 3087 quae
808 3005 918 3068 dicitur
947 3020 1018 3067 esse
1042 3022 1082 3066 ex
1103 3004 1239 3088 liturgia
1261 3007 1358 3069 sancti
1379 3004 1485 3069 Jacobi
1508 3006 1610 3070 fratris

226 3111 362 3173 Domini.
407 3108 441 3171 ln
463 3106 581 3170 Graeca
603 3114 703 3168 tamen
725 3104 846 3189 vulgari
868 3121 929 3165 non
956 3104 1120 3183 reperitur,
1144 3103 1199 3166 sed
1221 3104 1327 3185 paucis
1350 3105 1470 3167 mutetis
1498 3104 1612 3189 legitur

225 3210 260 3271 in
285 3206 413 3289 Coptico
437 3205 619 3286 exemplari:
643 3211 675 3267 ut
697 3204 786 3267 etiam
817 3204 848 3265 in
879 3202 1013 3283 Syriacis
1043 3202 1213 3281 codicibus3
1239 3205 1321 3267 unde
1350 3214 1469 3269 constat
1496 3224 1612 3271 summa

225 3308 297 3388 ejus
321 3307 500 3387 antiquitas,
522 3304 592 3367 illos
615 3304 694 3366 enim
710 3301 847 3379 Graecis,
870 3301 975 3383 quales
990 3301 1029 3364 ad
1041 3318 1107 3369 nos
1129 3320 1314 3384 pervenere,
1336 3306 1518 3369 vetustiores
1542 3324 1612 3369 esse

226 3403 390 3468 admodum
414 3403 578 3467 verisimile
601 3409 660 3481 est,
684 3411 716 3464 ut
738 3401 808 3464 alibi
839 3409 1018 3482 exponetur.
1062 3400 1168 3482 ltaque
1197 3400 1308 3465 desunt
1334 3401 1495 3467 Orationes
1524 3406 1611 3470 istae.

226 3504 258 3566 1.
293 3502 390 3575 Quam
426 3502 576 3568 Sacerdos
607 3502 744 3582 privatim
774 3499 863 3564 dicit:
906 3499 936 3565 2.
970 3501 1132 3581 Postquam
1167 3510 1380 3582 praeparatum
1415 3503 1472 3566 fuit
1506 3503 1611 3568 altare.

229 3600 264 3667 3.
290 3602 458 3665 Gratiarum
482 3585 622 3680 actionis,
645 3618 724 3682 quae
745 3599 775 3660 in
792 3600 867 3663 duas
888 3608 992 3681 partes
1015 3599 1168 3678 dividitur,
1192 3602 1261 3681 qnia
1276 3600 1430 3666 Diaconos
1453 3611 1524 3684 post
1545 3604 1614 3684 pri-

227 3718 309 3763 mam
331 3699 616 3782 partem-poputum
639 3698 776 3761 hortatur
795 3698 832 3760 ad
845 3699 1002 3778 orandum,
1025 3699 1194 3762 secundum
1208 3696 1381 3765 Sacerdotis
1404 3702 1612 3767 intentionem.

230 3800 263 3861 l.
286 3798 393 3863 Oratio
415 3799 452 3861 ad
482 3797 650 3880 prothesis.
695 3799 728 3863 5.
757 3798 861 3860 Oratio
892 3797 1100 3861 absolutionis.
1145 3798 1176 3862 6.
1201 3798 1327 3862 Tlruris:
1358 3807 1419 3863 tum
1441 3803 1612 3885 singulares

232 3897 271 3959 ad
292 3898 498 3980 Epistularum
521 3898 604 3960 l’auli
625 3905 658 3960 et
687 3896 920 3975 catholicarum,
949 3897 1130 3979 tandemque
1152 3898 1314 3981 Evangelii
1342 3900 1507 3964 lectiones:
1536 3921 1612 3983 quas

231 3998 370 4075 sequitrrr
392 3996 497 4060 Oratio
518 3982 825 4076 καταπετάσματος,
849 4014 905 4059 seu
927 3997 999 4074 veli,
1021 4016 1039 4059 a
1061 3997 1148 4079 cujus
1163 3997 1223 4061 line
1232 3999 1336 4080 incipit
1348 3999 1455 4064 Codex
1474 4001 1613 4063 Graeco-

231 4094 394 4158 Araltieus.
436 4096 509 4160 llox
539 4096 635 4158 altera
665 4095 717 4158 illa
744 4096 883 4177 sequitur
910 4114 951 4157 ex
979 4095 1114 4179 liturgia
1144 4098 1242 4160 sancti
1271 4096 1395 4161 Jacobi:
1426 4100 1545 4163 tandem
1577 4117 1613 4161 ea

233 4209 313 4273 quae
337 4202 386 4257 est
407 4212 464 4275 pro
486 4212 574 4276 pace,
598 4194 640 4255 illi
664 4211 761 4276 prope
784 4194 908 4257 totidem
931 4194 1033 4257 verbis
1055 4195 1248 4277 respondens
1271 4214 1350 4278 quae
1373 4197 1472 4261 estin
1495 4197 1614 4260 Graeca

232 4294 333 4354 sancti
354 4292 459 4355 llarci.
503 4293 571 4374 lpsa
595 4311 690 4374 porro
713 4293 817 4373 incipit
844 4294 882 4356 ab
911 4291 1055 4357 Oratione
1082 4293 1252 4358 Gratiarum
1283 4296 1429 4373 actionis,
1458 4314 1536 4376 quae
1566 4304 1614 4359 est

233 4390 323 4451 tertia
346 4391 377 4453 in
400 4390 513 4455 Codice
536 4391 681 4474 Coptica,
712 4394 782 4473 quia
806 4392 884 4456 duae
907 4394 1042 4474 priores,
1078 4401 1111 4457 ut
1139 4394 1286 4476 diximus,
1315 4414 1375 4459 non
1410 4404 1470 4458 tam
1499 4395 1613 4479 publici

234 4504 324 4568 qnam
346 4490 456 4570 privati
479 4490 566 4554 odicii
588 4498 667 4554 sunt.
718 4489 822 4572 ltaque
849 4492 881 4554 in
908 4511 945 4555 ea
976 4494 1169 4557 continentur
1197 4512 1308 4576 preces
1343 4503 1374 4558 ct
1403 4495 1613 4560 caeremoniae

232 4589 496 4670 praeparatoriae,
518 4608 597 4672 quae
619 4591 648 4653 in
673 4589 787 4653 Codice
810 4590 1079 4656 Graeco-Arabico
1103 4592 1327 4670 desiderantur,
1350 4612 1446 4676 eaque
1469 4602 1518 4658 est
1539 4603 1612 4658 nota

232 4685 404 4751 certissima
427 4691 505 4753 ritus
527 4689 725 4753 Alexandrini
748 4692 873 4768 veteris,
897 4710 986 4772 (ιιιειιι
1009 4691 1149 4779 Coptitae
1171 4710 1225 4756 sua
1249 4691 1352 4775 lingua
1375 4694 1575 4761 retinuerunt.
