4525 6034
598 596 650 674 ΙΝ
681 594 976 674 tiruncula
1010 593 1285 672 stainans,
1554 595 1624 670 121

251 780 471 845 distributionis
493 780 704 862 mysteriorum
728 777 837 841 forma:
867 778 908 840 ita
937 784 971 839 ut
999 775 1079 840 culix
1101 795 1162 840 non
1184 776 1405 841 Ecclesiasticis
1435 778 1541 858 modo,
1571 779 1629 842 sed
1763 811 1764 814 ¹

250 880 352 943 Laicis
376 880 512 960 primitus
534 879 668 955 daretur,
690 886 723 939 ut
745 876 856 939 lactum
878 894 1000 958 quoque
1023 878 1074 939 diu
1096 876 1127 938 in
1142 875 1308 940 Occidente
1332 875 1394 940 luit.
1430 876 1537 959 quue
1560 880 1628 959 ipsu

249 989 389 1061 tempore
419 979 586 1040 communio
614 978 740 1039 intinctu
768 975 897 1039 dabatur
925 975 1004 1057 apud
1034 974 1206 1038 Orientales
1229 976 1343 1057 Syros,
1375 975 1492 1038 duobus
1514 978 1627 1040 modis:

249 1096 362 1160 nempe
383 1076 531 1159 particula
554 1077 677 1138 intincta
699 1095 717 1138 a
739 1074 901 1139 sacerdote
929 1078 960 1137 iu
990 1074 1086 1137 calice
1115 1092 1205 1154 quem
1232 1075 1372 1156 gestabat
1399 1075 1567 1139 Diaconos:
1597 1085 1628 1140 et

251 1176 359 1239 eadem
377 1178 440 1258 jam
461 1177 491 1238 in
514 1175 640 1238 calicem
662 1176 810 1251 immissa,
844 1192 923 1255 quaa
944 1174 1096 1237 cocbleari
1117 1173 1327 1254 praeberetur.
1372 1175 1488 1237 Primae
1510 1174 1627 1239 lormaa

252 1276 323 1338 alibi
346 1293 436 1356 quam
457 1276 487 1336 in
510 1276 600 1342 citato
623 1274 693 1336 loco
708 1274 933 1337 exDirectorio
947 1272 1103 1355 Syrorum,
1125 1271 1240 1334 nullum
1261 1273 1423 1356 vestigium
1446 1273 1510 1335 buc
1527 1291 1625 1354 usque

250 1374 431 1436 invenimus:
454 1375 509 1436 sed
533 1392 600 1435 cum
622 1390 683 1434 non
705 1374 793 1436 dubia
816 1374 855 1436 sit
876 1372 945 1435 libri
966 1372 1045 1434 illius
1068 1373 1230 1446 autoritas,
1253 1371 1324 1451 quin
1348 1371 1377 1433 id
1400 1372 1482 1453 quod
1505 1371 1625 1435 descri-

251 1471 349 1551 bitur,
373 1474 402 1535 iu
426 1472 558 1554 Syriacis
580 1471 726 1535 Ecclesiis
749 1470 909 1553 aliquando
932 1470 1043 1535 luctum
1064 1472 1118 1549 sit,
1142 1473 1194 1532 vix
1217 1477 1317 1550 potest
1340 1470 1480 1536 dubitari.
1525 1471 1624 1534 blani-

253 1568 363 1633 lestum
385 1579 432 1635 est
455 1579 570 1647 autem,
593 1570 769 1651 particulam
791 1573 945 1633 intinctam
968 1570 1070 1634 calicis
1092 1589 1190 1646 usunr,
1225 1587 1313 1649 mem
1336 1577 1493 1651 tantopere
1515 1570 1627 1633 Prote-

252 1676 369 1732 atantes
391 1677 504 1752 urgent
525 1687 586 1732 non
609 1675 859 1750 repraesentare;
889 1687 957 1732 nam
975 1670 1083 1732 ‘calice
1104 1668 1270 1733 secundum
1292 1667 1372 1729 illam
1396 1668 1521 1731 formam
1543 1669 1629 1732 Laici

251 1768 458 1848 privabantur.
498 1768 660 1849 Sequentia
683 1769 779 1830 verba
802 1768 872 1831 talia
894 1776 973 1833 sunt.
1008 1770 1098 1845 Ouod
1118 1771 1148 1830 ri
1167 1786 1224 1830 nec
1245 1767 1320 1828 illud
1338 1769 1452 1847 poterit
1472 1770 1629 1849 iatirrpere,

252 1867 292 1929 ob
313 1869 439 1928 niarium
456 1868 564 1946 populi
583 1867 808 1945 mutdtudinem,
830 1874 990 1948 antequam
1011 1875 1142 1947 reparet,
1165 1866 1242 1942 (boc
1264 1872 1312 1927 est
1333 1866 1495 1928 secundam
1517 1869 1547 1929 io
1569 1868 1630 1928 mi-

251 1966 391 2029 nutiores
412 1966 576 2046 particulas
598 1964 776 2028 fractionem
799 1963 906 2037 saciat)
937 1967 1137 2046 marparitam
1158 1966 1288 2043 deturpat
1308 1964 1340 2024 in
1362 1966 1474 2040 calice,
1498 1974 1630 2045 tempore

250 2064 431 2144 fractiorrir,
458 2066 554 2126 etita
575 2065 626 2126 det
647 2066 900 2140 mmmunioncm,
922 2066 1002 2126 riom
1022 2066 1055 2125 iar
1076 2062 1199 2127 Oriente
1221 2063 1350 2125 ackmua
1369 2062 1484 2141 sacae.
1527 2064 1631 2144 ltaque

251 2163 330 2244 jam,
354 2181 421 2234 cum
445 2163 495 2226 illa
517 2161 674 2243 disciplina
697 2164 809 2242 scriptu
831 2170 897 2239 est,
929 2162 1103 2226 indifferens
1127 2169 1193 2224 erat
1215 2161 1289 2223 dara
1310 2159 1471 2223 bibendum
1495 2162 1630 2239 calicem,

254 2270 306 2325 aut
329 2263 481 2324 intinctam
505 2262 742 2324 communionem
765 2262 930 2342 praebere,
954 2280 994 2323 ex
1016 2262 1212 2341 marparitis,
1234 2261 1300 2322 siue
1323 2260 1531 2323 minutioribus
1555 2278 1631 2341 par-

252 2362 364 2438 ticulis,
386 2378 465 2441 quae
488 2359 575 2423 calici
597 2360 748 2423 immissae
771 2369 802 2422 et
825 2361 973 2441 sanguine
996 2357 1199 2436 madefactae,
1222 2357 1375 2419 cochleari
1397 2359 1630 2439 praebebantur.

342 2457 484 2540 Sequitur
505 2458 663 2521 incudem
687 2458 915 2521 Constitutione.
959 2457 1180 2520 Sacerdotibus
1205 2464 1306 2519 autem
1333 2464 1363 2519 et
1383 2457 1532 2520 Diacoair
1552 2457 1632 2538 Epi-

253 2576 367 2638 scopus
387 2559 437 2621 cel
456 2558 612 2620 Sacerdos
633 2560 870 2620 commatationem
891 2557 979 2619 dabit
1000 2575 1068 2618 marr
1089 2556 1252 2619 cochleari.
1295 2554 1466 2636 Episcopus
1487 2577 1577 2634 ocu,
1605 2560 1635 2620 ai

252 2676 312 2737 per
335 2677 368 2720 se
389 2660 614 2720 commmtcare
635 2657 723 2733 uelit,
752 2658 897 2718 ascendet
918 2657 962 2717 ad
981 2656 1081 2717 altare
1103 2661 1133 2716 et
1154 2653 1315 2715 &scerdet
1330 2653 1504 2717 Sacerdos:
1526 2658 1633 2737 ittaque

255 2756 498 2831 communicabit,
520 2764 575 2818 cut
595 2773 617 2817 a
637 2755 805 2817 Sacerdote
827 2757 1062 2817 emanationem
1084 2753 1224 2831 accipiet.
1261 2751 1510 2816 Arcdimaadm'tc
1532 2765 1632 2818 autem

254 2861 287 2915 et
307 2854 555 2935 Arclripmabyter
575 2872 596 2915 a
617 2853 783 2915 Sacerdote
804 2853 975 2915 celebrante
996 2852 1079 2916 ittam
1100 2852 1258 2930 παρίω
1292 2849 1372 2914 Sane
1387 2854 1414 2914 si
1428 2853 1478 2915 rel
1493 2854 1631 2916 minimae

256 2953 297 3015 du
321 2970 378 3015 usu
401 2952 568 3015 cochlearis
591 2952 767 3016 dubitationi
789 2951 874 3015 loeus
898 2959 998 3024 esset,
1029 2950 1233 3012 discuteretur
1260 2948 1309 3012 illa
1331 2967 1389 3030 per
1411 2951 1470 3014 boc
1491 2954 1632 3015 testimo·

256 3053 348 3129 niam,
371 3051 451 3132 quod
474 3050 692 3114 consuetudine
714 3050 838 3114 aliarum
861 3050 991 3114 omnium
1009 3048 1214 3111 Ecclesiarum
1229 3047 1413 3110 sufficienter
1430 3049 1631 3112 confirmatur.

257 3150 368 3213 Similis
387 3149 498 3230 ubique
514 3158 561 3212 est
583 3167 740 3213 sacrorum
762 3151 974 3231 mysteriorum
996 3148 1182 3224 reverentia,
1203 3148 1304 3209 statim
1326 3155 1416 3226 atque
1439 3150 1630 3212 consecratio

255 3250 375 3312 illorum
398 3249 534 3330 perlecta
557 3256 618 3324 est;
642 3256 761 3311 etcum
784 3249 1001 3311 distribuuntur
1023 3246 1177 3322 fidelibus,
1201 3254 1232 3308 et
1253 3264 1329 3329 erga
1351 3247 1489 3309 residuas
1512 3246 1631 3309 illorum

255 3349 436 3429 particulas:
465 3355 498 3410 ut
525 3349 555 3409 in
579 3347 799 3410 Commentario
823 3348 860 3409 ad
882 3347 983 3410 basilii
1004 3346 1169 3430 Liturgiam
1191 3345 1302 3408 dictum
1329 3352 1393 3423 est,
1423 3353 1485 3407 tum
1513 3347 1571 3410 aliu
1599 3348 1630 3409 in

258 3448 344 3524 loco,
373 3447 423 3509 ubi
446 3447 483 3509 de
507 3465 580 3509 cura
602 3447 745 3530 religiosa
769 3446 953 3510 Sacramenti
984 3444 1064 3526 apud
1087 3444 1257 3507 Orientales
1280 3445 1441 3508 observata
1463 3445 1559 3509 lusius
1582 3446 1632 3510 di·
1661 3446 1685 3480 ⁰·
1722 3467 1729 3481 ·

257 3547 372 3622 ximus;
395 3545 433 3607 de
456 3562 515 3625 qua
538 3554 626 3608 erunt
648 3562 769 3626 quaque
792 3544 957 3626 adjicienda
980 3543 1134 3620 nonnulla,
1157 3563 1198 3605 ex
1220 3544 1351 3625 propriis
1375 3545 1520 3626 Syrorum
1542 3552 1631 3607 auto·

255 3644 352 3707 ribus.

346 3742 492 3818 Diximus,
514 3744 543 3804 in
557 3742 700 3826 biturgiis
723 3759 793 3804 raro
816 3759 894 3822 qaae
917 3741 1089 3822 singulares
1112 3744 1318 3804 caeremonias
1340 3749 1480 3823 spectant
1503 3742 1633 3805 adscribi

259 3841 379 3919 solere,
409 3840 500 3922 idque
529 3841 650 3904 codices
673 3858 771 3921 prope
793 3858 897 3903 ournes
920 3840 1017 3920 palam
1039 3840 1169 3916 iaciunt,
1200 3860 1267 3902 cum
1294 3841 1415 3903 aliunde
1444 3849 1633 3922 peterentur,

258 3942 438 4021 praesertim
461 3959 500 4002 ex
522 3958 582 4003 non
605 3943 718 4020 scripta
739 3933 911 4016 traditione,
941 3958 1148 4020 quaecumque
1170 3940 1208 4001 ad
1231 3941 1289 4002 rite
1311 3938 1493 4002 celebranda
1522 3939 1635 4002 Sacra-

258 4047 359 4102 menta
381 4040 582 4119 pertinebant.
627 4038 709 4100 llaec
735 4038 910 4101 observatio
936 4056 1012 4120 erga
1042 4039 1128 4101 istam
1152 4057 1240 4119 mam
1264 4038 1503 4119 exponimusll.
1526 4036 1633 4100 Jacobi

258 4138 425 4220 liturgiam
447 4137 544 4200 locum
573 4137 679 4214 habet,
703 4156 764 4200 nou
787 4138 882 4198 minus
906 4155 994 4217 mam
1016 4153 1091 4216 erga
1113 4134 1206 4212 alias,
1228 4155 1354 4217 quarum
1376 4154 1449 4199 usum
1471 4152 1532 4197 non
1555 4135 1632 4197 adeo

258 4237 477 4318 frequentatur.
521 4237 634 4298 Verum
656 4235 737 4298 illum
761 4235 1009 4316 qualemcumque
1032 4234 1182 4297 delectum
1204 4235 1363 4317 supplent,
1390 4242 1532 4315 quantum
1554 4250 1632 4313 opus

259 4343 335 4414 erat,
359 4334 462 4398 Ollinia
483 4335 648 4417 generalia.
693 4334 726 4396 ln
749 4337 823 4412 isto,
854 4353 931 4416 quae
961 4334 999 4396 ad
1030 4335 1119 4396 ritum
1143 4334 1536 4414 Communionis·spectaot
1558 4333 1632 4393 satis

259 4442 403 4497 accurate
416 4434 616 4513 explicantur,
639 4441 671 4496 ut
694 4451 864 4516 agnoscere
888 4433 976 4496 lacile
997 4435 1036 4495 sit
1060 4434 1187 4495 maxima
1204 4432 1321 4514 Syriaci
1340 4433 1414 4494 ritus
1438 4450 1505 4494 cum
1522 4430 1633 4511 Aegy·

260 4534 380 4613 ptiaco,
402 4552 491 4614 quem
515 4532 636 4595 Gabriel
658 4533 828 4595 Patriarclra
853 4541 884 4594 et
904 4531 1083 4595 Abulbircat
1106 4531 1173 4595 luae
1196 4531 1347 4606 referunt,
1370 4529 1543 4593 similitudo.

350 4633 567 4695 Praescribitur
589 4634 620 4694 in
643 4630 769 4712 Syriaco
793 4631 845 4694 illo
868 4630 990 4707 Olllcio,
1013 4640 1045 4693 ut
1068 4631 1237 4709 Sacerdos,
1261 4638 1420 4711 postquam
1443 4628 1522 4691 dicta
1544 4626 1635 4688 luerit
1682 4642 1754 4694 nium
1777 4640 1962 4693 conmunionis

261 4730 366 4793 breuis
390 4730 568 4808 Confessio,
601 4729 684 4792 Urms
708 4738 799 4810 pater
826 4738 965 4806 sancum,
998 4748 1076 4811 quae
1105 4731 1217 4811 aliquot
1244 4731 1398 4792 orationes
1420 4728 1459 4790 ad
1480 4726 1635 4789 arbitrium
1648 4744 1680 4782 ax
1698 4726 1790 4781 Obicio
1808 4723 1938 4780 (tenenti.

263 4829 446 4906 recitandas,
469 4828 645 4910 subjunctas
666 4830 767 4906 babet,
791 4830 908 4909 operiat
931 4831 1074 4910 mysteria
1097 4828 1173 4892 velis
1189 4829 1263 4905 suis,
1283 4828 1470 4907 accipiatque
1481 4826 1635 4904 cochlear,

263 4934 295 4989 et
318 4927 494 5006 particulam
518 4947 605 5009 quam
628 4929 694 5008 ipse
717 4946 774 5009 pro
797 4930 1006 4991 communione
1029 4946 1150 4991 sumere
1173 4927 1280 4989 debet:
1301 4924 1374 4988 illud
1397 4943 1490 5006 super
1512 4924 1636 4987 calicem

263 5024 408 5106 collocet,
437 5029 522 5089 istam
546 5029 574 5089 in
597 5028 693 5091 disco.
739 5028 814 5090 'lum
841 5026 997 5091 descendit
1025 5027 1062 5090 ab
1090 5026 1176 5089 altari
1198 5032 1428 5107 prostratusque
1450 5043 1552 5089 coram
1574 5023 1636 5102 illo,
