4525 6034
667 586 1202 665 anaxxuoaroo.
1376 693 1383 705 ὓ
1535 590 1609 663 aaa

238 778 349 845 samin
375 779 579 870 reperimus,
607 779 641 847 in
666 773 861 871 plerisque,
894 797 1033 870 quarum
1059 777 1220 846 memoria
1250 782 1428 869 superest,
1464 773 1610 846 electio-

236 889 340 962 nibus.
394 889 480 962 Nam
507 890 757 963 Muhamedanis
782 889 867 963 haec
893 893 986 963 initio
1012 891 1146 986 Imperii
1173 892 1224 964 sui
1251 889 1309 962 lex
1335 895 1516 987 praecipua
1538 890 1611 981 luit,

236 1017 271 1077 ut
295 1004 504 1079 Christianos
531 1010 768 1102 cujuscumque
795 1017 929 1095 sectae,
955 1009 1024 1079 suis
1051 1005 1199 1079 moribus
1226 1010 1346 1078 vivere
1369 1010 1610 1102 permitterent,

235 1143 344 1217 neque
371 1122 414 1194 ab
443 1146 484 1194 ea
510 1133 735 1211 recesserunt,
761 1125 826 1194 nisi
851 1131 1028 1217 postquam
1055 1124 1120 1218 ipsi
1147 1121 1336 1211 Christiani,
1362 1122 1420 1193 vel
1445 1132 1610 1196 sectarum

235 1237 444 1311 diversarum
470 1240 557 1309 inter
583 1262 622 1312 se
648 1241 881 1335 pugnantium,
907 1237 965 1310 vel
992 1241 1025 1309 in
1052 1239 1171 1310 eadem
1198 1242 1430 1311 communione
1446 1260 1610 1334 quoram-

235 1351 309 1425 dam
337 1352 456 1425 nefarii
481 1366 638 1445 conatus,
673 1355 714 1427 ad
748 1354 926 1446 dignitates
953 1354 1197 1448 capessendas,
1231 1352 1396 1427 barbaros
1428 1358 1462 1426 in
1495 1378 1610 1427 eorum

232 1472 416 1564 perniciem
445 1477 630 1561 armarunt,
656 1482 693 1544 ut
718 1470 827 1543 miultis
854 1493 900 1541 cx
925 1469 1062 1543 historia
1088 1469 1318 1544 Alexandrina
1346 1471 1509 1568 exemplis
1543 1494 1612 1566 ap-

232 1594 338 1680 paret

338 1702 462 1774 XXXl.
493 1702 647 1775 Diximus
681 1700 812 1777 vicibus
847 1701 983 1774 alternis
1009 1702 1240 1774 Alexandriae
1275 1715 1308 1775 et
1336 1702 1480 1775 Cahirae
1513 1707 1609 1775 cives
1659 1716 1935 1773 hettesnamont

228 1823 285 1911 jus
313 1816 486 1891 electionis
512 1817 688 1893 habuisse:
716 1819 748 1891 id
774 1841 860 1892 vcro
888 1817 1019 1912 quando
1046 1820 1227 1890 institutum
1257 1804 1356 1891 luerit
1386 1842 1453 1892 non
1480 1819 1611 1892 tradunt
1625 1801 1766 1904 ⁰⁸¹¹l⁸¹3⁰³
1805 1806 1935 1875 quomado

230 1920 401 2006 historici:
427 1937 568 2028 primurn
595 1938 682 2006 enim
709 1934 898 2031 exemplum
926 1944 978 2006 est
1004 1936 1037 2004 in
1063 1937 1133 2005 vita
1162 1933 1362 2006 Christoduli
1396 1934 1610 2007 Patriarchae
1624 1898 1754 1958 mmm

131 2110 137 2117 .
230 2047 355 2121 LXVI.
384 2053 438 2144 qui
464 2048 634 2124 ordinatus
661 2061 714 2122 est
740 2054 829 2122 circa
857 2072 978 2122 annum
1003 2048 1033 2120 J.
1063 2047 1101 2121 C.
1134 2048 1285 2122 lllLVlll.
1320 2050 1410 2121 illurn
1444 2053 1531 2121 enim
1568 2048 1609 2121 ab

231 2164 474 2237 Alexandrinis
500 2166 642 2239 electum
669 2166 784 2239 scribit
809 2166 1008 2255 historicus,
1037 2164 1125 2260 quod
1149 2165 1191 2236 ad
1211 2164 1287 2238 illos
1310 2166 1431 2239 electio
1455 2164 1518 2237 hac
1532 2169 1611 2237 vice

231 2284 426 2377 pertineret.
480 2281 642 2378 Cprillum
669 2285 742 2375 ejus
769 2303 1001 2355 successorem
1029 2281 1172 2362 hlisrae„
1189 2285 1284 2354 cives
1317 2286 1392 2377 pari
1419 2286 1496 2375 juro
1532 2280 1611 2353 ele-

231 2406 371 2488 gerunt:
408 2420 522 2470 rursus
554 2397 752 2471 Michaelem
785 2401 840 2493 qui
874 2400 906 2468 ei
937 2401 1119 2488 successit,
1152 2397 1391 2470 Alexandrini:
1427 2397 1611 2471 linearium

230 2520 352 2606 postea
381 2511 550 2585 Cabirani:
584 2536 705 2586 verum
740 2518 812 2607 ejm
848 2536 1082 2588 successorem
1118 2514 1311 2587 Gabrielem
1342 2515 1442 2587 tilium
1475 2512 1610 2601 Tarich,

232 2628 341 2700 adhuc
367 2629 466 2701 iidem
493 2631 684 2723 elegerunt,
710 2641 746 2702 ut
773 2629 955 2704 observant
974 2629 1141 2720 historici,
1168 2630 1256 2703 nulla
1273 2634 1404 2704 ratione
1422 2612 1629 2723 designata,

232 2766 293 2816 car
319 2749 515 2819 successive
540 2746 623 2819 duas
650 2746 693 2818 ad
719 2768 759 2819 se
790 2745 974 2821 electiones
1009 2746 1186 2821 traherent.
1213 2745 1410 2838 Rationem,
1443 2769 1488 2818 ex
1521 2768 1610 2819 con-

226 2864 361 2955 jectura
387 2874 496 2934 manen
524 2875 668 2953 tantum,
698 2862 785 2935 hanc
817 2865 849 2933 in
884 2861 1040 2957 llpitome
1075 2876 1191 2936 nostra
1229 2867 1486 2960 proposuimuS,
1520 2860 1609 2956 quod

230 2977 455 3051 Alexandrini
488 2980 655 3052 biennium
690 2991 724 3051 et
759 2978 898 3077 amplius
933 2978 1002 3051 labi
1032 2982 1126 3075 passi
1158 2979 1318 3069 fuissent,
1358 2991 1534 3074 antequam
1568 2975 1610 3046 de

232 3094 412 3168 candidato
437 3095 657 3191 proponendo
684 3097 770 3168 inter
796 3118 857 3169 eos
891 3097 1125 3183 convenisset,
1163 3119 1229 3191 quo
1261 3105 1457 3190 praetextu,
1492 3106 1543 3184 et,
1575 3101 1612 3162 ιιι

229 3211 416 3283 verisimile
443 3223 515 3302 est,
541 3234 617 3284 cam
643 3210 754 3307 aliqum
780 3211 994 3285 fundamento
1021 3235 1068 3284 ex
1094 3223 1231 3306 recepta
1259 3214 1344 3284 inter
1371 3232 1432 3284 eos
1457 3229 1609 3281 consue-

230 3325 365 3416 tudine,
393 3324 538 3400 Cahirae
564 3330 678 3416 cives,
705 3350 780 3399 eam
807 3327 1002 3401 electionem
1034 3326 1317 3402 consentientibus
1344 3325 1522 3422 Episcopis
1549 3321 1608 3393 ie-

230 3445 370 3515 cissent.
423 3444 583 3517 Poterant
610 3446 709 3515 etiam
734 3442 834 3516 facile
859 3442 1086 3517 Jacohitarum
1112 3446 1294 3539 primores,
1329 3446 1384 3538 qui
1418 3443 1452 3513 in
1486 3440 1609 3541 Officiis

150 3632 154 3637 .
230 3559 354 3633 domas
380 3558 609 3648 Saltanorum,
634 3560 869 3655 Divanisque,
897 3582 957 3632 seu
983 3560 1177 3633 llinisteriis
1210 3559 1326 3631 aulicis
1359 3579 1497 3630 munera
1533 3580 1611 3628 am-

228 3675 384 3771 plissima
411 3672 637 3771 occupabant,
664 3678 839 3749 autoritate
865 3679 1070 3772 principum,
1103 3676 1178 3771 plus
1201 3678 1285 3768 juris
1312 3697 1475 3770 usurpare
1512 3694 1609 3768 quam

163 3816 165 3819 ·
230 3789 301 3866 sibi
327 3800 542 3886 competeret

340 3906 478 3979 XXXII.
536 3907 737 4002 Exemplum
768 3911 901 3980 unicam
935 3911 1080 3981 occurrit
1113 3907 1287 3980 electionis
1326 3931 1388 4003 per
1424 3905 1609 3979 Monachos
1661 3911 1811 3979 exemptum
1826 3910 1936 3963 ateana.

228 4023 363 4111 factae,
389 4023 496 4094 hlarci
522 4022 578 4095 lilii
605 4022 736 4097 Zaraae
762 4022 973 4096 Patriarchae
998 4023 1150 4096 LXXlll.
1178 4023 1220 4094 ad
1255 4046 1358 4118 quos,
1395 4026 1439 4113 ait
1470 4023 1611 4096 histori-
1644 3999 1763 4139 ffcug'f‘
1797 3996 1936 4050 ¹⁰⁰⁸⁰¹¹⁰⁸

229 4161 297 4211 cus
325 4142 397 4231 ejus
423 4142 537 4229 vitae,
563 4150 640 4211 tunc
665 4137 862 4237 pertinebat.
915 4140 1042 4211 Verum
1068 4139 1101 4210 id
1128 4143 1226 4212 unico
1253 4140 1311 4213 illo
1338 4139 1495 4235 exemplo
1523 4163 1612 4213 con-

230 4265 330 4330 stare
355 4277 422 4328 non
447 4266 575 4351 potest:
602 4280 677 4339 cum
704 4278 812 4351 nequo
838 4254 1055 4346 Abulbircat,
1081 4278 1191 4350 neque
1218 4240 1444 4341 Ebnassalus,
1471 4269 1527 4329 aut
1559 4255 1614 4328 alii

231 4373 293 4467 qui
319 4370 414 4462 leges
442 4371 639 4464 electionum
666 4371 741 4444 fuse
768 4356 1015 4467 exposuerunt,
1048 4394 1108 4444 eas
1142 4371 1317 4467 aliquando
1352 4372 1393 4442 ad
1426 4370 1613 4443 hlonachos

229 4490 436 4585 pertinuisse
464 4491 667 4582 scripserint.
711 4487 781 4559 Aut
806 4491 907 4580 igitur
933 4487 996 4561 illis
1024 4510 1187 4561 concessa
1214 4500 1267 4561 est
1294 4487 1438 4580 eligendi
1459 4487 1613 4559 Patriar-

231 4603 335 4677 cham
359 4614 526 4697 potestas,
555 4603 683 4700 absque
708 4605 776 4679 ullo
802 4609 944 4700 partium
971 4606 1195 4700 praejudicio,
1223 4617 1279 4678 aut
1306 4606 1382 4701 quia
1410 4604 1452 4675 ad
1479 4604 1514 4675 S.
1531 4602 1614 4674 itta-

231 4721 322 4792 carii
346 4718 585 4792 llcnasterium
612 4723 744 4794 comitia
771 4720 1017 4816 Episcoporum
1042 4719 1268 4809 habebantur,
1304 4725 1337 4792 in
1364 4723 1614 4808 sententiarum,

231 4833 492 4933 studiorumque*
515 4835 709 4910 diversitate
736 4836 846 4908 datum
873 4837 937 4909 illis
965 4849 1029 4927 est,
1055 4847 1090 4908 ut
1117 4858 1215 4931 quem
1241 4839 1305 4933 ipsi
1332 4836 1558 4928 designarent,
1585 4838 1614 4905 is

232 4954 384 5026 omnium
409 4956 498 5026 votis
526 4952 733 5027 salutaretur.
787 4954 877 5025 Fieri
904 4956 1002 5025 etiam
1028 4955 1135 5048 potuit
1160 4963 1208 5043 ut,
1235 4952 1367 5047 quando
1390 4952 1521 5048 quidem
1540 4953 1613 5043 jam

231 5066 281 5143 ab
310 5091 352 5140 eo
380 5079 529 5165 tempore
557 5069 762 5143 consuetudo
790 5068 987 5159 invaluerat,
1013 5067 1225 5141 Patriarchas
1248 5069 1427 5141 exordiae
1449 5068 1612 5161 religioso
1705 5086 1708 5093 ·

263 5206 378 5250 Tomi.
1353 5188 1402 5261 62
