4525 6034
337 750 470 805 Autcritas
487 750 566 804 illios.

631 562 706 636 156
1097 561 1535 641 COMMENTARIUS

716 748 762 810 De
779 735 943 831 αὕθεντίςι
961 755 993 810 et
1008 749 1167 811 autoritate
1186 748 1272 809 istius
1285 747 1439 830 Liturgiae
1457 748 1519 829 jam
1542 750 1647 829 paucis
1670 747 1898 830 explicandum,
1921 748 2002 829 quod

630 846 725 910 fusius
749 847 818 910 alibi
842 855 997 910 tractatum
1022 857 1078 911 est.
1101 847 1219 909 Nullam
1241 866 1311 910 esse
1334 847 1448 909 debere
1464 847 1664 929 Liturgiarum
1687 849 1892 925 autoritatem,
1916 865 2001 908 com-

629 948 726 1008 munis
748 947 804 1008 luit
827 946 988 1028 aliquando
1011 966 1071 1009 non
1093 946 1184 1008 modo
1208 946 1451 1025 Protestantium,
1476 948 1531 1009 sed
1555 949 1643 1009 etiam
1667 945 1862 1028 quorumdam
1886 946 2001 1010 Catho-

628 1047 755 1109 licorum
778 1048 896 1127 opinio,
921 1066 961 1108 ex
982 1050 1070 1109 unica
1093 1046 1390 1128 simplicissimaque,
1417 1055 1450 1109 ut
1471 1048 1607 1127 videtur,
1630 1049 1765 1125 ratione,
1787 1065 1898 1127 nempe
1921 1045 2001 1127 quod

628 1146 840 1227 supposititiae
864 1157 982 1227 essent,
1008 1145 1248 1229 quandoquidem
1271 1164 1328 1209 nec
1351 1166 1367 1209 a
1391 1146 1521 1226 basilio,
1544 1164 1602 1208 nec
1625 1147 1662 1209 ab
1686 1146 1769 1226 aliis,
1793 1165 1919 1228 quorum
1940 1162 2001 1207 no-

628 1248 707 1308 mina
732 1264 806 1327 prae
828 1264 863 1308 se
887 1246 1004 1335 lerunt,
1028 1247 1183 1309 autoribus
1206 1245 1362 1328 proiectae
1385 1246 1530 1326 luissent,
1558 1254 1609 1308 aut
1634 1246 1675 1309 ita
1698 1246 1898 1328 interpolatae
1916 1243 2001 1326 judi-

630 1352 785 1423 carentur,
812 1353 845 1407 ut
874 1346 911 1407 ab
941 1346 1099 1428 archetypi
1125 1345 1220 1409 forma
1249 1345 1424 1428 longissime
1452 1346 1650 1408 recederent:
1686 1352 1716 1406 at
1741 1345 2001 1428 supposititiomm

629 1447 811 1528 scriptorum
834 1446 921 1509 sidem
944 1465 1014 1510 esse
1037 1447 1158 1509 nullam.
1189 1445 1265 1510 Cum
1287 1445 1519 1528 igiturGraecas
1542 1445 1624 1527 ipsas
1648 1445 1725 1507 tales
1748 1463 1819 1507 esse
1841 1445 2001 1526 probatum

628 1545 801 1623 videretur,
825 1538 917 1609 multo
940 1547 1036 1609 minus
1060 1546 1266 1628 Aegyptiacas
1289 1553 1320 1607 et
1342 1545 1407 1611 aliis
1430 1546 1540 1626 linguis
1563 1552 1701 1607 extantes
1725 1544 1764 1607 ad
1785 1552 1868 1606 tanta
1881 1544 2001 1606 nomina

593 1716 596 1725 g
628 1648 782 1727 pertinere
807 1653 1001 1710 censuerunt.
1035 1645 1078 1708 lta
1100 1647 1238 1727 plerique
1261 1647 1348 1708 etiam
1370 1653 1494 1707 nostrae
1517 1647 1622 1707 aetatis
1644 1645 1702 1706 viri
1724 1644 1907 1729 doctissimi,
1931 1645 2001 1724 quia

629 1745 782 1827 Liturgias
806 1746 912 1808 eodem
930 1746 1063 1827 judicio,
1088 1764 1124 1806 ac
1145 1754 1249 1808 velera
1268 1745 1323 1808 alia
1339 1751 1528 1808 monumenta
1552 1745 1779 1826 expenderunt:
1802 1744 1832 1805 in
1853 1763 1913 1824 quo
1933 1760 2001 1805 ma-

630 1863 768 1928 gnopere
791 1862 914 1907 errasse
936 1844 1213 1927 deprehenduntur.
1237 1845 1344 1927 Neque
1367 1846 1444 1907 enim
1466 1862 1521 1925 par
1544 1852 1591 1907 est
1612 1843 1707 1923 ratio,
1730 1842 1786 1906 sed
1808 1861 1933 1924 prorsus
1951 1842 2001 1904 di-

629 1962 729 2007 versa.
756 1944 831 2007 Nam
861 1962 955 2024 opera
977 1953 1150 2008 sanctorum
1172 1946 1292 2009 Patrum
1315 1953 1513 2007 exactorum
1534 1944 1653 2006 nomine
1677 1950 1707 2004 et
1732 1944 1928 2006 sanctimonia
1951 1942 2001 2004 di-

629 2045 774 2128 gnitatem
796 2044 922 2121 babent,
946 2046 1136 2107 autoritatem
1159 2047 1297 2108 nonnisi
1321 2064 1360 2107 ex
1382 2045 1567 2126 reliquorum
1590 2060 1758 2122 consensu,
1782 2041 2000 2123 doctrinaeque

630 2141 839 2222 similitudine,
871 2143 942 2224 quia
971 2153 1210 2227 quantacumque
1239 2147 1278 2208 sit
1300 2145 1432 2208 doctoris
1455 2141 1660 2206 Ecclesiastiei
1683 2143 1844 2219 autoritas,
1874 2141 2001 2205 inierior

629 2251 728 2307 tamen
753 2262 823 2306 esse
846 2243 999 2306 censenda
1022 2253 1069 2307 est
1092 2265 1145 2325 ea,
1170 2263 1258 2327 quam
1281 2246 1370 2307 totius
1392 2243 1549 2307 Ecclesiae
1569 2241 1735 2304 concordia
1756 2241 1907 2304 stabilivit.
1931 2241 1999 2305 Nou

629 2345 743 2425 pendet
766 2343 802 2405 ab
826 2351 964 2406 autorum
986 2346 1122 2425 nomine,
1146 2345 1201 2407 sed
1223 2345 1259 2407 ab
1282 2364 1340 2408 ιιειι
1361 2344 1576 2407 Ecclesiarum.
1620 2341 1700 2404 Nihil
1735 2349 1833 2404 autem
1855 2348 1926 2422 post
1948 2357 2002 2402 sa-

631 2461 700 2506 cras
722 2444 825 2505 literas
848 2445 1000 2524 potiorem
1021 2446 1100 2507 inter
1121 2442 1307 2508 Christianos
1331 2445 1521 2507 autoritatem
1543 2442 1661 2522 babuit,
1685 2459 1773 2522 quam
1796 2441 1915 2522 publica
1939 2440 2003 2503 Ec-

633 2542 792 2605 clesiarum
814 2552 1019 2623 monumenta,
1044 2564 1121 2626 quae
1144 2563 1252 2608 vocem
1275 2545 1392 2608 illarum
1413 2549 1661 2626 repraesentant,
1693 2548 1725 2602 et
1752 2559 1855 2603 earum
1881 2542 2002 2603 nomine

632 2641 795 2723 loquuntur
817 2644 946 2724 quodam
968 2645 1069 2708 modo.
1114 2645 1158 2709 lta
1180 2645 1380 2728 Augustinum
1402 2643 1538 2707 videmus
1561 2641 1716 2723 productis
1746 2648 1920 2703 sanctorum
1942 2641 2004 2702 Pa-

631 2747 710 2801 trum
733 2741 879 2806 adversus
902 2744 1081 2828 Pelagianos
1104 2745 1292 2827 amplissimis
1316 2743 1507 2823 testimoniis,
1537 2741 1594 2804 alia
1617 2760 1656 2804 ex
1678 2739 1820 2821 precibus
1845 2739 2003 2802 Ecclesia-

632 2841 715 2903 sticis
735 2841 921 2925 adjungere,
943 2851 977 2906 ut
996 2864 1036 2907 ex
1050 2863 1154 2908 earum
1175 2846 1325 2909 sententia
1347 2841 1575 2926 probationibus
1595 2840 1785 2904 validissimis
1798 2837 1934 2902 cumulus
1947 2858 2002 2902 ac-

633 2939 767 3006 cederet.
795 2942 952 3005 Habebant
973 2963 1084 3026 preces
1103 2944 1172 3008 illae
1195 2954 1317 3009 autores
1338 2963 1429 3021 suos,
1452 2944 1502 3024 qui
1521 2951 1620 3005 tamen
1644 2941 1879 3025 ignorabantur,
1901 2957 2002 3021 neque

634 3060 673 3103 ex
694 3060 800 3104 eorum
822 3045 959 3123 nomine,
983 3046 1037 3108 sed
1062 3066 1101 3107 ex
1124 3064 1182 3108 usu
1203 3045 1376 3124 Ecclesiae,
1400 3063 1477 3125 quae
1501 3059 1609 3124 preces
1632 3039 1698 3103 illas
1720 3040 1869 3103 sacrificio
1899 3041 2004 3121 quoti-

506 3230 517 3235 ·
612 3140 995 3221 .diano'ccnsecraverat‚
1022 3145 1141 3225 pondus
1170 3164 1272 3208 earum
1300 3145 1470 3208 testimonio
1500 3141 1673 3206 accedebat.
1725 3139 1894 3206 Secundum
1923 3140 2004 3202 illam

631 3242 724 3322 igitur
740 3244 876 3325 regulam
895 3243 933 3307 de
953 3245 1096 3330 biturgiis
1119 3247 1328 3328 inquirendum
1350 3252 1426 3324 erat,
1450 3250 1480 3305 et
1501 3243 1552 3305 ubi
1575 3242 1669 3305 semel
1691 3242 1875 3304 constitisset
1894 3239 1932 3301 de
1947 3258 2006 3302 usu

634 3341 751 3404 illarum
772 3345 803 3404 in
826 3344 1030 3409 celebratione
1058 3347 1198 3409 sacrificii
1218 3345 1433 3423 Eucharistici,
1455 3342 1537 3405 nulla
1560 3341 1597 3404 de
1622 3342 1776 3404 autoribus
1800 3339 1936 3421 quaestio
1955 3340 2005 3400 in-

634 3456 785 3522 stituenda
806 3454 871 3516 luit.
916 3452 960 3515 Ea
983 3451 1062 3513 enim
1085 3446 1151 3524 sola
1173 3447 1289 3509 ratione
1312 3443 1454 3527 quidquid
1478 3443 1630 3524 dignitatis
1653 3448 1684 3503 et
1707 3441 1874 3504 autoritatis
1889 3440 1920 3501 iu
1934 3457 2005 3501 mo-

633 3557 784 3622 numentis
807 3554 935 3636 publicis
957 3550 1163 3612 Ecclesiarum
1190 3563 1261 3608 esse
1287 3553 1388 3627 potest
1416 3544 1475 3606 illis
1502 3543 1704 3606 asserebatur.
1755 3539 1934 3619 Exemplum
1964 3558 2005 3601 ex

633 3660 769 3722 Romano
793 3655 916 3718 Canone
940 3651 1052 3713 ducere
1075 3647 1156 3709 licet.
1178 3646 1278 3708 dulor
1300 3646 1364 3728 eJus
1386 3664 1447 3707 non
1470 3645 1546 3707 adeo
1569 3651 1670 3705 certus
1693 3649 1757 3705 est:
1779 3658 1848 3702 nam
1871 3638 2005 3701 aliiMu-

634 3779 738 3824 seeum
765 3755 979 3836 Presbyterum
1008 3748 1243 3812 Massiliensem:
1272 3744 1321 3807 alii
1348 3744 1563 3810 Scholasticum
1592 3744 1744 3824 ignotum:
1775 3738 1927 3802 Gelasium
1953 3738 2005 3800 vel

635 3860 815 3944 Gregorium
831 3855 881 3918 alii
903 3853 1063 3915 nominant.
1088 3848 1187 3932 ignoti
1211 3844 1389 3909 scholastici
1412 3845 1558 3907 autoritas
1581 3844 1612 3904 iu
1624 3840 1762 3904 Ecclesia
1786 3856 1882 3921 prope
1905 3836 2003 3899 nulla:

634 3962 750 4027 Musaei
771 3955 948 4032 mediocris,
972 3949 1083 4013 Gelasii
1106 3954 1137 4010 et
1159 3946 1299 4028 Gregorii
1320 3960 1442 4027 magna:
1466 3944 1521 4007 sed
1543 3942 1700 4006 Ecclesiae
1723 3958 1800 4021 quae
1824 3938 2005 4001 eo'Gancne

634 4062 744 4135 utitur,
768 4057 859 4119 multo
881 4053 1019 4116 maxima.
1046 4049 1096 4111 An
1115 4046 1296 4110 Ambrosius
1315 4045 1437 4108 Missam
1460 4062 1538 4125 quae
1561 4042 1597 4105 ab
1621 4060 1659 4104 eo
1682 4058 1791 4107 nomen
1813 4038 1904 4100 babet
1925 4037 2007 4099 scri-

634 4162 747 4243 pserit,
770 4134 940 4233 dirbitatur,
964 4169 1064 4233 neque
1076 4157 1175 4211 tamen
1189 4147 1303 4210 idcireo
1318 4144 1538 4207 Ambrosianae
1556 4142 1668 4204 Missae
1683 4139 1831 4202 autoritas
1842 4136 1927 4198 nibili
1947 4143 2005 4213 est,

636 4261 705 4343 quia
728 4266 813 4322 certo
836 4257 946 4318 scimus
969 4249 1203 4330 antiquissimam
1225 4244 1479 4309 Mediolanensem
1502 4241 1670 4305 Ecclesiam
1693 4257 1759 4303 eam
1781 4256 1838 4300 usu
1860 4251 2005 4314 compro-

633 4363 740 4423 basse:
763 4360 823 4421 imo
844 4357 939 4438 major
960 4368 1087 4433 prorsus
1110 4366 1180 4410 esse
1203 4345 1355 4409 censenda
1377 4351 1424 4406 est
1446 4343 1526 4405 illius
1549 4342 1587 4405 ad
1603 4340 1721 4424 aliquod
1737 4338 1807 4402 fidei
1820 4337 1931 4419 dogma
1947 4329 2004 4392 de-

634 4458 860 4524 monstrandum
883 4454 1036 4526 efficacia,
1059 4466 1148 4531 quam
1170 4447 1407 4509 testimoniorum
1429 4462 1469 4506 ex
1490 4445 1582 4505 certis
1598 4441 1740 4523 operibus
1752 4435 1916 4512 Ambrosii,
1935 4431 2005 4512 quia

634 4563 666 4624 in
689 4560 747 4622 illis
770 4575 825 4623 suo
849 4555 968 4619 nomine
991 4551 1137 4631 loquitur3
1160 4545 1317 4611 Ecclesiae
1343 4544 1463 4607 nomine
1490 4545 1521 4606 in
1543 4542 1688 4627 Liturgia.
1731 4540 1776 4603 lta
1803 4537 1842 4599 de
1866 4531 2006 4608 Gothica,

635 4659 842 4735 Mosarabica,
864 4654 1024 4734 veterique
1047 4649 1201 4713 Gallicana
1218 4645 1421 4728 judicandum.
1449 4643 1567 4724 Nempe
1588 4660 1677 4705 nemo
1698 4640 1851 4703 bominum
1867 4633 1929 4697 lulli
1943 4646 2006 4692 non

637 4768 740 4843 potest
762 4756 938 4840 aliquando,
962 4753 1017 4815 sed
1039 4748 1194 4828 Ecclesia,
1223 4747 1369 4810 adversus
1392 4762 1480 4825 quam
1501 4751 1609 4825 portae
1631 4740 1720 4804 inferi
1742 4735 1922 4821 praevalere
1943 4745 2007 4841 non

637 4864 782 4942 possunt,
804 4856 961 4921 mendacio
984 4860 1035 4916 aut
1058 4849 1156 4913 errori
1179 4866 1239 4910 non
1261 4855 1308 4909 est
1330 4845 1472 4909 obnoxia.
1504 4841 1579 4906 Cum
1600 4843 1693 4924 igitur
1715 4847 1801 4902 extra
1824 4834 1945 4897 dubium
1967 4834 2007 4892 sc

636 4960 805 5023 Ecclesiam
827 4955 1128 5037 Hierosolymitanam
1150 4947 1283 5029 exempli
1305 4962 1411 5024 causa,
1436 4952 1486 5006 aut
1498 4943 1620 5006 easdem
1643 4949 1694 5003 aut
1716 4937 1830 5003 similes
1851 4931 2006 4998 orationes

635 5060 794 5142 babuisse,
817 5059 875 5121 illis
898 5070 975 5139 quae
997 5055 1028 5116 in
1049 5049 1157 5116 Jacobi
1179 5047 1297 5111 Graeca
1318 5046 1453 5128 Liturgia
1475 5043 1635 5127 leguntur,
1667 5049 1751 5117 (nam
1781 5056 1834 5102 eas
1857 5036 1888 5097 in
1911 5029 2006 5095 Cate-
