<?xml version="1.0" encoding="UTF-8"?>
<!DOCTYPE html PUBLIC "-//W3C//DTD XHTML 1.0 Transitional//EN"
    "http://www.w3.org/TR/xhtml1/DTD/xhtml1-transitional.dtd">
<html xmlns="http://www.w3.org/1999/xhtml" xml:lang="en" lang="en">
 <head>
  <title>
</title>
<meta http-equiv="Content-Type" content="text/html;charset=utf-8" />
  <meta name='ocr-system' content='tesseract 3.04.00' />
  <meta name='ocr-capabilities' content='ocr_page ocr_carea ocr_par ocr_line ocrx_word'/>
</head>
<body>
  <div class='ocr_page' id='page_1' title='image "./liturgiarumorie00unkngoog/liturgiarumorie00unkngoog_0395.png"; bbox 0 0 4525 6034; ppageno 0'>
   <div class='ocr_carea' id='block_1_1' title="bbox 511 614 1594 695">
    <p class='ocr_par' dir='ltr' id='par_1_1' title="bbox 511 614 1594 695">
     <span class='ocr_line' id='line_1_1' title="bbox 511 614 1594 695; baseline -0.004 0"><span class='ocrx_word' id='word_1_1' title='bbox 511 618 564 695; x_wconf 89' lang='lat' dir='ltr'><strong>AD</strong></span> <span class='ocrx_word' id='word_1_2' title='bbox 587 617 794 694; x_wconf 83' lang='lat' dir='ltr'><strong>llllllllllhbl</strong></span> <span class='ocrx_word' id='word_1_3' title='bbox 816 614 1009 694; x_wconf 83' lang='lat' dir='ltr'><strong>COPllCAM</strong></span> <span class='ocrx_word' id='word_1_4' title='bbox 1028 617 1058 694; x_wconf 91' lang='lat' dir='ltr'><strong>S.</strong></span> <span class='ocrx_word' id='word_1_5' title='bbox 1077 617 1221 694; x_wconf 79' lang='lat' dir='ltr'><strong>ttsntt</strong></span> <span class='ocrx_word' id='word_1_6' title='bbox 1520 617 1594 692; x_wconf 85' lang='lat'><strong>231</strong></span> 
     </span>
    </p>
   </div>
   <div class='ocr_carea' id='block_1_2' title="bbox 139 800 1924 5173">
    <p class='ocr_par' dir='ltr' id='par_1_2' title="bbox 233 800 1719 1583">
     <span class='ocr_line' id='line_1_2' title="bbox 241 800 1599 886; baseline -0.001 -18"><span class='ocrx_word' id='word_1_7' title='bbox 241 803 419 868; x_wconf 84' lang='lat' dir='ltr'><strong>Sacramenti</strong></span> <span class='ocrx_word' id='word_1_8' title='bbox 442 800 579 866; x_wconf 88' lang='lat' dir='ltr'><strong>Christus</strong></span> <span class='ocrx_word' id='word_1_9' title='bbox 599 801 744 886; x_wconf 81' lang='lat' dir='ltr'><strong>Dominus</strong></span> <span class='ocrx_word' id='word_1_10' title='bbox 766 803 798 864; x_wconf 91' lang='lat' dir='ltr'><strong>in</strong></span> <span class='ocrx_word' id='word_1_11' title='bbox 820 801 921 865; x_wconf 88' lang='lat' dir='ltr'><strong>ultima</strong></span> <span class='ocrx_word' id='word_1_12' title='bbox 949 820 1044 866; x_wconf 89' lang='lat' dir='ltr'><strong>coena</strong></span> <span class='ocrx_word' id='word_1_13' title='bbox 1065 801 1154 881; x_wconf 89' lang='lat' dir='ltr'><strong>lecit,</strong></span> <span class='ocrx_word' id='word_1_14' title='bbox 1183 811 1215 866; x_wconf 89' lang='lat' dir='ltr'><strong>et</strong></span> <span class='ocrx_word' id='word_1_15' title='bbox 1247 801 1414 884; x_wconf 80' lang='lat' dir='ltr'><strong>iaciendum</strong></span> <span class='ocrx_word' id='word_1_16' title='bbox 1442 805 1599 886; x_wconf 87' lang='lat' dir='ltr'><strong>praecepit</strong></span> 
     </span>
     <span class='ocr_line' id='line_1_3' title="bbox 239 902 1599 987; baseline 0.001 -21"><span class='ocrx_word' id='word_1_17' title='bbox 239 902 333 966; x_wconf 91' lang='lat' dir='ltr'><strong>insui</strong></span> <span class='ocrx_word' id='word_1_18' title='bbox 356 905 677 967; x_wconf 71' lang='lat' dir='ltr'><strong>commemorationem.</strong></span> <span class='ocrx_word' id='word_1_19' title='bbox 701 903 802 967; x_wconf 84' lang='lat' dir='ltr'><strong>Verba</strong></span> <span class='ocrx_word' id='word_1_20' title='bbox 824 903 890 984; x_wconf 92' lang='lat' dir='ltr'><strong>ejus</strong></span> <span class='ocrx_word' id='word_1_21' title='bbox 913 903 1056 966; x_wconf 89' lang='lat' dir='ltr'><strong>recitant:</strong></span> <span class='ocrx_word' id='word_1_22' title='bbox 1080 910 1141 965; x_wconf 92' lang='lat' dir='ltr'><strong>tum</strong></span> <span class='ocrx_word' id='word_1_23' title='bbox 1164 904 1272 966; x_wconf 88' lang='lat' dir='ltr'><strong>iterum</strong></span> <span class='ocrx_word' id='word_1_24' title='bbox 1293 910 1403 987; x_wconf 90' lang='lat' dir='ltr'><strong>rogant</strong></span> <span class='ocrx_word' id='word_1_25' title='bbox 1424 904 1534 983; x_wconf 86' lang='lat' dir='ltr'><strong>Deum,</strong></span> <span class='ocrx_word' id='word_1_26' title='bbox 1566 912 1599 967; x_wconf 93' lang='lat' dir='ltr'><strong>ut</strong></span> 
     </span>
     <span class='ocr_line' id='line_1_4' title="bbox 237 1002 1601 1084; baseline 0.002 -20"><span class='ocrx_word' id='word_1_27' title='bbox 237 1004 345 1083; x_wconf 85' lang='lat' dir='ltr'><strong>Spiritu</strong></span> <span class='ocrx_word' id='word_1_28' title='bbox 366 1010 472 1065; x_wconf 85' lang='lat' dir='ltr'><strong>sancto</strong></span> <span class='ocrx_word' id='word_1_29' title='bbox 494 1009 657 1082; x_wconf 77' lang='lat' dir='ltr'><strong>operante,</strong></span> <span class='ocrx_word' id='word_1_30' title='bbox 687 1002 819 1065; x_wconf 91' lang='lat' dir='ltr'><strong>divinum</strong></span> <span class='ocrx_word' id='word_1_31' title='bbox 848 1010 879 1066; x_wconf 93' lang='lat' dir='ltr'><strong>et</strong></span> <span class='ocrx_word' id='word_1_32' title='bbox 908 1019 1002 1082; x_wconf 85' lang='lat' dir='ltr'><strong>snpra</strong></span> <span class='ocrx_word' id='word_1_33' title='bbox 1028 1003 1109 1065; x_wconf 84' lang='lat' dir='ltr'><strong>vires</strong></span> <span class='ocrx_word' id='word_1_34' title='bbox 1139 1002 1282 1066; x_wconf 88' lang='lat' dir='ltr'><strong>humanas</strong></span> <span class='ocrx_word' id='word_1_35' title='bbox 1309 1003 1483 1066; x_wconf 74' lang='lat' dir='ltr'><strong>miraculum</strong></span> <span class='ocrx_word' id='word_1_36' title='bbox 1503 1005 1601 1084; x_wconf 88' lang='lat' dir='ltr'><strong>perh-</strong></span> 
     </span>
     <span class='ocr_line' id='line_1_5' title="bbox 236 1100 1719 1186; baseline 0.001 -22"><span class='ocrx_word' id='word_1_37' title='bbox 236 1103 338 1164; x_wconf 88' lang='lat' dir='ltr'><strong>ciatnr.</strong></span> <span class='ocrx_word' id='word_1_38' title='bbox 382 1101 464 1165; x_wconf 88' lang='lat' dir='ltr'><strong>llaec</strong></span> <span class='ocrx_word' id='word_1_39' title='bbox 487 1103 584 1165; x_wconf 91' lang='lat' dir='ltr'><strong>omnia</strong></span> <span class='ocrx_word' id='word_1_40' title='bbox 607 1102 693 1183; x_wconf 83' lang='lat' dir='ltr'><strong>quasi</strong></span> <span class='ocrx_word' id='word_1_41' title='bbox 715 1120 775 1166; x_wconf 91' lang='lat' dir='ltr'><strong>uno</strong></span> <span class='ocrx_word' id='word_1_42' title='bbox 802 1110 910 1165; x_wconf 88' lang='lat' dir='ltr'><strong>tenore</strong></span> <span class='ocrx_word' id='word_1_43' title='bbox 939 1101 1017 1165; x_wconf 88' lang='lat' dir='ltr'><strong>lacta</strong></span> <span class='ocrx_word' id='word_1_44' title='bbox 1046 1109 1077 1164; x_wconf 93' lang='lat' dir='ltr'><strong>et</strong></span> <span class='ocrx_word' id='word_1_45' title='bbox 1107 1100 1186 1165; x_wconf 88' lang='lat' dir='ltr'><strong>dicta</strong></span> <span class='ocrx_word' id='word_1_46' title='bbox 1216 1101 1386 1186; x_wconf 88' lang='lat' dir='ltr'><strong>intelligunt</strong></span> <span class='ocrx_word' id='word_1_47' title='bbox 1414 1102 1598 1180; x_wconf 87' lang='lat' dir='ltr'><strong>Orientales,</strong></span> <span class='ocrx_word' id='word_1_48' title='bbox 1715 1111 1719 1118; x_wconf 89' lang='grc'><em>’</em></span> 
     </span>
     <span class='ocr_line' id='line_1_6' title="bbox 235 1200 1600 1282; baseline 0 -18"><span class='ocrx_word' id='word_1_49' title='bbox 235 1220 332 1282; x_wconf 87' lang='lat' dir='ltr'><strong>neque</strong></span> <span class='ocrx_word' id='word_1_50' title='bbox 355 1220 412 1282; x_wconf 93' lang='lat' dir='ltr'><strong>per</strong></span> <span class='ocrx_word' id='word_1_51' title='bbox 433 1203 679 1281; x_wconf 71' lang='lat' dir='ltr'><strong>intermissiones,</strong></span> <span class='ocrx_word' id='word_1_52' title='bbox 710 1208 740 1264; x_wconf 89' lang='lat' dir='ltr'><strong>et</strong></span> <span class='ocrx_word' id='word_1_53' title='bbox 768 1203 941 1265; x_wconf 84' lang='lat' dir='ltr'><strong>neccssaria</strong></span> <span class='ocrx_word' id='word_1_54' title='bbox 969 1200 1142 1279; x_wconf 88' lang='lat' dir='ltr'><strong>intervalla,</strong></span> <span class='ocrx_word' id='word_1_55' title='bbox 1171 1219 1288 1264; x_wconf 87' lang='lat' dir='ltr'><strong>sacram</strong></span> <span class='ocrx_word' id='word_1_56' title='bbox 1316 1203 1463 1265; x_wconf 90' lang='lat' dir='ltr'><strong>actionem</strong></span> <span class='ocrx_word' id='word_1_57' title='bbox 1486 1204 1525 1265; x_wconf 91' lang='lat' dir='ltr'><strong>ita</strong></span> <span class='ocrx_word' id='word_1_58' title='bbox 1548 1201 1600 1264; x_wconf 89' lang='lat' dir='ltr'><strong>di-</strong></span> 
     </span>
     <span class='ocr_line' id='line_1_7' title="bbox 234 1300 1598 1383; baseline 0.001 -19"><span class='ocrx_word' id='word_1_59' title='bbox 234 1302 294 1364; x_wconf 85' lang='lat' dir='ltr'><strong>ridi</strong></span> <span class='ocrx_word' id='word_1_60' title='bbox 323 1303 513 1379; x_wconf 83' lang='lat' dir='ltr'><strong>existimant,</strong></span> <span class='ocrx_word' id='word_1_61' title='bbox 541 1310 574 1364; x_wconf 91' lang='lat' dir='ltr'><strong>ut</strong></span> <span class='ocrx_word' id='word_1_62' title='bbox 601 1319 663 1364; x_wconf 92' lang='lat' dir='ltr'><strong>non</strong></span> <span class='ocrx_word' id='word_1_63' title='bbox 685 1302 785 1364; x_wconf 90' lang='lat' dir='ltr'><strong>omnia</strong></span> <span class='ocrx_word' id='word_1_64' title='bbox 812 1302 850 1364; x_wconf 93' lang='lat' dir='ltr'><strong>ad</strong></span> <span class='ocrx_word' id='word_1_65' title='bbox 873 1301 1009 1364; x_wconf 89' lang='lat' dir='ltr'><strong>eumdem</strong></span> <span class='ocrx_word' id='word_1_66' title='bbox 1040 1301 1128 1364; x_wconf 88' lang='lat' dir='ltr'><strong>linem</strong></span> <span class='ocrx_word' id='word_1_67' title='bbox 1150 1300 1331 1364; x_wconf 78' lang='lat' dir='ltr'><strong>reserantur.</strong></span> <span class='ocrx_word' id='word_1_68' title='bbox 1375 1300 1479 1383; x_wconf 89' lang='lat' dir='ltr'><strong>ltaque</strong></span> <span class='ocrx_word' id='word_1_69' title='bbox 1506 1305 1537 1364; x_wconf 93' lang='lat' dir='ltr'><strong>in</strong></span> <span class='ocrx_word' id='word_1_70' title='bbox 1559 1321 1598 1366; x_wconf 91' lang='lat' dir='ltr'><strong>eo</strong></span> 
     </span>
     <span class='ocr_line' id='line_1_8' title="bbox 233 1400 1599 1483; baseline 0.001 -20"><span class='ocrx_word' id='word_1_71' title='bbox 233 1408 346 1464; x_wconf 89' lang='lat' dir='ltr'><strong>tantum</strong></span> <span class='ocrx_word' id='word_1_72' title='bbox 369 1419 474 1464; x_wconf 91' lang='lat' dir='ltr'><strong>omnes</strong></span> <span class='ocrx_word' id='word_1_73' title='bbox 496 1403 701 1480; x_wconf 89' lang='lat' dir='ltr'><strong>consentiunt,</strong></span> <span class='ocrx_word' id='word_1_74' title='bbox 731 1402 811 1482; x_wconf 87' lang='lat' dir='ltr'><strong>quud</strong></span> <span class='ocrx_word' id='word_1_75' title='bbox 835 1400 956 1466; x_wconf 76' lang='lat' dir='ltr'><strong>Gabriel</strong></span> <span class='ocrx_word' id='word_1_76' title='bbox 986 1401 1157 1464; x_wconf 85' lang='lat' dir='ltr'><strong>Patriarcha</strong></span> <span class='ocrx_word' id='word_1_77' title='bbox 1180 1404 1285 1483; x_wconf 90' lang='lat' dir='ltr'><strong>paucis</strong></span> <span class='ocrx_word' id='word_1_78' title='bbox 1313 1401 1491 1483; x_wconf 81' lang='lat' dir='ltr'><strong>explicavit:</strong></span> <span class='ocrx_word' id='word_1_79' title='bbox 1521 1420 1599 1483; x_wconf 94' lang='lat' dir='ltr'><strong>pro-</strong></span> 
     </span>
     <span class='ocr_line' id='line_1_9' title="bbox 234 1500 1598 1583; baseline 0.001 -20"><span class='ocrx_word' id='word_1_80' title='bbox 234 1502 374 1563; x_wconf 90' lang='lat' dir='ltr'><strong>nunciata</strong></span> <span class='ocrx_word' id='word_1_81' title='bbox 397 1501 514 1563; x_wconf 87' lang='lat' dir='ltr'><strong>scilicet</strong></span> <span class='ocrx_word' id='word_1_82' title='bbox 535 1501 737 1580; x_wconf 86' lang='lat' dir='ltr'><strong>invocatione,</strong></span> <span class='ocrx_word' id='word_1_83' title='bbox 761 1500 868 1563; x_wconf 84' lang='lat' dir='ltr'><strong>lactum</strong></span> <span class='ocrx_word' id='word_1_84' title='bbox 891 1519 961 1564; x_wconf 90' lang='lat' dir='ltr'><strong>esse</strong></span> <span class='ocrx_word' id='word_1_85' title='bbox 982 1510 1014 1564; x_wconf 92' lang='lat' dir='ltr'><strong>et</strong></span> <span class='ocrx_word' id='word_1_86' title='bbox 1036 1501 1213 1581; x_wconf 89' lang='lat' dir='ltr'><strong>completam</strong></span> <span class='ocrx_word' id='word_1_87' title='bbox 1230 1503 1488 1565; x_wconf 88' lang='lat' dir='ltr'><strong>consecrationem</strong></span> <span class='ocrx_word' id='word_1_88' title='bbox 1510 1503 1598 1583; x_wconf 87' lang='lat' dir='ltr'><strong>panis</strong></span> 
     </span>
    </p>

    <p class='ocr_par' dir='ltr' id='par_1_3' title="bbox 139 1600 1598 1780">
     <span class='ocr_line' id='line_1_10' title="bbox 139 1600 1598 1682; baseline 0.001 -19"><span class='ocrx_word' id='word_1_89' title='bbox 139 1627 145 1635; x_wconf 93' lang='lat'><strong>·</strong></span> <span class='ocrx_word' id='word_1_90' title='bbox 234 1601 358 1678; x_wconf 84' lang='lat' dir='ltr'><strong>etvini,</strong></span> <span class='ocrx_word' id='word_1_91' title='bbox 383 1601 414 1662; x_wconf 92' lang='lat' dir='ltr'><strong>in</strong></span> <span class='ocrx_word' id='word_1_92' title='bbox 436 1619 547 1682; x_wconf 89' lang='lat' dir='ltr'><strong>corpus</strong></span> <span class='ocrx_word' id='word_1_93' title='bbox 569 1609 600 1663; x_wconf 89' lang='lat' dir='ltr'><strong>et</strong></span> <span class='ocrx_word' id='word_1_94' title='bbox 622 1602 798 1682; x_wconf 87' lang='lat' dir='ltr'><strong>sanguinem</strong></span> <span class='ocrx_word' id='word_1_95' title='bbox 821 1600 930 1663; x_wconf 88' lang='lat' dir='ltr'><strong>Christi</strong></span> <span class='ocrx_word' id='word_1_96' title='bbox 952 1602 1087 1664; x_wconf 86' lang='lat' dir='ltr'><strong>Domini:</strong></span> <span class='ocrx_word' id='word_1_97' title='bbox 1110 1600 1149 1664; x_wconf 88' lang='lat' dir='ltr'><strong>da</strong></span> <span class='ocrx_word' id='word_1_98' title='bbox 1173 1601 1397 1682; x_wconf 80' lang='lat' dir='ltr'><strong>cujmvmitete</strong></span> <span class='ocrx_word' id='word_1_99' title='bbox 1418 1601 1598 1682; x_wconf 92' lang='lat' dir='ltr'><strong>paulopost</strong></span> 
     </span>
     <span class='ocr_line' id='line_1_11' title="bbox 233 1699 846 1780; baseline -0.002 -19"><span class='ocrx_word' id='word_1_100' title='bbox 233 1701 450 1780; x_wconf 86' lang='lat' dir='ltr'><strong>pronunciatur</strong></span> <span class='ocrx_word' id='word_1_101' title='bbox 472 1701 580 1762; x_wconf 83' lang='lat' dir='ltr'><strong>eximia</strong></span> <span class='ocrx_word' id='word_1_102' title='bbox 602 1701 652 1762; x_wconf 92' lang='lat' dir='ltr'><strong>illa</strong></span> <span class='ocrx_word' id='word_1_103' title='bbox 675 1699 846 1765; x_wconf 81' lang='lat' dir='ltr'><strong>Confessio.</strong></span> 
     </span>
    </p>

    <p class='ocr_par' dir='ltr' id='par_1_4' title="bbox 231 1796 1922 2774">
     <span class='ocr_line' id='line_1_12' title="bbox 318 1796 1922 1883; baseline -0.001 -24"><span class='ocrx_word' id='word_1_104' title='bbox 318 1796 420 1880; x_wconf 81' lang='lat' dir='ltr'><strong>Atque</strong></span> <span class='ocrx_word' id='word_1_105' title='bbox 443 1798 520 1862; x_wconf 88' lang='lat' dir='ltr'><strong>haec</strong></span> <span class='ocrx_word' id='word_1_106' title='bbox 541 1800 607 1863; x_wconf 93' lang='lat' dir='ltr'><strong>sola</strong></span> <span class='ocrx_word' id='word_1_107' title='bbox 629 1801 709 1863; x_wconf 91' lang='lat' dir='ltr'><strong>inter</strong></span> <span class='ocrx_word' id='word_1_108' title='bbox 731 1799 838 1863; x_wconf 88' lang='lat' dir='ltr'><strong>multas</strong></span> <span class='ocrx_word' id='word_1_109' title='bbox 860 1818 939 1881; x_wconf 90' lang='lat' dir='ltr'><strong>quae</strong></span> <span class='ocrx_word' id='word_1_110' title='bbox 961 1817 978 1860; x_wconf 89' lang='lat' dir='ltr'><strong>a</strong></span> <span class='ocrx_word' id='word_1_111' title='bbox 997 1799 1173 1883; x_wconf 83' lang='lat' dir='ltr'><strong>Theologiis</strong></span> <span class='ocrx_word' id='word_1_112' title='bbox 1196 1800 1388 1881; x_wconf 79' lang='lat' dir='ltr'><strong>excogitatae</strong></span> <span class='ocrx_word' id='word_1_113' title='bbox 1409 1809 1479 1863; x_wconf 88' lang='lat' dir='ltr'><strong>sunt</strong></span> <span class='ocrx_word' id='word_1_114' title='bbox 1500 1801 1598 1863; x_wconf 88' lang='lat' dir='ltr'><strong>inter·</strong></span> <span class='ocrx_word' id='word_1_115' title='bbox 1645 1803 1779 1860; x_wconf 76' lang='lat' dir='ltr'><strong>invocatio</strong></span> <span class='ocrx_word' id='word_1_116' title='bbox 1791 1805 1922 1874; x_wconf 82' lang='lat' dir='ltr'><strong>quomodo</strong></span> 
     </span>
     <span class='ocr_line' id='line_1_13' title="bbox 231 1890 1922 1980; baseline 0.001 -22"><span class='ocrx_word' id='word_1_117' title='bbox 231 1899 436 1979; x_wconf 82' lang='lat' dir='ltr'><strong>pretationes,</strong></span> <span class='ocrx_word' id='word_1_118' title='bbox 465 1900 667 1963; x_wconf 76' lang='lat' dir='ltr'><strong>luvocationis</strong></span> <span class='ocrx_word' id='word_1_119' title='bbox 697 1899 799 1962; x_wconf 87' lang='lat' dir='ltr'><strong>uerbis</strong></span> <span class='ocrx_word' id='word_1_120' title='bbox 822 1900 985 1962; x_wconf 85' lang='lat' dir='ltr'><strong>convenire</strong></span> <span class='ocrx_word' id='word_1_121' title='bbox 1006 1906 1123 1980; x_wconf 87' lang='lat' dir='ltr'><strong>potest,</strong></span> <span class='ocrx_word' id='word_1_122' title='bbox 1156 1917 1223 1962; x_wconf 94' lang='lat' dir='ltr'><strong>cum</strong></span> <span class='ocrx_word' id='word_1_123' title='bbox 1251 1897 1400 1980; x_wconf 88' lang='lat' dir='ltr'><strong>reliquae,</strong></span> <span class='ocrx_word' id='word_1_124' title='bbox 1429 1899 1509 1962; x_wconf 90' lang='lat' dir='ltr'><strong>nulla</strong></span> <span class='ocrx_word' id='word_1_125' title='bbox 1539 1890 1729 1963; x_wconf 62' lang='lat' dir='ltr'><strong>en-videntur</strong></span> <span class='ocrx_word' id='word_1_126' title='bbox 1747 1891 1922 1960; x_wconf 74' lang='lat' dir='ltr'><strong>intelligenda.</strong></span> 
     </span>
     <span class='ocr_line' id='line_1_14' title="bbox 233 1998 1599 2081; baseline 0.004 -23"><span class='ocrx_word' id='word_1_127' title='bbox 233 2006 333 2077; x_wconf 90' lang='lat' dir='ltr'><strong>cepta,</strong></span> <span class='ocrx_word' id='word_1_128' title='bbox 357 2006 569 2080; x_wconf 84' lang='lat' dir='ltr'><strong>praeterquam</strong></span> <span class='ocrx_word' id='word_1_129' title='bbox 597 2000 678 2080; x_wconf 89' lang='lat' dir='ltr'><strong>quod</strong></span> <span class='ocrx_word' id='word_1_130' title='bbox 708 2017 805 2061; x_wconf 90' lang='lat' dir='ltr'><strong>nouae</strong></span> <span class='ocrx_word' id='word_1_131' title='bbox 834 2001 909 2077; x_wconf 92' lang='lat' dir='ltr'><strong>sint,</strong></span> <span class='ocrx_word' id='word_1_132' title='bbox 940 1998 1155 2079; x_wconf 85' lang='lat' dir='ltr'><strong>veteribusque</strong></span> <span class='ocrx_word' id='word_1_133' title='bbox 1177 2000 1366 2081; x_wconf 78' lang='lat' dir='ltr'><strong>incognitae,</strong></span> <span class='ocrx_word' id='word_1_134' title='bbox 1394 2006 1439 2062; x_wconf 88' lang='lat' dir='ltr'><strong>tot</strong></span> <span class='ocrx_word' id='word_1_135' title='bbox 1461 1999 1599 2063; x_wconf 89' lang='lat' dir='ltr'><strong>laborent</strong></span> 
     </span>
     <span class='ocr_line' id='line_1_15' title="bbox 232 2097 1598 2184; baseline 0.004 -26"><span class='ocrx_word' id='word_1_136' title='bbox 232 2097 438 2176; x_wconf 88' lang='lat' dir='ltr'><strong>incommodis,</strong></span> <span class='ocrx_word' id='word_1_137' title='bbox 462 2108 494 2161; x_wconf 87' lang='lat' dir='ltr'><strong>ut</strong></span> <span class='ocrx_word' id='word_1_138' title='bbox 524 2099 625 2184; x_wconf 91' lang='lat' dir='ltr'><strong>longis</strong></span> <span class='ocrx_word' id='word_1_139' title='bbox 654 2100 738 2181; x_wconf 84' lang='lat' dir='ltr'><strong>ipsae</strong></span> <span class='ocrx_word' id='word_1_140' title='bbox 768 2100 988 2162; x_wconf 88' lang='lat' dir='ltr'><strong>commentariis</strong></span> <span class='ocrx_word' id='word_1_141' title='bbox 1012 2099 1174 2182; x_wconf 81' lang='lat' dir='ltr'><strong>indigeant.</strong></span> <span class='ocrx_word' id='word_1_142' title='bbox 1219 2097 1307 2172; x_wconf 84' lang='lat' dir='ltr'><strong>Quod</strong></span> <span class='ocrx_word' id='word_1_143' title='bbox 1335 2099 1470 2162; x_wconf 81' lang='lat' dir='ltr'><strong>nonnulli</strong></span> <span class='ocrx_word' id='word_1_144' title='bbox 1495 2119 1598 2178; x_wconf 77' lang='grc' dir='ltr'><strong><em>μετα-</em></strong></span> 
     </span>
     <span class='ocr_line' id='line_1_16' title="bbox 231 2185 1599 2283; baseline 0.005 -27"><span class='ocrx_word' id='word_1_145' title='bbox 231 2185 346 2276; x_wconf 76' lang='grc' dir='ltr'><strong><em>βαλών</em></strong></span> <span class='ocrx_word' id='word_1_146' title='bbox 368 2197 406 2260; x_wconf 92' lang='lat' dir='ltr'><strong>ad</strong></span> <span class='ocrx_word' id='word_1_147' title='bbox 428 2203 584 2280; x_wconf 89' lang='lat' dir='ltr'><strong>praeteriti</strong></span> <span class='ocrx_word' id='word_1_148' title='bbox 605 2198 855 2283; x_wconf 87' lang='lat' dir='ltr'><strong>significationem</strong></span> <span class='ocrx_word' id='word_1_149' title='bbox 877 2199 1021 2276; x_wconf 87' lang='lat' dir='ltr'><strong>referunt,</strong></span> <span class='ocrx_word' id='word_1_150' title='bbox 1044 2199 1174 2261; x_wconf 88' lang='lat' dir='ltr'><strong>inaniter</strong></span> <span class='ocrx_word' id='word_1_151' title='bbox 1187 2216 1323 2279; x_wconf 83' lang='lat' dir='ltr'><strong>prorsus.</strong></span> <span class='ocrx_word' id='word_1_152' title='bbox 1345 2206 1376 2262; x_wconf 90' lang='lat' dir='ltr'><strong>et</strong></span> <span class='ocrx_word' id='word_1_153' title='bbox 1393 2198 1508 2280; x_wconf 90' lang='lat' dir='ltr'><strong>absque</strong></span> <span class='ocrx_word' id='word_1_154' title='bbox 1522 2218 1599 2280; x_wconf 92' lang='lat' dir='ltr'><strong>pro-</strong></span> 
     </span>
     <span class='ocr_line' id='line_1_17' title="bbox 232 2295 1600 2381; baseline 0.004 -24"><span class='ocrx_word' id='word_1_155' title='bbox 232 2295 294 2359; x_wconf 91' lang='lat' dir='ltr'><strong>bali</strong></span> <span class='ocrx_word' id='word_1_156' title='bbox 323 2299 499 2362; x_wconf 88' lang='lat' dir='ltr'><strong>autoritate:</strong></span> <span class='ocrx_word' id='word_1_157' title='bbox 529 2300 639 2363; x_wconf 90' lang='lat' dir='ltr'><strong>nullius</strong></span> <span class='ocrx_word' id='word_1_158' title='bbox 667 2300 705 2362; x_wconf 95' lang='lat' dir='ltr'><strong>ad</strong></span> <span class='ocrx_word' id='word_1_159' title='bbox 740 2300 881 2380; x_wconf 90' lang='lat' dir='ltr'><strong>Copticas</strong></span> <span class='ocrx_word' id='word_1_160' title='bbox 910 2298 1060 2380; x_wconf 86' lang='lat' dir='ltr'><strong>Litargias</strong></span> <span class='ocrx_word' id='word_1_161' title='bbox 1090 2299 1229 2361; x_wconf 88' lang='lat' dir='ltr'><strong>momenti</strong></span> <span class='ocrx_word' id='word_1_162' title='bbox 1259 2307 1324 2378; x_wconf 90' lang='lat' dir='ltr'><strong>est,</strong></span> <span class='ocrx_word' id='word_1_163' title='bbox 1359 2306 1392 2360; x_wconf 93' lang='lat' dir='ltr'><strong>ut</strong></span> <span class='ocrx_word' id='word_1_164' title='bbox 1426 2318 1526 2381; x_wconf 89' lang='lat' dir='ltr'><strong>neque</strong></span> <span class='ocrx_word' id='word_1_165' title='bbox 1561 2300 1600 2363; x_wconf 92' lang='lat' dir='ltr'><strong>ad</strong></span> 
     </span>
     <span class='ocr_line' id='line_1_18' title="bbox 234 2395 1599 2482; baseline 0.005 -25"><span class='ocrx_word' id='word_1_166' title='bbox 234 2395 339 2474; x_wconf 78' lang='lat' dir='ltr'><strong>Syras,</strong></span> <span class='ocrx_word' id='word_1_167' title='bbox 361 2397 556 2476; x_wconf 79' lang='lat' dir='ltr'><strong>Jacobiticas,</strong></span> <span class='ocrx_word' id='word_1_168' title='bbox 580 2407 631 2462; x_wconf 90' lang='lat' dir='ltr'><strong>ant</strong></span> <span class='ocrx_word' id='word_1_169' title='bbox 652 2398 847 2462; x_wconf 82' lang='lat' dir='ltr'><strong>Melchiticas.</strong></span> <span class='ocrx_word' id='word_1_170' title='bbox 871 2398 941 2464; x_wconf 89' lang='lat' dir='ltr'><strong>Sola</strong></span> <span class='ocrx_word' id='word_1_171' title='bbox 964 2416 1071 2479; x_wconf 88' lang='lat' dir='ltr'><strong>nempe</strong></span> <span class='ocrx_word' id='word_1_172' title='bbox 1094 2399 1226 2462; x_wconf 88' lang='lat' dir='ltr'><strong>Nestorii</strong></span> <span class='ocrx_word' id='word_1_173' title='bbox 1249 2399 1385 2482; x_wconf 76' lang='lat' dir='ltr'><strong>liturgia</strong></span> <span class='ocrx_word' id='word_1_174' title='bbox 1406 2398 1482 2462; x_wconf 92' lang='lat' dir='ltr'><strong>haec</strong></span> <span class='ocrx_word' id='word_1_175' title='bbox 1504 2400 1599 2465; x_wconf 84' lang='lat' dir='ltr'><strong>verba</strong></span> 
     </span>
     <span class='ocr_line' id='line_1_19' title="bbox 232 2497 1600 2581; baseline 0.007 -29"><span class='ocrx_word' id='word_1_176' title='bbox 232 2504 456 2576; x_wconf 87' lang='lat' dir='ltr'><strong>repraesentat,</strong></span> <span class='ocrx_word' id='word_1_177' title='bbox 478 2507 574 2560; x_wconf 90' lang='lat' dir='ltr'><strong>sumta</strong></span> <span class='ocrx_word' id='word_1_178' title='bbox 597 2518 637 2561; x_wconf 85' lang='lat' dir='ltr'><strong>ex</strong></span> <span class='ocrx_word' id='word_1_179' title='bbox 661 2498 868 2581; x_wconf 73' lang='lat' dir='ltr'><strong>chrysostomi</strong></span> <span class='ocrx_word' id='word_1_180' title='bbox 891 2498 1023 2578; x_wconf 87' lang='lat' dir='ltr'><strong>Graeca,</strong></span> <span class='ocrx_word' id='word_1_181' title='bbox 1060 2497 1142 2579; x_wconf 93' lang='lat' dir='ltr'><strong>quod</strong></span> <span class='ocrx_word' id='word_1_182' title='bbox 1163 2516 1224 2562; x_wconf 93' lang='lat' dir='ltr'><strong>non</strong></span> <span class='ocrx_word' id='word_1_183' title='bbox 1253 2498 1324 2561; x_wconf 87' lang='lat' dir='ltr'><strong>leve</strong></span> <span class='ocrx_word' id='word_1_184' title='bbox 1345 2499 1527 2579; x_wconf 83' lang='lat' dir='ltr'><strong>antiquitatis</strong></span> <span class='ocrx_word' id='word_1_185' title='bbox 1550 2503 1600 2563; x_wconf 91' lang='lat' dir='ltr'><strong>in-</strong></span> 
     </span>
     <span class='ocr_line' id='line_1_20' title="bbox 233 2589 1599 2683; baseline 0.007 -30"><span class='ocrx_word' id='word_1_186' title='bbox 233 2591 343 2657; x_wconf 89' lang='lat' dir='ltr'><strong>dicium</strong></span> <span class='ocrx_word' id='word_1_187' title='bbox 367 2605 428 2659; x_wconf 92' lang='lat' dir='ltr'><strong>est:</strong></span> <span class='ocrx_word' id='word_1_188' title='bbox 451 2607 482 2661; x_wconf 92' lang='lat' dir='ltr'><strong>et</strong></span> <span class='ocrx_word' id='word_1_189' title='bbox 503 2589 718 2678; x_wconf 70' lang='grc' dir='ltr'><strong><em>μεταβάλλων</em></strong></span> <span class='ocrx_word' id='word_1_190' title='bbox 738 2600 919 2680; x_wconf 87' lang='lat' dir='ltr'><strong>praesentis,</strong></span> <span class='ocrx_word' id='word_1_191' title='bbox 941 2618 1001 2663; x_wconf 94' lang='lat' dir='ltr'><strong>non</strong></span> <span class='ocrx_word' id='word_1_192' title='bbox 1023 2599 1180 2681; x_wconf 89' lang='lat' dir='ltr'><strong>praeteriti</strong></span> <span class='ocrx_word' id='word_1_193' title='bbox 1209 2599 1352 2679; x_wconf 83' lang='lat' dir='ltr'><strong>temporis</strong></span> <span class='ocrx_word' id='word_1_194' title='bbox 1381 2599 1599 2683; x_wconf 88' lang='lat' dir='ltr'><strong>significatione</strong></span> 
     </span>
     <span class='ocr_line' id='line_1_21' title="bbox 233 2695 413 2774; baseline 0.039 -20"><span class='ocrx_word' id='word_1_195' title='bbox 233 2695 413 2774; x_wconf 77' lang='lat' dir='ltr'><strong>explicatur.</strong></span> 
     </span>
    </p>

    <p class='ocr_par' dir='ltr' id='par_1_5' title="bbox 231 2795 1924 5173">
     <span class='ocr_line' id='line_1_22' title="bbox 321 2795 1924 2879; baseline 0.002 -21"><span class='ocrx_word' id='word_1_196' title='bbox 321 2795 390 2859; x_wconf 89' lang='lat' dir='ltr'><strong>lllas</strong></span> <span class='ocrx_word' id='word_1_197' title='bbox 412 2816 487 2861; x_wconf 87' lang='lat' dir='ltr'><strong>uero</strong></span> <span class='ocrx_word' id='word_1_198' title='bbox 509 2816 584 2879; x_wconf 93' lang='lat' dir='ltr'><strong>quas</strong></span> <span class='ocrx_word' id='word_1_199' title='bbox 607 2798 771 2861; x_wconf 87' lang='lat' dir='ltr'><strong>Bessarion</strong></span> <span class='ocrx_word' id='word_1_200' title='bbox 799 2808 830 2862; x_wconf 88' lang='lat' dir='ltr'><strong>et</strong></span> <span class='ocrx_word' id='word_1_201' title='bbox 857 2797 1025 2875; x_wconf 88' lang='lat' dir='ltr'><strong>Arcadius,</strong></span> <span class='ocrx_word' id='word_1_202' title='bbox 1058 2796 1141 2860; x_wconf 92' lang='lat' dir='ltr'><strong>nullo</strong></span> <span class='ocrx_word' id='word_1_203' title='bbox 1173 2804 1355 2879; x_wconf 87' lang='lat' dir='ltr'><strong>praeeunte,</strong></span> <span class='ocrx_word' id='word_1_204' title='bbox 1385 2798 1599 2863; x_wconf 80' lang='lat' dir='ltr'><strong>verbosissime</strong></span> <span class='ocrx_word' id='word_1_205' title='bbox 1646 2805 1721 2859; x_wconf 79' lang='lat' dir='ltr'><strong>Atiae</strong></span> <span class='ocrx_word' id='word_1_206' title='bbox 1742 2806 1924 2875; x_wconf 75' lang='lat' dir='ltr'><strong>cxphcanona:</strong></span> 
     </span>
     <span class='ocr_line' id='line_1_23' title="bbox 232 2896 1887 2979; baseline 0.004 -24"><span class='ocrx_word' id='word_1_207' title='bbox 232 2906 460 2976; x_wconf 86' lang='lat' dir='ltr'><strong>proposuerunt</strong></span> <span class='ocrx_word' id='word_1_208' title='bbox 480 2898 762 2978; x_wconf 89' lang='lat' dir='ltr'><strong>interpretationes,</strong></span> <span class='ocrx_word' id='word_1_209' title='bbox 785 2906 819 2960; x_wconf 91' lang='lat' dir='ltr'><strong>ut</strong></span> <span class='ocrx_word' id='word_1_210' title='bbox 837 2897 993 2960; x_wconf 82' lang='lat' dir='ltr'><strong>formulam</strong></span> <span class='ocrx_word' id='word_1_211' title='bbox 1013 2897 1216 2960; x_wconf 89' lang='lat' dir='ltr'><strong>luvocationis</strong></span> <span class='ocrx_word' id='word_1_212' title='bbox 1232 2896 1376 2959; x_wconf 87' lang='lat' dir='ltr'><strong>Graecam</strong></span> <span class='ocrx_word' id='word_1_213' title='bbox 1394 2898 1599 2979; x_wconf 75' lang='lat' dir='ltr'><strong>explicarent:</strong></span> <span class='ocrx_word' id='word_1_214' title='bbox 1612 2900 1680 2946; x_wconf 74' lang='lat' dir='ltr'><strong>aare</strong></span> <span class='ocrx_word' id='word_1_215' title='bbox 1698 2907 1752 2946; x_wconf 70' lang='lat'>¹¹⁰⁰</span> <span class='ocrx_word' id='word_1_216' title='bbox 1770 2901 1887 2961; x_wconf 80' lang='lat' dir='ltr'><strong>ponunt.</strong></span> 
     </span>
     <span class='ocr_line' id='line_1_24' title="bbox 233 2993 1664 3080; baseline 0.005 -26"><span class='ocrx_word' id='word_1_217' title='bbox 233 2993 326 3056; x_wconf 88' lang='lat' dir='ltr'><strong>multo</strong></span> <span class='ocrx_word' id='word_1_218' title='bbox 349 2998 443 3079; x_wconf 86' lang='lat' dir='ltr'><strong>magis</strong></span> <span class='ocrx_word' id='word_1_219' title='bbox 466 2998 629 3078; x_wconf 84' lang='lat' dir='ltr'><strong>rejicerent</strong></span> <span class='ocrx_word' id='word_1_220' title='bbox 651 2995 820 3059; x_wconf 88' lang='lat' dir='ltr'><strong>Orientales</strong></span> <span class='ocrx_word' id='word_1_221' title='bbox 844 2995 1007 3078; x_wconf 85' lang='lat' dir='ltr'><strong>Theologi‚</strong></span> <span class='ocrx_word' id='word_1_222' title='bbox 1038 3014 1106 3058; x_wconf 89' lang='lat' dir='ltr'><strong>cum</strong></span> <span class='ocrx_word' id='word_1_223' title='bbox 1135 2997 1268 3059; x_wconf 82' lang='lat' dir='ltr'><strong>novitate</strong></span> <span class='ocrx_word' id='word_1_224' title='bbox 1296 3014 1357 3059; x_wconf 92' lang='lat' dir='ltr'><strong>non</strong></span> <span class='ocrx_word' id='word_1_225' title='bbox 1387 2999 1482 3060; x_wconf 83' lang='lat' dir='ltr'><strong>mtnm</strong></span> <span class='ocrx_word' id='word_1_226' title='bbox 1510 3017 1599 3080; x_wconf 93' lang='lat' dir='ltr'><strong>quam</strong></span> <span class='ocrx_word' id='word_1_227' title='bbox 1658 3061 1664 3072; x_wconf 78' lang='grc'>,</span> 
     </span>
     <span class='ocr_line' id='line_1_25' title="bbox 235 3094 1601 3178; baseline 0.007 -25"><span class='ocrx_word' id='word_1_228' title='bbox 235 3094 446 3175; x_wconf 86' lang='lat' dir='ltr'><strong>singularitate</strong></span> <span class='ocrx_word' id='word_1_229' title='bbox 469 3096 632 3176; x_wconf 84' lang='lat' dir='ltr'><strong>displicere</strong></span> <span class='ocrx_word' id='word_1_230' title='bbox 655 3096 794 3159; x_wconf 92' lang='lat' dir='ltr'><strong>debeant.</strong></span> <span class='ocrx_word' id='word_1_231' title='bbox 817 3097 932 3161; x_wconf 85' lang='lat' dir='ltr'><strong>Primus</strong></span> <span class='ocrx_word' id='word_1_232' title='bbox 954 3098 1067 3178; x_wconf 89' lang='lat' dir='ltr'><strong>quippe</strong></span> <span class='ocrx_word' id='word_1_233' title='bbox 1089 3105 1121 3159; x_wconf 91' lang='lat' dir='ltr'><strong>ut</strong></span> <span class='ocrx_word' id='word_1_234' title='bbox 1143 3096 1282 3159; x_wconf 90' lang='lat' dir='ltr'><strong>haeresin</strong></span> <span class='ocrx_word' id='word_1_235' title='bbox 1300 3113 1388 3177; x_wconf 94' lang='lat' dir='ltr'><strong>quam</strong></span> <span class='ocrx_word' id='word_1_236' title='bbox 1402 3095 1526 3160; x_wconf 88' lang='lat' dir='ltr'><strong>Graecis</strong></span> <span class='ocrx_word' id='word_1_237' title='bbox 1541 3101 1601 3162; x_wconf 93' lang='lat' dir='ltr'><strong>im-</strong></span> 
     </span>
     <span class='ocr_line' id='line_1_26' title="bbox 232 3193 1602 3280; baseline 0.006 -27"><span class='ocrx_word' id='word_1_238' title='bbox 232 3193 349 3276; x_wconf 86' lang='lat' dir='ltr'><strong>pingit,</strong></span> <span class='ocrx_word' id='word_1_239' title='bbox 371 3204 506 3276; x_wconf 89' lang='lat' dir='ltr'><strong>paratam</strong></span> <span class='ocrx_word' id='word_1_240' title='bbox 529 3196 671 3276; x_wconf 90' lang='lat' dir='ltr'><strong>haberet,</strong></span> <span class='ocrx_word' id='word_1_241' title='bbox 694 3196 839 3259; x_wconf 86' lang='lat' dir='ltr'><strong>Jacobum</strong></span> <span class='ocrx_word' id='word_1_242' title='bbox 862 3195 1040 3279; x_wconf 81' lang='lat' dir='ltr'><strong>Apostolum</strong></span> <span class='ocrx_word' id='word_1_243' title='bbox 1062 3196 1141 3258; x_wconf 91' lang='lat' dir='ltr'><strong>illius</strong></span> <span class='ocrx_word' id='word_1_244' title='bbox 1164 3203 1299 3258; x_wconf 91' lang='lat' dir='ltr'><strong>autorem</strong></span> <span class='ocrx_word' id='word_1_245' title='bbox 1322 3196 1407 3258; x_wconf 87' lang='lat' dir='ltr'><strong>lacit:</strong></span> <span class='ocrx_word' id='word_1_246' title='bbox 1437 3198 1513 3260; x_wconf 90' lang='lat' dir='ltr'><strong>alter</strong></span> <span class='ocrx_word' id='word_1_247' title='bbox 1535 3198 1602 3280; x_wconf 79' lang='lat' dir='ltr'><strong>Cy-</strong></span> 
     </span>
     <span class='ocr_line' id='line_1_27' title="bbox 231 3292 1602 3377; baseline 0.007 -24"><span class='ocrx_word' id='word_1_248' title='bbox 231 3292 333 3354; x_wconf 88' lang='lat' dir='ltr'><strong>rillum</strong></span> <span class='ocrx_word' id='word_1_249' title='bbox 358 3295 675 3377; x_wconf 75' lang='lat' dir='ltr'><strong>hierosolymitanum,</strong></span> <span class='ocrx_word' id='word_1_250' title='bbox 698 3296 904 3377; x_wconf 89' lang='lat' dir='ltr'><strong>Joannemque</strong></span> <span class='ocrx_word' id='word_1_251' title='bbox 927 3295 1166 3374; x_wconf 73' lang='lat' dir='ltr'><strong>Damascenm,</strong></span> <span class='ocrx_word' id='word_1_252' title='bbox 1190 3297 1304 3358; x_wconf 90' lang='lat' dir='ltr'><strong>erroris</strong></span> <span class='ocrx_word' id='word_1_253' title='bbox 1325 3314 1414 3377; x_wconf 93' lang='lat' dir='ltr'><strong>quem</strong></span> <span class='ocrx_word' id='word_1_254' title='bbox 1437 3297 1602 3362; x_wconf 89' lang='lat' dir='ltr'><strong>insectatur</strong></span> 
     </span>
     <span class='ocr_line' id='line_1_28' title="bbox 232 3395 1602 3478; baseline 0.004 -23"><span class='ocrx_word' id='word_1_255' title='bbox 232 3402 376 3464; x_wconf 79' lang='lat' dir='ltr'><strong>accusat.</strong></span> <span class='ocrx_word' id='word_1_256' title='bbox 399 3395 572 3475; x_wconf 90' lang='lat' dir='ltr'><strong>periculoso</strong></span> <span class='ocrx_word' id='word_1_257' title='bbox 595 3396 686 3477; x_wconf 92' lang='lat' dir='ltr'><strong>plane</strong></span> <span class='ocrx_word' id='word_1_258' title='bbox 709 3397 858 3477; x_wconf 80' lang='lat' dir='ltr'><strong>exemplo.</strong></span> <span class='ocrx_word' id='word_1_259' title='bbox 882 3395 1074 3476; x_wconf 88' lang='lat' dir='ltr'><strong>lleliquarum</strong></span> <span class='ocrx_word' id='word_1_260' title='bbox 1097 3396 1375 3476; x_wconf 89' lang='lat' dir='ltr'><strong>interpretationum</strong></span> <span class='ocrx_word' id='word_1_261' title='bbox 1405 3397 1493 3458; x_wconf 89' lang='lat' dir='ltr'><strong>etiam</strong></span> <span class='ocrx_word' id='word_1_262' title='bbox 1523 3416 1602 3478; x_wconf 91' lang='lat' dir='ltr'><strong>quae</strong></span> 
     </span>
     <span class='ocr_line' id='line_1_29' title="bbox 234 3492 1602 3577; baseline 0.004 -23"><span class='ocrx_word' id='word_1_263' title='bbox 234 3492 460 3557; x_wconf 88' lang='lat' dir='ltr'><strong>tolerabiliores</strong></span> <span class='ocrx_word' id='word_1_264' title='bbox 482 3494 578 3557; x_wconf 86' lang='lat' dir='ltr'><strong>uideri</strong></span> <span class='ocrx_word' id='word_1_265' title='bbox 600 3505 743 3576; x_wconf 89' lang='lat' dir='ltr'><strong>possunt,</strong></span> <span class='ocrx_word' id='word_1_266' title='bbox 766 3496 847 3558; x_wconf 92' lang='lat' dir='ltr'><strong>nulla</strong></span> <span class='ocrx_word' id='word_1_267' title='bbox 870 3494 1071 3559; x_wconf 88' lang='lat' dir='ltr'><strong>Orientalibus</strong></span> <span class='ocrx_word' id='word_1_268' title='bbox 1100 3493 1262 3577; x_wconf 83' lang='lat' dir='ltr'><strong>Theologis</strong></span> <span class='ocrx_word' id='word_1_269' title='bbox 1292 3496 1374 3557; x_wconf 86' lang='lat' dir='ltr'><strong>veuit</strong></span> <span class='ocrx_word' id='word_1_270' title='bbox 1401 3496 1432 3557; x_wconf 93' lang='lat' dir='ltr'><strong>in</strong></span> <span class='ocrx_word' id='word_1_271' title='bbox 1461 3504 1602 3577; x_wconf 90' lang='lat' dir='ltr'><strong>mentem,</strong></span> 
     </span>
     <span class='ocr_line' id='line_1_30' title="bbox 235 3593 1603 3676; baseline 0.005 -24"><span class='ocrx_word' id='word_1_272' title='bbox 235 3609 364 3671; x_wconf 92' lang='lat' dir='ltr'><strong>qnorum</strong></span> <span class='ocrx_word' id='word_1_273' title='bbox 387 3612 494 3672; x_wconf 91' lang='lat' dir='ltr'><strong>nemo,</strong></span> <span class='ocrx_word' id='word_1_274' title='bbox 517 3595 567 3657; x_wconf 87' lang='lat' dir='ltr'><strong>vel</strong></span> <span class='ocrx_word' id='word_1_275' title='bbox 589 3596 738 3657; x_wconf 91' lang='lat' dir='ltr'><strong>minimam</strong></span> <span class='ocrx_word' id='word_1_276' title='bbox 760 3597 874 3659; x_wconf 88' lang='lat' dir='ltr'><strong>erroris</strong></span> <span class='ocrx_word' id='word_1_277' title='bbox 896 3597 926 3658; x_wconf 92' lang='lat' dir='ltr'><strong>in</strong></span> <span class='ocrx_word' id='word_1_278' title='bbox 950 3593 1158 3658; x_wconf 81' lang='lat' dir='ltr'><strong>conservanda</strong></span> <span class='ocrx_word' id='word_1_279' title='bbox 1186 3595 1340 3673; x_wconf 88' lang='lat' dir='ltr'><strong>oratione,</strong></span> <span class='ocrx_word' id='word_1_280' title='bbox 1375 3614 1463 3676; x_wconf 91' lang='lat' dir='ltr'><strong>quam</strong></span> <span class='ocrx_word' id='word_1_281' title='bbox 1491 3616 1508 3659; x_wconf 95' lang='lat' dir='ltr'><strong>a</strong></span> <span class='ocrx_word' id='word_1_282' title='bbox 1536 3615 1603 3659; x_wconf 92' lang='lat' dir='ltr'><strong>ma-</strong></span> 
     </span>
     <span class='ocr_line' id='line_1_31' title="bbox 231 3690 1603 3777; baseline 0.005 -25"><span class='ocrx_word' id='word_1_283' title='bbox 231 3690 354 3772; x_wconf 71' lang='lat' dir='ltr'><strong>ioribus</strong></span> <span class='ocrx_word' id='word_1_284' title='bbox 377 3702 560 3774; x_wconf 87' lang='lat' dir='ltr'><strong>acceperant</strong></span> <span class='ocrx_word' id='word_1_285' title='bbox 581 3695 612 3757; x_wconf 91' lang='lat' dir='ltr'><strong>in</strong></span> <span class='ocrx_word' id='word_1_286' title='bbox 634 3694 772 3758; x_wconf 86' lang='lat' dir='ltr'><strong>Ecclesia</strong></span> <span class='ocrx_word' id='word_1_287' title='bbox 795 3693 988 3774; x_wconf 82' lang='lat' dir='ltr'><strong>Orthndoxa,</strong></span> <span class='ocrx_word' id='word_1_288' title='bbox 1012 3695 1213 3774; x_wconf 86' lang='lat' dir='ltr'><strong>suspicionem</strong></span> <span class='ocrx_word' id='word_1_289' title='bbox 1240 3691 1352 3755; x_wconf 89' lang='lat' dir='ltr'><strong>habuit.</strong></span> <span class='ocrx_word' id='word_1_290' title='bbox 1395 3694 1497 3777; x_wconf 81' lang='lat' dir='ltr'><strong>Atque</strong></span> <span class='ocrx_word' id='word_1_291' title='bbox 1526 3696 1603 3759; x_wconf 89' lang='lat' dir='ltr'><strong>haec</strong></span> 
     </span>
     <span class='ocr_line' id='line_1_32' title="bbox 233 3791 1603 3877; baseline 0.005 -25"><span class='ocrx_word' id='word_1_292' title='bbox 233 3792 374 3871; x_wconf 89' lang='lat' dir='ltr'><strong>quaestio</strong></span> <span class='ocrx_word' id='word_1_293' title='bbox 408 3792 447 3856; x_wconf 89' lang='lat' dir='ltr'><strong>de</strong></span> <span class='ocrx_word' id='word_1_294' title='bbox 477 3793 678 3857; x_wconf 87' lang='lat' dir='ltr'><strong>luvocationis</strong></span> <span class='ocrx_word' id='word_1_295' title='bbox 708 3795 927 3877; x_wconf 84' lang='lat' dir='ltr'><strong>significatione</strong></span> <span class='ocrx_word' id='word_1_296' title='bbox 961 3793 1069 3875; x_wconf 89' lang='lat' dir='ltr'><strong>agitari</strong></span> <span class='ocrx_word' id='word_1_297' title='bbox 1104 3795 1183 3856; x_wconf 90' lang='lat' dir='ltr'><strong>inter</strong></span> <span class='ocrx_word' id='word_1_298' title='bbox 1213 3791 1384 3856; x_wconf 90' lang='lat' dir='ltr'><strong>Catholicos</strong></span> <span class='ocrx_word' id='word_1_299' title='bbox 1418 3804 1534 3875; x_wconf 90' lang='lat' dir='ltr'><strong>potest,</strong></span> <span class='ocrx_word' id='word_1_300' title='bbox 1564 3795 1603 3859; x_wconf 83' lang='lat' dir='ltr'><strong>ud</strong></span> 
     </span>
     <span class='ocr_line' id='line_1_33' title="bbox 232 3891 1603 3977; baseline 0.004 -26"><span class='ocrx_word' id='word_1_301' title='bbox 232 3891 443 3954; x_wconf 87' lang='lat' dir='ltr'><strong>Protestantes</strong></span> <span class='ocrx_word' id='word_1_302' title='bbox 465 3911 525 3956; x_wconf 93' lang='lat' dir='ltr'><strong>non</strong></span> <span class='ocrx_word' id='word_1_303' title='bbox 548 3896 687 3975; x_wconf 89' lang='lat' dir='ltr'><strong>pertinet,</strong></span> <span class='ocrx_word' id='word_1_304' title='bbox 712 3896 847 3975; x_wconf 89' lang='lat' dir='ltr'><strong>quamvis</strong></span> <span class='ocrx_word' id='word_1_305' title='bbox 869 3893 927 3956; x_wconf 93' lang='lat' dir='ltr'><strong>illis</strong></span> <span class='ocrx_word' id='word_1_306' title='bbox 952 3893 1226 3956; x_wconf 89' lang='lat' dir='ltr'><strong>concertationibus</strong></span> <span class='ocrx_word' id='word_1_307' title='bbox 1255 3910 1375 3955; x_wconf 91' lang='lat' dir='ltr'><strong>causam</strong></span> <span class='ocrx_word' id='word_1_308' title='bbox 1397 3914 1481 3958; x_wconf 81' lang='lat' dir='ltr'><strong>suain</strong></span> <span class='ocrx_word' id='word_1_309' title='bbox 1500 3895 1603 3977; x_wconf 90' lang='lat' dir='ltr'><strong>juvari</strong></span> 
     </span>
     <span class='ocr_line' id='line_1_34' title="bbox 233 3990 1605 4075; baseline 0.004 -22"><span class='ocrx_word' id='word_1_310' title='bbox 233 3990 417 4055; x_wconf 80' lang='lat' dir='ltr'><strong>existiment.</strong></span> <span class='ocrx_word' id='word_1_311' title='bbox 440 3992 550 4056; x_wconf 81' lang='lat' dir='ltr'><strong>liment</strong></span> <span class='ocrx_word' id='word_1_312' title='bbox 572 3993 743 4058; x_wconf 87' lang='lat' dir='ltr'><strong>Orientales</strong></span> <span class='ocrx_word' id='word_1_313' title='bbox 766 4002 907 4075; x_wconf 89' lang='lat' dir='ltr'><strong>quantum</strong></span> <span class='ocrx_word' id='word_1_314' title='bbox 938 3992 1027 4072; x_wconf 89' lang='lat' dir='ltr'><strong>libet,</strong></span> <span class='ocrx_word' id='word_1_315' title='bbox 1055 3993 1160 4055; x_wconf 85' lang='lat' dir='ltr'><strong>eadem</strong></span> <span class='ocrx_word' id='word_1_316' title='bbox 1190 4011 1257 4055; x_wconf 93' lang='lat' dir='ltr'><strong>cum</strong></span> <span class='ocrx_word' id='word_1_317' title='bbox 1280 3990 1404 4056; x_wconf 87' lang='lat' dir='ltr'><strong>Graecis</strong></span> <span class='ocrx_word' id='word_1_318' title='bbox 1427 3995 1605 4060; x_wconf 89' lang='lat' dir='ltr'><strong>Schismati-</strong></span> 
     </span>
     <span class='ocr_line' id='line_1_35' title="bbox 233 4090 1603 4177; baseline 0.005 -27"><span class='ocrx_word' id='word_1_319' title='bbox 233 4090 281 4151; x_wconf 87' lang='lat' dir='ltr'><strong>cis</strong></span> <span class='ocrx_word' id='word_1_320' title='bbox 305 4092 446 4171; x_wconf 90' lang='lat' dir='ltr'><strong>opinione</strong></span> <span class='ocrx_word' id='word_1_321' title='bbox 468 4100 643 4170; x_wconf 83' lang='lat' dir='ltr'><strong>teneantur3</strong></span> <span class='ocrx_word' id='word_1_322' title='bbox 667 4102 697 4156; x_wconf 91' lang='lat' dir='ltr'><strong>at</strong></span> <span class='ocrx_word' id='word_1_323' title='bbox 719 4113 794 4157; x_wconf 89' lang='lat' dir='ltr'><strong>sane</strong></span> <span class='ocrx_word' id='word_1_324' title='bbox 816 4094 854 4157; x_wconf 89' lang='lat' dir='ltr'><strong>do</strong></span> <span class='ocrx_word' id='word_1_325' title='bbox 877 4111 951 4156; x_wconf 82' lang='lat' dir='ltr'><strong>vera</strong></span> <span class='ocrx_word' id='word_1_326' title='bbox 968 4091 1188 4156; x_wconf 89' lang='lat' dir='ltr'><strong>elementorum</strong></span> <span class='ocrx_word' id='word_1_327' title='bbox 1203 4094 1234 4154; x_wconf 92' lang='lat' dir='ltr'><strong>in</strong></span> <span class='ocrx_word' id='word_1_328' title='bbox 1250 4109 1361 4173; x_wconf 91' lang='lat' dir='ltr'><strong>corpus</strong></span> <span class='ocrx_word' id='word_1_329' title='bbox 1380 4104 1411 4157; x_wconf 91' lang='lat' dir='ltr'><strong>et</strong></span> <span class='ocrx_word' id='word_1_330' title='bbox 1426 4096 1603 4177; x_wconf 91' lang='lat' dir='ltr'><strong>sanguinem</strong></span> 
     </span>
     <span class='ocr_line' id='line_1_36' title="bbox 233 4188 1603 4275; baseline 0.005 -24"><span class='ocrx_word' id='word_1_331' title='bbox 233 4188 348 4251; x_wconf 86' lang='lat' dir='ltr'><strong>Christi</strong></span> <span class='ocrx_word' id='word_1_332' title='bbox 378 4194 627 4260; x_wconf 89' lang='lat' dir='ltr'><strong>transmutatione</strong></span> <span class='ocrx_word' id='word_1_333' title='bbox 655 4211 716 4257; x_wconf 93' lang='lat' dir='ltr'><strong>non</strong></span> <span class='ocrx_word' id='word_1_334' title='bbox 747 4195 897 4271; x_wconf 87' lang='lat' dir='ltr'><strong>dubitant,</strong></span> <span class='ocrx_word' id='word_1_335' title='bbox 929 4209 1055 4272; x_wconf 89' lang='lat' dir='ltr'><strong>eamque</strong></span> <span class='ocrx_word' id='word_1_336' title='bbox 1085 4192 1243 4270; x_wconf 89' lang='lat' dir='ltr'><strong>miraculo,</strong></span> <span class='ocrx_word' id='word_1_337' title='bbox 1274 4200 1305 4255; x_wconf 90' lang='lat' dir='ltr'><strong>et</strong></span> <span class='ocrx_word' id='word_1_338' title='bbox 1338 4193 1445 4275; x_wconf 91' lang='lat' dir='ltr'><strong>illapsu</strong></span> <span class='ocrx_word' id='word_1_339' title='bbox 1475 4195 1603 4275; x_wconf 89' lang='lat' dir='ltr'><strong>Spiritus</strong></span> 
     </span>
     <span class='ocr_line' id='line_1_37' title="bbox 233 4290 1605 4375; baseline 0.004 -24"><span class='ocrx_word' id='word_1_340' title='bbox 233 4290 334 4351; x_wconf 83' lang='lat' dir='ltr'><strong>suncti</strong></span> <span class='ocrx_word' id='word_1_341' title='bbox 356 4307 450 4371; x_wconf 89' lang='lat' dir='ltr'><strong>super</strong></span> <span class='ocrx_word' id='word_1_342' title='bbox 471 4294 536 4372; x_wconf 90' lang='lat' dir='ltr'><strong>ipsa</strong></span> <span class='ocrx_word' id='word_1_343' title='bbox 560 4292 707 4356; x_wconf 89' lang='lat' dir='ltr'><strong>elementa</strong></span> <span class='ocrx_word' id='word_1_344' title='bbox 730 4294 814 4374; x_wconf 92' lang='lat' dir='ltr'><strong>panis</strong></span> <span class='ocrx_word' id='word_1_345' title='bbox 837 4293 968 4368; x_wconf 86' lang='lat' dir='ltr'><strong>etvini,</strong></span> <span class='ocrx_word' id='word_1_346' title='bbox 992 4292 1058 4354; x_wconf 87' lang='lat' dir='ltr'><strong>lieri</strong></span> <span class='ocrx_word' id='word_1_347' title='bbox 1080 4291 1276 4369; x_wconf 85' lang='lat' dir='ltr'><strong>confitentur,</strong></span> <span class='ocrx_word' id='word_1_348' title='bbox 1300 4293 1464 4356; x_wconf 90' lang='lat' dir='ltr'><strong>secundum</strong></span> <span class='ocrx_word' id='word_1_349' title='bbox 1486 4295 1605 4375; x_wconf 90' lang='lat' dir='ltr'><strong>simpli·</strong></span> 
     </span>
     <span class='ocr_line' id='line_1_38' title="bbox 233 4389 1606 4474; baseline 0.005 -25"><span class='ocrx_word' id='word_1_350' title='bbox 233 4407 304 4450; x_wconf 91' lang='lat' dir='ltr'><strong>cem</strong></span> <span class='ocrx_word' id='word_1_351' title='bbox 327 4389 487 4452; x_wconf 79' lang='lat' dir='ltr'><strong>verborum</strong></span> <span class='ocrx_word' id='word_1_352' title='bbox 508 4392 709 4456; x_wconf 88' lang='lat' dir='ltr'><strong>invocationis</strong></span> <span class='ocrx_word' id='word_1_353' title='bbox 732 4395 920 4456; x_wconf 88' lang='lat' dir='ltr'><strong>sententiam.</strong></span> <span class='ocrx_word' id='word_1_354' title='bbox 951 4390 1025 4455; x_wconf 88' lang='lat' dir='ltr'><strong>Sunt</strong></span> <span class='ocrx_word' id='word_1_355' title='bbox 1047 4392 1140 4473; x_wconf 84' lang='lat' dir='ltr'><strong>igitur</strong></span> <span class='ocrx_word' id='word_1_356' title='bbox 1162 4392 1199 4454; x_wconf 93' lang='lat' dir='ltr'><strong>ab</strong></span> <span class='ocrx_word' id='word_1_357' title='bbox 1222 4393 1414 4474; x_wconf 91' lang='lat' dir='ltr'><strong>opinionibus</strong></span> <span class='ocrx_word' id='word_1_358' title='bbox 1426 4393 1606 4457; x_wconf 88' lang='lat' dir='ltr'><strong>Protestan-</strong></span> 
     </span>
     <span class='ocr_line' id='line_1_39' title="bbox 233 4488 1605 4576; baseline 0.006 -26"><span class='ocrx_word' id='word_1_359' title='bbox 233 4488 310 4550; x_wconf 90' lang='lat' dir='ltr'><strong>tium</strong></span> <span class='ocrx_word' id='word_1_360' title='bbox 340 4488 530 4570; x_wconf 89' lang='lat' dir='ltr'><strong>alienissimi,</strong></span> <span class='ocrx_word' id='word_1_361' title='bbox 561 4495 613 4573; x_wconf 91' lang='lat' dir='ltr'><strong>qui</strong></span> <span class='ocrx_word' id='word_1_362' title='bbox 644 4491 752 4555; x_wconf 90' lang='lat' dir='ltr'><strong>nullam</strong></span> <span class='ocrx_word' id='word_1_363' title='bbox 783 4494 867 4573; x_wconf 90' lang='lat' dir='ltr'><strong>panis</strong></span> <span class='ocrx_word' id='word_1_364' title='bbox 898 4500 929 4554; x_wconf 90' lang='lat' dir='ltr'><strong>et</strong></span> <span class='ocrx_word' id='word_1_365' title='bbox 961 4492 1023 4555; x_wconf 88' lang='lat' dir='ltr'><strong>vini</strong></span> <span class='ocrx_word' id='word_1_366' title='bbox 1052 4493 1330 4555; x_wconf 90' lang='lat' dir='ltr'><strong>transmutationem</strong></span> <span class='ocrx_word' id='word_1_367' title='bbox 1359 4500 1542 4576; x_wconf 86' lang='lat' dir='ltr'><strong>agnoscunt,</strong></span> <span class='ocrx_word' id='word_1_368' title='bbox 1573 4503 1605 4559; x_wconf 90' lang='lat' dir='ltr'><strong>ct</strong></span> 
     </span>
     <span class='ocr_line' id='line_1_40' title="bbox 232 4587 1605 4676; baseline 0.007 -27"><span class='ocrx_word' id='word_1_369' title='bbox 232 4587 366 4650; x_wconf 90' lang='lat' dir='ltr'><strong>medium</strong></span> <span class='ocrx_word' id='word_1_370' title='bbox 388 4607 449 4669; x_wconf 92' lang='lat' dir='ltr'><strong>quo</strong></span> <span class='ocrx_word' id='word_1_371' title='bbox 473 4609 585 4672; x_wconf 87' lang='lat' dir='ltr'><strong>corpus</strong></span> <span class='ocrx_word' id='word_1_372' title='bbox 608 4599 639 4655; x_wconf 88' lang='lat' dir='ltr'><strong>et</strong></span> <span class='ocrx_word' id='word_1_373' title='bbox 661 4592 785 4676; x_wconf 90' lang='lat' dir='ltr'><strong>sanguis</strong></span> <span class='ocrx_word' id='word_1_374' title='bbox 808 4592 918 4655; x_wconf 86' lang='lat' dir='ltr'><strong>Christi</strong></span> <span class='ocrx_word' id='word_1_375' title='bbox 947 4592 1152 4672; x_wconf 88' lang='lat' dir='ltr'><strong>recipiuntur,</strong></span> <span class='ocrx_word' id='word_1_376' title='bbox 1181 4609 1241 4653; x_wconf 92' lang='lat' dir='ltr'><strong>non</strong></span> <span class='ocrx_word' id='word_1_377' title='bbox 1269 4591 1364 4670; x_wconf 89' lang='lat' dir='ltr'><strong>aliud&#39;,</strong></span> <span class='ocrx_word' id='word_1_378' title='bbox 1387 4610 1474 4672; x_wconf 92' lang='lat' dir='ltr'><strong>qnam</strong></span> <span class='ocrx_word' id='word_1_379' title='bbox 1504 4595 1605 4657; x_wconf 91' lang='lat' dir='ltr'><strong>susci-</strong></span> 
     </span>
     <span class='ocr_line' id='line_1_41' title="bbox 232 4687 1605 4773; baseline 0.008 -26"><span class='ocrx_word' id='word_1_380' title='bbox 232 4687 381 4768; x_wconf 89' lang='lat' dir='ltr'><strong>pientium</strong></span> <span class='ocrx_word' id='word_1_381' title='bbox 403 4687 491 4751; x_wconf 85' lang='lat' dir='ltr'><strong>fidem</strong></span> <span class='ocrx_word' id='word_1_382' title='bbox 513 4709 583 4754; x_wconf 90' lang='lat' dir='ltr'><strong>esse</strong></span> <span class='ocrx_word' id='word_1_383' title='bbox 605 4691 724 4768; x_wconf 89' lang='lat' dir='ltr'><strong>volunt,</strong></span> <span class='ocrx_word' id='word_1_384' title='bbox 746 4691 826 4773; x_wconf 94' lang='lat' dir='ltr'><strong>quod</strong></span> <span class='ocrx_word' id='word_1_385' title='bbox 849 4691 957 4754; x_wconf 90' lang='lat' dir='ltr'><strong>Craeci</strong></span> <span class='ocrx_word' id='word_1_386' title='bbox 979 4693 1009 4754; x_wconf 94' lang='lat' dir='ltr'><strong>in</strong></span> <span class='ocrx_word' id='word_1_387' title='bbox 1035 4690 1142 4772; x_wconf 80' lang='lat' dir='ltr'><strong>Cyrilli</strong></span> <span class='ocrx_word' id='word_1_388' title='bbox 1170 4690 1294 4753; x_wconf 84' lang='lat' dir='ltr'><strong>Lucanis</strong></span> <span class='ocrx_word' id='word_1_389' title='bbox 1319 4688 1519 4755; x_wconf 84' lang='lat' dir='ltr'><strong>Confessione</strong></span> <span class='ocrx_word' id='word_1_390' title='bbox 1547 4694 1605 4758; x_wconf 91' lang='lat' dir='ltr'><strong>da-</strong></span> 
     </span>
     <span class='ocr_line' id='line_1_42' title="bbox 233 4788 1604 4875; baseline 0.006 -27"><span class='ocrx_word' id='word_1_391' title='bbox 233 4796 423 4852; x_wconf 89' lang='lat' dir='ltr'><strong>mnaverunt.</strong></span> <span class='ocrx_word' id='word_1_392' title='bbox 468 4788 514 4852; x_wconf 81' lang='lat' dir='ltr'><strong>be</strong></span> <span class='ocrx_word' id='word_1_393' title='bbox 536 4790 669 4872; x_wconf 88' lang='lat' dir='ltr'><strong>perlecta</strong></span> <span class='ocrx_word' id='word_1_394' title='bbox 693 4792 923 4855; x_wconf 86' lang='lat' dir='ltr'><strong>consecratione</strong></span> <span class='ocrx_word' id='word_1_395' title='bbox 947 4791 1028 4855; x_wconf 89' lang='lat' dir='ltr'><strong>nulla</strong></span> <span class='ocrx_word' id='word_1_396' title='bbox 1057 4790 1136 4872; x_wconf 90' lang='lat' dir='ltr'><strong>apud</strong></span> <span class='ocrx_word' id='word_1_397' title='bbox 1159 4791 1363 4854; x_wconf 87' lang='lat' dir='ltr'><strong>Protestantes</strong></span> <span class='ocrx_word' id='word_1_398' title='bbox 1386 4793 1523 4873; x_wconf 89' lang='lat' dir='ltr'><strong>quaestio</strong></span> <span class='ocrx_word' id='word_1_399' title='bbox 1546 4801 1604 4875; x_wconf 87' lang='lat' dir='ltr'><strong>est,</strong></span> 
     </span>
     <span class='ocr_line' id='line_1_43' title="bbox 234 4885 1605 4975; baseline 0.007 -28"><span class='ocrx_word' id='word_1_400' title='bbox 234 4904 296 4948; x_wconf 90' lang='lat' dir='ltr'><strong>nec</strong></span> <span class='ocrx_word' id='word_1_401' title='bbox 318 4906 387 4951; x_wconf 89' lang='lat' dir='ltr'><strong>esse</strong></span> <span class='ocrx_word' id='word_1_402' title='bbox 412 4896 527 4969; x_wconf 85' lang='lat' dir='ltr'><strong>potest,</strong></span> <span class='ocrx_word' id='word_1_403' title='bbox 551 4910 619 4954; x_wconf 93' lang='lat' dir='ltr'><strong>cum</strong></span> <span class='ocrx_word' id='word_1_404' title='bbox 641 4908 702 4955; x_wconf 92' lang='lat' dir='ltr'><strong>non</strong></span> <span class='ocrx_word' id='word_1_405' title='bbox 725 4891 810 4954; x_wconf 89' lang='lat' dir='ltr'><strong>aliam</strong></span> <span class='ocrx_word' id='word_1_406' title='bbox 834 4885 1000 4975; x_wconf 89' lang='lat' dir='ltr'><strong>agnoscant</strong></span> <span class='ocrx_word' id='word_1_407' title='bbox 1023 4892 1162 4972; x_wconf 89' lang='lat' dir='ltr'><strong>corporis</strong></span> <span class='ocrx_word' id='word_1_408' title='bbox 1186 4897 1216 4952; x_wconf 87' lang='lat' dir='ltr'><strong>et</strong></span> <span class='ocrx_word' id='word_1_409' title='bbox 1237 4890 1392 4973; x_wconf 89' lang='lat' dir='ltr'><strong>sanguinis</strong></span> <span class='ocrx_word' id='word_1_410' title='bbox 1415 4891 1526 4956; x_wconf 85' lang='lat' dir='ltr'><strong>Christi</strong></span> <span class='ocrx_word' id='word_1_411' title='bbox 1547 4913 1605 4956; x_wconf 88' lang='lat' dir='ltr'><strong>ve-</strong></span> 
     </span>
     <span class='ocr_line' id='line_1_44' title="bbox 234 4987 1605 5073; baseline 0.007 -26"><span class='ocrx_word' id='word_1_412' title='bbox 234 4987 375 5067; x_wconf 88' lang='lat' dir='ltr'><strong>ritatem,</strong></span> <span class='ocrx_word' id='word_1_413' title='bbox 399 4989 456 5050; x_wconf 89' lang='lat' dir='ltr'><strong>nisi</strong></span> <span class='ocrx_word' id='word_1_414' title='bbox 478 4991 509 5051; x_wconf 94' lang='lat' dir='ltr'><strong>in</strong></span> <span class='ocrx_word' id='word_1_415' title='bbox 531 4991 597 5071; x_wconf 91' lang='lat' dir='ltr'><strong>ipsa</strong></span> <span class='ocrx_word' id='word_1_416' title='bbox 619 4991 697 5055; x_wconf 86' lang='lat' dir='ltr'><strong>illius</strong></span> <span class='ocrx_word' id='word_1_417' title='bbox 720 4992 956 5073; x_wconf 87' lang='lat' dir='ltr'><strong>participatione.</strong></span> <span class='ocrx_word' id='word_1_418' title='bbox 1006 4990 1047 5054; x_wconf 93' lang='lat' dir='ltr'><strong>At</strong></span> <span class='ocrx_word' id='word_1_419' title='bbox 1076 4990 1261 5070; x_wconf 89' lang='lat' dir='ltr'><strong>Orientales,</strong></span> <span class='ocrx_word' id='word_1_420' title='bbox 1289 4993 1485 5071; x_wconf 88' lang='lat' dir='ltr'><strong>pronunciata</strong></span> <span class='ocrx_word' id='word_1_421' title='bbox 1511 4993 1605 5057; x_wconf 85' lang='lat' dir='ltr'><strong>lnuo-</strong></span> 
     </span>
     <span class='ocr_line' id='line_1_45' title="bbox 236 5087 1605 5173; baseline 0.008 -26"><span class='ocrx_word' id='word_1_422' title='bbox 236 5087 374 5165; x_wconf 90' lang='lat' dir='ltr'><strong>catione,</strong></span> <span class='ocrx_word' id='word_1_423' title='bbox 397 5089 576 5169; x_wconf 90' lang='lat' dir='ltr'><strong>completam</strong></span> <span class='ocrx_word' id='word_1_424' title='bbox 605 5109 676 5156; x_wconf 88' lang='lat' dir='ltr'><strong>esse</strong></span> <span class='ocrx_word' id='word_1_425' title='bbox 706 5093 985 5155; x_wconf 89' lang='lat' dir='ltr'><strong>transmutationem</strong></span> <span class='ocrx_word' id='word_1_426' title='bbox 1011 5091 1209 5173; x_wconf 83' lang='lat' dir='ltr'><strong>profitentur,</strong></span> <span class='ocrx_word' id='word_1_427' title='bbox 1241 5098 1272 5154; x_wconf 89' lang='lat' dir='ltr'><strong>ct</strong></span> <span class='ocrx_word' id='word_1_428' title='bbox 1301 5090 1379 5154; x_wconf 90' lang='lat' dir='ltr'><strong>inter</strong></span> <span class='ocrx_word' id='word_1_429' title='bbox 1409 5091 1605 5159; x_wconf 78' lang='lat' dir='ltr'><strong>sacerdotum</strong></span> 
     </span>
    </p>
   </div>
   <div class='ocr_carea' id='block_1_3' title="bbox 0 0 2268 6034">
    <p class='ocr_par' dir='ltr' id='par_1_6' title="bbox 0 0 2268 6034">
     <span class='ocr_line' id='line_1_46' title="bbox 0 0 2268 6034; baseline 0 0"><span class='ocrx_word' id='word_1_430' title='bbox 0 0 2268 6034; x_wconf 95' lang='lat' dir='ltr'><strong> </strong></span> 
     </span>
    </p>
   </div>
  </div>
 </body>
</html>
