4525 6034
635 569 719 679 aaa
1252 571 1484 651 aaran

638 771 736 835 pauca
759 755 962 839 Liturgiarum
985 756 1157 819 testimonia
1179 754 1336 835 vellicant,
1360 765 1393 821 nt
1415 758 1601 822 obscuritate
1623 759 1749 842 alicujus
1772 759 1833 824 loci
1847 760 2020 840 abutantur,

638 856 800 936 perspicua
823 862 854 916 et
877 873 955 936 qnae
978 854 1095 918 illorum
1117 857 1267 919 novitates
1288 854 1421 921 madius
1443 866 1599 938 evertunt,
1621 878 1661 923 ne
1682 860 1815 922 indicant
1837 860 1968 941 quidem.

725 954 868 1035 Sequitur
896 955 925 1015 in
949 953 1055 1017 eadem
1084 957 1240 1031 medone,
1270 964 1300 1018 et
1326 959 1473 1038 myrtmio
1502 958 1558 1020 tihi
1579 959 1639 1021 coli
1660 961 1791 1039 warato·
1835 959 1869 1021 ln
1898 959 2019 1024 Graeco

639 1057 724 1113 textu
747 1053 799 1131 qui
821 1051 980 1116 manifeste
1000 1053 1140 1116 vitiosam
1162 1056 1342 1136 scripturam
1364 1055 1456 1119 habet
1474 1043 1698 1142 panedocensis
1711 1055 1909 1142 προνοοῦσιν
1930 1047 2020 1122 edroi

638 1167 691 1213 σοι
714 1137 821 1236 κύριοι
847 1152 929 1215 nullo
951 1171 1062 1229 sensu;
1084 1153 1165 1216 hunc
1188 1155 1342 1235 expressit
1364 1154 1464 1218 Arabs
1487 1156 1656 1237 interpres,
1681 1175 1740 1236 per
1761 1161 1909 1239 mysterio
1935 1160 2021 1221 biei-

637 1249 756 1326 eibilin‚
779 1251 930 1313 intellecto
952 1252 1008 1314 tibi
1027 1253 1166 1315 Domine.
1215 1248 1340 1335 Coptica
1364 1255 1465 1318 lectio.
1489 1255 1531 1318 Et
1551 1257 1697 1338 mysterio
1718 1274 1797 1336 quoe
1819 1256 1876 1318 tibi
1893 1261 2017 1338 coperite

637 1357 716 1425 nint,
741 1348 877 1425 Domine,
905 1368 1110 1437 μμνστηριον
1131 1372 1205 1417 ετον
1226 1371 1332 1440 epacta
1353 1373 1471 1433 μμωοο
1493 1374 1576 1438 prex
1596 1373 1701 1429 πενος.
1731 1352 1845 1419 Versio
1869 1354 2018 1419 Arabica:

636 1449 780 1529 mysterio
798 1451 891 1528 ptem
912 1453 994 1532 qaaod
1015 1453 1071 1514 tibi
1105 1455 1256 1533 connitum
1283 1460 1341 1532 est,
1371 1453 1519 1516 Domirre:
1550 1454 1629 1516 male
1658 1452 1822 1516 Maronita:
1844 1459 2019 1537 maneriam

638 1548 805 1627 spirituale·
844 1550 998 1613 Sententia
1022 1570 1061 1613 ex
1075 1550 1329 1634 praecedentibus
1348 1551 1425 1616 haee
1447 1561 1504 1617 est.
1541 1550 1652 1617 Fecisti
1675 1552 1851 1627 Oblationes
1874 1554 2016 1618 invisibi-

637 1646 683 1709 les
707 1665 747 1709 ex
768 1647 952 1727 visibilibus,
987 1658 1019 1713 et
1041 1652 1232 1732 mysterium,
1261 1651 1328 1714 sive
1350 1669 1407 1733 per
1429 1654 1605 1734 mysterium
1633 1652 1715 1733 quod
1746 1652 1849 1731 solus,
1878 1652 2017 1734 Domine,

638 1745 799 1829 intelligis,
834 1768 900 1812 cum
930 1748 1077 1813 hnmanae
1106 1751 1215 1813 mentis
1243 1751 1326 1812 vires
1355 1759 1492 1833 superet.
1536 1752 1611 1814 Nara
1632 1750 1779 1836 προνοεῖν
1801 1752 1883 1832 qarod
1910 1762 1958 1816 est
1986 1754 2018 1816 in

638 1845 756 1909 Graeco
780 1856 882 1927 textu,
906 1850 1068 1931 Copticus,
1091 1858 1125 1912 ut
1146 1851 1288 1932 superius
1310 1850 1443 1932 explicat
1463 1868 1522 1932 per
1543 1869 1645 1936 ερνοιν
1667 1850 1725 1913 hoc
1748 1859 1796 1913 est
1818 1850 1910 1932 νοεῖν,
1933 1852 2014 1916 Ara-

540 1974 548 1987 ·
637 1946 692 2008 bes
714 1964 773 2028 per
795 1968 832 2012 ea
856 1949 950 2013 verba
972 1968 1051 2031 quae
1073 1951 1255 2031 mtetlipere,
1279 1958 1309 2012 et
1330 1953 1432 2012 onemo
1454 1953 1615 2033 concipere
1636 1949 1817 2031 significant.

798 2207 975 2280 Sacerdos
1001 2210 1088 2280 dicit
1114 2209 1378 2304 Confessionem.
1433 2210 1566 2304 Corpus
1591 2216 1754 2297 sonetum,
1782 2216 1845 2280 ete.

726 2416 781 2497 De
805 2430 855 2492 illa
878 2428 986 2491 eximia
1010 2447 1068 2492 nec
1090 2428 1180 2492 ullius
1203 2430 1240 2492 ad
1263 2430 1496 2494 Protestantium
1523 2438 1652 2493 mentem
1679 2428 1937 2511 interpretationis
1959 2448 2017 2493 ca-

637 2550 716 2615 pace
739 2528 960 2606 Coniessioae,
983 2528 1093 2591 dictum
1117 2538 1165 2592 est
1188 2530 1225 2592 ad
1246 2529 1467 2614 liturgiamS.
1490 2528 1605 2594 basilii:
1637 2546 1732 2611 pauca
1761 2536 1873 2591 tantum
1904 2528 2017 2593 obser-

637 2632 788 2705 vabimus,
812 2647 889 2709 qnae
913 2628 949 2690 ad
972 2629 1059 2690 istam
1079 2631 1206 2710 proprie
1235 2637 1383 2712 spectant.
1428 2630 1519 2693 Extat
1549 2631 1580 2692 in
1602 2647 1638 2693 ea
1668 2629 1734 2710 ipsa
1762 2629 1896 2711 Litnrgia
1926 2649 2016 2712 quana

637 2732 739 2795 citavit
768 2728 949 2806 Salmasius,
984 2735 1016 2789 ut
1047 2735 1225 2810 argumenta
1260 2728 1548 2806 subministrantem,
1583 2728 1691 2810 quibos
1721 2722 1760 2790 et'
1784 2728 1947 2792 Catholicis
1977 2748 2015 2793 os

636 2828 865 2904 occluderetur,
888 2834 920 2889 et
942 2824 1135 2890 Calvinistica
1159 2846 1251 2891 causa
1273 2829 1481 2910 triumpharet.
1528 2826 1592 2892 Cur
1613 2829 1706 2910 igitur
1729 2827 1768 2890 de
1793 2828 1852 2888 ista
1880 2827 2016 2892 Coales-

637 2930 725 2993 sione
751 2929 794 2991 ita
823 2928 942 2991 locutus
971 2929 1071 2991 estin
1094 2927 1210 2990 suaad
1234 2924 1391 2992 Dollaeum
1418 2924 1572 3010 Epistola,
1605 2932 1637 2989 nt
1667 2928 1816 3011 integram
1845 2928 2016 2991 orationem

635 3046 698 3092 nou
720 3029 873 3107 retulerit,
898 3026 979 3109 quod
1002 3034 1068 3092 erat
1090 3034 1189 3090 tamen
1211 3028 1433 3108 necessarium,
1456 3035 1487 3090 et
1509 3035 1609 3090 notam
1633 3025 1821 3089 salsissimam
1844 3026 2016 3108 adjecerit?

637 3128 738 3191 Verba
761 3130 827 3211 ejus
850 3134 927 3190 sunt.
958 3126 1030 3190 Post
1053 3126 1288 3190 celebrationem
1312 3123 1447 3205 Coenae,
1470 3134 1501 3190 et
1522 3127 1781 3210 participationem
1805 3126 1871 3203 eius
1892 3126 2014 3207 laetam,

637 3227 715 3291 idem
744 3226 896 3291 Sacerdos
924 3234 1042 3304 monet,
1074 3226 1104 3288 id
1131 3225 1212 3307 quod
1243 3246 1260 3289 a
1288 3226 1575 3290 communicantibus
1605 3233 1780 3307 susceptum
1811 3233 1876 3307 est,
1907 3244 2013 3290 verum

636 3346 708 3390 esse
730 3344 843 3409 corpus
867 3334 898 3389 et
921 3326 1101 3409 sanguinem
1124 3323 1251 3403 Christi,
1276 3325 1306 3388 id
1329 3333 1376 3389 est
1398 3325 1527 3389 fructum
1548 3326 1617 3389 vitis
1639 3342 1755 3404 verae,
1778 3325 1829 3407 qui
1852 3333 1898 3389 est
1921 3324 2016 3388 Chri-

637 3434 725 3505 stus,
756 3427 797 3488 ita
827 3425 1024 3510 significans,
1055 3425 1158 3486 vinnm
1185 3425 1306 3503 calicis,
1341 3444 1403 3489 non
1437 3425 1525 3488 aliter
1551 3426 1657 3488 vocari
1687 3425 1867 3509 sanguinem
1894 3422 2016 3488 Oonaini

637 3544 765 3603 verum,
794 3545 884 3606 quam
906 3533 939 3586 ut
962 3526 1028 3606 ipse
1050 3540 1155 3587 veram
1178 3542 1214 3587 se
1235 3525 1327 3587 vitem
1350 3523 1523 3606 appellavit.
1568 3523 1717 3587 Excusari
1743 3541 1817 3586 saue
1848 3518 2013 3587 calvinista

636 3632 756 3705 potest,
780 3623 963 3687 Calvinistae
985 3624 1113 3704 loquens
1137 3623 1175 3686 de
1199 3642 1256 3686 usu
1277 3622 1406 3686 ridiculo
1428 3623 1515 3686 vocis
1538 3623 1678 3699 Coenae,
1702 3623 1739 3685 ad
1762 3621 1938 3705 Lilurgiam,
1959 3631 2013 3686 to-

636 3731 757 3805 tamque
779 3741 895 3786 saeram
918 3722 1128 3786 Eucharistiae
1158 3722 1363 3786 celebrandae
1394 3723 1542 3786 actionem
1570 3721 1808 3806 significandam.
1854 3720 1915 3787 Sed
1943 3742 2012 3788 cum

637 3822 758 3904 publice
780 3820 934 3901 scribunt,
963 3824 1005 3884 nti
1028 3821 1140 3885 debent
1170 3822 1228 3884 illis
1255 3820 1400 3897 vocibus,
1429 3839 1504 3903 quas
1530 3821 1673 3901 universa
1696 3816 1838 3883 Ecclesia
1864 3840 1922 3886 usu
1950 3841 2013 3886 non

635 3926 807 4003 interrupto
829 3921 990 3985 multorum
1012 3921 1205 3984 saeculorum
1227 3922 1434 3996 consecravit3
1463 3939 1530 3983 cum
1554 3920 1635 3982 nulla
1659 3937 1738 4001 gens
1762 3918 1930 3984 Christiana
1953 3940 2012 3984 cu-

631 4021 812 4104 juscumque
840 4021 916 4083 ritus
948 4028 980 4084 et
1008 4019 1149 4102 linguae,
1179 4021 1220 4083 ita
1249 4020 1350 4082 locuta
1382 4039 1514 4101 unquam
1543 4018 1637 4083 luisse
1666 4018 1849 4101 reperiatur.
1894 4020 2011 4084 Cedant

635 4120 745 4183 eruditi
767 4120 827 4198 illi,
851 4122 901 4200 qui
925 4128 1034 4183 tantam
1057 4119 1252 4182 Orientalium
1275 4119 1444 4204 linguarum
1466 4120 1604 4201 peritiam
1626 4117 1740 4199 ubique
1762 4127 1924 4201 ostentant,
1952 4139 2009 4183 au-

634 4228 731 4282 torem
753 4219 856 4299 ullum,
880 4221 931 4300 qui
954 4219 1089 4282 Coenam
1110 4220 1269 4282 vocaverit
1291 4219 1526 4282 celebrationem
1547 4218 1767 4298 Eucharistiae,
1790 4218 1923 4299 Graece,
1946 4218 2009 4282 La·

634 4320 713 4398 tine,
737 4319 880 4401 Syriaee,
903 4318 1112 4401 Aegyptiace,
1136 4317 1334 4400 Aethiopiae,
1358 4319 1495 4393 Persice,
1519 4325 1571 4381 aut
1592 4315 1780 4381 Armenice?

721 4418 780 4482 Sed
804 4417 876 4480 illud
900 4419 1023 4480 minoris
1046 4420 1188 4481 momenti
1211 4426 1274 4481 est:
1305 4436 1341 4479 ea
1365 4435 1444 4498 quae
1466 4417 1638 4501 subjungit,
1662 4419 1801 4497 mentita,
1824 4414 1915 4497 falsa,
1937 4417 2007 4499 ple·

632 4535 732 4598 naque
760 4519 893 4596 erroris,
925 4517 1116 4600 ignorantiae
1150 4526 1180 4580 et
1214 4519 1407 4597 temeritatis,
1443 4518 1585 4581 excusari
1615 4515 1695 4580 nulla
1723 4519 1841 4581 ratione
1868 4527 2006 4600 possunt,

635 4619 692 4679 nisi
715 4636 755 4679 ex
778 4617 891 4681 autoris
915 4616 1080 4698 imperitia,
1104 4635 1183 4698 quac
1206 4617 1362 4680 excusatio
1385 4617 1484 4680 locum
1507 4636 1567 4680 aon
1590 4617 1689 4680 habet.
1735 4617 1809 4692 Quis
1843 4619 1921 4681 enim
1949 4635 2006 4679 co·

634 4715 728 4798 gebat
750 4716 917 4795 bominem,
941 4717 992 4797 qui
1014 4716 1044 4777 iu
1066 4716 1205 4778 Ecclesia
1228 4714 1383 4780 Catholica
1412 4726 1500 4779 natus
1527 4726 1558 4779 et
1587 4716 1754 4798 baptisatus
1783 4717 1891 4779 avitam
1919 4716 2005 4778 tidem

631 4816 808 4900 juveniliter
830 4815 1026 4893 deseruerat,
1051 4815 1088 4877 de
1111 4816 1204 4877 rebus
1228 4814 1421 4898 Tlveologicis
1443 4816 1604 4879 scribere?
1627 4886 1630 4889 ¹

721 4916 825 4978 Oratio
862 4933 940 4997 quae
976 4915 1205 4978 Confessionem
1242 4917 1397 4993 continet,
1429 4934 1491 4978 non
1525 4916 1633 4978 dicitur
1666 4923 1736 4996 post
1771 4915 2004 4978 celebrationem

633 5013 811 5098 Liturgiae,
835 5034 933 5097 neque
956 5023 1025 5098 post
1049 5015 1303 5095 communionem,
1326 5014 1381 5078 sed
1404 5024 1563 5097 antequam
1585 5033 1622 5078 ea
1644 5013 1856 5076 distribuatur:
1887 5012 2007 5093 etipsa
