4525 6034
536 570 589 646 lb
605 568 904 647 BllllllOlCTlOllES
922 568 1105 647 insonuit
1125 568 1338 647 stabolau.
1551 571 1624 645 311

248 751 406 835 Copticam
427 761 460 817 et
483 752 643 817 Arabicam
667 755 790 818 diverso
812 754 902 818 modo
924 755 1077 836 interpres
1100 754 1290 836 exposuerit,
1313 755 1371 818 nisi
1385 753 1464 817 iorte
1487 756 1627 836 scripse-

245 854 286 914 rit
306 853 512 928 meatem,
536 863 566 916 et
589 854 785 935 peccaverint
806 853 1004 936 typographi3
1027 853 1086 915 etsi
1108 853 1206 917 adbuc
1228 855 1331 917 versio
1353 853 1463 917 mendo
1485 872 1547 918 non
1569 875 1627 919 ca·

246 958 348 1029 reret,
372 966 440 1061 cum
463 952 502 1015 de
526 953 741 1033 contammata
761 955 847 1015 caris
875 971 913 1015 ne
935 951 1053 1034 syllaba
1075 951 1195 1033 quidem
1218 963 1370 1020 occurret.

587 1212 810 1284 Comcratio
838 1211 986 1299 tabulae,
1014 1220 1051 1283 at
1077 1212 1191 1285 altare
1216 1216 1290 1306 fiat.
1670 1222 1702 1278 Ρ.
1720 1228 1763 1279 55.
1782 1229 1799 1280 t.
1819 1229 1845 1282 1.

362 1420 457 1498 lsrnrr
480 1431 721 1496 benedictionem
743 1450 803 1495 non
826 1432 930 1495 habuit
953 1431 1069 1510 Codex,
1094 1451 1135 1496 ex
1157 1449 1218 1512 quo
1240 1434 1344 1496 versio
1367 1433 1403 1495 ab
1427 1432 1538 1497 Allatio
1561 1453 1623 1516 pu-

243 1534 357 1598 blicata
380 1536 517 1599 desumta
539 1543 595 1598 est.
640 1536 687 1598 De
709 1536 853 1598 altaribus
876 1535 987 1599 dictum
1010 1543 1059 1597 est
1082 1536 1111 1596 in
1136 1534 1359 1598 Commentario
1383 1536 1420 1598 ud
1443 1536 1544 1600 Basilii
1567 1538 1623 1600 hi-

241 1637 396 1717 turgiam,
427 1635 647 1716 probatumque
676 1637 707 1696 in
730 1635 855 1699 Oriente
883 1653 943 1699 non
972 1636 1070 1698 miuus
1100 1651 1190 1715 quam
1211 1636 1241 1696 in
1265 1633 1431 1697 Occidente
1453 1636 1559 1700 eadem
1582 1657 1623 1701 ex
1686 1669 1717 1721 p¹
1738 1670 1798 1725 lar.
1826 1673 1892 1727 Coa
1916 1677 1954 1730 aa

242 1733 386 1796 solidiori
415 1736 539 1798 materia
567 1743 740 1816 comparata
769 1734 880 1811 luisse,
910 1733 1053 1815 quidquid
1086 1732 1124 1795 de
1148 1732 1205 1796 illis
1229 1733 1444 1797 verbosissime
1467 1754 1624 1799 commen·
1635 1759 1698 1812 flat.
1711 1758 1823 1832 App-w,

243 1840 328 1897 tatus
350 1833 444 1896 luerit
464 1832 559 1895 totus
582 1833 740 1912 Ludolius,
768 1836 818 1913 qui
842 1834 960 1914 quidem
983 1850 1102 1895 mensas
1127 1833 1194 1894 illas
1217 1831 1311 1895 luisse
1341 1833 1522 1914 antiquitus,
1545 1854 1624 1899 con-

243 1933 353 2011 tendit,
376 1940 408 1993 et
429 1932 612 2013 Aethiopum
635 1933 739 1996 laudes
763 1933 975 2013 prosequitur,
1000 1931 1081 2013 quod
1103 1950 1238 1992 mensam
1259 1930 1487 1995 sacerdotalem
1517 1942 1548 1995 et
1568 1954 1625 1998 ar-

244 2050 317 2092 eam
344 2031 516 2112 appellent,
544 2032 574 2094 id
602 2031 684 2112 qnod
712 2031 838 2112 reliquis
860 2032 1085 2112 superstitiose,
1109 2031 1208 2092 altare
1230 2029 1412 2111 appellatur.
1435 2031 1551 2114 Nempe
1574 2035 1625 2096 in-

244 2127 417 2212 telligebat,
449 2131 549 2193 altaris
572 2149 683 2193 nomen
706 2129 883 2193 sacrificium
908 2128 1127 2210 quodammodo
1156 2146 1350 2210 supponere,
1380 2130 1462 2211 quod
1491 2132 1624 2199 nolebat.

245 2228 362 2289 Verum
391 2235 550 2309 antequam
578 2229 746 2312 Aethiopes
774 2229 933 2292 Christiani
970 2228 1080 2306 forent,
1109 2227 1298 2290 vocabantur
1327 2228 1431 2308 primis
1467 2229 1626 2297 Ecclesiae

245 2327 380 2389 saeculis
404 2327 519 2406 altaria,
543 2330 632 2391 etiam
655 2347 777 2391 mensae
800 2329 830 2389 in
854 2329 962 2409 quibus
985 2328 1122 2410 liturgia
1147 2326 1374 2391 celebrabatur:
1404 2346 1493 2410 wem
1517 2337 1624 2409 postea

181 2479 187 2499 ,
243 2428 303 2507 ipsi
327 2425 507 2507 Aethiopes,
531 2427 721 2507 sacrificium
743 2435 931 2491 vocaverunt
954 2445 1015 2490 non
1037 2428 1135 2489 minus
1164 2445 1252 2507 quam
1283 2427 1425 2489 universa
1454 2435 1518 2491 toto
1547 2430 1623 2494 orbe

242 2524 396 2587 Ecclesia.
441 2524 502 2588 lmo
533 2544 638 2589 omnes
669 2525 788 2589 budelli
818 2526 1018 2589 divinationes
1048 2535 1235 2588 evanescunt
1269 2546 1309 2589 ex
1342 2525 1409 2589 solo
1438 2526 1623 2609 Aethiopum

244 2623 399 2704 exemplo,
423 2625 485 2704 qui,
507 2634 541 2687 ut
564 2625 702 2689 oculatus
725 2627 812 2688 testis
836 2626 1016 2688 Franciscus
1039 2624 1218 2687 Alvaresius
1242 2625 1363 2704 retulit,
1391 2626 1488 2689 solida
1510 2625 1622 2689 habent

243 2725 275 2784 in
298 2722 371 2784 vivo
393 2741 468 2784 saxo
491 2723 606 2799 altaria,
629 2725 659 2785 in
680 2723 828 2787 Ecclesiis
856 2724 986 2786 Visioaa's
1007 2730 1038 2785 et
1058 2723 1164 2785 Debra
1181 2723 1328 2803 Libmuos,
1350 2726 1416 2788 sive
1439 2724 1550 2790 lloutis
1565 2729 1621 2791 Li-

243 2822 327 2895 bani,
350 2838 426 2902 quas
447 2822 581 2885 halibela
603 2823 671 2885 Rex
691 2840 770 2886 nova
793 2822 1025 2885 Architecturae
1048 2823 1177 2899 ratione,
1199 2825 1229 2885 in
1252 2824 1379 2904 rupibus
1403 2834 1566 2890 excavatas
1582 2827 1620 2890 ad

244 2919 374 3001 amplam
396 2919 521 2983 sormam
543 2921 673 3004 redegit.
717 2922 758 2985 At
781 2924 811 2984 in
833 2923 930 2984 veteri
951 2920 1100 2997 Ecclesia,
1123 2922 1207 2983 utin
1235 2923 1455 2987 recentioribus
1478 2925 1619 3004 saeculis,

243 3038 307 3083 non
330 3019 421 3082 modo
445 3020 549 3082 altaria
573 3019 679 3098 solida,
703 3023 758 3085 sed
781 3020 883 3102 lignea
914 3021 1016 3084 altaris
1040 3038 1150 3083 nomen
1174 3029 1205 3083 et
1228 3021 1404 3105 dignitatem
1433 3023 1619 3086 habuerunt:

242 3136 347 3198 neque
378 3120 434 3181 ista
456 3119 539 3196 sola,
567 3119 623 3182 sed
653 3121 749 3183 altera
777 3123 866 3182 etiam
892 3139 1014 3182 menae
1035 3119 1243 3199 vocabuntur,
1278 3120 1417 3202 adeoque
1440 3121 1478 3185 de
1501 3122 1621 3185 nomine

242 3218 392 3281 inutiliter
415 3219 560 3301 litigatur,
584 3239 651 3282 cum
674 3239 725 3283 res
747 3239 806 3301 per
828 3240 862 3283 se
885 3217 1044 3282 manifesta
1066 3221 1114 3282 sit.

331 3316 412 3380 Nota
434 3336 555 3400 quoque
579 3318 701 3382 luerunt
723 3320 886 3400 antiquitus
909 3319 1014 3382 altaria
1033 3319 1202 3399 portatilia,
1226 3336 1304 3398 quae
1327 3319 1416 3381 etiam
1433 3322 1549 3382 aledea
1566 3320 1622 3382 di-

242 3417 406 3480 cebantur:
435 3420 614 3481 itinerariae
641 3419 778 3481 malae:
808 3421 922 3481 altaria
956 3420 1129 3497 portatoria
1156 3424 1186 3478 et
1216 3418 1402 3497 portatoria:
1438 3417 1476 3480 de
1514 3419 1621 3499 quibus

242 3515 336 3579 multa
366 3514 484 3579 erudite
507 3516 610 3579 docuit
639 3518 676 3581 V.
700 3517 733 3580 C.
757 3517 795 3580 D.
816 3519 949 3582 loannes
978 3517 1188 3594 llabillonius,
1217 3515 1407 3579 doctissimus
1436 3517 1567 3602 Congius
1590 3519 1622 3579 in
1669 3532 1758 3603 praes.
1777 3536 1814 3589 aa
1828 3539 1854 3589 a.
1870 3539 1947 3592 sm.

244 3613 413 3692 Glossario,
437 3622 468 3677 et
491 3616 549 3680 alii.
597 3616 803 3679 Orientalibus
827 3616 1004 3680 Christianis
1033 3615 1196 3698 singularis
1227 3632 1318 3677 causa
1348 3614 1403 3678 fuit
1429 3617 1533 3679 utendi
1554 3617 1621 3681 ire·
1633 3620 1726 3673 benet

243 3713 388 3791 quentius
418 3713 526 3775 tabulis
548 3716 750 3793 consecratis,
774 3733 851 3795 quae
875 3715 978 3777 altaris
1000 3715 1098 3775 vicem
1120 3713 1309 3794 supplerent,
1332 3713 1533 3779 harbarorum
1556 3719 1620 3780 soi-

245 3809 317 3872 licet
339 3813 488 3891 tyrannis,
512 3815 564 3895 qui
587 3831 655 3875 cum
678 3812 856 3894 irequemer
878 3815 907 3875 in
931 3813 1084 3875 Ecclesiae
1107 3813 1320 3892 irrumperent,
1343 3822 1375 3876 et
1393 3832 1481 3877 sacra
1504 3817 1620 3879 distur-

243 3910 366 3986 barent,
391 3911 557 3995 altariaque
588 3914 840 3987 contaminarent,
870 3920 1040 3994 coegerunt
1061 3911 1231 3992 Episcopus
1261 3911 1368 3974 talibus
1398 3915 1441 3976 uti
1465 3912 1619 3991 altaribus,

245 4027 326 4089 quae
350 4009 463 4072 aulerri
487 4009 574 4071 iacile
596 4019 725 4091 possent
747 4019 778 4073 et
800 4011 961 4074 infidelium
984 4011 1120 4073 manibus
1144 4011 1230 4090 eripi.
1269 4010 1373 4092 ltaque
1404 4011 1523 4075 tabulae
1550 4014 1621 4077 illae

243 4108 344 4190 magis
367 4108 405 4170 ad
427 4115 562 4172 veterum
585 4109 772 4191 disciplinam
794 4111 942 4172 accedunt
964 4128 1052 4191 quam
1065 4108 1252 4170 Graecorum
1263 4108 1461 4187 Antimensia,
1484 4113 1620 4191 quamvis

244 4206 393 4284 eamdem,
416 4215 447 4269 ut
469 4207 600 4286 videtur,
624 4210 771 4290 originem
794 4208 932 4271 habeant.
979 4208 1085 4287 Neque
1108 4213 1167 4268 tam
1190 4206 1291 4269 multis
1314 4208 1512 4270 caeremoniis
1543 4227 1620 4289 per-

243 4304 344 4367 ficitur
366 4308 556 4369 consecratio
579 4307 698 4369 tabulae
721 4306 781 4368 ritu
803 4307 1005 4388 Aegyptiace,
1032 4324 1120 4387 quam
1143 4304 1398 4368 Antimensiorum
1421 4305 1558 4384 Graeco,
1581 4306 1620 4369 dc

244 4421 304 4484 qua
336 4401 403 4465 inse
434 4404 568 4485 Symeon
592 4405 889 4467 Thessalonicensis:
918 4413 950 4467 ut
974 4406 1063 4467 etiarn
1085 4402 1304 4466 eruditissimus
1327 4405 1455 4469 Goarius
1478 4409 1509 4465 in
1531 4401 1618 4464 Notis
1668 4419 1772 4472 metet.
1789 4437 1815 4489 p.
1833 4420 1896 4471 653.

243 4501 283 4563 ad
306 4499 380 4563 illud
403 4502 539 4568 odicium.
584 4502 693 4565 Graeci
715 4521 836 4584 quoque
859 4521 921 4566 non
944 4503 1099 4565 celebrant
1121 4502 1225 4582 vulgo,
1249 4504 1339 4565 etiam
1360 4504 1392 4564 in
1414 4501 1518 4564 solidis
1542 4500 1621 4561 alta-

243 4598 346 4675 ribus,
377 4599 492 4681 absque
520 4601 733 4680 Antimensiis,
764 4603 845 4682 qnod
873 4604 903 4664 in
935 4600 1138 4664 Orientalibus
1168 4600 1234 4662 aliis
1262 4619 1321 4663 non
1344 4602 1538 4663 observatum
1560 4597 1620 4660 huc

243 4715 344 4777 usque
368 4717 385 4759 a
408 4699 496 4761 nobis
519 4707 576 4762 est.

333 4796 367 4858 ln
395 4798 451 4859 ista
479 4816 573 4879 porro
601 4800 739 4861 oratione
769 4798 840 4860 nihil
871 4797 1048 4861 difficultatis
1077 4804 1141 4859 est:
1177 4796 1401 4859 observandum
1431 4792 1618 4859 solummodo

247 4913 319 4957 esse
349 4895 461 4976 aliquid
491 4898 683 4960 obscuritatis
712 4898 743 4958 in
772 4905 855 4959 textu
879 4897 1007 4978 Coptica
1036 4902 1067 4958 et
1088 4894 1238 4973 Arabico,
1270 4895 1351 4957 circa
1381 4894 1432 4957 illa
1453 4892 1564 4956 verba:
1586 4901 1620 4954 at

243 4991 307 5072 siut
325 4994 423 5056 altare
445 5003 597 5072 mmm,
625 5003 656 5057 et
683 5014 788 5056 measa
817 5002 926 5057 sancta
954 5014 1013 5075 pro
1041 4994 1136 5055 attari
1163 4994 1284 5056 excelso
1313 4998 1344 5054 et
1364 5009 1386 5054 u
1415 4992 1517 5072 lapide
1542 5010 1619 5054 coa-
