4525 6034
613 588 718 661 ·96
1043 587 1661 668 destillationes

667 778 738 852 test,
761 790 832 836 esse
854 774 1012 836 etiamnum
1035 773 1252 855 Hierosolymis
1274 773 1463 837 Patriarcbas
1486 776 1696 857 Syrianoruru,
1731 775 1790 839 boc
1810 782 1858 838 eat
1880 774 2033 839 Jacobita-

666 890 743 951 rum,
767 871 977 951 Armeuorum,
1001 880 1031 935 et
1054 873 1199 955 quosdam
1222 871 1312 937 alios:
1335 874 1547 957 Metropolitae
1568 875 1611 937 illi
1634 883 1714 953 sunt,
1737 876 1787 956 qui
1803 875 1927 939 bonoms
1941 876 2035 956 gutia

667 971 858 1035 Patriarchae
882 972 1082 1054 appellantur,
1105 972 1186 1055 quod
1209 991 1341 1035 revera
1364 991 1425 1037 uon
1447 982 1527 1037 sunt.

379 1060 655 1162 F⁰r¹1¹t⁰ffll¹t⁰¹¹⁰·
753 1072 862 1134 Forma
882 1072 1099 1154 Diptycborum
1121 1071 1227 1136 eadem
1249 1080 1296 1135 est
1311 1074 1342 1135 in
1357 1064 1494 1137 omnibuis
1508 1074 1655 1137 Ecclesiis
1679 1073 1892 1148 Orientalibus,
1915 1081 1946 1136 et
1968 1075 2036 1155 qui-

344 1163 400 1200 mffl
420 1164 516 1204 mm·
667 1170 746 1249 dem,
769 1179 802 1234 ut
825 1173 856 1234 iu
878 1172 956 1235 edita
979 1174 1086 1236 Jacobi
1108 1172 1254 1256 Liturgia‚
1277 1180 1309 1235 et
1337 1173 1491 1256 plerisque
1514 1174 1588 1237 blss.
1610 1173 1809 1251 observatur,
1838 1190 1899 1235 uno
1929 1170 2055 1236 tenore'

667 1269 878 1334 describuntur
899 1290 1020 1352 preces,
1044 1290 1119 1354 quas
1134 1271 1282 1336 Sacerdos
1305 1272 1376 1335 dicit
1397 1292 1455 1354 pro
1475 1260 1624 1352 Ecclesia,
1647 1290 1704 1354 pro
1727 1273 1901 1353 Episcopis,
1925 1270 2037 1335 Sacer·

666 1369 784 1432 dotibus
808 1378 839 1432 et
863 1371 963 1450 Clero,
987 1380 1048 1434 tum
1071 1391 1128 1453 pro
1151 1373 1227 1434 aliis.
1270 1372 1312 1434 At
1339 1390 1400 1435 uon
1422 1372 1506 1436 solus
1530 1371 1683 1437 Sacerdos
1705 1379 1787 1436 orat:
1814 1370 1947 1453 populus
1970 1390 2035 1434 mo-

665 1477 753 1531 netur
776 1487 793 1532 a
814 1469 961 1549 Diacon0,
983 1480 1015 1533 ut
1037 1490 1094 1553 pro
1117 1472 1223 1535 iisdem
1253 1479 1337 1551 oret,
1372 1490 1448 1553 quos
1480 1474 1546 1554 ipse
1574 1474 1722 1536 nominat:
1753 1478 1798 1550 et,
1833 1480 1867 1533 ut
1895 1471 2036 1533 observat

664 1567 823 1647 Barsalibi,
845 1570 916 1633 nibil
939 1571 1018 1634 aliud
1042 1590 1058 1633 a
1081 1572 1194 1653 populo
1218 1570 1328 1634 dicitur
1348 1573 1415 1650 nisi,
1430 1572 1524 1655 Kpaie
1538 1573 1660 1635 eleison
1685 1571 1801 1633 Graeca
1823 1570 1874 1633 vel
1897 1568 2034 1651 Syriaca:

665 1667 804 1748 huncque
827 1670 963 1733 ordinem
987 1670 1208 1735 observandum
1232 1673 1282 1734 ait.
1332 1671 1396 1734 Pro
1417 1671 1609 1748 Pectoribus,
1631 1670 1848 1733 Sacerdotibus
1869 1669 2035 1745 Εοειεείαε,

666 1768 859 1851 omnibusque
879 1773 944 1849 par
965 1769 1130 1833 Ordinibus
1136 1792 1149 1843 ;
1179 1769 1242 1832 Pro
1263 1769 1397 1850 Regibus
1426 1779 1483 1834 etc.
1512 1778 1574 1832 tum
1603 1770 1750 1832 Menaria
1778 1768 1942 1830 Geraitricia
1970 1769 2035 1847 Dei,

665 1864 888 1948 Apostolorum,
910 1871 1093 1953 Martyrum,
1115 1869 1252 1945 Petram,
1273 1868 1456 1935 Doctorum:
1487 1872 1607 1933 medem
1628 1869 1734 1932 Oratio
1752 1888 1811 1949 pro
1833 1870 1971 1932 manae.
2006 1868 2035 1930 ld

666 1985 743 2030 vero
765 1985 826 2032 nou
848 1988 908 2061 uno
939 1969 1106 2052 eodemque
1136 1970 1224 2032 modo
1255 1969 1372 2032 solebat
1401 1971 1485 2049 beri,
1516 1969 1571 2033 sed
1601 1967 1761 2050 aliquando
1790 1966 2035 2048 producebantur

666 2085 776 2148 preces
798 2087 855 2149 pro
877 2072 969 2132 variis
992 2071 1132 2152 personis
1155 2078 1186 2133 et
1207 2069 1310 2147 rebus,
1332 2071 1417 2132 utin
1440 2068 1574 2151 Copticis
1596 2068 1740 2150 Litargiis
1762 2067 1932 2130 observare
1955 2068 2034 2130 licet:

668 2166 723 2229 sed
744 2169 874 2249 populus
897 2170 969 2232 nibil
992 2188 1111 2252 quoque
1129 2169 1256 2251 Coptica
1275 2170 1335 2231 ritu
1357 2169 1438 2246 dicit,
1460 2169 1622 2252 nisillyrie
1643 2170 1765 2232 abban.
1788 2166 1916 2228 Diacoui
1939 2174 2034 2229 autem

667 2266 914 2332 denunciatioues
937 2270 973 2332 ad
997 2270 1142 2333 orandum
1165 2271 1301 2352 integras
1329 2276 1539 2350 repraesentat
1564 2268 1642 2332 liber
1663 2266 1829 2329 Ministerii.
1873 2265 1907 2326 ln
1932 2265 2034 2345 prima.

667 2365 731 2428 Pro
752 2367 909 2431 Ecclesiae
930 2370 1120 2432 Pectoribus.
1144 2369 1285 2433 Benedic.
1310 2367 1435 2431 Oramus
1456 2378 1486 2432 et
1507 2370 1701 2448 deprecemur
1717 2366 1876 2428 bominum
1899 2364 2035 2426 etDeran

666 2474 802 2529 oestrum
822 2469 855 2529 in
877 2476 1007 2549 ternpore
1028 2471 1097 2544 isto,
1118 2488 1240 2549 megae,
1263 2469 1393 2531 terribili
1415 2476 1445 2531 et
1465 2475 1582 2543 caneto,
1601 2485 1661 2546 pra
1676 2465 1820 2528 Patribus
1842 2471 1873 2525 et
1892 2463 2036 2526 Recton‘·

667 2564 723 2628 bata
744 2567 797 2646 pai
816 2566 905 2629 bodie
925 2567 1014 2630 uobis
1031 2575 1197 2648 praemori,
1227 2575 1282 2630 etc.
1306 2568 1587 2650 respondeturque,
1614 2565 1708 2648 llyrie
1737 2562 1858 2627 eleison.
1912 2562 2036 2644 Reliqua

668 2665 705 2728 ad
727 2665 785 2728 boc
807 2675 1015 2751 argumentum
1037 2669 1216 2749 spectantia,
1239 2667 1318 2730 dicta
1340 2675 1410 2729 sunt
1431 2667 1500 2730 loco
1523 2666 1624 2741 citato,
1647 2671 1736 2744 atque
1759 2664 1838 2725 inter
1861 2662 1933 2740 alia,
1958 2679 2036 2741 quo-

666 2766 754 2830 modo
777 2769 921 2831 orandum
943 2768 1052 2832 doceat
1073 2768 1232 2845 Bnrsalibi,
1253 2785 1311 2850 pro
1333 2766 1467 2850 Regibus
1488 2783 1550 2828 non
1572 2763 1662 2826 modo
1684 2761 1822 2824 fidelibus
1845 2780 1887 2823 ex
1908 2759 2035 2823 Jacobi-

666 2875 764 2929 tarum
786 2869 938 2950 opinione,
961 2868 1016 2931 sed
1038 2871 1127 2933 etiam
1149 2869 1225 2948 aliis,
1249 2867 1330 2949 quod
1359 2874 1459 2930 omen
1488 2882 1549 2928 non
1575 2863 1688 2927 iaciunt
1715 2861 1907 2940 Nestoriani,
1938 2868 1972 2923 ut
1999 2857 2036 2921 ad

668 2985 772 3031 eorum
791 2969 957 3052 Liturgiam
979 2969 1218 3033 observabimus.

753 3068 901 3150 Diptycba
931 3068 1141 3147 Orientalium,
1176 3067 1287 3131 nullam
1320 3086 1388 3129 cunr
1414 3064 1538 3127 Litaniis
1567 3063 1680 3125 uostris
1710 3060 1824 3123 babere
1854 3059 2034 3137 affluitatem,

668 3167 749 3250 quod
770 3167 905 3250 dosepbo
928 3168 1084 3253 Scaligero
1105 3169 1204 3231 visum
1225 3168 1324 3231 iuerat
1346 3168 1485 3229 circaea
1509 3181 1586 3244 quae
1609 3160 1743 3242 Copticis
1765 3159 1910 3243 liturgiis
1935 3158 2034 3220 couti·

666 3276 790 3330 nentur:
813 3268 844 3329 in
865 3268 946 3332 notis
969 3268 1007 3330 ad
1028 3267 1110 3331 illum
1132 3269 1231 3331 locum
1254 3266 1449 3344 ostendimus,
1473 3281 1572 3344 neque
1594 3261 1682 3324 aliter
1703 3267 1751 3323 est
1773 3259 1811 3321 de
1829 3258 1965 3340 Syriacis
1983 3257 2033 3338 ju-

667 3366 839 3430 dicandum:
862 3369 1019 3448 utriusque
1042 3369 1119 3431 enim
1135 3369 1210 3430 ritus
1223 3366 1405 3450 Aegyptiaci
1428 3372 1458 3427 et
1470 3362 1596 3444 Syriaci,
1618 3364 1677 3423 imo
1700 3367 1732 3423 et
1755 3358 1882 3422 aliorum
1906 3358 2032 3419 omnium

667 3465 862 3529 Orientalium
885 3486 940 3549 par
963 3469 1083 3531 omniuo
1107 3467 1265 3549 disciplina
1287 3474 1345 3531 est.

414 3757 444 3811 r.
463 3759 506 3810 ae.
1065 3747 1404 3818 Commeammioues
1429 3742 1642 3813 Sanctorum.

386 3978 519 4034 invocatio
545 3980 655 4033 Sancto-
775 3955 812 4034 lu
833 3970 890 4031 ista
900 3967 1054 4048 liturgiae
1077 3974 1165 4050 parte
1179 3968 1388 4051 gravissimum
1410 3972 1457 4027 est
1470 3962 1676 4025 Ecclesiarum
1688 3956 1886 4021 Orientalium
1904 3956 1941 4018 de
1955 3953 2031 4017 San·

346 4080 410 4122 '¹²⁰²
669 4079 786 4136 ctorum
808 4070 999 4133 invocatione
1014 4068 1224 4145 testimonium,
1247 4066 1327 4149 quod
1349 4067 1379 4128 in
1401 4063 1490 4127 nullis
1512 4063 1726 4144 cujuscumque
1749 4058 1824 4119 ritus
1847 4064 1899 4118 aut
1913 4054 2030 4136 linguae

667 4173 769 4235 ciliciis
793 4170 990 4234 desideratur.
1033 4168 1067 4229 lu
1088 4167 1140 4230 illa
1162 4169 1255 4250 igitur
1275 4165 1348 4228 nibil
1369 4182 1497 4242 novum,
1524 4159 1598 4222 nibil
1619 4178 1637 4222 a
1659 4158 1793 4221 Romana
1814 4155 1952 4218 Ecclesia
1975 4153 2031 4214 illis

667 4275 859 4350 insinuatum,
882 4266 1024 4352 quidquid
1047 4268 1085 4330 de
1107 4266 1166 4328 hoc
1180 4274 1369 4348 argumento,
1393 4262 1603 4344 imperitenou
1617 4261 1724 4336 minus,
1748 4274 1837 4339 quam
1850 4254 2031 4317 calumniose

667 4372 892 4437 Reformatores
915 4367 1158 4431 declamaverint.
1204 4365 1383 4429 invocantur
1414 4370 1512 4425 autem
1541 4359 1661 4435 Sancti,
1690 4358 1742 4439 qui
1764 4357 1802 4419 ab
1825 4357 1909 4418 initio
1930 4350 2030 4415 mundi

667 4473 733 4535 Deo
755 4473 949 4554 placuerunt,
972 4485 1033 4529 non
1056 4475 1088 4529 ιιι
1109 4466 1208 4529 bonor
1230 4483 1388 4548 supremus
1411 4461 1542 4525 creatori
1564 4459 1621 4523 soli
1644 4457 1778 4535 debitus,
1801 4456 1956 4532 minuatum,
1980 4455 2029 4513 aut

668 4590 736 4634 curu
757 4571 816 4635 illis
839 4566 1088 4632 communicetur:
1111 4566 1168 4631 sed
1188 4573 1222 4628 ut
1244 4584 1349 4630 eorum
1369 4562 1512 4646 precibus
1534 4557 1680 4623 beneficia
1702 4557 1908 4633 obtineantur,
1930 4571 1948 4613 a
1970 4550 2029 4612 bo-

667 4690 775 4735 norum
797 4671 927 4733 omnium
948 4667 1031 4730 ioute
1054 4672 1085 4728 et
1105 4665 1270 4748 largitore,
1295 4683 1311 4728 a
1335 4682 1394 4746 quo
1418 4680 1505 4726 omne
1528 4660 1627 4722 datum
1649 4658 1792 4737 optimum
1814 4663 1845 4717 et
1862 4670 1946 4715 omne
1969 4650 2030 4712 do-

667 4790 739 4834 num
761 4769 928 4853 perlectum
951 4766 1109 4829 desursum
1132 4784 1218 4844 esse,
1242 4772 1273 4829 et
1295 4764 1482 4828 descendere
1506 4779 1523 4824 a
1545 4766 1631 4841 patre
1653 4756 1805 4835 luminum,
1828 4775 1868 4818 err
1882 4752 2028 4831 scriptura

669 4880 847 4954 agnoscunt.
892 4869 925 4930 lu
948 4884 1051 4930 eorum
1074 4883 1194 4947 quoque
1215 4865 1320 4928 laudes
1343 4864 1446 4941 effusi,
1468 4861 1596 4942 hymnos
1610 4856 1720 4921 babent
1741 4855 1926 4937 multiplices,
1950 4864 2028 4960 quoa

667 4973 698 5034 iu
721 4972 899 5035 Sanctorum
920 4967 1130 5031 festivitatibus
1154 4982 1265 5027 cauere
1287 4964 1397 5028 solent:
1430 4978 1491 5024 non
1519 4959 1639 5041 quidem
1670 4959 1702 5019 iu
1729 4956 1880 5039 liturgia,
1908 4950 1962 5014 sed
1997 4963 2027 5009 m

670 5071 736 5134 aliis
759 5070 877 5134 Olilciis.
921 5068 1010 5133 Tales
1032 5066 1141 5131 multos
1170 5066 1304 5130 continet
1329 5064 1400 5127 Bait
1420 5063 1522 5139 dosa,
1551 5061 1618 5123 sive
1648 5058 1835 5137 lbescwas,
1866 5048 1941 5133 apud
1970 5048 2025 5111 Ja-
