4525 6034
477 590 657 669 IGNdTll
687 590 1007 670 PATRldRCHdll
1041 589 1338 668 attinentur.
1511 591 1586 667 533

324 777 486 872 Populus.
539 777 646 875 Kyrie
673 779 811 852 eleison.

323 895 498 967 Sacerdos
530 896 666 967 elevans
695 917 822 967 vocem.
861 894 994 968 illarum
1022 895 1249 968 columnarum
1274 903 1439 967 rectarum
1467 903 1502 967 et
1527 898 1586 967 in-

219 1033 475 1102 concussarum,
503 1035 589 1107 quae
614 1034 699 1085 onus
729 1010 900 1085 formosae
931 1009 1018 1083 illius
1053 1034 1151 1106 quam
1185 1009 1237 1085 sol
1273 1007 1480 1082 decoloravit
1509 1010 1588 1083 lae-

217 1138 327 1202 tanter
354 1131 591 1201 sustinuerunt:
618 1152 705 1225 quae
730 1127 819 1202 illam
845 1132 953 1225 ipsam
977 1126 1078 1200 liliam
1097 1127 1275 1224 Syrorum,
1301 1125 1487 1200 Ecclesiam
1502 1151 1588 1201 san-
1651 1195 1655 1208 ,

219 1254 306 1318 ctam
331 1253 485 1343 potenter
510 1244 725 1318 fidcivercmt:
753 1247 808 1341 qui
834 1245 1080 1318 tabernaculum
1108 1245 1181 1335 ejus
1198 1265 1299 1340 snpra
1316 1241 1403 1316 coeli
1429 1245 1589 1336 regiones

218 1371 413 1457 posuerunt,
439 1372 473 1434 et
498 1361 594 1434 funes
620 1364 693 1455 ejus
719 1383 781 1458 per
808 1372 949 1457 quatuor
974 1370 1086 1433 terrac
1110 1371 1224 1455 partes
1252 1358 1481 1433 extenderunt.
1523 1362 1588 1449 Qui

219 1481 338 1551 iterum
370 1501 411 1551 ac
442 1482 540 1551 tertio
576 1500 692 1570 agrum
727 1482 800 1572 ejus
834 1479 1008 1568 incultum,
1041 1474 1220 1549 Ecclesiae
1246 1498 1292 1547 ex
1319 1476 1473 1568 gentibus
1499 1499 1589 1550 con-

219 1605 394 1687 gregatae,
422 1618 442 1667 a
469 1595 567 1691 sylva
594 1597 807 1684 zizaniorum,
834 1607 868 1669 et
893 1597 1010 1690 spinis,
1036 1590 1265 1690 vepribusque
1290 1594 1324 1663 in
1351 1614 1393 1663 ea
1419 1596 1588 1668 seminatis

218 1721 466 1807 purgaverunt:
493 1710 725 1807 plantaverunt
751 1712 849 1783 etiam
879 1713 912 1781 in
940 1733 982 1782 ea
1016 1707 1147 1806 plantas
1179 1706 1372 1781 benedictas
1407 1712 1588 1784 animarum

217 1827 374 1918 fidelium,
401 1851 488 1923 quae
514 1831 600 1901 sicut
625 1828 717 1901 cedri
741 1826 863 1900 Libani
889 1836 1054 1916 crescunt,
1081 1836 1117 1899 et
1143 1824 1334 1899 ascendunt.
1386 1825 1520 1899 Illorum
1534 1830 1590 1922 qui

219 1965 266 2016 ex
290 1943 383 2016 fonte
408 1943 533 2017 Edonis
561 1966 622 2016 seu
647 1942 799 2017 Paradisi
826 1955 967 2040 quatuor
993 1945 1152 2039 capitum,
1178 1942 1295 2015 hausta
1328 1964 1415 2038 aqua
1448 1966 1508 2016 eas
1533 1947 1588 2015 ri-

219 2068 388 2152 gaverunt
412 2058 676 2152 Evangeliorum
701 2058 810 2133 fluviis
838 2069 991 2156 quatuor:
1027 2061 1083 2155 qui
1117 2061 1317 2132 structiones
1342 2057 1521 2150 lateritias,
1554 2069 1589 2133 et

218 2173 337 2265 luteas,
363 2175 640 2272 fundamentoque
667 2173 882 2266 Chalanitica,
910 2198 1100 2250 sermonum
1115 2175 1293 2266 subtilium,
1320 2176 1587 2248 contrariorum-

218 2314 283 2387 qne
309 2295 455 2384 veritati,
483 2292 656 2380 aedificata
692 2302 726 2364 et
759 2292 911 2384 elevata,
950 2293 1140 2382 diruerunt,
1174 2301 1207 2366 et
1240 2290 1314 2365 solo
1348 2301 1589 2386 aequaverunt,

217 2431 279 2504 per
304 2409 428 2481 imbres
454 2407 597 2505 Spiritus
624 2410 743 2497 sancti,
768 2419 802 2481 et
828 2417 932 2482 totam
958 2408 1099 2482 aedilicii
1116 2429 1317 2505 compagem
1343 2405 1587 2498 dissolverunt3

219 2528 274 2619 qui
299 2522 520 2598 fundamentis
547 2524 613 2597 alte
641 2527 741 2617 jactis
777 2524 1037 2597 aedificaverunt
1071 2524 1190 2598 domos
1223 2517 1307 2597 fidei
1330 2505 1454 2614 verae,
1485 2545 1589 2620 super

217 2651 344 2735 penam
371 2644 617 2732 inconcussam,
643 2650 677 2712 et
704 2638 962 2714 aedificaverunt
978 2661 1091 2713 muros
1119 2642 1324 2728 securitatis,
1351 2663 1372 2712 a
1402 2640 1586 2714 latronibus

219 2754 437 2852 spoliantibus
465 2760 604 2846 animas,
631 2767 720 2830 tutos
753 2779 958 2852 securosque
988 2765 1209 2853 praestantes.
1262 2757 1388 2829 Horum
1415 2757 1588 2854 snpplica-

218 2873 363 2947 tionibus
390 2883 424 2945 et
450 2872 737 2970 deprecationibus
762 2871 922 2961 Domine,
956 2871 1114 2946 confirma
1148 2893 1212 2945 nos
1238 2876 1272 2946 in
1299 2872 1479 2971 disciplinis
1505 2873 1587 2948 illo-

217 3013 306 3063 rum:
332 2991 446 3063 firmos
472 3000 606 3085 praesta
633 3011 712 3062 esse
738 3011 800 3062 nos
827 2993 862 3061 in
888 2988 1037 3063 doctrina
1054 2988 1096 3061 ab
1122 2988 1188 3062 illis
1214 2988 1453 3094 demonstrata,
1481 3001 1515 3063 et
1541 2991 1585 3065 da

219 3111 317 3180 etiam
345 3107 442 3180 nobis
468 3117 505 3178 ut
529 3109 693 3179 imitemur
725 3116 760 3178 et
793 3105 1013 3179 observemus
1047 3105 1148 3199 digne
1179 3127 1292 3178 mores
1318 3127 1452 3195 eorum,
1479 3127 1585 3202 usque
1715 3098 1723 3130 '

219 3223 262 3296 ad
288 3225 533 3319 separationem
560 3225 741 3294 animarum
767 3245 788 3294 a
813 3221 1022 3319 corporibus,
1049 3222 1230 3295 secundum
1256 3221 1353 3295 mem
1387 3221 1452 3295 illis
1478 3246 1585 3319 prae-

218 3343 375 3429 stitutum,
401 3350 437 3411 ut
462 3362 536 3412 cum
563 3338 627 3411 illis
653 3349 688 3411 et
712 3342 798 3412 inter
823 3339 899 3413 illos
926 3338 1109 3412 referamus
1138 3337 1196 3410 tibi
1222 3337 1377 3430 gloriam,
1402 3348 1467 3411 etc.

322 3455 483 3550 Populos.
535 3457 655 3529 Amen.

323 3571 498 3644 Sacerdos
522 3571 714 3643 inclinatae.
767 3572 889 3645 ltemm
915 3572 1014 3646 etiam
1039 3573 1220 3666 praecipue
1243 3573 1278 3642 in
1303 3573 1497 3644 memoriam
1522 3594 1586 3643 re-
1638 3571 1642 3584 '

217 3711 307 3763 voca
333 3690 489 3777 Domine,
516 3710 632 3762 omnes
659 3686 833 3760 defunctos
865 3686 980 3761 fideles
1012 3691 1068 3782 qui
1094 3689 1422 3760 communicaverunt
1454 3692 1587 3784 corpori

195 3816 253 3878 ‘et
279 3807 431 3898 sangnini
458 3806 616 3896 unigeniti
640 3803 716 3876 Filii
742 3806 804 3894 tui,
839 3816 873 3877 et
898 3806 1077 3901 participes
1102 3802 1185 3874 facti
1215 3813 1292 3876 sunt
1316 3804 1472 3899 baptismi
1497 3805 1588 3878 ado·
1675 3869 1680 3890 ,

217 3924 338 4017 ptionis
364 3921 524 4009 filiorum3
552 3929 653 4015 atque
674 3942 726 4008 ex
750 3920 814 3991 hac
838 3918 1011 3993 laboriosa
1044 3922 1115 3992 vita
1140 3920 1238 3992 vario
1265 3943 1392 4015 genere
1418 3943 1492 3992 cum
1526 3944 1588 4018 spe

217 4039 254 4110 in
278 4061 365 4128 eum,
391 4041 635 4129 migraverunt:
662 4038 717 4131 qui
744 4046 925 4133 expectant
959 4057 1054 4131 spem
1080 4033 1231 4126 beatam,
1270 4047 1304 4108 et
1335 4040 1587 4133 promissionem

217 4153 304 4227 illius
330 4176 507 4226 veracem:
533 4152 673 4225 filiorum
700 4152 876 4228 Ecclesiae
902 4161 1051 4241 sanctae,
1078 4154 1134 4246 qui
1160 4151 1219 4223 tibi
1245 4150 1309 4225 soli
1330 4154 1437 4242 Deus,
1462 4176 1586 4225 nume-

218 4274 282 4343 rati
310 4281 342 4343 et
370 4274 495 4363 cogniti
521 4280 606 4344 sunt.
639 4269 709 4342 Fac
737 4292 799 4344 eos
816 4270 958 4343 Domine
987 4271 1162 4365 quiescam
1188 4270 1222 4340 in
1248 4267 1503 4343 habitationibus
1528 4269 1587 4341 lu-

218 4387 319 4478 cidis,
355 4398 389 4461 et
420 4390 507 4459 inter
537 4388 694 4460 convivia
726 4385 782 4460 illa
809 4386 985 4477 deliciosa3
1012 4387 1182 4486 remittens
1204 4389 1490 4478 nansfflessiones
1504 4385 1588 4460 illo-

217 4527 290 4577 mm
317 4512 352 4600 et
375 4513 520 4577 nostras.

323 4621 486 4714 Populus.
539 4619 646 4716 Kyrie
672 4617 811 4693 eleison.

325 4737 501 4810 Sacerdos
540 4737 678 4810 clevans
715 4739 842 4810 vocem.
901 4733 973 4808 Eos
1012 4756 1152 4829 quorum
1194 4736 1418 4828 meminimus,
1458 4755 1587 4830 eosque

220 4875 357 4948 quorum
384 4875 451 4928 non
478 4855 698 4940 meminimus,
736 4855 791 4947 qui
826 4873 908 4924 mox
933 4851 1117 4943 ingressuri
1143 4860 1219 4926 sunt
1243 4860 1373 4947 portam
1401 4849 1489 4922 illam
1515 4873 1586 4944 ge-

219 4969 379 5059 neralem,
406 4992 470 5066 qua
497 4971 651 5043 uansivit
675 4968 784 5045 Adam
811 4977 1064 5064 paternoster,
1090 4969 1284 5065 primusque
1310 4968 1489 5040 creationis
1515 4989 1585 5039 no-

219 5095 325 5158 strae:
353 5108 413 5159 eos
441 5090 496 5183 qui
523 5089 619 5160 vario
646 5087 760 5159 mortis
786 5106 914 5194 genere
940 5108 987 5157 ex
1013 5083 1079 5158 hoc
1105 5082 1226 5157 mundo
1261 5082 1424 5156 materiali
1454 5084 1586 5177 egressi

1308 5201 1392 5276 70*
