4525 6034
544 584 1231 666 SANCTIGREGORII.
1526 594 1577 666 37

206 786 237 848 et
259 776 364 869 gloria
390 770 526 869 plenum
552 784 624 863 est,
652 773 740 870 quod
767 794 831 847 nos
859 796 977 849 omnes
1004 781 1166 872 consequi
1193 799 1388 874 speramuS,
1422 801 1484 875 per
1515 783 1576 850 in-

204 894 436 963 tercessionem
463 893 628 963 Dominae
656 894 801 963 omnium
827 903 998 983 nostrum,
1025 905 1162 969 sanctae
1180 897 1351 986 genitricis
1365 896 1449 985 Dei,
1478 919 1575 969 sem-

203 1030 323 1105 perque
347 1006 498 1099 Virginis
526 1007 672 1079 Mariae:
706 1018 740 1079 et
775 1017 916 1101 quatuor
947 1008 1130 1081 lucidorum
1164 1008 1359 1097 Michaelis,
1395 1010 1574 1102 Gabrielis,

202 1123 394 1220 Raphaelis,
422 1135 457 1196 et
482 1123 641 1196 Surielis:
668 1134 703 1195 et
730 1134 871 1219 quatuor
897 1126 1084 1197 annualium
1120 1129 1412 1221 incorporeorum:
1445 1138 1479 1199 et
1512 1132 1574 1200 vi-

204 1244 281 1333 ginti
317 1251 458 1335 quatuor
490 1239 794 1334 Presbyteromm,
830 1238 1011 1313 Cherubim
1046 1251 1081 1313 et
1113 1241 1310 1337 Seraphim,
1346 1254 1380 1315 et
1416 1244 1575 1316 Ordinum

202 1357 409 1429 coelestium:
436 1365 471 1428 et
495 1378 558 1451 per
585 1359 756 1429 orationes
777 1356 1044 1429 Patriarcharum
1071 1367 1106 1429 et
1123 1357 1381 1453 Prophetarum:
1408 1360 1574 1434 ioannis-

201 1473 384 1568 Baptistae,
412 1482 446 1543 et
467 1483 598 1543 centum
619 1471 838 1567 quadraginta
862 1482 1004 1567 quatuor
1021 1472 1173 1564 millium,
1204 1474 1412 1547 dominorum
1429 1486 1574 1547 nostro-

201 1612 267 1661 rum
284 1586 545 1683 Apostolorum,
561 1597 605 1667 ,et
623 1590 721 1683 primi
736 1590 963 1661 Diaconomm
978 1589 1155 1686 Stephani:
1183 1601 1217 1662 et
1237 1593 1279 1663 D.
1297 1591 1404 1684 Regis
1423 1592 1573 1685 Georgii,

202 1707 294 1776 totins
323 1702 416 1776 chori
441 1714 641 1799 martyrum,
670 1715 703 1777 et
729 1704 823 1776 chori
850 1708 1198 1798 crucesignatorum,
1225 1710 1372 1804 piorum,
1396 1711 1574 1801 justorum,

201 1824 361 1913 virginum
395 1820 613 1915 prudentum,
647 1832 681 1893 et
713 1845 902 1917 puerorum.
963 1822 1160 1895 Benedictio
1197 1823 1323 1916 Angeli
1363 1825 1427 1898 diei
1462 1828 1572 1898 istius:

201 1935 383 2009 benedictio
413 1935 591 2009 Genitricis
617 1939 681 2009 Dei
717 1937 864 2011 Sanctae
895 1938 1026 2010 Mariae
1061 1949 1223 2034 patronae
1259 1943 1352 2012 istius
1385 1940 1574 2031 Ecclesiae,

202 2063 233 2124 et
251 2051 346 2144 hujus
365 2053 430 2125 diei
448 2075 514 2148 quo
530 2056 602 2145 ejus
622 2058 785 2127 memoria
800 2052 1003 2126 celebratur:
1024 2054 1276 2127 henedictiones
1294 2077 1407 2127 eorum
1423 2068 1573 2147 sanctae,

203 2174 346 2260 gratiae,
372 2173 532 2260 virtutes,
560 2169 670 2260 dona,
697 2172 841 2261 auxilia,
868 2173 1027 2267 patientia
1053 2181 1088 2243 et
1113 2176 1236 2245 caritas
1264 2194 1398 2264 eorum,
1425 2176 1489 2245 sint
1504 2197 1574 2248 no-

203 2282 324 2358 biscum
349 2307 458 2381 usquc
485 2290 518 2357 in
545 2287 725 2359 saeculum.
778 2288 898 2363 Amen.

562 2559 649 2629 Alia
677 2559 799 2630 Oratio
828 2558 1028 2629 Gratiarum
1054 2561 1211 2630 actionis.

299 2763 433 2835 Gratias
441 2766 572 2856 agimus
583 2763 641 2837 tihi
650 2765 876 2839 Paternoster
885 2776 1001 2838 sancte
1016 2768 1244 2862 omnipotens,
1259 2768 1371 2837 omnia
1383 2775 1573 2861 praestans,

204 2889 331 2951 creator
357 2882 524 2971 omnium,
552 2885 607 2976 qui
634 2881 755 2954 dedisti
780 2880 879 2956 nohis
896 2881 983 2954 hunc
1008 2882 1117 2955 cibum
1142 2892 1313 2972 sunctum,
1340 2880 1573 2971 immortalem,

203 3001 391 3090 mysticum3
420 3000 475 3091 qui
503 3001 660 3093 aperuisti
686 2998 784 3071 nohis
811 3002 903 3072 viam
931 3003 1039 3088 vitae,
1066 3002 1121 3092 qui
1149 2997 1323 3072 ostendisti
1348 2997 1447 3070 nohis
1466 3000 1574 3071 semi-

204 3123 264 3183 tam
289 3136 354 3207 qua
382 3112 640 3185 ascenderemus
668 3114 710 3186 ad
738 3115 890 3205 coelum,
918 3119 973 3210 qui
999 3114 1140 3207 largitus
1172 3137 1210 3189 es
1242 3117 1353 3189 servis
1385 3119 1449 3189 tuis
1483 3114 1574 3185 mul-

204 3227 363 3298 titudinem
378 3227 559 3301 honorum:
574 3240 624 3321 tu,
640 3232 784 3303 Domine
798 3230 888 3303 hone
902 3242 1031 3304 amator
1045 3229 1233 3321 hominum,
1249 3252 1416 3303 conserva
1430 3235 1573 3323 gratiam

205 3341 275 3413 doni
302 3346 347 3413 tui
373 3347 406 3415 iu
433 3344 552 3435 nohis,
579 3357 708 3419 utnon
736 3351 779 3423 sit
804 3346 902 3421 nohis
931 3348 972 3420 ad
1000 3347 1327 3435 condemnationem,
1355 3348 1417 3420 sed
1443 3351 1485 3421 sit
1510 3371 1574 3419 rc-

205 3461 311 3550 quies,
338 3459 469 3551 gloria,
497 3466 670 3556 acquisitio
697 3467 809 3556 vitae,
837 3465 1041 3538 confirmatio
1070 3468 1202 3537 animae
1228 3471 1262 3534 et
1287 3466 1413 3560 puritas
1427 3467 1574 3559 corpori,

205 3581 237 3642 ut
260 3576 416 3649 vivamus
443 3580 478 3649 in
505 3588 557 3669 te,
584 3590 618 3650 et
645 3578 884 3676 adimpleamus
907 3584 1067 3674 justitiam
1094 3583 1380 3676 omnitempore:
1407 3590 1443 3652 ut
1462 3580 1575 3673 glori-

207 3687 317 3761 ficetur
344 3714 467 3765 nomen
493 3704 582 3768 tunm
610 3699 644 3767 in
670 3697 789 3787 nohis,
818 3709 851 3770 ct
876 3698 934 3770 tihi
962 3698 1100 3771 dehetur
1125 3695 1251 3786 honor,
1279 3695 1406 3789 gloria,
1435 3706 1498 3770 etc.
