4525 6034
738 571 812 649 396
1240 577 1599 656 LITURGIA

838 762 1022 835 Sacerdos.
1049 760 1301 836 Misericordiae
1328 765 1393 836 Dei
1420 768 1494 839 sint.

836 879 1016 952 Diaconos
1041 880 1126 951 dicit
1153 879 1372 952 Cotboitcum.

832 1152 1008 1225 Sacerdos
1034 1155 1126 1225 dicet
1154 1154 1351 1226 Orationem
1378 1179 1466 1251 quoe
1492 1157 1620 1227 dicitnr
1646 1164 1727 1229 oute
1753 1160 1853 1231 Pater
1877 1170 1987 1234 noster.

835 1342 928 1416 Deus
956 1342 1171 1417 absconditus
1198 1357 1232 1418 et
1258 1344 1618 1441 incomprehensibilia,
1645 1347 1815 1438 occultus,
1840 1369 1901 1419 nec
1931 1369 2060 1445 conpre-

731 1456 919 1549 hensibilis,
946 1470 980 1531 et
1005 1460 1193 1552 gloriosus,
1219 1485 1284 1534 nec
1310 1461 1470 1549 visibilis,
1496 1462 1555 1533 lux
1588 1470 1738 1550 aeterna,
1771 1472 1806 1534 et
1837 1464 2060 1554 innoetimnbdie,

732 1579 903 1662 existens,
931 1576 1121 1668 excellens,
1147 1601 1211 1650 nec
1238 1590 1347 1652 mente
1374 1577 1695 1675 comprehensibilis:
1729 1584 1861 1671 genitor
1888 1579 1983 1652 Verbi
2009 1603 2060 1654 non

732 1690 944 1786 temporalis,
972 1697 1023 1765 cui
1051 1716 1124 1766 cum
1151 1699 1270 1768 timore
1296 1698 1480 1768 ministrant
1506 1694 1648 1767 Ordines
1682 1693 1804 1766 ardore
1838 1699 1992 1768 succensi:
2020 1702 2061 1791 ui

730 1808 850 1880 videns
876 1829 983 1900 genus
1009 1820 1158 1884 nostrum
1185 1812 1274 1908 qnod
1301 1810 1470 1885 ceciderat
1494 1814 1528 1882 in
1554 1810 1713 1905 abyssum
1744 1809 1937 1904 protundum
1968 1812 2061 1907 perdi-

730 1926 849 2014 tionis,
884 1936 919 1996 et
954 1949 974 1996 e
1008 1927 1083 1999 Deo
1119 1926 1314 2015 alienatum,
1347 1950 1413 2000 non
1447 1927 1627 2020 neglexisti
1663 1926 1803 1999 salntem
1836 1937 1990 2017 nostram,
2017 1927 2061 2000 sed

731 2039 849 2112 Filium
877 2049 965 2111 ιιιιιιιι
991 2043 1194 2134 unigenitum
1221 2067 1241 2115 e
1268 2047 1342 2116 sinu
1367 2056 1424 2116 tuo
1451 2046 1566 2116 misisti
1593 2042 1636 2114 ad
1661 2064 1742 2131 noa,
1770 2044 1825 2135 qui
1844 2049 1988 2117 assumsit
1998 2066 2060 2114 oor-

730 2178 793 2252 pus
820 2154 995 2229 humanum
1020 2168 1191 2249 nostrum,
1218 2168 1251 2231 ct
1276 2158 1447 2231 nobiscum
1472 2162 1506 2230 in
1532 2157 1653 2230 mundo
1676 2166 1835 2229 versatus
1851 2169 1901 2230 cet
1913 2158 1952 2231 ad
1967 2181 2061 2230 emen-

730 2271 897 2344 dationem
932 2281 1099 2363 nostram,
1135 2284 1170 2346 et
1202 2273 1393 2348 Orationem
1428 2274 1625 2348 dominicam
1658 2272 1769 2346 docuit
1801 2296 1885 2362 nos,
1922 2285 1955 2345 ut
1984 2273 2061 2346 corde

729 2408 813 2482 puro
841 2398 875 2459 et
900 2392 1009 2460 anima
1034 2388 1143 2461 lucida
1170 2390 1349 2464 clamemus
1382 2390 1425 2463 ad
1457 2402 1506 2483 te,
1540 2412 1690 2481 oremus,
1727 2398 1761 2461 et
1793 2390 1955 2463 dicamus:
1985 2391 2062 2462 Pater

729 2514 846 2576 noster
872 2507 927 2598 qni
954 2527 992 2576 cs
1018 2507 1051 2576 in
1079 2507 1195 2580 coelis.

832 2619 993 2713 Populos.
1047 2621 1277 2695 Sanctificetur
1302 2645 1425 2695 nomen
1451 2633 1550 2696 tuum

831 2731 1015 2807 Sacerdos.
1069 2737 1225 2811 OPater
1251 2742 1447 2829 miserator,
1485 2749 1519 2811 ct
1544 2740 1758 2827 misericors,
1791 2738 1895 2809 Pater
1935 2738 2061 2809 demens

730 2854 910 2923 civeniae
936 2853 1087 2945 bargutor,
1115 2880 1135 2927 a
1162 2866 1196 2928 te
1220 2859 1362 2952 petimus
1388 2865 1423 2927 et
1448 2854 1666 2951 deprecamur
1690 2863 1741 2942 te,
1773 2865 1810 2925 ut
1844 2853 1953 2926 salves
1976 2875 2062 2924 nosa

727 2967 827 3055 malo,
855 2977 888 3039 et
914 2969 1117 3044 exercitibus
1145 2974 1230 3064 ejus,
1257 2980 1291 3043 et
1314 2971 1438 3045 liberes
1459 2992 1522 3043 nos
1540 2994 1561 3042 a
1579 2967 1827 3059 tentationibus,
1856 2970 2062 3054 afflictionibus,

727 3083 835 3178 plagis
863 3091 896 3153 et
921 3088 1028 3178 virgis
1056 3085 1195 3160 furoris:
1222 3087 1345 3160 dimitte
1371 3090 1469 3159 etiam
1490 3088 1587 3160 nobis
1614 3086 1732 3159 delicta
1758 3097 1792 3158 et
1807 3096 1947 3183 peccata
1964 3094 2062 3168 nostre,

727 3220 788 3294 per
814 3199 1050 3273 multitudinem
1079 3225 1233 3296 magnam
1261 3203 1457 3276 elementiae
1482 3213 1571 3294 tuae,
1598 3207 1674 3297 quia
1700 3213 1790 3274 tunm
1817 3213 1872 3276 est
1895 3207 2062 3294 regnnmet

728 3323 892 3407 potestas,
919 3326 954 3387 ct
981 3316 1169 3391 referemus
1195 3317 1254 3390 tibi
1280 3319 1422 3410 laudem,
1449 3330 1484 3391 et
1508 3323 1676 3412 unigenito
1702 3318 1790 3391 Filio
1817 3329 1887 3391 tuo.

829 3430 991 3524 Populos.
1043 3437 1163 3508 Amen.

829 3546 1013 3621 Sacerdos.
1067 3551 1151 3623 Pax.

830 3663 1016 3737 Diaconos.
1069 3667 1170 3755 Ante,
1198 3677 1261 3739 etc.

829 3777 1016 3853 Sacerdos.=
1053 3783 1121 3854 Ter
1147 3783 1205 3856 tibi
1230 3784 1356 3875 gratias
1385 3785 1524 3876 agimus,
1551 3792 1586 3854 te
1612 3781 1790 3854 adoramus
1817 3783 1931 3853 unice:
1956 3789 1985 3849 te
2006 3799 2063 3848 curn

724 3895 842 3965 timore
867 3895 1049 3988 laudamus,
1076 3897 1134 3971 tibi
1161 3899 1389 3973 adorationem
1415 3897 1581 3971 offerimus
1606 3895 1842 3987 incbnnbundi,
1869 3906 1903 3967 et
1928 3919 1947 3966 a
1972 3895 2062 3965 temi-

725 4010 939 4084 sericordiam
974 4013 1219 4111 deprecabundi
1253 4017 1406 4112 petimus.
1457 4016 1552 4087 Mitte
1586 4012 1837 4087 benedictiones
1873 4019 1945 4085 uias
1975 4008 2063 4082 abun

725 4125 860 4218 denter,
900 4140 933 4201 et
965 4128 1106 4203 benedic
1140 4132 1297 4228 populum
1331 4142 1421 4204 ιιιιιιιι
1448 4143 1482 4204 et
1513 4153 1653 4224 gregem
1685 4140 1775 4202 tuum
1813 4128 2007 4225 aequaliter,
2037 4130 2064 4192 ui

725 4246 894 4339 mysteriis
929 4249 1002 4319 istis
1035 4252 1317 4321 communicemus
1349 4257 1484 4338 sancte,
1511 4257 1545 4320 et
1578 4245 1762 4319 rderamns
1798 4245 1860 4318 tibi
1890 4244 2064 4339 giorianet

725 4358 866 4431 laudern.

825 4475 985 4567 Pupam.
1037 4477 1156 4551 Anien.

825 4590 1008 4664 Sacerdos.
1060 4597 1144 4668 Pax.

827 4706 986 4801 Populos.
1039 4708 1083 4781 Et
1109 4734 1183 4783 cum
1209 4713 1324 4806 spiritu
1349 4721 1415 4785 ιιιο.

824 4822 1009 4897 Sacerdos.
1062 4824 1114 4899 Sit
1138 4831 1256 4919 gratia.

827 4938 1014 5012 Diaconos.
1067 4941 1152 5015 Cum
1179 4947 1297 5015 timore
1324 4946 1532 5039 aspiciamus.

825 5054 1009 5129 Sacerdos.
1062 5058 1187 5131 Sancta
1214 5062 1348 5136 sanctis.
