4525 6034
570 575 623 651 m
640 573 849 651 moun
864 509 1058 651 coruom
1073 575 1104 652 s.
1123 575 1270 654 amun.
1536 574 1611 651 mc

229 759 356 823 tionem.
378 758 505 820 Praeter
526 756 605 819 illam
628 756 740 821 babent
763 758 853 820 etiam
874 756 1059 841 singularem
1080 758 1324 823 benedictionem
1340 775 1516 840 mapparum
1531 777 1610 841 quac

228 858 322 921 altari
344 859 566 935 insternuntur,
585 855 835 937 respondentque
857 854 1042 920 Graecorum
1068 843 1306 936 Ἀντιμινσίοις.

326 957 541 1037 Quaecumque
563 955 602 1018 de
622 955 681 1017 illis
704 954 864 1018 observari
885 963 1014 1036 possunt
1041 974 1081 1018 ex
1110 955 1275 1037 Ecspousis
1297 956 1445 1020 Manuelis
1468 955 1611 1020 Charito-

227 1055 316 1138 puli,
339 1055 518 1117 Bdsamone
540 1061 572 1116 et
594 1052 660 1115 aliis
691 1053 847 1116 autoribus
876 1062 1018 1117 accurate
1047 1055 1177 1119 collecta
1205 1063 1275 1118 sum
1302 1056 1334 1119 in
1358 1055 1536 1120 Glossario:
1570 1076 1611 1119 ex

228 1155 344 1236 quibus
367 1154 544 1234 intelligitur
553 1140 756 1231 :anamma
778 1170 848 1215 esse
870 1160 1028 1234 segmenta
1042 1155 1152 1234 panni,
1175 1154 1226 1217 vel
1242 1172 1385 1236 mappae,
1408 1173 1487 1235 quae
1502 1173 1609 1219 sacrae

227 1271 358 1316 mensae
381 1254 558 1316 insternitur
578 1252 609 1314 in
632 1253 681 1315 die
703 1250 926 1315 Encoeniorum
947 1252 1123 1330 Ecclesiae,
1147 1272 1225 1335 quae
1247 1253 1389 1335 precibus
1412 1263 1443 1317 et
1464 1256 1525 1318 ritu
1545 1255 1611 1318 Ec-

227 1352 407 1416 clesiastico
430 1358 609 1414 consecrata
631 1352 662 1413 in
684 1351 786 1413 varias
808 1359 912 1430 partes
935 1350 1131 1431 discinditur,
1155 1360 1186 1415 et
1209 1370 1287 1434 quae
1309 1353 1447 1416 altarium
1469 1360 1503 1416 ut
1512 1354 1610 1417 Latini

226 1459 346 1515 vocant
359 1451 542 1532 portatilium
557 1452 655 1513 vicem
675 1457 848 1530 praestant,
873 1449 949 1513 adeo
967 1451 1043 1513 utin
1057 1450 1266 1514 oratoriorum
1285 1459 1336 1514 aut
1351 1453 1475 1515 aliarum
1492 1453 1611 1516 aedium

226 1567 389 1615 sacrarum
411 1550 524 1611 mensis
545 1567 605 1612 non
629 1549 834 1627 consecratis,
853 1546 977 1630 'absque
1005 1549 1154 1632 ejusmodi
1183 1549 1397 1629 Antimensiis,
1427 1569 1532 1615 sacras
1554 1553 1610 1615 Li·

226 1650 351 1730 turgias
374 1665 525 1731 peragere
548 1666 608 1710 non
631 1648 731 1711 liceat.
752 1646 808 1710 Est
829 1648 922 1730 igitur
942 1650 1022 1711 inter
1045 1649 1182 1712 Graecos
1204 1657 1234 1712 et
1257 1650 1428 1713 Orientales
1457 1650 1516 1713 hoc
1545 1651 1611 1714 ‹lis-

227 1750 365 1826 crimen,
389 1746 470 1827 quod
483 1747 603 1810 tabulae
618 1755 817 1809 consecratae
848 1747 928 1828 apud
952 1747 1027 1810 istos
1040 1747 1297 1811 Antimensiorum
1309 1751 1456 1812 rationem
1468 1749 1611 1831 habeant,

228 1846 379 1929 quodque
414 1846 503 1908 etiam
538 1848 569 1908 iu
597 1846 742 1908 altaribus
772 1848 959 1909 consecratis
987 1865 1041 1910 eas
1070 1846 1188 1910 tabulas
1216 1855 1250 1909 ut
1278 1848 1438 1928 plurimum
1466 1848 1611 1913 adhibere

227 1947 369 2009 soleant:
394 1945 558 2007 communis
580 1963 657 2007 vero
679 1946 816 2025 utrisque
839 1945 1027 2008 cousuetudo
1050 1955 1114 2026 cst,
1138 1947 1221 2027 quod
1243 1948 1274 2010 in
1296 1948 1370 2009 locis
1393 1955 1445 2009 aut
1466 1948 1611 2013 altaribus

226 2063 292 2108 non
317 2045 509 2107 consecratis
537 2043 656 2125 absque
678 2044 780 2106 tabula
802 2043 852 2106 vel
865 2045 1053 2109 Antimensio
1077 2064 1263 2110 consecrare
1279 2045 1499 2109 Eucharistiam
1525 2046 1611 2111 nefas

228 2146 419 2208 existiment.
450 2144 563 2206 Eadem
586 2152 634 2207 cst
648 2142 795 2225 Syrorum
816 2144 1020 2207 lacubitarum
1043 2144 1220 2227 disciplina,
1243 2163 1333 2226 mam
1354 2146 1384 2208 in
1397 2145 1612 2208 Nomocanone

228 2262 286 2307 suo
311 2245 446 2325 explicat
460 2242 691 2325 Abutiaragius,
715 2251 746 2306 et
768 2243 799 2305 in
822 2260 881 2323 qua
903 2242 1058 2327 singulare
1081 2244 1222 2326 quiddam
1245 2244 1436 2307 observatur.
1466 2245 1540 2307 Nam
1563 2252 1612 2305 ta-

228 2342 323 2405 bulae
347 2351 399 2405 aut
423 2343 590 2405 antimensii
613 2342 734 2405 deiectu
757 2342 878 2421 dicunt,
900 2341 1082 2405 &maara
1104 2363 1172 2405 esse
1190 2345 1299 2423 saliam
1321 2364 1362 2406 ea
1383 2344 1561 2425 Evangelio,
1579 2345 1613 2406 ia

229 2462 339 2504 conare
360 2444 475 2521 oman,
499 2449 529 2503 et
550 2461 646 2522 capra
667 2442 876 2504 collocandam
897 2441 1014 2503 ducum
1036 2450 1067 2505 ct
1086 2443 1231 2505 calicem:
1260 2451 1322 2505 tam
1342 2445 1375 2504 r‘u
1396 2444 1464 2506 loeo
1492 2445 1613 2506 deserto

229 2543 416 2603 memmae
443 2549 568 2620 urgente
594 2540 735 2603 masaa
759 2539 968 2603 Diacarromcn
996 2541 1043 2602 ati
1064 2560 1158 2620 porse
1179 2541 1376 2604 Sacerdotem
1405 2543 1516 2604 altaria
1535 2545 1613 2619 uice,

231 2639 316 2720 quod
339 2640 371 2701 in
393 2638 549 2702 Philotbeo
573 2639 682 2701 iactum
705 2657 723 2699 a
745 2656 780 2702 se
803 2638 1014 2702 Theodoretus
1038 2639 1199 2719 observat,
1222 2640 1403 2722 ingratiam
1428 2642 1510 2705 senis
1538 2659 1613 2705 san-

232 2738 380 2815 ctissimi,
403 2739 454 2819 qui
475 2756 533 2818 per
556 2756 651 2800 annos
674 2737 784 2801 multos
819 2738 850 2800 in
877 2738 954 2802 cella
984 2737 1142 2818 reclusus,
1166 2754 1269 2818 sacra,
1293 2739 1436 2821 mysteria
1460 2739 1613 2803 celebrata

231 2854 295 2900 non
324 2836 453 2899 viderat.
500 2837 636 2900 Citantur
664 2837 772 2900 eodem
798 2836 869 2899 loco
893 2837 1130 2901 constitutiones
1160 2837 1319 2902 Ecclesiae
1345 2837 1553 2902 Antiochense
1583 2847 1614 2904 et

233 2935 360 3016 Cyriaci
382 2936 593 3015 Patriarcbae,
624 2936 789 2999 secundum
820 2954 895 3017 quas
922 2938 1126 3018 praecipitur,
1154 2945 1188 3000 ut
1216 2937 1370 3000 Sacerdos
1394 2957 1456 3000 aaa
1485 2938 1617 3001 cekbrct

233 3034 351 3115 absquae
374 3034 477 3097 labala
499 3044 680 3098 corrsecrata
702 3036 742 3097 ab
764 3035 935 3116 Episcopo,
956 3055 1035 3116 qaae
1056 3037 1153 3098 attari
1172 3038 1358 3115 importatur,
1382 3035 1614 3116 quaesisraata

230 3134 347 3212 fuerit,
372 3135 460 3196 debet
479 3135 586 3214 defodi
606 3138 639 3196 iu
659 3137 728 3197 loco
749 3154 860 3213 sacro,
884 3142 965 3197 tanta
989 3142 1037 3197 est
1059 3137 1138 3197 inter
1161 3134 1331 3197 Orientales
1354 3133 1541 3197 Christianos
1564 3133 1613 3194 al-

231 3233 343 3294 tarium
366 3236 533 3298 veneratio.
557 3233 590 3295 ln
613 3233 720 3297 iisdem
741 3235 929 3316 praecipitur
951 3251 1073 3315 quoque
1095 3241 1130 3297 ut
1149 3234 1297 3314 reliquiae
1318 3241 1485 3315 martynum
1507 3234 1538 3293 iu
1561 3233 1613 3294 at-
1662 3283 1699 3340 ca
1740 3288 1798 3340 Μ
1811 3290 1830 3339 7

233 3332 356 3393 tar-abas
378 3334 576 3413 deponanmr.
621 3333 705 3395 Haec
726 3335 826 3396 omnia
849 3342 991 3397 accurate
1013 3340 1207 3414 exponuntur
1227 3334 1258 3394 in
1281 3331 1438 3413 praedicto
1458 3330 1613 3393 Nomoca-
1696 3305 1724 3356 μ
1756 3327 1762 3340 ’
1829 3325 1838 3340 ”

231 3446 331 3509 none,
355 3439 387 3493 et
408 3431 488 3512 apud
509 3431 767 3512 Ecbmimensem,
789 3434 1007 3512 Ebnassalum,
1031 3434 1168 3514 aliosque
1181 3432 1335 3496 Canobum
1353 3430 1537 3494 collectores
1562 3437 1613 3491 aut

231 3531 440 3610 interpretes,
463 3550 503 3594 ex
526 3531 633 3611 quibus
656 3532 770 3613 liquido
793 3542 936 3614 apparet,
969 3549 1088 3595 omnem
1116 3531 1262 3595 bonorem
1292 3549 1382 3611 quem
1403 3528 1544 3592 Ecclesia
1573 3524 1611 3586 ab

233 3628 320 3691 initio
343 3631 441 3691 sacris
466 3630 609 3692 altaribus
631 3630 751 3710 tribuit,
775 3631 852 3693 adeo
875 3638 907 3693 ut
929 3630 979 3693 illa
1000 3649 1153 3712 nunquam
1175 3649 1232 3713 per
1253 3629 1425 3692 haereticos
1440 3626 1549 3690 violari
1562 3631 1614 3686 aut

233 3728 352 3789 destrui
374 3730 440 3791 siue
462 3728 592 3791 horrore
613 3729 742 3809 viderit,
765 3738 798 3793 ut
819 3730 972 3793 notissima
981 3729 1084 3810 Optati
1106 3729 1276 3793 testimonia
1291 3727 1507 3804 demonstrant,
1522 3725 1614 3787 etiam

234 3823 408 3889 Orientales
430 3826 537 3891 iisdem
560 3826 691 3891 deferre.

325 3925 362 3987 Ut
377 3926 408 3987 id
423 3928 512 3989 etiam
527 3944 713 4006 moneamus,
730 3926 837 3990 altaria
852 3929 882 3989 in
897 3927 1044 3990 Ecclesiis
1061 3926 1277 4005 Orientalibus,
1293 3934 1326 3988 ut
1340 3926 1510 4007 plurimum,
1524 3920 1613 3983 unica
1626 3944 1726 3999 ΑΜ,
1738 3947 1843 4015 caepim
1855 3945 1941 3999 „m
1966 3973 1968 3977 ,

234 4034 316 4103 sunt,
340 4043 381 4088 ex
403 4026 502 4088 veteri
525 4026 753 4105 consuetudine,
777 4029 914 4107 quamvis
936 4033 968 4088 ut
987 4027 1050 4108 Jam
1072 4044 1090 4087 a
1113 4026 1213 4088 multis
1234 4026 1377 4103 saeculis,
1401 4031 1525 4105 praeter
1546 4038 1615 4081 ma·

231 4126 294 4206 jus,
318 4123 466 4204 quaedam
488 4126 602 4188 minora
624 4125 755 4188 babeant
777 4120 1086 4210 inllapaxnlpolacc
1102 4143 1159 4188 seu
1181 4133 1213 4188 ut
1236 4143 1288 4187 eas
1310 4124 1405 4208 vulgo
1428 4120 1614 4203 appellamus

235 4224 379 4303 Capellae
423 4223 519 4305 blaJus
543 4233 643 4287 autem
670 4243 737 4287 eam
764 4223 830 4288 iere
858 4223 949 4287 babet
970 4224 1093 4287 tonnam
1110 4242 1206 4305 ‚quam
1230 4222 1310 4305 apud
1333 4222 1483 4300 Graecos,
1504 4235 1614 4298 nempe

234 4332 269 4384 nt
291 4323 331 4384 sit
353 4323 384 4383 in
407 4324 557 4403 superiori
579 4331 667 4404 parte
690 4323 847 4387 Ecclesiae
869 4341 990 4386 versum
1014 4324 1052 4386 ad
1069 4323 1235 4403 Orientem,
1259 4331 1291 4385 et
1312 4324 1342 4384 in
1360 4320 1451 4384 Chori
1473 4313 1616 4380 meditul-

233 4421 287 4483 lio.
333 4418 474 4483 Ambitus
497 4430 596 4484 autem
619 4423 686 4485 sive
709 4431 846 4504 septum,
880 4425 911 4484 in
939 4441 999 4502 quo
1029 4423 1124 4485 altare
1153 4422 1332 4485 collocatum
1354 4428 1418 4499 est,
1450 4414 1615 4481 aGraecis

231 4510 406 4603 ‘Icpaaeior
433 4538 490 4583 sen
511 4522 713 4584 sanctuarium
735 4522 923 4605 appellatur,
954 4540 1042 4602 quam
1065 4541 1174 4587 vocem
1194 4529 1227 4584 ut
1248 4522 1356 4584 multas
1379 4519 1453 4583 alias
1477 4515 1616 4596 Coptitae

235 4619 449 4700 retinuerunt,
481 4622 536 4683 sed
566 4631 752 4704 corruptam,
782 4643 851 4688 nam
877 4623 1011 4686 Arabica
1039 4624 1175 4685 scribunt
1201 4620 1351 4684 Aradium,
1397 4615 1616 4697 Complectitur

238 4719 365 4799 proprie
389 4719 541 4800 loquendo
564 4739 682 4785 omnem
709 4724 789 4786 illam
817 4724 981 4786 sanctuarii
1008 4730 1143 4803 partem,
1171 4722 1284 4802 inqua
1307 4717 1488 4783 Sacerdotes
1511 4722 1542 4778 et
1565 4713 1616 4775 alii

236 4814 445 4881 Ecclesiastici
476 4809 659 4897 candetum,
688 4841 757 4884 nam
784 4822 863 4886 illins
892 4821 974 4886 aditu
1002 4820 1085 4902 plebi
1113 4837 1241 4900 prorsus
1270 4818 1469 4881 interdicitur.
1515 4813 1549 4875 ln
1577 4830 1615 4874 ea

237 4923 325 4995 parte
348 4917 435 4980 locus
459 4918 578 4998 altaris,
609 4923 660 5003 qui
683 4922 828 5003 gradibus
860 4922 976 5002 aliquot
997 4921 1132 4984 sublimis
1156 4926 1214 4997 est,
1245 4916 1343 5002 Βῆμα
1365 4916 1552 4999 appellatur,
1582 4919 1616 4974 ut

238 5013 320 5094 apud
343 5014 493 5096 Graecos3
516 5018 647 5083 Arabice
670 5021 776 5084 Eeiiet
796 5022 884 5104 quasi
906 5020 1049 5103 templum
1068 5038 1108 5083 ex
1124 5018 1281 5099 Hebraeo,
1305 5017 1360 5082 sed
1382 5020 1423 5080 ita
1445 5024 1477 5079 ut
1496 5033 1534 5079 ea
1554 5030 1619 5075 vox
1751 4988 1831 5077 §pn
