4525 6034
722 569 799 642 uso
1201 517 1595 640 'urrunnun

725 756 780 848 qui
807 756 840 824 in
867 750 1072 841 carceribus,
1100 762 1157 823 aut
1176 752 1339 822 servitute
1357 748 1555 837 detinentur,
1582 746 1686 819 libera
1703 758 1736 819 et
1749 771 1925 839 ‚conservet
1947 750 2045 845 pluuias

723 866 931 958 benedictas,
958 877 992 938 et
1018 889 1115 939 rores
1140 864 1306 959 jucundos
1334 864 1376 936 ad
1402 863 1478 937 loca
1505 886 1593 958 quae
1619 863 1693 942 ntis,
1710 862 1854 955 indigent
1877 868 1970 953 mitte3
1997 866 2046 938 be-

724 982 822 1054 nedic
849 1003 996 1055 coronae
1024 986 1121 1068 anni,
1153 981 1338 1074 frugesque
1371 992 1405 1052 et
1430 977 1557 1050 fructus
1585 989 1696 1050 terrae
1721 979 1910 1073 multipbca,
1938 985 2049 1074 qaiau

724 1097 891 1188 benignus
919 1119 957 1168 es
985 1108 1019 1169 et
1045 1108 1174 1168 amator
1202 1096 1379 1186 bominum,
1406 1095 1530 1189 tibique
1556 1093 1696 1186 gloriam
1724 1094 2048 1167 etlaudemolierimas.

829 1211 991 1305 Populus.
1043 1214 1165 1284 Amen.

828 1327 1004 1398 Sacerdos
1030 1327 1223 1397 inclinatus.
1276 1325 1328 1397 Sit
1360 1329 1521 1397 memoria
1547 1323 1707 1408 bonoad
1732 1323 1838 1395 altere
1869 1334 1948 1395 tuum
1973 1329 2050 1419 spiri-

726 1440 826 1530 tuale,
853 1440 1026 1534 coelisque
1053 1439 1238 1527 sublimius,
1266 1451 1300 1511 et
1326 1440 1369 1511 ad
1395 1441 1459 1512 boc
1485 1444 1584 1512 etiam
1603 1462 1717 1513 coram
1745 1462 1812 1534 quo
1840 1448 1900 1511 stat
1921 1441 2051 1512 infirmitas

725 1579 814 1645 mea,
842 1568 979 1628 sanotae
1006 1560 1177 1648 genitricis
1204 1556 1268 1627 Dei
1295 1554 1435 1644 Mariae,
1462 1556 1600 1628 loannis
1628 1556 1808 1649 Baptistae,
1837 1552 1978 1650 Stephani
1997 1559 2052 1651 pri-

724 1674 884 1762 mogeniti
911 1672 1097 1767 Martyrum
1124 1683 1158 1742 et
1185 1671 1427 1758 Diaconorum,
1455 1670 1740 1759 Patriarcbarum,
1768 1671 1911 1756 Potrum,
1934 1669 2052 1763 Propbe-

724 1795 842 1871 tarum,
869 1785 1122 1880 Apostolorum,
1149 1787 1347 1882 Martyrum,
1375 1785 1628 1875 Confessomm,
1658 1797 1691 1857 et
1717 1789 1861 1858 omnium
1887 1786 2053 1870 Sanctorum,

725 1898 919 1972 dilectorum
947 1911 1087 1973 tuomm.
1140 1900 1244 1974 Effice
1269 1923 1333 1973 nos
1359 1903 1501 1973 Domine
1530 1905 1711 1973 imitatores
1737 1922 1868 1971 morum
1892 1899 2013 1988 illonrm,
2031 1910 2054 1969 et

724 2036 784 2108 per
812 2017 981 2112 orationes
1008 2038 1137 2102 eorum,
1164 2016 1260 2087 salva
1287 2039 1350 2088 nos
1378 2015 1419 2089 ab
1449 2015 1600 2088 omnibus
1627 2014 1710 2087 dolis
1725 2014 1918 2086 etdamois:
1942 2014 2055 2086 conoede

640 2191 641 2196 ,
724 2130 824 2200 etiam
849 2127 946 2201 nobis
973 2134 1152 2225 petitiones
1178 2144 1324 2215 nostros,
1352 2154 1398 2203 ex
1424 2132 1580 2203 thesauro
1605 2141 1661 2204 tuo
1681 2130 1780 2226 pleno
1810 2132 1907 2203 bonis
1932 2128 2055 2201 omnibus.

829 2244 979 2314 Eteonos
1011 2268 1137 2316 vocem.
1191 2246 1420 2342 Suscipiantur
1458 2249 1718 2318 intercessiones
1746 2245 1937 2318 dilectorum
1961 2257 2056 2316 noma

724 2380 839 2429 coram
866 2362 1040 2450 majestate
1067 2371 1134 2447 tua,
1158 2363 1313 2448 Domine,
1341 2371 1480 2458 propter
1505 2383 1626 2434 nomen
1653 2370 1741 2432 tuum
1769 2383 1925 2453 magnum
1950 2373 1977 2431 et
1998 2383 2058 2432 san-

724 2482 823 2562 ctum,
837 2474 939 2566 quod
965 2476 1155 2546 invocatum
1184 2486 1236 2547 est
1262 2499 1462 2571 supernos.
1501 2478 1643 2572 Propter
1669 2476 1924 2571 deprecationes
1948 2484 2058 2560 sanctos,

724 2597 759 2658 et
785 2587 1038 2662 obsecrationes
1065 2611 1181 2661 eornm
1209 2592 1360 2663 exaudiri
1387 2592 1516 2685 dignas,
1545 2596 1659 2687 aspice
1684 2612 1747 2663 nos
1775 2591 1875 2662 oculo
1901 2593 2057 2662 miseriror-
2102 2669 2108 2681 y

727 2701 812 2789 diae,
841 2712 875 2773 et
901 2707 1036 2799 suscipe
1063 2708 1234 2779 orationes
1270 2718 1404 2781 nostras
1438 2707 1597 2798 infirmas,
1624 2717 1658 2778 et
1683 2706 1938 2779 obsecrationes
1960 2715 2060 2776 nostras

722 2817 952 2913 imperfectas:
980 2843 1046 2892 non
1073 2820 1231 2916 repellas,
1257 2845 1366 2918 neque
1393 2834 1530 2895 avertas
1556 2822 1676 2894 laciem
1703 2833 1794 2892 tuam
1815 2846 1836 2893 a
1855 2821 1963 2893 nobis:
1986 2821 2060 2889 nein

722 2932 839 3005 farore
866 2933 1014 3007 declines
1042 2961 1061 3008 a
1089 2936 1208 3027 nobis,
1241 2960 1351 3032 neque
1377 2942 1410 3010 in
1437 2942 1486 3010 ira
1510 2941 1657 3030 justitiae
1690 2936 1869 3032 disperdas
1901 2958 1968 3008 nos.
2009 2933 2060 3003 Nos

636 3103 637 3106 ,
723 3051 812 3119 enim
838 3049 955 3121 infirmi
983 3061 1016 3122 et
1043 3041 1244 3143 agericum
1279 3057 1394 3142 simus,
1421 3076 1482 3149 per
1509 3055 1861 3125 commemorationem
1889 3052 2061 3130 Sanctorum,

724 3166 779 3258 qui
805 3186 868 3236 nos
896 3178 1166 3260 praecesserant,
1195 3167 1354 3239 audemus
1390 3169 1433 3240 ad
1459 3178 1492 3240 te
1519 3168 1700 3256 accedere,
1735 3179 1770 3240 et
1796 3168 1958 3264 perlicere
1981 3164 2062 3236 sacri-

723 3279 833 3350 [icium
860 3280 925 3351 boc
952 3282 1157 3354 tremendum
1190 3294 1224 3354 et
1254 3284 1477 3372 metuendum,
1515 3284 1603 3380 quod
1639 3283 1832 3355 desiderant
1864 3282 1981 3374 Angeb
2001 3301 2063 3372 pro·

724 3397 865 3489 spicere.
919 3396 1044 3468 Verum
1072 3419 1134 3492 per
1159 3399 1328 3494 lacrymas
1361 3421 1434 3470 cum
1468 3421 1596 3472 summo
1623 3403 1748 3490 gemitu
1784 3403 1988 3491 coniunctos,
2017 3391 2062 3460 dt·

723 3530 899 3602 precamur
932 3522 980 3583 te:
1015 3511 1195 3584 secundum
1228 3513 1470 3609 beneplacitam
1497 3526 1599 3601 tuum,
1625 3514 1761 3609 posside
1788 3537 1872 3587 nos:
1908 3536 1965 3608 per
1991 3531 2064 3580 con-

724 3625 973 3698 miserntionem
1001 3638 1089 3698 tuam
1116 3650 1220 3722 parce
1233 3628 1343 3720 nobis,
1370 3630 1458 3701 etab
1477 3629 1628 3702 omnibus
1643 3628 1853 3702 offendiculis
1870 3640 1904 3703 et
1913 3625 2065 3700 incursibus

675 3815 679 3818 ,
723 3736 897 3812 diabolicis
931 3740 1025 3813 salva
1046 3764 1132 3813 nos.
1201 3745 1337 3816 Dimitte
1368 3756 1507 3840 peccata
1539 3755 1666 3832 nostra,
1706 3756 1740 3816 et
1779 3745 1860 3816 dele
1895 3744 2064 3839 insipientias

722 3863 877 3944 nostras,
915 3855 1131 3952 deiectusque
1166 3869 1302 3932 nostros
1344 3860 1460 3932 obole:
1503 3864 1635 3933 nomina
1668 3870 1783 3933 nostra
1821 3866 1858 3932 in
1892 3861 1973 3932 libro
2002 3860 2067 3926 ritae

724 3969 846 4058 scribe,
876 3981 909 4042 et
935 3975 968 4042 in
984 3972 1139 4045 Ecclesia
1154 3976 1449 4069 primogenitorum
1468 3999 1605 4064 numero
1630 3999 1705 4048 nos.
1759 3977 1943 4050 Ordinibus
1968 3977 2066 4070 piorum

724 4093 758 4153 et
780 4086 945 4174 justorum
972 4109 1114 4159 occense
1141 4111 1222 4178 nos,
1257 4089 1443 4185 dignosque
1475 4115 1538 4164 nos
1572 4093 1665 4165 ellice
1690 4102 1787 4188 porte
1817 4116 1934 4165 eorum
1960 4093 2007 4185 qui
2028 4087 2067 4155 di-

723 4201 812 4270 vinis
838 4205 903 4274 tuis
931 4206 1100 4298 mysteriis
1127 4215 1204 4275 sunt
1229 4207 1364 4296 initiati,
1397 4218 1431 4278 et
1460 4206 1548 4280 sesto
1581 4218 1680 4302 atque
1714 4209 1842 4300 gaudio
1882 4231 2006 4288 eorum,
2030 4203 2068 4295 pti

724 4312 988 4408 adimpleverunt
1022 4318 1226 4391 voluntatem
1262 4331 1349 4392 tuam
1389 4322 1454 4393 fac·
1471 4331 1541 4395 'uos
1573 4324 1713 4419 perfrui:
1752 4336 1859 4419 atque
1897 4328 1930 4395 in
1960 4324 2068 4416 regione

721 4426 869 4501 loetitiae
897 4441 930 4503 et
954 4432 1137 4529 voluptatis
1165 4459 1263 4530 quam
1295 4442 1505 4532 praeparasti
1540 4442 1662 4512 sanctis
1688 4444 1752 4510 tuis
1785 4439 1935 4512 laetifica
1965 4458 2027 4521 nos,
2045 4440 2069 4499 nt

724 4565 798 4613 cum
825 4544 903 4635 illis,
929 4551 1015 4618 inter
1042 4571 1116 4639 eos,
1144 4561 1177 4621 et
1203 4554 1237 4622 in
1272 4552 1458 4644 agminibus
1487 4577 1615 4644 corum,
1642 4554 1830 4628 referamus
1868 4557 1926 4629 tibi
1961 4552 2069 4645 glorian

721 4668 757 4729 et
784 4657 925 4732 laudem.

828 4775 990 4869 Populus.
1041 4781 1162 4853 Amen,

827 4890 1004 4962 Sacerdos
1035 4896 1229 4967 inclinatae,
1305 4898 1388 4971 Cum
1430 4922 1563 4990 amore,
1609 4910 1775 4972 memento
1819 4906 1923 4973 etiam
1962 4898 2072 4972 bonne

722 5002 961 5098 Apostolorum
990 5019 1182 5082 sanctorum
1215 5014 1361 5108 Patrum,
1394 5015 1588 5105 Doctorum,
1620 5017 1812 5109 Pastorum,
1849 5028 2072 5103 sanctorumque
