4525 6034
723 583 799 659 304
1224 584 1580 662 LITURGIA
1680 647 1685 663 .

725 783 831 846 exte
857 782 909 844 est
935 794 1034 844 omne
1061 770 1183 845 donum
1209 775 1366 870 optimum
1393 784 1426 845 et
1452 773 1647 868 perfectum,
1674 783 1710 845 et
1725 772 1909 847 referemus
1924 775 1977 849 tulsi
1994 776 2061 870 glo·

723 891 817 980 riam,
844 897 907 959 etc.
1228 889 1389 982 Populus.
1442 889 1563 962 Amen.

827 1005 1003 1077 Sacerdos
1036 1003 1227 1078 inclinatus.
1288 1005 1457 1079 Memento
1496 1007 1640 1079 Domine
1673 1007 1856 1079 Doctorum
1892 1006 2065 1099 dimuomm

725 1141 839 1193 eorum
867 1123 922 1216 qui
947 1121 1244 1216 promulgaverunt
1268 1122 1408 1195 verbum
1436 1145 1551 1196 sanum
1578 1104 1750 1195 doctrinae
1783 1134 1879 1210 tuoe,
1911 1122 2063 1198 Ecclesiae

725 1247 880 1326 sunctae,
906 1246 940 1309 et
966 1237 1110 1331 adjunge
1135 1261 1199 1311 nos
1227 1238 1396 1312 ordinibus
1423 1261 1549 1311 eorum.

827 1354 977 1425 Heroas
1002 1376 1127 1425 aecem.
1180 1354 1233 1426 'lu
1260 1377 1297 1428 es
1324 1359 1412 1427 enim
1437 1357 1581 1429 Domine
1608 1358 1664 1450 qui
1691 1377 1752 1428 eos
1784 1354 1932 1447 elegisti,
1956 1366 1988 1428 et
2009 1379 2065 1428 er-

725 1468 857 1543 hibuisti
884 1492 945 1543 eos
972 1468 1186 1565 splendentes
1212 1474 1246 1541 in
1273 1471 1418 1543 saeculo.
1471 1473 1537 1544 Per
1564 1475 1734 1543 omtiones
1761 1482 1795 1543 et
1820 1493 1941 1568 preces
1961 1495 2067 1559 eorou,

726 1589 819 1681 eripe
844 1608 907 1659 nos
934 1608 955 1657 a
981 1585 1216 1659 tentationibus
1244 1586 1409 1677 adversis,
1436 1597 1470 1659 et
1495 1592 1528 1659 in
1543 1587 1713 1661 ordinibus
1731 1610 1845 1661 eorum
1864 1587 1989 1662 colloco
2006 1608 2068 1677 nos,

727 1705 801 1796 quia
829 1725 849 1772 a
876 1711 908 1772 te
935 1699 1141 1790 suntiono,
1169 1713 1202 1774 et
1226 1701 1412 1777 referemus
1439 1704 1496 1777 tihi
1522 1703 1684 1797 gloriam,
1710 1714 1773 1775 etc.

758 1884 761 1887 ,
830 1817 989 1910 Populus.
1041 1819 1161 1891 Amen.
1530 1804 1535 1807 ’

828 1933 1003 2005 Socerdm
1027 1934 1219 2006 inclinatas.
1272 1936 1440 2010 Memento
1467 1938 1609 2010 Domine
1630 1934 1857 2008 defimctorum
1872 1935 2010 2008 fidelium
2026 1937 2071 2030 qui

726 2061 760 2123 te
792 2049 966 2122 indoenmt
997 2072 1043 2120 ex
1074 2047 1259 2147 baptismo:
1285 2058 1482 2148 praesertim
1508 2075 1592 2125 vero
1618 2062 1757 2149 patrum,
1782 2051 1942 2141 fratrum,
1976 2055 2069 2143 magi-

726 2178 935 2262 strorumque
961 2174 1163 2238 nostrorum.

828 2283 978 2353 Eteonos
1009 2301 1135 2354 rocem.
1187 2283 1230 2356 Et
1257 2284 1474 2380 deprecamur
1499 2296 1533 2359 te
1559 2287 1703 2358 Domine
1735 2284 1858 2357 multae
1893 2286 2071 2356 misericor-

726 2398 818 2488 diae,
845 2407 880 2471 ut
906 2399 1068 2492 suscipias
1095 2402 1221 2475 annuas
1249 2424 1366 2474 eorum
1391 2406 1424 2473 in
1450 2401 1644 2475 habitaculis
1664 2401 1970 2498 Jerosolpmitunis,
1994 2402 2073 2471 sim-

727 2539 791 2611 que
817 2515 1081 2605 Abrahamitico;
1107 2539 1217 2610 neque
1243 2527 1379 2614 reputes
1405 2517 1468 2592 illis
1503 2530 1641 2614 peccata
1673 2539 1759 2613 quae
1795 2516 2075 2589 commiserantis

726 2630 790 2704 hoc
816 2630 952 2704 saeculo
978 2632 1202 2726 iniquitatibus
1228 2632 1346 2729 pleno,
1379 2638 1452 2728 queis
1488 2656 1531 2706 ne
1566 2633 1696 2729 quidem
1727 2656 1810 2704 unus
1845 2643 1903 2705 est
1937 2656 1983 2704 ex
2004 2632 2075 2701 natis

725 2747 913 2837 muliemm‚
941 2751 995 2843 qui
1020 2770 1122 2843 purus
1149 2753 1192 2821 sit
1217 2773 1238 2821 a
1260 2754 1420 2846 peccatis,
1445 2760 1579 2847 praeter
1594 2750 1770 2823 Dominum
1785 2750 1897 2820 Deum
1911 2759 1946 2821 et
1966 2746 2077 2821 Salm-

726 2875 833 2938 torem
859 2872 1007 2936 nostrum
1032 2863 1148 2937 lesum
1177 2863 1352 2954 Christum,
1380 2889 1440 2962 per
1466 2889 1563 2961 quem
1590 2889 1653 2940 nos
1669 2868 1767 2937 etiam
1783 2886 1962 2960 speramus
1986 2868 2076 2936 mise-

725 2981 904 3056 ricordiam
921 2984 1092 3074 consequi,
1118 2992 1153 3054 et
1178 2985 1409 3057 remissionem
1429 2992 1640 3079 peccatorum
1663 2992 1801 3079 propter
1827 3004 1920 3073 eum,
1947 2991 1981 3051 et
1997 2978 2077 3050 nobis

726 3109 760 3170 et
786 3102 877 3195 ipsis.
908 3188 910 3195 y
1310 3086 1320 3105 ⁸

730 3232 733 3237 “
829 3214 990 3307 Populus.
1043 3216 1197 3302 Quietem
1222 3225 1356 3311 praesta
1385 3226 1418 3288 et
1443 3217 1576 3288 veniam
1603 3212 1762 3287 concede.

829 3330 1015 3404 Sacerdos.
1066 3330 1237 3424 Extingoe
1262 3332 1405 3405 Domine
1437 3344 1471 3405 et
1503 3326 1684 3426 comprime
1713 3333 1895 3426 passiones
1930 3336 2078 3424 peceato-

726 3469 817 3534 rom,
844 3472 930 3544 quae
955 3449 1141 3521 volmrtarie
1168 3459 1225 3520 aut
1250 3449 1470 3523 involuntarie
1485 3472 1598 3523 coram
1613 3460 1647 3522 te
1666 3452 1908 3535 commisimus,
1935 3456 1970 3517 et
1989 3439 2078 3513 deduc

726 3585 789 3636 nos
816 3577 850 3637 et
876 3564 1050 3637 defunctos
1076 3574 1232 3653 nostros,
1265 3568 1298 3635 in
1330 3586 1469 3658 regnum
1504 3577 1593 3639 tuum
1628 3564 1795 3650 coeleste,
1827 3572 1866 3633 ut
1900 3565 1936 3633 in
1966 3559 2026 3631 lroc
2052 3557 2077 3623 iu

727 3681 900 3771 omnibus,
928 3691 962 3753 et
987 3680 1029 3753 ab
1058 3679 1209 3753 omnihus
1235 3679 1386 3755 laudetur
1412 3694 1446 3755 et
1471 3681 1648 3755 extollatur
1673 3702 1792 3752 nomen
1824 3690 1919 3750 mum
1952 3671 2078 3749 henedi-

726 3806 832 3888 ctum‚
858 3818 1014 3869 necnon
1040 3795 1174 3869 Domini
1200 3802 1305 3870 nostri
1330 3799 1412 3872 lesu
1439 3797 1579 3889 Christi,
1605 3808 1639 3870 et
1664 3797 1806 3893 Spiritus
1831 3799 1882 3867 tui
1912 3795 2025 3868 sancti

828 3913 988 4007 Populos.
1039 3912 1093 3986 Ut.
1873 3898 1881 3921 ⁵

828 4029 1012 4101 Sacerdos.
1065 4031 1140 4102 Pax
1165 4030 1347 4103 vohismm.

828 4146 990 4240 Populus.
1041 4144 1186 4218 Etcum
1212 4150 1327 4241 spiritu
1353 4157 1419 4217 tuo.

828 4261 1010 4335 Sacerdos.
1061 4261 1314 4335 Misericordiae
1339 4264 1404 4335 Dei
1430 4265 1504 4335 sint.

829 4379 988 4472 Populus.
1041 4376 1085 4448 Et
1111 4402 1186 4451 cum
1212 4382 1327 4476 spiritu
1353 4390 1418 4451 tuo.

828 4496 1016 4568 D‘mcoam
1069 4494 1190 4567 lterum
1218 4505 1317 4590 atque
1341 4498 1469 4566 itemm.

749 4703 925 4777 Sacerdos
953 4706 1087 4798 sraopit
1121 4708 1155 4773 et
1187 4704 1299 4795 morat
1341 4700 1504 4773 Oblatum.
1557 4702 1642 4773 Moe
1672 4702 1756 4773 dicit
1790 4699 1993 4769 Orationem
2021 4693 2059 4765 ad

1282 4818 1384 4890 Pater
1409 4828 1534 4890 noster.

828 4978 921 5048 Deus
947 4975 1048 5046 Pater
1074 4984 1189 5046 sancte
1216 4975 1271 5069 qui
1296 4972 1424 5045 habitas
1450 4970 1557 5044 lucem
1584 4969 1867 5060 inaccessibilem,
1904 4971 1961 5041 cui
1991 4967 2075 5038 mini-

726 5102 831 5165 strant
863 5093 1002 5187 Angeli:
1042 5090 1161 5162 munda
1197 5101 1230 5162 et
1265 5088 1433 5165 sanctifica
1466 5089 1568 5163 corda
1600 5097 1734 5181 nostra,
1772 5097 1809 5159 ut
1841 5087 2075 5183 pronuntiemus
