4525 6034
668 576 743 649 160
851 618 856 627 -
1153 573 1576 659 COMMENTARIUS

665 760 847 837 tertiarium,
871 758 1063 840 imponentur
1085 760 1128 822 illi
1150 778 1208 823 sex
1230 760 1544 844 quadragesimarum,
1570 766 1621 829 rel
1643 766 1756 829 biennii
1775 766 1905 849 jejunia:
1927 766 2042 848 duplex

664 859 875 940 eleemosyna:
888 865 1077 938 metanoeae,
1091 879 1147 922 seu
1159 860 1381 940 prostrationes
1394 865 1548 944 corporis,
1561 864 1725 943 ducentae,
1742 872 1773 927 et
1790 866 1834 928 sic
1846 864 1885 927 de
1899 866 2039 948 reliquis:

662 965 753 1039 atque
770 960 887 1022 interea
903 958 1064 1021 abstinebit
1081 959 1118 1021 ab
1131 960 1234 1022 altaris
1247 960 1423 1025 ministerio.
1452 961 1557 1045 ltaque
1578 964 1658 1045 apud
1678 964 1773 1046 Syros
1794 963 1947 1027 lacobitas
1968 966 2039 1029 nibil

661 1064 884 1143 praescriptum
906 1061 1018 1143 legitur
1040 1062 1079 1125 de
1102 1062 1253 1144 frequenti
1276 1063 1470 1127 confessione
1492 1071 1561 1126 ante
1578 1063 1790 1126 celebrandam
1803 1063 1853 1125 vel
1869 1066 2041 1145 suscipien-

662 1156 729 1219 dam
752 1159 988 1239 Eucbaristiam,
1010 1162 1069 1224 nisi
1096 1160 1177 1243 quod
1199 1161 1327 1244 singulis
1350 1164 1452 1239 annis,
1475 1160 1582 1225 saltem
1608 1163 1718 1241 semel,
1748 1163 1876 1242 quisque
1903 1163 2039 1227 confiteri

664 1255 765 1320 debet.
810 1259 901 1341 Apud
925 1259 1072 1341 Coptitas,
1098 1261 1137 1324 de
1160 1278 1286 1342 quorum
1308 1261 1466 1343 disciplina
1488 1268 1644 1340 tractatur,
1667 1261 1725 1324 alia
1740 1262 1859 1322 omuino
1881 1263 1959 1324 ratio
1982 1270 2039 1327 est

664 1354 739 1418 Cum
761 1360 839 1420 eninr
861 1378 919 1440 per
948 1377 1043 1423 annos
1073 1360 1170 1422 ferme
1199 1359 1346 1424 ducentos
1379 1359 1559 1423 duodecimo
1587 1368 1619 1422 et
1652 1360 1768 1424 decimo
1798 1361 1887 1424 tertio
1916 1362 2041 1425 saeculo

664 1455 826 1521 Confessio
848 1466 1043 1540 peccatorum
1065 1475 1127 1520 non
1149 1458 1238 1522 modo
1260 1461 1467 1536 omitteretur,
1497 1457 1553 1522 sed
1583 1460 1673 1522 etiam
1694 1477 1752 1540 per
1773 1457 1957 1522 nefariorum
1979 1460 2040 1522 Pa-

663 1557 862 1620 triarcbarum
878 1556 1034 1620 audaciam
1057 1558 1175 1621 sublata
1198 1567 1291 1638 esset,
1315 1559 1434 1622 tandem
1456 1576 1542 1621 more
1564 1559 1686 1641 antiquo
1704 1559 1855 1638 restituto,
1879 1557 2040 1623 Confessio

662 1663 823 1736 tantopere
846 1656 1048 1720 commendari
1077 1659 1191 1738 coepit,
1222 1664 1255 1719 ut
1284 1657 1457 1739 quotidiana
1487 1675 1583 1739 prope
1606 1658 1708 1735 tieret,
1731 1675 1897 1738 omnesque
1918 1658 2039 1738 pietatis

662 1754 790 1817 studiosi
814 1775 880 1817 eam
903 1755 1024 1819 assidue
1046 1755 1290 1838 frequentarent,
1313 1774 1371 1818 nec
1395 1756 1550 1836 auderent,
1575 1756 1645 1819 licet
1668 1755 1820 1819 lethalium
1842 1762 2039 1837 peccatorum

567 1848 575 1863 '
661 1853 819 1934 immanes,
844 1854 883 1917 ad
905 1857 1145 1918 communionem
1174 1855 1233 1918 nisi
1262 1857 1388 1937 praeuia
1413 1854 1614 1918 confessione
1646 1854 1804 1917 accedere.
1848 1853 1893 1917 lta
1915 1856 2039 1936 praeci-

647 1952 747 2032 piunt
776 1952 905 2017 Michael
932 1953 1142 2016 Antiochenus
1172 1954 1203 2015 in
1233 1953 1376 2016 Tractatu
1404 1953 1443 2016 de
1473 1956 1707 2035 praeparatione
1737 1952 1776 2015 ad
1804 1952 2037 2016 Eucharistiam:

661 2050 839 2115 Paraenesis
863 2055 983 2135 antiqua
1006 2052 1044 2115 ad
1067 2054 1283 2134 poenitentiam
1308 2050 1515 2133 chrysostomi
1538 2053 1676 2114 nomine:
1706 2051 1908 2130 Ebnassalus,
1938 2052 2040 2115 Abul-

660 2149 767 2225 bircat,
792 2159 822 2214 et
843 2154 1022 2232 praesertim
1045 2152 1193 2215 llonriliae
1220 2155 1251 2215 in
1280 2151 1447 2235 Evangelia
1478 2157 1509 2212 et
1530 2150 1683 2232 Epistolas
1706 2150 1744 2212 de
1767 2149 1881 2213 circulo
1903 2153 1986 2231 anni,
2007 2152 2039 2214 io

659 2248 799 2313 Ecclesia
822 2249 948 2332 Coptica
961 2251 1033 2334 ‚legi
1056 2252 1175 2316 solitae.
1220 2251 1266 2315 Ea
1289 2252 1381 2334 igitur
1403 2250 1600 2331 postmodum
1615 2248 1802 2312 consuetudo
1825 2248 1903 2330 apud
1929 2249 2039 2330 Copti-

660 2355 707 2410 tas
731 2367 854 2430 quoque
876 2358 1000 2431 recepta
1024 2358 1085 2427 est,
1117 2358 1149 2412 ut
1173 2352 1263 2414 etiam
1294 2350 1332 2412 de
1354 2348 1521 2413 venialibus
1545 2356 1577 2411 et
1606 2349 1786 2430 quotidianis
1814 2348 1939 2410 offensis
1978 2349 2037 2414 Sa·

660 2448 803 2511 cerdotes
826 2449 1060 2513 confiterentur:
1085 2449 1185 2532 legem
1208 2456 1307 2512 tamen
1330 2447 1491 2512 confitendi
1512 2446 1624 2510 nullom
1646 2448 1783 2510 vidimus.

373 2561 528 2616 omamena
550 2564 583 2616 ad
600 2562 646 2616 ιῑ.
747 2548 888 2611 Proxima
910 2547 1019 2611 deinde
1043 2566 1116 2610 cura
1140 2555 1187 2610 est
1209 2556 1242 2611 ut
1264 2555 1437 2611 ornamenta
1460 2547 1587 2628 accipiat
1610 2547 1707 2609 ordini
1729 2564 1784 2609 suo
1807 2546 2038 2610 convenientia:

333 2651 447 2719 iurgium
460 2650 646 2704 celebrandam.
660 2647 701 2711 ita
723 2645 860 2709 Rituales
883 2647 969 2710 libri:
997 2648 1129 2712 Scientia
1151 2647 1391 2710 Ecclesiastica:
1416 2646 1556 2710 Canones
1579 2647 1656 2708 varii
1678 2646 1793 2727 absque
1816 2651 1954 2707 autorum
1976 2663 2038 2708 no-

659 2749 759 2809 mine:
784 2745 922 2826 Epitome
946 2745 1103 2808 doctrinae
1125 2746 1361 2809 Ecclesiasticae
1384 2765 1424 2808 ex
1445 2745 1604 2808 sententiis
1631 2745 1761 2807 Petrum.
1807 2743 1930 2806 Gabriel
1959 2745 2037 2807 lilius

661 2845 770 2909 Tarich
794 2845 967 2908 Patriarcba
988 2844 1217 2908 Alexandrinus
1240 2846 1271 2906 in
1295 2844 1564 2909 Constitutionibus
1587 2851 1616 2918 s.
1640 2842 1692 2906 2d.
1717 2843 1822 2905 Nullas
1844 2864 1862 2904 e
1884 2841 1973 2907 Clero
1996 2845 2039 2907 art

660 2945 828 3007 oblationes
849 2944 1048 3025 inferendas,
1077 2953 1131 3005 ant
1159 2944 1202 3006 ad
1221 2946 1419 3006 ministeriam
1441 2944 1551 3004 altaris
1572 2943 1702 3004 accedat
1735 2961 1802 3003 enm
1822 2942 1883 3003 illis
1904 2941 2038 3003 cestibus

659 3044 767 3125 quibas
785 3046 914 3105 amictas
930 3045 962 3105 in
974 3043 1126 3123 parblicnm
1142 3044 1269 3122 prodire
1286 3043 1380 3105 solet.-
1402 3043 1458 3103 sed
1469 3043 1574 3103 induet
1590 3050 1689 3104 ceras
1706 3040 1866 3120 litteratae
1877 3042 2035 3120 proprias,

659 3150 690 3204 et
711 3143 754 3203 ad
775 3143 833 3206 boc
855 3143 988 3223 affimant
1010 3143 1208 3222 mapulamter
1229 3142 1413 3216 destinatas,
1443 3148 1474 3201 et
1500 3148 1571 3201 tanc
1592 3141 1694 3201 reem
1723 3137 1917 3218 operabitur.-
1944 3159 2037 3220 neque

656 3241 737 3303 banc
758 3242 894 3321 rapulam
916 3242 1165 3321 aanspoedietur.
1197 3238 1240 3301 lla
1263 3256 1384 3321 quoque
1399 3237 1602 3317 llbnassalus,
1624 3237 1842 3301 Esbmimensis
1866 3243 1898 3298 et
1911 3235 2036 3301 aliiCa·

657 3357 770 3402 nonum
792 3339 988 3420 loterpretcs.
1012 3339 1077 3402 Nec
1100 3338 1285 3419 praecipitur
1307 3345 1420 3400 tantum
1444 3336 1571 3400 Clericis
1594 3345 1710 3400 utnon
1741 3335 1885 3399 accedant
1916 3336 1954 3398 ad
1976 3337 2035 3399 tti-

657 3440 812 3500 nisterium
835 3439 938 3503 altaris
961 3437 1076 3518 absque
1099 3445 1225 3517 ornatu,
1255 3437 1306 3519 qui
1333 3436 1461 3520 singulis
1490 3437 1632 3499 convenit
1651 3438 1737 3519 juxta
1765 3435 1879 3498 ordinis
1908 3433 1956 3496 sui
1986 3434 2035 3496 di-

658 3538 823 3619 gnitatem,
852 3537 906 3600 sed
934 3555 974 3600 ne
998 3538 1086 3599 aliter
1108 3536 1254 3599 accedant
1283 3536 1321 3598 ad
1350 3553 1461 3616 preces
1488 3535 1640 3617 publicas,
1671 3542 1722 3597 aut
1751 3534 1789 3597 ad
1814 3532 2035 3613 suscipiendam

660 3637 908 3701 communionem.
954 3636 1093 3717 Epitome
1116 3655 1157 3698 ex
1180 3635 1336 3698 sententiis
1359 3635 1487 3696 Patrum.
1531 3634 1600 3697 Non
1626 3636 1697 3696 licet
1716 3634 1913 3696 Sacerdotem
1932 3651 2035 3709 orare,

660 3743 716 3797 eat
729 3738 964 3797 communionem
986 3738 1127 3816 accipere
1149 3736 1211 3797 nisi
1230 3735 1369 3796 aestimem
1398 3728 1545 3814 χιτωνίῳ.
1585 3732 1682 3795 Aliter
1703 3752 1755 3794 res
1775 3733 1923 3794 indecora
1945 3740 2034 3811 asset,

659 3842 690 3896 et
711 3842 820 3895 contra
839 3835 914 3913 fidei
934 3843 1060 3897 sanctae
1083 3832 1247 3896 Cononem
1275 3832 1358 3896 ldem
1380 3834 1528 3914 praecipit
1551 3831 1682 3914 Cyrillus
1706 3831 1784 3894 iilius
1807 3829 1933 3892 Lalrlalri
1955 3831 2034 3895 Patr.

659 3932 884 3995 Alexandrinos
907 3933 1159 3996 constitutionum
1182 3950 1317 4011 suarum,
1341 3930 1580 4012 capelades
1593 3932 1719 3994 accedet
1730 3930 2036 3992 Sacerdosadcom-

658 4033 828 4093 munionem
845 4033 1084 4111 mammonam,
1106 4052 1198 4112 reaper
1211 4033 1328 4112 muana
1340 4031 1465 4106 altaris,
1486 4033 1550 4092 nisi
1563 4032 1689 4093 ceratas
1704 4030 1875 4091 Sticlrom'o:
1897 4030 1951 4109 qai
1963 4030 2037 4092 illad

658 4150 720 4192 non
741 4129 849 4206 babet,
872 4126 1106 4193 communicabit
1125 4139 1217 4193 extra
1239 4130 1345 4192 altare.
1393 4130 1427 4192 ln
1455 4129 1642 4193 Collectione
1671 4127 1846 4206 Ebnassali,
1877 4146 1944 4209 cap.
1969 4126 2034 4191 12⁰.

657 4228 791 4292 refertur
814 4228 919 4294 Canon
942 4237 1083 4310 tanquam
1104 4228 1206 4292 Basilii
1228 4230 1332 4311 magni
1352 4229 1384 4291 in
1405 4229 1482 4292 baec
1503 4229 1607 4292 verba.
1645 4229 1746 4290 Vestes
1767 4227 1874 4309 paidos
1894 4227 2035 4289 utendam

658 4336 706 4390 est
726 4328 770 4389 ad
791 4346 886 4390 sacra
904 4328 1067 4406 facienda,
1090 4329 1155 4390 aldi
1175 4329 1288 4391 coloris
1309 4334 1523 4407 esseoportet,
1545 4346 1607 4390 nen
1619 4328 1760 4404 abertas,
1783 4334 1903 4406 atquae
1917 4325 2035 4388 Sacer·

657 4427 779 4489 dotibm
802 4429 990 4491 ceremiam.
1037 4426 1176 4490 Cbmstas
1198 4430 1276 4490 enim
1298 4447 1366 4490 cam
1388 4428 1618 4506 transfiparatnr
1639 4434 1700 4501 est,
1726 4427 1903 4487 aeramenta
1930 4423 2037 4486 badrdt

657 4526 735 4588 lacis
753 4528 854 4587 instar
873 4527 1017 4589 castalida.
1040 4526 1120 4589 ldem
1132 4527 1351 4608 praescribitur
1373 4526 1404 4588 io
1429 4526 1605 4589 Canonibus
1622 4541 1698 4607 quos
1712 4523 1886 4605 lmperiales
1904 4529 2033 4588 vocant:

655 4632 809 4687 alcestes
829 4623 1046 4687 Sacerdotales
1075 4627 1191 4688 talares
1212 4627 1289 4703 eim,
1317 4625 1483 4707 candidae,
1510 4643 1571 4686 non
1600 4625 1775 4698 coloratae,
1802 4630 1892 4703 adpre
1920 4622 2035 4685 adaer-

656 4731 765 4785 aentnr
786 4723 818 4784 in
840 4723 907 4785 loco
929 4724 1106 4787 ministeriis
1116 4724 1344 4787 Ecclesianicia
1365 4725 1531 4799 destinato,
1554 4725 1651 4785 eatan
1663 4722 1822 4784 Ecclesiae
1835 4724 2035 4802 repositorio:

656 4840 751 4901 nequae
774 4829 864 4883 eatra
877 4822 954 4883 baec
975 4823 1044 4885 loca
1065 4824 1291 4904 relinquantur,
1312 4841 1407 4904 nemra
1418 4825 1510 4885 etiam
1523 4822 1563 4884 ab
1577 4824 1637 4885 nlla
1650 4825 1731 4884 mna
1747 4822 1846 4882 altare
1858 4823 2035 4884 eradantur.

347 4942 527 4997 smmum,
548 4951 643 4999 vem,
748 4919 955 4983 Sacerdotalia
976 4922 1157 4984 vestimenta
1179 4930 1337 4985 enumerat
1360 4920 1671 4995 Gabriell’atriarclra
1693 4922 1724 4983 in
1742 4919 1862 4983 Rituali.
1887 4920 1962 4983 Sunt
1980 4939 2034 4984 au·

658 5024 719 5079 tem
740 5018 842 5081 Vestis
863 5018 957 5102 longa
980 5021 1119 5085 sericea:
1149 5020 1292 5102 Epomis,
1322 5022 1389 5085 sive
1418 5020 1578 5084 amiculum
1604 5021 1745 5085 eserico
1769 5019 1912 5097 candido;
1941 5020 2036 5100 Stolo,
