<?xml version="1.0" encoding="UTF-8"?>
<!DOCTYPE html PUBLIC "-//W3C//DTD XHTML 1.0 Transitional//EN"
    "http://www.w3.org/TR/xhtml1/DTD/xhtml1-transitional.dtd">
<html xmlns="http://www.w3.org/1999/xhtml" xml:lang="en" lang="en">
 <head>
  <title>
</title>
<meta http-equiv="Content-Type" content="text/html;charset=utf-8" />
  <meta name='ocr-system' content='tesseract 3.04.00' />
  <meta name='ocr-capabilities' content='ocr_page ocr_carea ocr_par ocr_line ocrx_word'/>
</head>
<body>
  <div class='ocr_page' id='page_1' title='image "./liturgiarumorie00unkngoog/liturgiarumorie00unkngoog_1303.png"; bbox 0 0 4525 6034; ppageno 0'>
   <div class='ocr_carea' id='block_1_1' title="bbox 546 604 1609 684">
    <p class='ocr_par' dir='ltr' id='par_1_1' title="bbox 546 604 1609 684">
     <span class='ocr_line' id='line_1_1' title="bbox 546 604 1609 684; baseline -0.006 -1"><span class='ocrx_word' id='word_1_1' title='bbox 546 608 596 684; x_wconf 86' lang='lat' dir='ltr'><strong>ill</strong></span> <span class='ocrx_word' id='word_1_2' title='bbox 629 605 879 684; x_wconf 83' lang='lat' dir='ltr'><strong>LITURGIAS</strong></span> <span class='ocrx_word' id='word_1_3' title='bbox 912 606 1313 684; x_wconf 78' lang='lat' dir='ltr'><strong>uustotinnottult</strong></span> <span class='ocrx_word' id='word_1_4' title='bbox 1535 604 1609 679; x_wconf 79' lang='lat'><strong>597</strong></span> 
     </span>
    </p>
   </div>
   <div class='ocr_carea' id='block_1_2' title="bbox 240 790 1614 1568">
    <p class='ocr_par' dir='ltr' id='par_1_2' title="bbox 240 790 1614 1568">
     <span class='ocr_line' id='line_1_2' title="bbox 242 790 1610 876; baseline -0.002 -21"><span class='ocrx_word' id='word_1_5' title='bbox 242 798 359 871; x_wconf 88' lang='lat' dir='ltr'><strong>rentur,</strong></span> <span class='ocrx_word' id='word_1_6' title='bbox 382 793 604 855; x_wconf 76' lang='lat' dir='ltr'><strong>accusationem</strong></span> <span class='ocrx_word' id='word_1_7' title='bbox 616 792 697 854; x_wconf 89' lang='lat' dir='ltr'><strong>illam</strong></span> <span class='ocrx_word' id='word_1_8' title='bbox 711 809 752 853; x_wconf 86' lang='lat' dir='ltr'><strong>ex</strong></span> <span class='ocrx_word' id='word_1_9' title='bbox 767 808 932 872; x_wconf 87' lang='lat' dir='ltr'><strong>paucorum</strong></span> <span class='ocrx_word' id='word_1_10' title='bbox 945 791 1097 854; x_wconf 86' lang='lat' dir='ltr'><strong>hominum</strong></span> <span class='ocrx_word' id='word_1_11' title='bbox 1108 793 1279 876; x_wconf 74' lang='lat' dir='ltr'><strong>ignorantia</strong></span> <span class='ocrx_word' id='word_1_12' title='bbox 1298 800 1328 856; x_wconf 92' lang='lat' dir='ltr'><strong>et</strong></span> <span class='ocrx_word' id='word_1_13' title='bbox 1344 790 1485 856; x_wconf 84' lang='lat' dir='ltr'><strong>socordia</strong></span> <span class='ocrx_word' id='word_1_14' title='bbox 1501 799 1610 869; x_wconf 89' lang='lat' dir='ltr'><strong>natam,</strong></span> 
     </span>
     <span class='ocr_line' id='line_1_3' title="bbox 244 888 1613 974; baseline -0.001 -20"><span class='ocrx_word' id='word_1_15' title='bbox 244 890 431 954; x_wconf 68' lang='lat' dir='ltr'><strong>confutasset</strong></span> <span class='ocrx_word' id='word_1_16' title='bbox 460 890 582 954; x_wconf 87' lang='lat' dir='ltr'><strong>Gabriel</strong></span> <span class='ocrx_word' id='word_1_17' title='bbox 608 889 799 973; x_wconf 86' lang='lat' dir='ltr'><strong>Metropolita</strong></span> <span class='ocrx_word' id='word_1_18' title='bbox 826 890 1101 973; x_wconf 86' lang='lat' dir='ltr'><strong>Philadelpbieusis.</strong></span> <span class='ocrx_word' id='word_1_19' title='bbox 1147 890 1297 973; x_wconf 81' lang='lat' dir='ltr'><strong>Quidquid</strong></span> <span class='ocrx_word' id='word_1_20' title='bbox 1325 888 1419 974; x_wconf 86' lang='lat' dir='ltr'><strong>p&#39;orro</strong></span> <span class='ocrx_word' id='word_1_21' title='bbox 1442 892 1497 970; x_wconf 90' lang='lat' dir='ltr'><strong>sit,</strong></span> <span class='ocrx_word' id='word_1_22' title='bbox 1528 897 1613 953; x_wconf 89' lang='lat' dir='ltr'><strong>caret</strong></span> 
     </span>
     <span class='ocr_line' id='line_1_4' title="bbox 244 989 1614 1073; baseline -0.001 -20"><span class='ocrx_word' id='word_1_23' title='bbox 244 992 326 1053; x_wconf 90' lang='lat' dir='ltr'><strong>omni</strong></span> <span class='ocrx_word' id='word_1_24' title='bbox 357 991 532 1072; x_wconf 85' lang='lat' dir='ltr'><strong>suspicione</strong></span> <span class='ocrx_word' id='word_1_25' title='bbox 561 990 689 1053; x_wconf 89' lang='lat' dir='ltr'><strong>iormula</strong></span> <span class='ocrx_word' id='word_1_26' title='bbox 718 1008 806 1071; x_wconf 89' lang='lat' dir='ltr'><strong>quam</strong></span> <span class='ocrx_word' id='word_1_27' title='bbox 837 989 966 1054; x_wconf 87' lang='lat' dir='ltr'><strong>Codices</strong></span> <span class='ocrx_word' id='word_1_28' title='bbox 999 990 1114 1072; x_wconf 75' lang='lat' dir='ltr'><strong>Syriaci</strong></span> <span class='ocrx_word' id='word_1_29' title='bbox 1144 998 1389 1073; x_wconf 65' lang='lat' dir='ltr'><strong>repraesentare</strong></span> <span class='ocrx_word' id='word_1_30' title='bbox 1420 990 1614 1071; x_wconf 84' lang='lat' dir='ltr'><strong>imponuntur</strong></span> 
     </span>
     <span class='ocr_line' id='line_1_5' title="bbox 240 1087 1611 1173; baseline -0.002 -21"><span class='ocrx_word' id='word_1_31' title='bbox 240 1092 385 1173; x_wconf 73' lang='lat' dir='ltr'><strong>mysteria</strong></span> <span class='ocrx_word' id='word_1_32' title='bbox 402 1092 571 1169; x_wconf 70' lang='lat' dir='ltr'><strong>pruccbrc</strong></span> <span class='ocrx_word' id='word_1_33' title='bbox 592 1098 701 1153; x_wconf 71' lang='lat' dir='ltr'><strong>scruto</strong></span> <span class='ocrx_word' id='word_1_34' title='bbox 722 1097 754 1152; x_wconf 87' lang='lat' dir='ltr'><strong>et</strong></span> <span class='ocrx_word' id='word_1_35' title='bbox 772 1092 1007 1171; x_wconf 70' lang='lat' dir='ltr'><strong>vivificamrper</strong></span> <span class='ocrx_word' id='word_1_36' title='bbox 1028 1091 1127 1153; x_wconf 73' lang='lat' dir='ltr'><strong>abore</strong></span> <span class='ocrx_word' id='word_1_37' title='bbox 1138 1090 1270 1168; x_wconf 86' lang='lat' dir='ltr'><strong>Domini,</strong></span> <span class='ocrx_word' id='word_1_38' title='bbox 1287 1100 1342 1156; x_wconf 89' lang='lat' dir='ltr'><strong>etc.</strong></span> <span class='ocrx_word' id='word_1_39' title='bbox 1369 1107 1447 1172; x_wconf 85' lang='lat' dir='ltr'><strong>quae</strong></span> <span class='ocrx_word' id='word_1_40' title='bbox 1464 1087 1611 1152; x_wconf 88' lang='lat' dir='ltr'><strong>habentur</strong></span> 
     </span>
     <span class='ocr_line' id='line_1_6' title="bbox 243 1188 1613 1271; baseline -0.002 -19"><span class='ocrx_word' id='word_1_41' title='bbox 243 1207 365 1271; x_wconf 90' lang='lat' dir='ltr'><strong>quoque</strong></span> <span class='ocrx_word' id='word_1_42' title='bbox 388 1189 419 1252; x_wconf 90' lang='lat' dir='ltr'><strong>in</strong></span> <span class='ocrx_word' id='word_1_43' title='bbox 441 1190 534 1252; x_wconf 84' lang='lat' dir='ltr'><strong>blissa</strong></span> <span class='ocrx_word' id='word_1_44' title='bbox 556 1189 755 1268; x_wconf 85' lang='lat' dir='ltr'><strong>Malabarica,</strong></span> <span class='ocrx_word' id='word_1_45' title='bbox 784 1190 840 1253; x_wconf 88' lang='lat' dir='ltr'><strong>sed</strong></span> <span class='ocrx_word' id='word_1_46' title='bbox 867 1189 955 1252; x_wconf 88' lang='lat' dir='ltr'><strong>aliter</strong></span> <span class='ocrx_word' id='word_1_47' title='bbox 981 1204 1082 1254; x_wconf 81' lang='lat' dir='ltr'><strong>versa</strong></span> <span class='ocrx_word' id='word_1_48' title='bbox 1139 1188 1366 1254; x_wconf 70' lang='lat' dir='ltr'><strong>Constituantur</strong></span> <span class='ocrx_word' id='word_1_49' title='bbox 1387 1199 1417 1252; x_wconf 87' lang='lat' dir='ltr'><strong>et</strong></span> <span class='ocrx_word' id='word_1_50' title='bbox 1437 1190 1613 1251; x_wconf 68' lang='lat' dir='ltr'><strong>contineretur</strong></span> 
     </span>
     <span class='ocr_line' id='line_1_7' title="bbox 241 1287 1612 1371; baseline -0.001 -22"><span class='ocrx_word' id='word_1_51' title='bbox 241 1292 388 1371; x_wconf 70' lang='lat' dir='ltr'><strong>mysterio</strong></span> <span class='ocrx_word' id='word_1_52' title='bbox 408 1290 486 1351; x_wconf 79' lang='lat' dir='ltr'><strong>lucc</strong></span> <span class='ocrx_word' id='word_1_53' title='bbox 506 1291 731 1370; x_wconf 76' lang='lat' dir='ltr'><strong>supergloriosa</strong></span> <span class='ocrx_word' id='word_1_54' title='bbox 753 1297 783 1351; x_wconf 83' lang='lat' dir='ltr'><strong>et</strong></span> <span class='ocrx_word' id='word_1_55' title='bbox 803 1299 912 1352; x_wconf 83' lang='lat' dir='ltr'><strong>sancto</strong></span> <span class='ocrx_word' id='word_1_56' title='bbox 932 1290 1238 1368; x_wconf 81' lang='lat' dir='ltr'><strong>citomconsercntio,</strong></span> <span class='ocrx_word' id='word_1_57' title='bbox 1260 1299 1291 1352; x_wconf 84' lang='lat' dir='ltr'><strong>et</strong></span> <span class='ocrx_word' id='word_1_58' title='bbox 1310 1291 1426 1368; x_wconf 81' lang='lat' dir='ltr'><strong>diuino,</strong></span> <span class='ocrx_word' id='word_1_59' title='bbox 1449 1307 1540 1368; x_wconf 84' lang='lat' dir='ltr'><strong>super</strong></span> <span class='ocrx_word' id='word_1_60' title='bbox 1562 1287 1612 1348; x_wconf 87' lang='lat' dir='ltr'><strong>ol-</strong></span> 
     </span>
     <span class='ocr_line' id='line_1_8' title="bbox 242 1386 1612 1471; baseline -0.001 -22"><span class='ocrx_word' id='word_1_61' title='bbox 242 1395 309 1449; x_wconf 85' lang='lat' dir='ltr'><strong>tore</strong></span> <span class='ocrx_word' id='word_1_62' title='bbox 330 1396 469 1450; x_wconf 82' lang='lat' dir='ltr'><strong>sanctum</strong></span> <span class='ocrx_word' id='word_1_63' title='bbox 491 1386 619 1465; x_wconf 74' lang='lat' dir='ltr'><strong>Christi,</strong></span> <span class='ocrx_word' id='word_1_64' title='bbox 642 1398 698 1453; x_wconf 85' lang='lat' dir='ltr'><strong>etc.</strong></span> <span class='ocrx_word' id='word_1_65' title='bbox 728 1389 767 1452; x_wconf 92' lang='lat' dir='ltr'><strong>de</strong></span> <span class='ocrx_word' id='word_1_66' title='bbox 797 1389 904 1471; x_wconf 91' lang='lat' dir='ltr'><strong>quibus</strong></span> <span class='ocrx_word' id='word_1_67' title='bbox 936 1389 1041 1452; x_wconf 84' lang='lat' dir='ltr'><strong>eodem</strong></span> <span class='ocrx_word' id='word_1_68' title='bbox 1063 1390 1201 1471; x_wconf 86' lang='lat' dir='ltr'><strong>quaestio</strong></span> <span class='ocrx_word' id='word_1_69' title='bbox 1224 1390 1340 1452; x_wconf 89' lang='lat' dir='ltr'><strong>moveri</strong></span> <span class='ocrx_word' id='word_1_70' title='bbox 1362 1397 1483 1470; x_wconf 88' lang='lat' dir='ltr'><strong>posset:</strong></span> <span class='ocrx_word' id='word_1_71' title='bbox 1513 1405 1612 1468; x_wconf 88' lang='lat' dir='ltr'><strong>neque</strong></span> 
     </span>
     <span class='ocr_line' id='line_1_9' title="bbox 242 1487 1611 1568; baseline -0.002 -17"><span class='ocrx_word' id='word_1_72' title='bbox 242 1488 324 1551; x_wconf 88' lang='lat' dir='ltr'><strong>euim</strong></span> <span class='ocrx_word' id='word_1_73' title='bbox 347 1487 496 1550; x_wconf 88' lang='lat' dir='ltr'><strong>elementa</strong></span> <span class='ocrx_word' id='word_1_74' title='bbox 518 1488 648 1551; x_wconf 91' lang='lat' dir='ltr'><strong>nondum</strong></span> <span class='ocrx_word' id='word_1_75' title='bbox 672 1496 866 1567; x_wconf 83' lang='lat' dir='ltr'><strong>consecrato,</strong></span> <span class='ocrx_word' id='word_1_76' title='bbox 890 1498 1015 1568; x_wconf 84' lang='lat' dir='ltr'><strong>sancta,</strong></span> <span class='ocrx_word' id='word_1_77' title='bbox 1042 1490 1181 1568; x_wconf 69' lang='lat' dir='ltr'><strong>vivifica,</strong></span> <span class='ocrx_word' id='word_1_78' title='bbox 1212 1497 1242 1551; x_wconf 88' lang='lat' dir='ltr'><strong>et</strong></span> <span class='ocrx_word' id='word_1_79' title='bbox 1264 1490 1369 1552; x_wconf 84' lang='lat' dir='ltr'><strong>diuino</strong></span> <span class='ocrx_word' id='word_1_80' title='bbox 1390 1487 1449 1550; x_wconf 89' lang='lat' dir='ltr'><strong>dici</strong></span> <span class='ocrx_word' id='word_1_81' title='bbox 1471 1493 1611 1550; x_wconf 89' lang='lat' dir='ltr'><strong>accurate</strong></span> 
     </span>
    </p>
   </div>
   <div class='ocr_carea' id='block_1_3' title="bbox 241 1583 1713 1674">
    <p class='ocr_par' dir='ltr' id='par_1_3' title="bbox 241 1583 1713 1674">
     <span class='ocr_line' id='line_1_10' title="bbox 241 1583 1713 1674; baseline -0.002 -25"><span class='ocrx_word' id='word_1_82' title='bbox 241 1586 397 1669; x_wconf 91' lang='lat' dir='ltr'><strong>loquendo</strong></span> <span class='ocrx_word' id='word_1_83' title='bbox 418 1595 563 1668; x_wconf 89' lang='lat' dir='ltr'><strong>possunt,</strong></span> <span class='ocrx_word' id='word_1_84' title='bbox 587 1596 746 1670; x_wconf 85' lang='lat' dir='ltr'><strong>autequam</strong></span> <span class='ocrx_word' id='word_1_85' title='bbox 769 1588 846 1651; x_wconf 87' lang='lat' dir='ltr'><strong>iactu</strong></span> <span class='ocrx_word' id='word_1_86' title='bbox 868 1590 928 1651; x_wconf 90' lang='lat' dir='ltr'><strong>sint</strong></span> <span class='ocrx_word' id='word_1_87' title='bbox 950 1606 1060 1669; x_wconf 91' lang='lat' dir='ltr'><strong>corpus</strong></span> <span class='ocrx_word' id='word_1_88' title='bbox 1075 1583 1115 1649; x_wconf 73' lang='lat' dir='ltr'><strong>&#39;et</strong></span> <span class='ocrx_word' id='word_1_89' title='bbox 1137 1589 1262 1674; x_wconf 89' lang='lat' dir='ltr'><strong>sanguis</strong></span> <span class='ocrx_word' id='word_1_90' title='bbox 1285 1587 1403 1651; x_wconf 87' lang='lat' dir='ltr'><strong>Christi.</strong></span> <span class='ocrx_word' id='word_1_91' title='bbox 1448 1588 1486 1650; x_wconf 88' lang='lat' dir='ltr'><strong>Et</strong></span> <span class='ocrx_word' id='word_1_92' title='bbox 1506 1585 1612 1648; x_wconf 87' lang='lat' dir='ltr'><strong>Latina</strong></span> <span class='ocrx_word' id='word_1_93' title='bbox 1709 1645 1713 1656; x_wconf 85' lang='grc'><em>,</em></span> 
     </span>
    </p>
   </div>
   <div class='ocr_carea' id='block_1_4' title="bbox 240 1681 1703 1871">
    <p class='ocr_par' dir='ltr' id='par_1_4' title="bbox 240 1681 1703 1871">
     <span class='ocr_line' id='line_1_11' title="bbox 240 1681 1703 1769; baseline 0.003 -21"><span class='ocrx_word' id='word_1_94' title='bbox 240 1686 379 1749; x_wconf 87' lang='lat' dir='ltr'><strong>Ecclesia</strong></span> <span class='ocrx_word' id='word_1_95' title='bbox 401 1681 491 1769; x_wconf 81' lang='lat' dir='ltr'><strong>rogat</strong></span> <span class='ocrx_word' id='word_1_96' title='bbox 505 1687 612 1764; x_wconf 87' lang='lat' dir='ltr'><strong>Deum,</strong></span> <span class='ocrx_word' id='word_1_97' title='bbox 633 1696 666 1751; x_wconf 91' lang='lat' dir='ltr'><strong>ut</strong></span> <span class='ocrx_word' id='word_1_98' title='bbox 689 1689 798 1752; x_wconf 85' lang='lat' dir='ltr'><strong>babeat</strong></span> <span class='ocrx_word' id='word_1_99' title='bbox 820 1699 947 1769; x_wconf 82' lang='lat' dir='ltr'><strong>acceptu</strong></span> <span class='ocrx_word' id='word_1_100' title='bbox 968 1690 1147 1768; x_wconf 74' lang='lat' dir='ltr'><strong>donecdone,</strong></span> <span class='ocrx_word' id='word_1_101' title='bbox 1170 1689 1395 1766; x_wconf 84' lang='lat' dir='ltr'><strong>bcecmnnero,</strong></span> <span class='ocrx_word' id='word_1_102' title='bbox 1411 1705 1506 1768; x_wconf 88' lang='lat' dir='ltr'><strong>eaque</strong></span> <span class='ocrx_word' id='word_1_103' title='bbox 1521 1692 1612 1749; x_wconf 85' lang='lat' dir='ltr'><strong>vocat</strong></span> <span class='ocrx_word' id='word_1_104' title='bbox 1697 1739 1703 1752; x_wconf 95' lang='lat'><strong>.</strong></span> 
     </span>
     <span class='ocr_line' id='line_1_12' title="bbox 240 1786 1612 1871; baseline 0.001 -24"><span class='ocrx_word' id='word_1_105' title='bbox 240 1794 311 1848; x_wconf 86' lang='lat' dir='ltr'><strong>anto</strong></span> <span class='ocrx_word' id='word_1_106' title='bbox 334 1786 493 1865; x_wconf 87' lang='lat' dir='ltr'><strong>actionem,</strong></span> <span class='ocrx_word' id='word_1_107' title='bbox 515 1795 624 1849; x_wconf 85' lang='lat' dir='ltr'><strong>sanctu</strong></span> <span class='ocrx_word' id='word_1_108' title='bbox 637 1789 801 1868; x_wconf 63' lang='lat' dir='ltr'><strong>socmficio,</strong></span> <span class='ocrx_word' id='word_1_109' title='bbox 823 1789 950 1865; x_wconf 82' lang='lat' dir='ltr'><strong>illibate,</strong></span> <span class='ocrx_word' id='word_1_110' title='bbox 973 1789 1055 1871; x_wconf 90' lang='lat' dir='ltr'><strong>quod</strong></span> <span class='ocrx_word' id='word_1_111' title='bbox 1078 1796 1178 1850; x_wconf 87' lang='lat' dir='ltr'><strong>tamen</strong></span> <span class='ocrx_word' id='word_1_112' title='bbox 1201 1787 1333 1850; x_wconf 89' lang='lat' dir='ltr'><strong>nondum</strong></span> <span class='ocrx_word' id='word_1_113' title='bbox 1354 1795 1434 1864; x_wconf 88' lang='lat' dir='ltr'><strong>sunt,</strong></span> <span class='ocrx_word' id='word_1_114' title='bbox 1457 1786 1514 1850; x_wconf 91' lang='lat' dir='ltr'><strong>nisi</strong></span> <span class='ocrx_word' id='word_1_115' title='bbox 1535 1804 1612 1867; x_wconf 91' lang='lat' dir='ltr'><strong>per-</strong></span> 
     </span>
    </p>
   </div>
   <div class='ocr_carea' id='block_1_5' title="bbox 240 1882 1741 1971">
    <p class='ocr_par' dir='ltr' id='par_1_5' title="bbox 240 1882 1741 1971">
     <span class='ocr_line' id='line_1_13' title="bbox 240 1882 1741 1971; baseline -0.002 -23"><span class='ocrx_word' id='word_1_116' title='bbox 240 1893 308 1949; x_wconf 90' lang='lat' dir='ltr'><strong>acta</strong></span> <span class='ocrx_word' id='word_1_117' title='bbox 331 1887 570 1948; x_wconf 87' lang='lat' dir='ltr'><strong>consecratione.</strong></span> <span class='ocrx_word' id='word_1_118' title='bbox 615 1886 699 1949; x_wconf 90' lang='lat' dir='ltr'><strong>Unde</strong></span> <span class='ocrx_word' id='word_1_119' title='bbox 721 1895 818 1968; x_wconf 87' lang='lat' dir='ltr'><strong>patet,</strong></span> <span class='ocrx_word' id='word_1_120' title='bbox 842 1889 964 1951; x_wconf 90' lang='lat' dir='ltr'><strong>nonita</strong></span> <span class='ocrx_word' id='word_1_121' title='bbox 987 1888 1085 1971; x_wconf 82' lang='lat' dir='ltr'><strong>rigide</strong></span> <span class='ocrx_word' id='word_1_122' title='bbox 1108 1887 1220 1950; x_wconf 90' lang='lat' dir='ltr'><strong>similes</strong></span> <span class='ocrx_word' id='word_1_123' title='bbox 1244 1888 1397 1949; x_wconf 87' lang='lat' dir='ltr'><strong>orationes</strong></span> <span class='ocrx_word' id='word_1_124' title='bbox 1420 1882 1611 1966; x_wconf 87' lang='lat' dir='ltr'><strong>accipiendas</strong></span> <span class='ocrx_word' id='word_1_125' title='bbox 1732 1913 1741 1924; x_wconf 94' lang='lat'>·</span> 
     </span>
    </p>
   </div>
   <div class='ocr_carea' id='block_1_6' title="bbox 237 1986 1611 2166">
    <p class='ocr_par' dir='ltr' id='par_1_6' title="bbox 237 1986 1611 2166">
     <span class='ocr_line' id='line_1_14' title="bbox 238 1986 1611 2071; baseline -0.002 -25"><span class='ocrx_word' id='word_1_126' title='bbox 238 2003 327 2063; x_wconf 91' lang='lat' dir='ltr'><strong>esse,</strong></span> <span class='ocrx_word' id='word_1_127' title='bbox 358 1992 392 2046; x_wconf 91' lang='lat' dir='ltr'><strong>ut</strong></span> <span class='ocrx_word' id='word_1_128' title='bbox 415 2003 455 2047; x_wconf 88' lang='lat' dir='ltr'><strong>ex</strong></span> <span class='ocrx_word' id='word_1_129' title='bbox 478 1986 536 2048; x_wconf 92' lang='lat' dir='ltr'><strong>illis</strong></span> <span class='ocrx_word' id='word_1_130' title='bbox 558 1987 706 2049; x_wconf 87' lang='lat' dir='ltr'><strong>sententia</strong></span> <span class='ocrx_word' id='word_1_131' title='bbox 728 1987 880 2068; x_wconf 87' lang='lat' dir='ltr'><strong>eliciatur,</strong></span> <span class='ocrx_word' id='word_1_132' title='bbox 912 2008 929 2051; x_wconf 90' lang='lat' dir='ltr'><strong>a</strong></span> <span class='ocrx_word' id='word_1_133' title='bbox 952 2007 1011 2071; x_wconf 93' lang='lat' dir='ltr'><strong>qua</strong></span> <span class='ocrx_word' id='word_1_134' title='bbox 1032 1987 1206 2051; x_wconf 89' lang='lat' dir='ltr'><strong>Nestoriani</strong></span> <span class='ocrx_word' id='word_1_135' title='bbox 1234 2004 1294 2050; x_wconf 91' lang='lat' dir='ltr'><strong>non</strong></span> <span class='ocrx_word' id='word_1_136' title='bbox 1316 1987 1412 2049; x_wconf 90' lang='lat' dir='ltr'><strong>minus</strong></span> <span class='ocrx_word' id='word_1_137' title='bbox 1436 1986 1611 2062; x_wconf 89' lang='lat' dir='ltr'><strong>abhorrent,</strong></span> 
     </span>
     <span class='ocr_line' id='line_1_15' title="bbox 237 2084 843 2166; baseline 0.003 -20"><span class='ocrx_word' id='word_1_138' title='bbox 237 2103 325 2165; x_wconf 89' lang='lat' dir='ltr'><strong>quam</strong></span> <span class='ocrx_word' id='word_1_139' title='bbox 348 2084 456 2166; x_wconf 84' lang='lat' dir='ltr'><strong>reliqui</strong></span> <span class='ocrx_word' id='word_1_140' title='bbox 480 2085 649 2149; x_wconf 84' lang='lat' dir='ltr'><strong>Orientales</strong></span> <span class='ocrx_word' id='word_1_141' title='bbox 673 2084 843 2150; x_wconf 83' lang='lat' dir='ltr'><strong>Christiani.</strong></span> 
     </span>
    </p>
   </div>
   <div class='ocr_carea' id='block_1_7' title="bbox 513 2329 1374 2444">
    <p class='ocr_par' dir='ltr' id='par_1_7' title="bbox 513 2329 1374 2444">
     <span class='ocr_line' id='line_1_16' title="bbox 513 2329 1374 2444; baseline 0.001 -26"><span class='ocrx_word' id='word_1_142' title='bbox 513 2346 550 2418; x_wconf 84' lang='grc'><strong>8.</strong></span> <span class='ocrx_word' id='word_1_143' title='bbox 589 2348 750 2444; x_wconf 75' lang='lat' dir='ltr'><strong>Liturpio</strong></span> <span class='ocrx_word' id='word_1_144' title='bbox 775 2329 965 2422; x_wconf 83' lang='lat' dir='ltr'><strong>Beolorurn</strong></span> <span class='ocrx_word' id='word_1_145' title='bbox 990 2348 1245 2443; x_wconf 74' lang='lat' dir='ltr'><strong>Apostolorum,</strong></span> <span class='ocrx_word' id='word_1_146' title='bbox 1273 2354 1336 2419; x_wconf 86' lang='lat' dir='ltr'><strong>etc.</strong></span> <span class='ocrx_word' id='word_1_147' title='bbox 1368 2360 1374 2372; x_wconf 89' lang='lat'>&#39;</span> 
     </span>
    </p>
   </div>
   <div class='ocr_carea' id='block_1_8' title="bbox 213 2538 1626 4233">
    <p class='ocr_par' dir='ltr' id='par_1_8' title="bbox 213 2538 1626 3533">
     <span class='ocr_line' id='line_1_17' title="bbox 334 2538 1609 2638; baseline -0.002 -20"><span class='ocrx_word' id='word_1_148' title='bbox 334 2538 427 2618; x_wconf 77' lang='lat' dir='ltr'><strong>Hnsc</strong></span> <span class='ocrx_word' id='word_1_149' title='bbox 449 2568 520 2636; x_wconf 87' lang='lat' dir='ltr'><strong>pars</strong></span> <span class='ocrx_word' id='word_1_150' title='bbox 542 2549 735 2633; x_wconf 83' lang='lat' dir='ltr'><strong>Anaphorarn</strong></span> <span class='ocrx_word' id='word_1_151' title='bbox 758 2554 883 2635; x_wconf 87' lang='lat' dir='ltr'><strong>proprie</strong></span> <span class='ocrx_word' id='word_1_152' title='bbox 905 2553 1013 2616; x_wconf 75' lang='lat' dir='ltr'><strong>dictum</strong></span> <span class='ocrx_word' id='word_1_153' title='bbox 1031 2553 1176 2638; x_wconf 83' lang='lat' dir='ltr'><strong>continet,</strong></span> <span class='ocrx_word' id='word_1_154' title='bbox 1197 2560 1231 2615; x_wconf 87' lang='lat' dir='ltr'><strong>ut</strong></span> <span class='ocrx_word' id='word_1_155' title='bbox 1253 2571 1319 2616; x_wconf 87' lang='lat' dir='ltr'><strong>eam</strong></span> <span class='ocrx_word' id='word_1_156' title='bbox 1335 2553 1405 2635; x_wconf 82' lang='lat' dir='ltr'><strong>Syri</strong></span> <span class='ocrx_word' id='word_1_157' title='bbox 1428 2560 1458 2617; x_wconf 90' lang='lat' dir='ltr'><strong>et</strong></span> <span class='ocrx_word' id='word_1_158' title='bbox 1471 2553 1609 2636; x_wconf 87' lang='lat' dir='ltr'><strong>Coptitae</strong></span> 
     </span>
     <span class='ocr_line' id='line_1_18' title="bbox 238 2653 1611 2738; baseline 0.002 -23"><span class='ocrx_word' id='word_1_159' title='bbox 238 2664 359 2734; x_wconf 85' lang='lat' dir='ltr'><strong>uocant,</strong></span> <span class='ocrx_word' id='word_1_160' title='bbox 382 2672 521 2736; x_wconf 88' lang='lat' dir='ltr'><strong>quaeque</strong></span> <span class='ocrx_word' id='word_1_161' title='bbox 544 2653 624 2734; x_wconf 91' lang='lat' dir='ltr'><strong>apud</strong></span> <span class='ocrx_word' id='word_1_162' title='bbox 645 2672 702 2719; x_wconf 90' lang='lat' dir='ltr'><strong>nos</strong></span> <span class='ocrx_word' id='word_1_163' title='bbox 726 2654 840 2735; x_wconf 91' lang='lat' dir='ltr'><strong>Canon,</strong></span> <span class='ocrx_word' id='word_1_164' title='bbox 870 2656 939 2719; x_wconf 92' lang='lat' dir='ltr'><strong>olim</strong></span> <span class='ocrx_word' id='word_1_165' title='bbox 967 2655 1073 2719; x_wconf 87' lang='lat' dir='ltr'><strong>Canon</strong></span> <span class='ocrx_word' id='word_1_166' title='bbox 1100 2656 1255 2731; x_wconf 78' lang='lat' dir='ltr'><strong>Actionis,</strong></span> <span class='ocrx_word' id='word_1_167' title='bbox 1286 2665 1337 2720; x_wconf 86' lang='lat' dir='ltr'><strong>aut</strong></span> <span class='ocrx_word' id='word_1_168' title='bbox 1358 2656 1448 2720; x_wconf 81' lang='lat' dir='ltr'><strong>Actio</strong></span> <span class='ocrx_word' id='word_1_169' title='bbox 1470 2657 1611 2738; x_wconf 85' lang='lat' dir='ltr'><strong>appella-</strong></span> 
     </span>
     <span class='ocr_line' id='line_1_19' title="bbox 238 2753 1626 2838; baseline 0.001 -22"><span class='ocrx_word' id='word_1_170' title='bbox 238 2753 336 2816; x_wconf 85' lang='lat' dir='ltr'><strong>batur.</strong></span> <span class='ocrx_word' id='word_1_171' title='bbox 380 2753 441 2816; x_wconf 85' lang='lat' dir='ltr'><strong>Eas</strong></span> <span class='ocrx_word' id='word_1_172' title='bbox 464 2754 581 2818; x_wconf 90' lang='lat' dir='ltr'><strong>scilicet</strong></span> <span class='ocrx_word' id='word_1_173' title='bbox 603 2755 757 2819; x_wconf 88' lang='lat' dir='ltr'><strong>orationes</strong></span> <span class='ocrx_word' id='word_1_174' title='bbox 780 2757 1003 2838; x_wconf 88' lang='lat' dir='ltr'><strong>complectitur,</strong></span> <span class='ocrx_word' id='word_1_175' title='bbox 1031 2756 1139 2837; x_wconf 90' lang='lat' dir='ltr'><strong>quibus</strong></span> <span class='ocrx_word' id='word_1_176' title='bbox 1169 2754 1347 2818; x_wconf 90' lang='lat' dir='ltr'><strong>sacrificium</strong></span> <span class='ocrx_word' id='word_1_177' title='bbox 1373 2756 1626 2821; x_wconf 85' lang='lat' dir='ltr'><strong>Eucharisticum</strong></span> 
     </span>
     <span class='ocr_line' id='line_1_20' title="bbox 213 2851 1611 2938; baseline 0.001 -22"><span class='ocrx_word' id='word_1_178' title='bbox 213 2925 216 2936; x_wconf 34' lang='lat'><strong><em>¹</em></strong></span> <span class='ocrx_word' id='word_1_179' title='bbox 238 2853 404 2934; x_wconf 87' lang='lat' dir='ltr'><strong>perficitur.</strong></span> <span class='ocrx_word' id='word_1_180' title='bbox 438 2851 526 2924; x_wconf 88' lang='lat' dir='ltr'><strong>Quod</strong></span> <span class='ocrx_word' id='word_1_181' title='bbox 540 2851 611 2915; x_wconf 89' lang='lat' dir='ltr'><strong>alibi</strong></span> <span class='ocrx_word' id='word_1_182' title='bbox 625 2856 792 2917; x_wconf 91' lang='lat' dir='ltr'><strong>monuimus</strong></span> <span class='ocrx_word' id='word_1_183' title='bbox 805 2855 843 2918; x_wconf 93' lang='lat' dir='ltr'><strong>de</strong></span> <span class='ocrx_word' id='word_1_184' title='bbox 859 2856 925 2918; x_wconf 90' lang='lat' dir='ltr'><strong>aliis</strong></span> <span class='ocrx_word' id='word_1_185' title='bbox 939 2855 1083 2938; x_wconf 88' lang='lat' dir='ltr'><strong>Liturgiis</strong></span> <span class='ocrx_word' id='word_1_186' title='bbox 1099 2852 1311 2932; x_wconf 85' lang='lat' dir='ltr'><strong>Orientalibus,</strong></span> <span class='ocrx_word' id='word_1_187' title='bbox 1335 2853 1372 2916; x_wconf 88' lang='lat' dir='ltr'><strong>ud</strong></span> <span class='ocrx_word' id='word_1_188' title='bbox 1394 2857 1467 2919; x_wconf 89' lang='lat' dir='ltr'><strong>istas</strong></span> <span class='ocrx_word' id='word_1_189' title='bbox 1491 2873 1611 2938; x_wconf 89' lang='lat' dir='ltr'><strong>quoque</strong></span> 
     </span>
     <span class='ocr_line' id='line_1_21' title="bbox 239 2941 1610 3040; baseline 0.003 -26"><span class='ocrx_word' id='word_1_190' title='bbox 239 2953 385 3034; x_wconf 87' lang='lat' dir='ltr'><strong>pertinet:</strong></span> <span class='ocrx_word' id='word_1_191' title='bbox 409 2950 517 3032; x_wconf 83' lang='lat' dir='ltr'><strong>nempe</strong></span> <span class='ocrx_word' id='word_1_192' title='bbox 528 2970 595 3014; x_wconf 90' lang='lat' dir='ltr'><strong>cum</strong></span> <span class='ocrx_word' id='word_1_193' title='bbox 618 2952 713 3033; x_wconf 90' lang='lat' dir='ltr'><strong>prima</strong></span> <span class='ocrx_word' id='word_1_194' title='bbox 735 2973 807 3035; x_wconf 87' lang='lat' dir='ltr'><strong>pars</strong></span> <span class='ocrx_word' id='word_1_195' title='bbox 831 2973 908 3036; x_wconf 87' lang='lat' dir='ltr'><strong>quae</strong></span> <span class='ocrx_word' id='word_1_196' title='bbox 931 2962 978 3018; x_wconf 90' lang='lat' dir='ltr'><strong>est</strong></span> <span class='ocrx_word' id='word_1_197' title='bbox 1000 2941 1362 3040; x_wconf 71' lang='grc' dir='ltr'><strong><em>πρωεαρασκευαστική,</em></strong></span> <span class='ocrx_word' id='word_1_198' title='bbox 1386 2972 1447 3018; x_wconf 91' lang='lat' dir='ltr'><strong>non</strong></span> <span class='ocrx_word' id='word_1_199' title='bbox 1469 2963 1610 3036; x_wconf 88' lang='lat' dir='ltr'><strong>mutetur,</strong></span> 
     </span>
     <span class='ocr_line' id='line_1_22' title="bbox 242 3049 1612 3136; baseline 0.007 -25"><span class='ocrx_word' id='word_1_200' title='bbox 242 3052 302 3114; x_wconf 90' lang='lat' dir='ltr'><strong>nisi</strong></span> <span class='ocrx_word' id='word_1_201' title='bbox 324 3050 405 3132; x_wconf 92' lang='lat' dir='ltr'><strong>quod</strong></span> <span class='ocrx_word' id='word_1_202' title='bbox 434 3049 574 3113; x_wconf 88' lang='lat' dir='ltr'><strong>diversae</strong></span> <span class='ocrx_word' id='word_1_203' title='bbox 595 3059 665 3118; x_wconf 89' lang='lat' dir='ltr'><strong>sunt</strong></span> <span class='ocrx_word' id='word_1_204' title='bbox 686 3071 743 3134; x_wconf 91' lang='lat' dir='ltr'><strong>pro</strong></span> <span class='ocrx_word' id='word_1_205' title='bbox 766 3062 901 3135; x_wconf 89' lang='lat' dir='ltr'><strong>tempore</strong></span> <span class='ocrx_word' id='word_1_206' title='bbox 923 3054 1138 3136; x_wconf 90' lang='lat' dir='ltr'><strong>scripturarum</strong></span> <span class='ocrx_word' id='word_1_207' title='bbox 1159 3054 1319 3117; x_wconf 89' lang='lat' dir='ltr'><strong>lectiones:</strong></span> <span class='ocrx_word' id='word_1_208' title='bbox 1343 3054 1438 3118; x_wconf 85' lang='lat' dir='ltr'><strong>altera</strong></span> <span class='ocrx_word' id='word_1_209' title='bbox 1460 3056 1612 3136; x_wconf 88' lang='lat' dir='ltr'><strong>quaeCn·</strong></span> 
     </span>
     <span class='ocr_line' id='line_1_23' title="bbox 240 3150 1611 3238; baseline 0.006 -27"><span class='ocrx_word' id='word_1_210' title='bbox 240 3168 350 3214; x_wconf 87' lang='lat' dir='ltr'><strong>nonem</strong></span> <span class='ocrx_word' id='word_1_211' title='bbox 373 3158 404 3212; x_wconf 90' lang='lat' dir='ltr'><strong>et</strong></span> <span class='ocrx_word' id='word_1_212' title='bbox 427 3150 687 3214; x_wconf 90' lang='lat' dir='ltr'><strong>consecrationem</strong></span> <span class='ocrx_word' id='word_1_213' title='bbox 711 3155 856 3231; x_wconf 89' lang='lat' dir='ltr'><strong>continet,</strong></span> <span class='ocrx_word' id='word_1_214' title='bbox 880 3161 1010 3217; x_wconf 88' lang='lat' dir='ltr'><strong>mutatur</strong></span> <span class='ocrx_word' id='word_1_215' title='bbox 1036 3153 1201 3217; x_wconf 87' lang='lat' dir='ltr'><strong>secundum</strong></span> <span class='ocrx_word' id='word_1_216' title='bbox 1222 3153 1423 3238; x_wconf 85' lang='lat' dir='ltr'><strong>Liturgiarum</strong></span> <span class='ocrx_word' id='word_1_217' title='bbox 1447 3156 1611 3219; x_wconf 88' lang='lat' dir='ltr'><strong>diversita-</strong></span> 
     </span>
     <span class='ocr_line' id='line_1_24' title="bbox 240 3251 1610 3337; baseline 0.004 -24"><span class='ocrx_word' id='word_1_218' title='bbox 240 3257 315 3313; x_wconf 88' lang='lat' dir='ltr'><strong>tem:</strong></span> <span class='ocrx_word' id='word_1_219' title='bbox 343 3251 385 3312; x_wconf 90' lang='lat' dir='ltr'><strong>ita</strong></span> <span class='ocrx_word' id='word_1_220' title='bbox 411 3257 510 3313; x_wconf 85' lang='lat' dir='ltr'><strong>tamen</strong></span> <span class='ocrx_word' id='word_1_221' title='bbox 532 3257 565 3312; x_wconf 90' lang='lat' dir='ltr'><strong>ut</strong></span> <span class='ocrx_word' id='word_1_222' title='bbox 587 3251 616 3312; x_wconf 93' lang='lat' dir='ltr'><strong>in</strong></span> <span class='ocrx_word' id='word_1_223' title='bbox 644 3252 807 3315; x_wconf 86' lang='lat' dir='ltr'><strong>verborum</strong></span> <span class='ocrx_word' id='word_1_224' title='bbox 830 3252 941 3316; x_wconf 89' lang='lat' dir='ltr'><strong>Christi</strong></span> <span class='ocrx_word' id='word_1_225' title='bbox 969 3254 1229 3334; x_wconf 86' lang='lat' dir='ltr'><strong>pronuntiatione,</strong></span> <span class='ocrx_word' id='word_1_226' title='bbox 1258 3253 1452 3318; x_wconf 79' lang='lat' dir='ltr'><strong>lanceatione</strong></span> <span class='ocrx_word' id='word_1_227' title='bbox 1482 3256 1610 3337; x_wconf 90' lang='lat' dir='ltr'><strong>Spiritus</strong></span> 
     </span>
     <span class='ocr_line' id='line_1_25' title="bbox 239 3349 1611 3431; baseline 0.005 -18"><span class='ocrx_word' id='word_1_228' title='bbox 239 3351 348 3428; x_wconf 89' lang='lat' dir='ltr'><strong>sancti,</strong></span> <span class='ocrx_word' id='word_1_229' title='bbox 370 3349 614 3431; x_wconf 89' lang='lat' dir='ltr'><strong>orationibusque</strong></span> <span class='ocrx_word' id='word_1_230' title='bbox 637 3351 674 3413; x_wconf 88' lang='lat' dir='ltr'><strong>ad</strong></span> <span class='ocrx_word' id='word_1_231' title='bbox 698 3351 873 3415; x_wconf 81' lang='lat' dir='ltr'><strong>fractionem</strong></span> <span class='ocrx_word' id='word_1_232' title='bbox 902 3360 933 3415; x_wconf 90' lang='lat' dir='ltr'><strong>et</strong></span> <span class='ocrx_word' id='word_1_233' title='bbox 955 3354 1202 3428; x_wconf 89' lang='lat' dir='ltr'><strong>communionem,</strong></span> <span class='ocrx_word' id='word_1_234' title='bbox 1225 3370 1287 3416; x_wconf 92' lang='lat' dir='ltr'><strong>non</strong></span> <span class='ocrx_word' id='word_1_235' title='bbox 1310 3353 1490 3418; x_wconf 87' lang='lat' dir='ltr'><strong>observetur</strong></span> <span class='ocrx_word' id='word_1_236' title='bbox 1518 3355 1611 3420; x_wconf 91' lang='lat' dir='ltr'><strong>ullum</strong></span> 
     </span>
     <span class='ocr_line' id='line_1_26' title="bbox 239 3448 552 3533; baseline 0.013 -22"><span class='ocrx_word' id='word_1_237' title='bbox 239 3448 358 3533; x_wconf 86' lang='lat' dir='ltr'><strong>insigne</strong></span> <span class='ocrx_word' id='word_1_238' title='bbox 380 3449 552 3515; x_wconf 88' lang='lat' dir='ltr'><strong>discrimen.</strong></span> 
     </span>
    </p>

    <p class='ocr_par' dir='ltr' id='par_1_9' title="bbox 238 3548 1610 4233">
     <span class='ocr_line' id='line_1_27' title="bbox 327 3548 1610 3634; baseline 0.005 -22"><span class='ocrx_word' id='word_1_239' title='bbox 327 3548 488 3613; x_wconf 88' lang='lat' dir='ltr'><strong>Orationes</strong></span> <span class='ocrx_word' id='word_1_240' title='bbox 511 3567 588 3632; x_wconf 89' lang='lat' dir='ltr'><strong>quae</strong></span> <span class='ocrx_word' id='word_1_241' title='bbox 611 3559 778 3631; x_wconf 89' lang='lat' dir='ltr'><strong>sequuntur</strong></span> <span class='ocrx_word' id='word_1_242' title='bbox 800 3552 907 3634; x_wconf 91' lang='lat' dir='ltr'><strong>quibus</strong></span> <span class='ocrx_word' id='word_1_243' title='bbox 930 3551 1079 3616; x_wconf 87' lang='lat' dir='ltr'><strong>Sacerdos</strong></span> <span class='ocrx_word' id='word_1_244' title='bbox 1098 3551 1285 3614; x_wconf 87' lang='lat' dir='ltr'><strong>commendat</strong></span> <span class='ocrx_word' id='word_1_245' title='bbox 1306 3569 1342 3615; x_wconf 91' lang='lat' dir='ltr'><strong>se</strong></span> <span class='ocrx_word' id='word_1_246' title='bbox 1358 3551 1610 3618; x_wconf 88' lang='lat' dir='ltr'><strong>circumstantium</strong></span> 
     </span>
     <span class='ocr_line' id='line_1_28' title="bbox 239 3649 1610 3736; baseline 0.005 -25"><span class='ocrx_word' id='word_1_247' title='bbox 239 3649 392 3729; x_wconf 84' lang='lat' dir='ltr'><strong>precibus,</strong></span> <span class='ocrx_word' id='word_1_248' title='bbox 415 3658 447 3712; x_wconf 90' lang='lat' dir='ltr'><strong>ut</strong></span> <span class='ocrx_word' id='word_1_249' title='bbox 469 3649 649 3713; x_wconf 80' lang='lat' dir='ltr'><strong>sacrificium</strong></span> <span class='ocrx_word' id='word_1_250' title='bbox 672 3649 763 3735; x_wconf 89' lang='lat' dir='ltr'><strong>digne</strong></span> <span class='ocrx_word' id='word_1_251' title='bbox 785 3651 933 3732; x_wconf 87' lang='lat' dir='ltr'><strong>perficiat,</strong></span> <span class='ocrx_word' id='word_1_252' title='bbox 957 3650 995 3713; x_wconf 89' lang='lat' dir='ltr'><strong>ad</strong></span> <span class='ocrx_word' id='word_1_253' title='bbox 1011 3669 1127 3714; x_wconf 90' lang='lat' dir='ltr'><strong>sacram</strong></span> <span class='ocrx_word' id='word_1_254' title='bbox 1140 3652 1301 3714; x_wconf 79' lang='lat' dir='ltr'><strong>Actionem</strong></span> <span class='ocrx_word' id='word_1_255' title='bbox 1312 3653 1437 3733; x_wconf 88' lang='lat' dir='ltr'><strong>proprie</strong></span> <span class='ocrx_word' id='word_1_256' title='bbox 1451 3670 1512 3717; x_wconf 91' lang='lat' dir='ltr'><strong>non</strong></span> <span class='ocrx_word' id='word_1_257' title='bbox 1534 3674 1610 3736; x_wconf 89' lang='lat' dir='ltr'><strong>per-</strong></span> 
     </span>
     <span class='ocr_line' id='line_1_29' title="bbox 239 3748 1610 3833; baseline 0.005 -23"><span class='ocrx_word' id='word_1_258' title='bbox 239 3750 350 3811; x_wconf 86' lang='lat' dir='ltr'><strong>tinent:</strong></span> <span class='ocrx_word' id='word_1_259' title='bbox 375 3767 442 3812; x_wconf 92' lang='lat' dir='ltr'><strong>cum</strong></span> <span class='ocrx_word' id='word_1_260' title='bbox 463 3759 496 3812; x_wconf 91' lang='lat' dir='ltr'><strong>ut</strong></span> <span class='ocrx_word' id='word_1_261' title='bbox 519 3748 746 3829; x_wconf 89' lang='lat' dir='ltr'><strong>antecedentes,</strong></span> <span class='ocrx_word' id='word_1_262' title='bbox 769 3753 828 3813; x_wconf 91' lang='lat' dir='ltr'><strong>sint</strong></span> <span class='ocrx_word' id='word_1_263' title='bbox 858 3751 1121 3833; x_wconf 86' lang='lat' dir='ltr'><strong>praeparatoriae;</strong></span> <span class='ocrx_word' id='word_1_264' title='bbox 1150 3749 1204 3812; x_wconf 93' lang='lat' dir='ltr'><strong>sed</strong></span> <span class='ocrx_word' id='word_1_265' title='bbox 1232 3751 1300 3831; x_wconf 89' lang='lat' dir='ltr'><strong>quia</strong></span> <span class='ocrx_word' id='word_1_266' title='bbox 1324 3750 1465 3815; x_wconf 86' lang='lat' dir='ltr'><strong>diversae</strong></span> <span class='ocrx_word' id='word_1_267' title='bbox 1487 3763 1557 3817; x_wconf 89' lang='lat' dir='ltr'><strong>sunt</strong></span> <span class='ocrx_word' id='word_1_268' title='bbox 1578 3756 1610 3817; x_wconf 95' lang='lat' dir='ltr'><strong>in</strong></span> 
     </span>
     <span class='ocr_line' id='line_1_30' title="bbox 240 3847 1610 3934; baseline 0.004 -23"><span class='ocrx_word' id='word_1_269' title='bbox 240 3848 371 3912; x_wconf 81' lang='lat' dir='ltr'><strong>diversis</strong></span> <span class='ocrx_word' id='word_1_270' title='bbox 393 3849 548 3930; x_wconf 77' lang='lat' dir='ltr'><strong>liturgiis,</strong></span> <span class='ocrx_word' id='word_1_271' title='bbox 572 3849 671 3911; x_wconf 88' lang='lat' dir='ltr'><strong>statim</strong></span> <span class='ocrx_word' id='word_1_272' title='bbox 693 3849 924 3933; x_wconf 88' lang='lat' dir='ltr'><strong>subjunguntur.</strong></span> <span class='ocrx_word' id='word_1_273' title='bbox 970 3849 1084 3912; x_wconf 90' lang='lat' dir='ltr'><strong>inillis</strong></span> <span class='ocrx_word' id='word_1_274' title='bbox 1106 3847 1328 3913; x_wconf 84' lang='lat' dir='ltr'><strong>observandum</strong></span> <span class='ocrx_word' id='word_1_275' title='bbox 1350 3860 1408 3930; x_wconf 90' lang='lat' dir='ltr'><strong>est,</strong></span> <span class='ocrx_word' id='word_1_276' title='bbox 1432 3871 1521 3934; x_wconf 65' lang='lat' dir='ltr'><strong>mam</strong></span> <span class='ocrx_word' id='word_1_277' title='bbox 1543 3852 1610 3917; x_wconf 86' lang='lat' dir='ltr'><strong>ire·</strong></span> 
     </span>
     <span class='ocr_line' id='line_1_31' title="bbox 240 3948 1609 4034; baseline 0.004 -24"><span class='ocrx_word' id='word_1_278' title='bbox 240 3957 368 4028; x_wconf 91' lang='lat' dir='ltr'><strong>quenter</strong></span> <span class='ocrx_word' id='word_1_279' title='bbox 390 3955 530 4012; x_wconf 88' lang='lat' dir='ltr'><strong>occurrat</strong></span> <span class='ocrx_word' id='word_1_280' title='bbox 557 3966 619 4011; x_wconf 86' lang='lat' dir='ltr'><strong>vox</strong></span> <span class='ocrx_word' id='word_1_281' title='bbox 648 3950 817 4029; x_wconf 67' lang='lat' dir='ltr'><strong>sacrificii,</strong></span> <span class='ocrx_word' id='word_1_282' title='bbox 846 3959 878 4013; x_wconf 93' lang='lat' dir='ltr'><strong>ut</strong></span> <span class='ocrx_word' id='word_1_283' title='bbox 908 3953 939 4014; x_wconf 90' lang='lat' dir='ltr'><strong>in</strong></span> <span class='ocrx_word' id='word_1_284' title='bbox 967 3949 1103 4012; x_wconf 91' lang='lat' dir='ltr'><strong>omnibus</strong></span> <span class='ocrx_word' id='word_1_285' title='bbox 1133 3948 1197 4011; x_wconf 89' lang='lat' dir='ltr'><strong>aliis</strong></span> <span class='ocrx_word' id='word_1_286' title='bbox 1226 3948 1387 4034; x_wconf 87' lang='lat' dir='ltr'><strong>Liturgiis,</strong></span> <span class='ocrx_word' id='word_1_287' title='bbox 1416 3970 1482 4014; x_wconf 92' lang='lat' dir='ltr'><strong>cum</strong></span> <span class='ocrx_word' id='word_1_288' title='bbox 1511 3961 1609 4016; x_wconf 90' lang='lat' dir='ltr'><strong>tamen</strong></span> 
     </span>
     <span class='ocr_line' id='line_1_32' title="bbox 238 4047 1608 4133; baseline 0.005 -23"><span class='ocrx_word' id='word_1_289' title='bbox 238 4067 355 4133; x_wconf 88' lang='lat' dir='ltr'><strong>negare</strong></span> <span class='ocrx_word' id='word_1_290' title='bbox 378 4067 468 4113; x_wconf 90' lang='lat' dir='ltr'><strong>ausus</strong></span> <span class='ocrx_word' id='word_1_291' title='bbox 490 4049 529 4111; x_wconf 90' lang='lat' dir='ltr'><strong>sit</strong></span> <span class='ocrx_word' id='word_1_292' title='bbox 550 4047 675 4112; x_wconf 79' lang='lat' dir='ltr'><strong>iiiretus</strong></span> <span class='ocrx_word' id='word_1_293' title='bbox 698 4050 729 4110; x_wconf 89' lang='lat' dir='ltr'><strong>in</strong></span> <span class='ocrx_word' id='word_1_294' title='bbox 751 4051 881 4132; x_wconf 87' lang='lat' dir='ltr'><strong>antiquis</strong></span> <span class='ocrx_word' id='word_1_295' title='bbox 909 4050 1069 4133; x_wconf 84' lang='lat' dir='ltr'><strong>quidquam</strong></span> <span class='ocrx_word' id='word_1_296' title='bbox 1097 4048 1194 4112; x_wconf 90' lang='lat' dir='ltr'><strong>simile</strong></span> <span class='ocrx_word' id='word_1_297' title='bbox 1223 4051 1362 4131; x_wconf 88' lang='lat' dir='ltr'><strong>reperiri.</strong></span> <span class='ocrx_word' id='word_1_298' title='bbox 1407 4050 1485 4115; x_wconf 88' lang='lat' dir='ltr'><strong>lstae</strong></span> <span class='ocrx_word' id='word_1_299' title='bbox 1510 4060 1608 4117; x_wconf 86' lang='lat' dir='ltr'><strong>tomen</strong></span> 
     </span>
     <span class='ocr_line' id='line_1_33' title="bbox 240 4149 1043 4233; baseline 0.004 -22"><span class='ocrx_word' id='word_1_300' title='bbox 240 4157 310 4212; x_wconf 87' lang='lat' dir='ltr'><strong>sunt</strong></span> <span class='ocrx_word' id='word_1_301' title='bbox 332 4149 573 4231; x_wconf 86' lang='lat' dir='ltr'><strong>antiquissimae,</strong></span> <span class='ocrx_word' id='word_1_302' title='bbox 604 4156 697 4213; x_wconf 84' lang='lat' dir='ltr'><strong>etex</strong></span> <span class='ocrx_word' id='word_1_303' title='bbox 719 4149 844 4214; x_wconf 87' lang='lat' dir='ltr'><strong>Graecis</strong></span> <span class='ocrx_word' id='word_1_304' title='bbox 868 4168 1043 4233; x_wconf 85' lang='lat' dir='ltr'><strong>expressae.</strong></span> 
     </span>
    </p>
   </div>
   <div class='ocr_carea' id='block_1_9' title="bbox 689 4409 1166 4518">
    <p class='ocr_par' dir='ltr' id='par_1_10' title="bbox 689 4409 1166 4518">
     <span class='ocr_line' id='line_1_34' title="bbox 689 4409 1166 4518; baseline 0 -35"><span class='ocrx_word' id='word_1_305' title='bbox 689 4410 725 4483; x_wconf 85' lang='lat'><strong>9.</strong></span> <span class='ocrx_word' id='word_1_306' title='bbox 766 4409 887 4483; x_wconf 81' lang='lat' dir='ltr'><strong>Oratio</strong></span> <span class='ocrx_word' id='word_1_307' title='bbox 910 4433 978 4518; x_wconf 86' lang='lat' dir='ltr'><strong>pro</strong></span> <span class='ocrx_word' id='word_1_308' title='bbox 1006 4410 1166 4485; x_wconf 85' lang='lat' dir='ltr'><strong>omnibus.</strong></span> 
     </span>
    </p>
   </div>
   <div class='ocr_carea' id='block_1_10' title="bbox 237 4616 1608 5215">
    <p class='ocr_par' dir='ltr' id='par_1_11' title="bbox 237 4616 1608 5215">
     <span class='ocr_line' id='line_1_35' title="bbox 351 4616 1606 4716; baseline 0.002 -22"><span class='ocrx_word' id='word_1_309' title='bbox 351 4616 387 4695; x_wconf 79' lang='lat' dir='ltr'><strong>ln</strong></span> <span class='ocrx_word' id='word_1_310' title='bbox 411 4626 485 4692; x_wconf 90' lang='lat' dir='ltr'><strong>Cod.</strong></span> <span class='ocrx_word' id='word_1_311' title='bbox 509 4627 682 4707; x_wconf 89' lang='lat' dir='ltr'><strong>recentiori,</strong></span> <span class='ocrx_word' id='word_1_312' title='bbox 702 4647 760 4708; x_wconf 89' lang='lat' dir='ltr'><strong>pre</strong></span> <span class='ocrx_word' id='word_1_313' title='bbox 782 4628 920 4691; x_wconf 80' lang='lat' dir='ltr'><strong>omnibns</strong></span> <span class='ocrx_word' id='word_1_314' title='bbox 942 4628 1116 4694; x_wconf 73' lang='lat' dir='ltr'><strong>Catholicis.</strong></span> <span class='ocrx_word' id='word_1_315' title='bbox 1168 4628 1201 4692; x_wconf 92' lang='lat' dir='ltr'><strong>ln</strong></span> <span class='ocrx_word' id='word_1_316' title='bbox 1224 4629 1338 4693; x_wconf 88' lang='lat' dir='ltr'><strong>Codice</strong></span> <span class='ocrx_word' id='word_1_317' title='bbox 1358 4630 1453 4710; x_wconf 89' lang='lat' dir='ltr'><strong>Eiiae,</strong></span> <span class='ocrx_word' id='word_1_318' title='bbox 1476 4640 1507 4695; x_wconf 89' lang='lat' dir='ltr'><strong>et</strong></span> <span class='ocrx_word' id='word_1_319' title='bbox 1529 4634 1606 4716; x_wconf 89' lang='lat' dir='ltr'><strong>aliis,</strong></span> 
     </span>
     <span class='ocr_line' id='line_1_36' title="bbox 238 4731 1607 4818; baseline 0.006 -25"><span class='ocrx_word' id='word_1_320' title='bbox 238 4732 341 4796; x_wconf 88' lang='lat' dir='ltr'><strong>ultima</strong></span> <span class='ocrx_word' id='word_1_321' title='bbox 362 4751 426 4796; x_wconf 83' lang='lat' dir='ltr'><strong>vox</strong></span> <span class='ocrx_word' id='word_1_322' title='bbox 448 4731 605 4808; x_wconf 85' lang='lat' dir='ltr'><strong>omittitur3</strong></span> <span class='ocrx_word' id='word_1_323' title='bbox 627 4732 744 4795; x_wconf 81' lang='lat' dir='ltr'><strong>servari</strong></span> <span class='ocrx_word' id='word_1_324' title='bbox 767 4739 867 4795; x_wconf 85' lang='lat' dir='ltr'><strong>tamen</strong></span> <span class='ocrx_word' id='word_1_325' title='bbox 888 4741 991 4814; x_wconf 91' lang='lat' dir='ltr'><strong>potest</strong></span> <span class='ocrx_word' id='word_1_326' title='bbox 1014 4742 1046 4797; x_wconf 87' lang='lat' dir='ltr'><strong>et</strong></span> <span class='ocrx_word' id='word_1_327' title='bbox 1067 4732 1175 4813; x_wconf 91' lang='lat' dir='ltr'><strong>debet,</strong></span> <span class='ocrx_word' id='word_1_328' title='bbox 1203 4734 1293 4798; x_wconf 92' lang='lat' dir='ltr'><strong>modo</strong></span> <span class='ocrx_word' id='word_1_329' title='bbox 1316 4734 1474 4799; x_wconf 90' lang='lat' dir='ltr'><strong>deleantur</strong></span> <span class='ocrx_word' id='word_1_330' title='bbox 1495 4747 1607 4818; x_wconf 87' lang='lat' dir='ltr'><strong>puncta</strong></span> 
     </span>
     <span class='ocr_line' id='line_1_37' title="bbox 238 4832 1608 4917; baseline 0.004 -22"><span class='ocrx_word' id='word_1_331' title='bbox 238 4832 298 4896; x_wconf 90' lang='lat' dir='ltr'><strong>duo</strong></span> <span class='ocrx_word' id='word_1_332' title='bbox 321 4851 399 4915; x_wconf 91' lang='lat' dir='ltr'><strong>quae</strong></span> <span class='ocrx_word' id='word_1_333' title='bbox 421 4832 544 4913; x_wconf 86' lang='lat' dir='ltr'><strong>pluralis</strong></span> <span class='ocrx_word' id='word_1_334' title='bbox 567 4833 683 4894; x_wconf 89' lang='lat' dir='ltr'><strong>numeri</strong></span> <span class='ocrx_word' id='word_1_335' title='bbox 705 4839 775 4895; x_wconf 89' lang='lat' dir='ltr'><strong>nota</strong></span> <span class='ocrx_word' id='word_1_336' title='bbox 797 4839 877 4912; x_wconf 91' lang='lat' dir='ltr'><strong>sunt,</strong></span> <span class='ocrx_word' id='word_1_337' title='bbox 902 4839 933 4896; x_wconf 87' lang='lat' dir='ltr'><strong>et</strong></span> <span class='ocrx_word' id='word_1_338' title='bbox 960 4852 1037 4914; x_wconf 86' lang='lat' dir='ltr'><strong>quae</strong></span> <span class='ocrx_word' id='word_1_339' title='bbox 1060 4833 1098 4896; x_wconf 90' lang='lat' dir='ltr'><strong>de</strong></span> <span class='ocrx_word' id='word_1_340' title='bbox 1121 4852 1179 4897; x_wconf 91' lang='lat' dir='ltr'><strong>suo</strong></span> <span class='ocrx_word' id='word_1_341' title='bbox 1202 4832 1311 4917; x_wconf 85' lang='lat' dir='ltr'><strong>adjecit</strong></span> <span class='ocrx_word' id='word_1_342' title='bbox 1333 4836 1384 4917; x_wconf 92' lang='lat' dir='ltr'><strong>qui</strong></span> <span class='ocrx_word' id='word_1_343' title='bbox 1407 4835 1496 4898; x_wconf 91' lang='lat' dir='ltr'><strong>alium</strong></span> <span class='ocrx_word' id='word_1_344' title='bbox 1518 4838 1608 4902; x_wconf 92' lang='lat' dir='ltr'><strong>codi-</strong></span> 
     </span>
     <span class='ocr_line' id='line_1_38' title="bbox 238 4930 1606 5018; baseline 0.004 -24"><span class='ocrx_word' id='word_1_345' title='bbox 238 4951 305 4996; x_wconf 90' lang='lat' dir='ltr'><strong>cem</strong></span> <span class='ocrx_word' id='word_1_346' title='bbox 328 4932 519 5016; x_wconf 63' lang='lat' dir='ltr'><strong>descripsit„</strong></span> <span class='ocrx_word' id='word_1_347' title='bbox 547 4930 622 4994; x_wconf 88' lang='lat' dir='ltr'><strong>Nam</strong></span> <span class='ocrx_word' id='word_1_348' title='bbox 651 4930 809 4996; x_wconf 83' lang='lat' dir='ltr'><strong>Cutbolico</strong></span> <span class='ocrx_word' id='word_1_349' title='bbox 830 4932 991 5016; x_wconf 87' lang='lat' dir='ltr'><strong>legendum</strong></span> <span class='ocrx_word' id='word_1_350' title='bbox 1013 4943 1071 5009; x_wconf 86' lang='lat' dir='ltr'><strong>est,</strong></span> <span class='ocrx_word' id='word_1_351' title='bbox 1094 4952 1155 5015; x_wconf 94' lang='lat' dir='ltr'><strong>quo</strong></span> <span class='ocrx_word' id='word_1_352' title='bbox 1178 4936 1297 4997; x_wconf 78' lang='lat' dir='ltr'><strong>nonnius</strong></span> <span class='ocrx_word' id='word_1_353' title='bbox 1319 4935 1487 5018; x_wconf 89' lang='lat' dir='ltr'><strong>appellatur</strong></span> <span class='ocrx_word' id='word_1_354' title='bbox 1509 4939 1606 5000; x_wconf 87' lang='lat' dir='ltr'><strong>oratio</strong></span> 
     </span>
     <span class='ocr_line' id='line_1_39' title="bbox 238 5032 1605 5116; baseline 0.003 -21"><span class='ocrx_word' id='word_1_355' title='bbox 238 5032 353 5111; x_wconf 88' lang='lat' dir='ltr'><strong>similis,</strong></span> <span class='ocrx_word' id='word_1_356' title='bbox 375 5034 406 5095; x_wconf 90' lang='lat' dir='ltr'><strong>in</strong></span> <span class='ocrx_word' id='word_1_357' title='bbox 429 5052 489 5115; x_wconf 88' lang='lat' dir='ltr'><strong>qua</strong></span> <span class='ocrx_word' id='word_1_358' title='bbox 510 5033 673 5095; x_wconf 88' lang='lat' dir='ltr'><strong>universim</strong></span> <span class='ocrx_word' id='word_1_359' title='bbox 702 5049 759 5114; x_wconf 91' lang='lat' dir='ltr'><strong>pro</strong></span> <span class='ocrx_word' id='word_1_360' title='bbox 788 5033 925 5095; x_wconf 92' lang='lat' dir='ltr'><strong>omnibus</strong></span> <span class='ocrx_word' id='word_1_361' title='bbox 954 5035 1095 5114; x_wconf 92' lang='lat' dir='ltr'><strong>personis</strong></span> <span class='ocrx_word' id='word_1_362' title='bbox 1125 5041 1157 5097; x_wconf 88' lang='lat' dir='ltr'><strong>et</strong></span> <span class='ocrx_word' id='word_1_363' title='bbox 1185 5034 1276 5098; x_wconf 90' lang='lat' dir='ltr'><strong>rebus</strong></span> <span class='ocrx_word' id='word_1_364' title='bbox 1306 5053 1414 5116; x_wconf 89' lang='lat' dir='ltr'><strong>preces</strong></span> <span class='ocrx_word' id='word_1_365' title='bbox 1442 5034 1481 5098; x_wconf 90' lang='lat' dir='ltr'><strong>ad</strong></span> <span class='ocrx_word' id='word_1_366' title='bbox 1508 5035 1605 5099; x_wconf 89' lang='lat' dir='ltr'><strong>Deum</strong></span> 
     </span>
     <span class='ocr_line' id='line_1_40' title="bbox 237 5131 1603 5215; baseline 0.003 -20"><span class='ocrx_word' id='word_1_367' title='bbox 237 5131 321 5198; x_wconf 85' lang='lat' dir='ltr'><strong>liunt.</strong></span> <span class='ocrx_word' id='word_1_368' title='bbox 361 5132 406 5195; x_wconf 83' lang='lat' dir='ltr'><strong>lte</strong></span> <span class='ocrx_word' id='word_1_369' title='bbox 429 5136 529 5193; x_wconf 89' lang='lat' dir='ltr'><strong>autem</strong></span> <span class='ocrx_word' id='word_1_370' title='bbox 549 5132 735 5211; x_wconf 86' lang='lat' dir='ltr'><strong>perficienda</strong></span> <span class='ocrx_word' id='word_1_371' title='bbox 757 5140 804 5196; x_wconf 90' lang='lat' dir='ltr'><strong>est</strong></span> <span class='ocrx_word' id='word_1_372' title='bbox 825 5132 875 5196; x_wconf 88' lang='lat' dir='ltr'><strong>illu</strong></span> <span class='ocrx_word' id='word_1_373' title='bbox 896 5136 1004 5215; x_wconf 87' lang='lat' dir='ltr'><strong>oratio,</strong></span> <span class='ocrx_word' id='word_1_374' title='bbox 1027 5153 1068 5198; x_wconf 80' lang='lat' dir='ltr'><strong>ex</strong></span> <span class='ocrx_word' id='word_1_375' title='bbox 1088 5134 1181 5200; x_wconf 87' lang='lat' dir='ltr'><strong>blissa</strong></span> <span class='ocrx_word' id='word_1_376' title='bbox 1203 5134 1395 5212; x_wconf 83' lang='lat' dir='ltr'><strong>Mulabarica,</strong></span> <span class='ocrx_word' id='word_1_377' title='bbox 1417 5135 1481 5199; x_wconf 88' lang='lat' dir='ltr'><strong>Pro</strong></span> <span class='ocrx_word' id='word_1_378' title='bbox 1503 5138 1603 5199; x_wconf 86' lang='lat' dir='ltr'><strong>omni-</strong></span> 
     </span>
    </p>
   </div>
   <div class='ocr_carea' id='block_1_11' title="bbox 1310 5239 1387 5315">
    <p class='ocr_par' dir='ltr' id='par_1_12' title="bbox 1310 5239 1387 5315">
     <span class='ocr_line' id='line_1_41' title="bbox 1310 5239 1387 5315; baseline 0.039 -3"><span class='ocrx_word' id='word_1_379' title='bbox 1310 5239 1387 5315; x_wconf 76' lang='lat'><strong>78*</strong></span> 
     </span>
    </p>
   </div>
   <div class='ocr_carea' id='block_1_12' title="bbox 0 0 2268 6034">
    <p class='ocr_par' dir='ltr' id='par_1_13' title="bbox 0 0 2268 6034">
     <span class='ocr_line' id='line_1_42' title="bbox 0 0 2268 6034; baseline 0 2"><span class='ocrx_word' id='word_1_380' title='bbox 0 0 2268 6034; x_wconf 95' lang='lat' dir='ltr'><strong> </strong></span> 
     </span>
    </p>
   </div>
  </div>
 </body>
</html>
