4525 6034
603 553 655 629 IN
695 555 988 634 lluuualns
1025 556 1300 636 stainans.
1567 562 1639 635 lot

265 734 344 797 ωιάε
363 733 484 814 sopiamt
503 737 634 813 claim
656 740 782 800 Metita
803 747 834 800 et
853 741 991 819 pentima
1012 748 1190 822 perpetuam
1220 740 1392 805 felicitatem
1415 743 1473 806 illis
1492 745 1641 825 postulari

266 851 353 895 nemo
383 850 444 895 non
471 833 626 918 intelligit,
656 854 734 917 quae
761 838 818 899 sub
847 837 956 900 talibus
987 840 1173 920 metaphoris
1201 840 1397 921 significetur.
1442 842 1521 905 Nibil
1547 861 1641 925 porro

266 932 323 994 buc
353 951 450 1014 usque
476 935 565 997 nobis
588 937 721 997 occurrit
742 935 773 997 in
796 936 1021 1018 'l’beologorum
1044 938 1168 1018 scriptis
1192 946 1243 1001 aut
1264 939 1294 1000 in
1318 939 1464 1017 llomiliis,
1486 941 1567 1004 uode
1589 943 1640 1005 vel

265 1030 449 1094 levissimum
476 1032 616 1097 indicium
646 1035 712 1115 capi
742 1036 852 1115 possit,
882 1045 1004 1098 autores
1031 1035 1149 1098 illarum
1171 1038 1355 1114 orationum,
1379 1056 1458 1118 quae
1480 1060 1520 1102 ex
1543 1042 1639 1103 sacris

263 1128 359 1193 literis
381 1140 414 1193 ut
436 1132 593 1213 plurimum
616 1141 777 1197 contextae
800 1142 884 1213 sunt,
916 1134 1076 1216 quidquam
1102 1136 1182 1199 aliud
1205 1138 1376 1218 cogitasse,
1407 1148 1530 1218 praeter
1559 1141 1639 1202 illam

262 1229 447 1308 felicitatem,
470 1231 508 1293 ad
530 1250 618 1313 mam
641 1232 758 1295 facilius
780 1234 1039 1314 consequendam,
1061 1235 1225 1298 viventium
1246 1235 1401 1317 suiiragiis
1423 1247 1454 1300 et
1476 1239 1635 1302 Ecclesiae

263 1346 343 1392 voce
365 1329 554 1410 adjuventur.

352 1428 440 1502 Quod
463 1431 490 1492 si
512 1428 657 1503 nonnulli,
686 1437 719 1492 ut
740 1430 843 1492 bloses
870 1428 1037 1512 Barcepba,
1061 1432 1098 1494 ad
1121 1432 1279 1515 vulgarem
1303 1432 1489 1497 Graecorum
1511 1444 1639 1499 senten·
1676 1446 1748 1506 Quae
1767 1449 1842 1514 objici
1857 1443 1967 1517 possum
1982 1433 2008 1466 '³

264 1530 334 1591 tiam
358 1527 500 1591 videntur
522 1546 685 1610 parumper
707 1528 889 1607 declinasse,
912 1548 979 1592 cum
1001 1530 1189 1592 Paradisum
1214 1533 1247 1592 in
1267 1531 1355 1594 Edem
1376 1533 1416 1594 ab
1438 1535 1525 1597 initio
1543 1537 1638 1614 pica·
1652 1534 1684 1586 de
1697 1552 1825 1589 consensu
1840 1533 1961 1588 ortena·

265 1635 369 1702 tatium
392 1628 491 1688 laeam
512 1646 580 1688 ease
601 1627 673 1690 dicit
695 1627 749 1690 abi
761 1630 917 1707 justorum
948 1630 1071 1691 animae
1091 1630 1277 1708 recipiantur
1299 1631 1338 1693 ab
1362 1633 1494 1693 adventa
1516 1633 1638 1711 Christi,
1651 1621 1712 1672 bum
1730 1638 1787 1673 ⁰⁰¹⁰
1806 1620 1916 1674 ΕΜ·

263 1733 354 1806 atque
380 1725 425 1787 ibi
450 1726 629 1788 codocutum
657 1725 755 1804 samse
784 1726 856 1788 boui
881 1725 1028 1789 Latronis
1054 1729 1188 1789 animm
1194 1749 1208 1800 ;
1235 1737 1307 1805 post
1334 1732 1537 1792 macerantem
1563 1752 1638 1795 cero
1667 1708 1960 1760 M⁰‘'⁸‘¹r⁰“¹⁶¹⁹‘¹'“⁰²

261 1823 525 1886 Resurrectionem
546 1826 656 1886 uallata
677 1824 916 1904 constaturam,
938 1824 1080 1888 Doctoris
1113 1826 1194 1888 inter
1215 1844 1288 1889 suos
1311 1826 1441 1889 celebris
1465 1829 1637 1909 opinionem
1648 1811 1667 1862 Ρ
1668 1831 1675 1844 ’
1690 1794 1713 1846 1·
1725 1812 1747 1844 ⁰'
1766 1795 1806 1844 '⁸'

263 1924 474 2003 agnoscimus,
498 1930 529 1984 et
556 1923 665 2004 privati
694 1924 795 2003 potius
823 1923 985 2004 judicium,
1012 1941 1101 2005 mam
1131 1924 1290 1987 Ecclesiae
1320 1925 1506 1989 lacebiticae
1538 1928 1636 2006 iidem,

156 2025 169 2048 ¹
263 2021 350 2101 cujus
374 2023 582 2102 expositiones
605 2022 707 2084 variae
731 2020 852 2103 publica
886 2024 1044 2086 autoritate
1067 2025 1216 2105 scriptae,
1248 2024 1344 2086 simile
1373 2024 1447 2087 nihil
1475 2027 1639 2090 continent.

262 2120 324 2184 Sed
345 2139 446 2201 neque
468 2119 661 2183 confirmatur
683 2120 754 2182 inde
765 2119 950 2190 Graecorum
971 2140 1052 2184 nova
1075 2123 1254 2205 Tbeologia,
1277 2124 1337 2186 imo
1350 2127 1452 2205 potius
1474 2126 1636 2187 evertitur:

261 2222 381 2282 namsi
404 2221 509 2283 tertius
533 2220 619 2282 locus
642 2220 814 2298 admittitur,
837 2222 868 2282 in
898 2238 958 2301 quo
981 2223 1174 2303 requiescant
1192 2224 1345 2303 justorum
1367 2224 1493 2300 animae,
1517 2223 1582 2286 illas
1605 2227 1637 2286 in

261 2320 365 2399 quiete
389 2339 482 2403 agere
505 2328 546 2398 et,
569 2320 595 2382 si
618 2337 679 2381 non
702 2319 799 2382 modis
821 2321 958 2382 omnibus
993 2320 1100 2401 plena,
1128 2329 1212 2383 certa
1243 2328 1361 2399 umen,
1393 2323 1568 2403 timorisque
1599 2324 1638 2386 de

262 2436 318 2481 sua
341 2417 440 2482 salute
463 2437 559 2481 vacua
586 2418 729 2481 felicitate
759 2419 885 2499 perfrui,
916 2421 1023 2501 negari
1052 2439 1113 2483 non
1140 2427 1250 2500 potest.
1295 2420 1437 2499 Accedit,
1469 2422 1550 2502 quod
1580 2424 1638 2502 ipsi

261 2536 341 2600 quae
365 2520 394 2581 in
417 2518 530 2581 Latinis
553 2517 702 2595 damnant,
725 2522 921 2597 eonrmittunt,
945 2537 1012 2582 cum
1028 2521 1134 2582 tertius
1151 2519 1202 2582 ille
1223 2521 1322 2599 lutcus,
1345 2523 1396 2602 qui
1419 2539 1476 2582 uec
1499 2521 1636 2584 inienuus

261 2619 313 2695 sit,
336 2635 395 2679 uec
417 2617 545 2692 coelum,
567 2617 623 2680 sed
645 2617 805 2680 Paradisus
835 2621 1005 2698 terrestris,
1037 2620 1068 2681 in
1096 2637 1157 2700 quo
1188 2621 1284 2682 sancti
1312 2620 1349 2682 ad
1378 2620 1510 2682 ultimum
1538 2638 1636 2701 usque

260 2717 405 2798 judicium
427 2717 547 2798 plenam
569 2717 783 2780 beatitudiuem
807 2726 980 2799 expectent,
1003 2718 1112 2781 nullam
1141 2718 1232 2781 babet
1253 2720 1284 2781 iu
1306 2719 1464 2801 scripturis
1488 2721 1636 2781 autorita-

261 2822 334 2894 tem,
358 2834 426 2879 cum
448 2817 527 2898 ignis
550 2817 744 2898 purgatorius
766 2818 796 2878 in
825 2837 862 2879 ea
890 2816 1043 2897 fundetur,
1063 2818 1151 2898 juxta
1174 2818 1293 2880 Patrum
1316 2819 1474 2881 multorum
1498 2821 1637 2881 Graeco·
1688 2877 1691 2883 ,

260 2932 329 2976 rum
357 2922 388 2977 et
416 2914 590 2977 Latinorum
612 2916 800 2980 sententiam.
846 2915 878 2977 Si
901 2916 1023 2979 diversa
1050 2916 1176 2979 aliorum
1206 2917 1245 2980 de
1273 2916 1331 2980 illis
1362 2919 1437 2998 ipsis
1466 2921 1637 3000 scripturae

260 3014 339 3077 locis
359 3014 472 3096 judicia
502 3013 638 3077 luerunt:
668 3021 698 3075 at
727 3015 765 3076 de
796 3032 830 3076 re
859 3014 924 3094 ipsa
955 3033 1122 3078 cousensus
1152 3015 1273 3078 illorum
1302 3026 1408 3097 aperte
1437 3025 1538 3099 patet,
1569 3035 1637 3078 cum
1681 3007 1685 3012 ’

262 3114 436 3194 opinionem
459 3112 497 3175 de
520 3113 646 3176 utilitate
670 3113 838 3175 orationum
870 3122 900 3175 et
929 3114 1144 3177 sacrificiorum
1167 3132 1224 3194 pro
1249 3114 1397 3178 defunctis
1420 3115 1576 3193 fidelibus,
1607 3123 1638 3178 et

263 3211 450 3293 disciplinam
473 3212 608 3275 eamdem
630 3210 743 3293 ubique
765 3214 966 3292 servaverint,
990 3214 1109 3276 omissis
1132 3215 1224 3275 variis
1246 3214 1483 3294 quaestionibus,
1507 3217 1638 3277 cariem

258 3314 363 3391 potius
384 3331 475 3392 ptam
497 3314 541 3373 ad
559 3312 692 3391 fidelium
703 3313 944 3390 aedificationem
965 3313 1097 3388 utilibus,
1119 3321 1150 3375 et
1171 3333 1212 3373 aa
1233 3313 1341 3393 pacibus
1358 3315 1533 3395 plenamque
1554 3316 1638 3376 attila

260 3411 438 3489 titpietatia
459 3412 607 3474 accessio.
637 3409 697 3471 Eas
720 3429 738 3472 a
762 3409 957 3491 popularibus
980 3412 1176 3474 concionibus
1198 3412 1313 3474 secludi
1336 3413 1636 3494 jubet'lridentinum
1685 3428 1958 3485 cineraceam.

264 3505 445 3571 Concilium:
469 3511 584 3571 incerta
607 3509 707 3582 etiam,
730 3510 779 3571 vel
803 3528 881 3591 quae
903 3511 1007 3590 specie
1029 3509 1096 3573 ialsi
1118 3510 1268 3587 laborant,
1292 3511 1431 3593 evulgari
1454 3507 1493 3575 ac'
1514 3516 1637 3576 tractari

263 3608 412 3686 probibet.
451 3607 533 3669 Nihil
556 3615 655 3670 tamen
678 3606 865 3689 frequentius
890 3626 907 3669 a
930 3611 1106 3689 quibusdam
1130 3609 1299 3672 bominibus
1321 3611 1501 3684 inculcatum
1524 3613 1636 3675 Orien-

263 3706 372 3770 talibus
394 3706 457 3784 iuit,
481 3725 569 3788 quam
593 3707 668 3769 baec
691 3709 801 3783 omnia,
823 3707 942 3788 quibus,
966 3710 992 3771 si
1016 3710 1208 3772 Tridentinos
1233 3709 1336 3772 Patres
1360 3708 1539 3786 audiissent,
1562 3711 1636 3773 abs-

262 3807 360 3868 tinere
390 3806 540 3868 debebant
568 3808 646 3868 inter
671 3805 837 3887 populares
860 3826 951 3886 suos,
981 3808 1208 3891 multomagis,
1239 3807 1277 3869 de
1300 3807 1359 3870 fide
1382 3816 1545 3871 tractantes
1569 3828 1636 3872 cum

262 3905 430 3968 bominibus
454 3905 594 3984 indoctis,
618 3925 694 3987 quos
719 3906 902 3969 Catholicam
932 3915 963 3969 et
985 3907 1192 3971 Ortbodoxam
1215 3906 1303 3969 iidem
1326 3907 1439 3969 docere
1461 3910 1533 3970 satis
1558 3916 1634 3973 erat.

348 4005 443 4066 Unum
466 4005 609 4067 addemus
632 4014 662 4068 et
685 4005 804 4086 quidam
827 4005 914 4086 bajus
942 4009 1067 4088 generis
1090 4012 1316 4086 argumentum,
1344 4006 1425 4086 quod
1456 4009 1574 4069 maximi
1597 4008 1634 4070 ad
1678 4024 1980 4095 Agnoscuntoriema·=

260 4102 340 4166 illam
364 4105 802 4190 quaestioneruexplicandam
825 4107 964 4168 momenti
987 4114 1044 4171 est.
1090 4106 1208 4167 liabent
1238 4106 1400 4185 antiquitus
1424 4106 1532 4169 Graeci
1559 4113 1685 4170 ver-ter
1704 4120 1731 4165 et
1748 4112 1852 4164 landant
1868 4113 1958 4166 binio·

261 4204 378 4266 sionem
389 4204 585 4287 Dialogorum
598 4204 739 4286 Gregorii
753 4205 862 4285 Papae,
885 4224 973 4286 quam
996 4224 1052 4285 per
1076 4205 1166 4267 multa
1189 4205 1310 4266 saecula
1334 4223 1401 4267 cum
1425 4205 1632 4268 aedificatione
1646 4213 1694 4268 8⁰⁸
1712 4197 1829 4300 dagoni
1845 4198 1939 4266 Papae.

260 4301 404 4385 legerunt
425 4311 456 4365 et
478 4304 695 4384 probaverunt,
719 4306 776 4366 etsi
805 4305 896 4367 multa
926 4306 964 4368 de
986 4306 1166 4385 Purgatorio
1189 4306 1218 4365 in
1241 4304 1300 4365 illis
1323 4305 1541 4368 contineantur.
1586 4305 1634 4367 En

262 4400 379 4465 Graeca
402 4403 564 4476 versione,
586 4400 719 4465 Arabica
742 4401 821 4465 iacta
837 4412 894 4480 est,
918 4422 996 4466 anno
1011 4404 1196 4466 Graecorum
1209 4402 1316 4465 leCl.
1332 4402 1360 4464 J.
1374 4403 1407 4466 C.
1419 4402 1632 4469 DCCLXXlX.

261 4502 347 4582 cujus
370 4500 526 4582 exemplar
549 4508 619 4563 ante
641 4519 737 4565 annos
766 4505 994 4584 septingentos,
1023 4504 1169 4584 scripturn
1202 4504 1232 4563 in
1261 4502 1458 4580 membranis,
1490 4509 1573 4564 extat
1604 4504 1634 4562 in

260 4599 447 4663 Eibliotbeca
471 4600 654 4664 Colbertina.
699 4601 742 4663 lta
766 4620 865 4683 neque
897 4601 1016 4678 Graeci,
1039 4620 1140 4684 neque
1170 4601 1289 4664 Arabes
1318 4600 1479 4664 Christiani
1505 4603 1634 4684 ignora-

260 4707 369 4762 verunt
392 4701 463 4781 quid
484 4700 578 4782 uulgo
602 4700 765 4763 doceretur
787 4703 817 4763 in
838 4701 971 4764 Romana
994 4701 1143 4780 Ecclesia,
1167 4719 1267 4783 neque
1290 4709 1389 4763 tamen
1412 4708 1482 4762 ante
1505 4699 1634 4763 Floren-

259 4801 353 4861 tinum
375 4799 528 4881 synodum
552 4801 762 4863 controversia
785 4799 823 4863 de
847 4801 1026 4883 Purgatorio
1056 4801 1116 4863 ulla
1139 4800 1203 4863 init.
1249 4802 1347 4862 Antea
1377 4800 1469 4881 igitur
1498 4798 1634 4880 perlecta

260 4907 327 4961 erat
355 4898 394 4960 de
422 4899 558 4970 doctriua
589 4901 765 4978 consensio,
798 4917 875 4980 quae
905 4900 1041 4963 similiter
1069 4903 1218 4983 utrinque
1248 4901 1428 4962 observatae
1458 4897 1633 4979 disciplinae

259 4997 474 5078 respondebat.
520 4997 651 5060 'l’urbata
675 4999 803 5078 illaesi,
829 5016 897 5062 cum
927 4999 1073 5064 adversus
1096 5000 1241 5081 quosdam
1265 4997 1457 5080 Theologos,
1487 4998 1539 5079 qui
1568 4996 1635 5060 ior·

298 5135 420 5180 remma
1377 5115 1424 5187 17
