<?xml version="1.0" encoding="UTF-8"?>
<!DOCTYPE html PUBLIC "-//W3C//DTD XHTML 1.0 Transitional//EN"
    "http://www.w3.org/TR/xhtml1/DTD/xhtml1-transitional.dtd">
<html xmlns="http://www.w3.org/1999/xhtml" xml:lang="en" lang="en">
 <head>
  <title>
</title>
<meta http-equiv="Content-Type" content="text/html;charset=utf-8" />
  <meta name='ocr-system' content='tesseract 3.04.00' />
  <meta name='ocr-capabilities' content='ocr_page ocr_carea ocr_par ocr_line ocrx_word'/>
</head>
<body>
  <div class='ocr_page' id='page_1' title='image "./liturgiarumorie00unkngoog/liturgiarumorie00unkngoog_0966.png"; bbox 0 0 4525 6034; ppageno 0'>
   <div class='ocr_carea' id='block_1_1' title="bbox 694 603 1875 698">
    <p class='ocr_par' dir='ltr' id='par_1_1' title="bbox 694 603 1875 698">
     <span class='ocr_line' id='line_1_1' title="bbox 694 603 1875 698; baseline 0.006 -10"><span class='ocrx_word' id='word_1_1' title='bbox 694 615 772 688; x_wconf 80' lang='lat'>254</span> <span class='ocrx_word' id='word_1_2' title='bbox 909 616 1034 694; x_wconf 74' lang='lat' dir='ltr'>NOTAE</span> <span class='ocrx_word' id='word_1_3' title='bbox 1061 603 1101 692; x_wconf 91' lang='lat' dir='ltr'>lN</span> <span class='ocrx_word' id='word_1_4' title='bbox 1123 617 1334 694; x_wconf 82' lang='lat' dir='ltr'>iiiURGiili</span> <span class='ocrx_word' id='word_1_5' title='bbox 1361 617 1391 694; x_wconf 84' lang='lat' dir='ltr'>S.</span> <span class='ocrx_word' id='word_1_6' title='bbox 1415 616 1577 694; x_wconf 77' lang='lat' dir='ltr'>tonniis</span> <span class='ocrx_word' id='word_1_7' title='bbox 1605 617 1875 698; x_wconf 77' lang='lat' dir='ltr'>tuttsosntttt</span> 
     </span>
    </p>
   </div>
   <div class='ocr_carea' id='block_1_2' title="bbox 691 801 2059 1681">
    <p class='ocr_par' dir='ltr' id='par_1_2' title="bbox 691 801 2058 1281">
     <span class='ocr_line' id='line_1_2' title="bbox 693 801 2055 885; baseline 0.001 -21"><span class='ocrx_word' id='word_1_8' title='bbox 693 802 771 865; x_wconf 83' lang='lat' dir='ltr'>verti</span> <span class='ocrx_word' id='word_1_9' title='bbox 793 803 889 884; x_wconf 90' lang='lat' dir='ltr'>possit</span> <span class='ocrx_word' id='word_1_10' title='bbox 911 811 944 863; x_wconf 84' lang='lat' dir='ltr'>ot</span> <span class='ocrx_word' id='word_1_11' title='bbox 965 805 1033 866; x_wconf 67' lang='lat' dir='ltr'>mot.</span> <span class='ocrx_word' id='word_1_12' title='bbox 1079 803 1120 864; x_wconf 80' lang='lat' dir='ltr'>At</span> <span class='ocrx_word' id='word_1_13' title='bbox 1142 802 1266 864; x_wconf 88' lang='lat' dir='ltr'>verbum</span> <span class='ocrx_word' id='word_1_14' title='bbox 1290 802 1508 866; x_wconf 88' lang='lat' dir='ltr'>substantivum</span> <span class='ocrx_word' id='word_1_15' title='bbox 1532 801 1639 885; x_wconf 80' lang='lat' dir='ltr'>Syrum</span> <span class='ocrx_word' id='word_1_16' title='bbox 1660 814 1721 872; x_wconf 72' lang='lat' dir='ltr'>ttt&#39;t</span> <span class='ocrx_word' id='word_1_17' title='bbox 1744 813 1774 866; x_wconf 92' lang='lat' dir='ltr'>et</span> <span class='ocrx_word' id='word_1_18' title='bbox 1797 803 1976 867; x_wconf 87' lang='lat' dir='ltr'>liebraicum</span> <span class='ocrx_word' id='word_1_19' title='bbox 1998 817 2055 874; x_wconf 63' lang='lat' dir='ltr'>nan</span> 
     </span>
     <span class='ocr_line' id='line_1_3' title="bbox 694 900 2058 984; baseline 0.003 -20"><span class='ocrx_word' id='word_1_20' title='bbox 694 902 829 976; x_wconf 85' lang='lat' dir='ltr'>eamdem</span> <span class='ocrx_word' id='word_1_21' title='bbox 859 901 1106 984; x_wconf 82' lang='lat' dir='ltr'>significationem</span> <span class='ocrx_word' id='word_1_22' title='bbox 1136 901 1256 965; x_wconf 90' lang='lat' dir='ltr'>habent.</span> <span class='ocrx_word' id='word_1_23' title='bbox 1312 900 1417 983; x_wconf 92' lang='lat' dir='ltr'>itaque</span> <span class='ocrx_word' id='word_1_24' title='bbox 1444 911 1477 965; x_wconf 93' lang='lat' dir='ltr'>ut</span> <span class='ocrx_word' id='word_1_25' title='bbox 1504 904 1534 964; x_wconf 93' lang='lat' dir='ltr'>in</span> <span class='ocrx_word' id='word_1_26' title='bbox 1563 904 1627 965; x_wconf 92' lang='lat' dir='ltr'>istis</span> <span class='ocrx_word' id='word_1_27' title='bbox 1654 903 1755 967; x_wconf 89' lang='lat' dir='ltr'>verbis</span> <span class='ocrx_word' id='word_1_28' title='bbox 1784 903 1949 966; x_wconf 85' lang='lat' dir='ltr'>Genesees.</span> <span class='ocrx_word' id='word_1_29' title='bbox 1992 906 2058 968; x_wconf 81' lang='lat' dir='ltr'>Fiet</span> 
     </span>
     <span class='ocr_line' id='line_1_4' title="bbox 692 1000 2058 1086; baseline 0.001 -23"><span class='ocrx_word' id='word_1_30' title='bbox 692 1003 748 1063; x_wconf 77' lang='lat' dir='ltr'>iaec</span> <span class='ocrx_word' id='word_1_31' title='bbox 769 1009 799 1063; x_wconf 86' lang='lat' dir='ltr'>et</span> <span class='ocrx_word' id='word_1_32' title='bbox 816 1001 904 1079; x_wconf 82' lang='lat' dir='ltr'>facto</span> <span class='ocrx_word' id='word_1_33' title='bbox 926 1009 972 1063; x_wconf 82' lang='lat' dir='ltr'>eat</span> <span class='ocrx_word' id='word_1_34' title='bbox 993 1002 1063 1077; x_wconf 75' lang='lat' dir='ltr'>hac,</span> <span class='ocrx_word' id='word_1_35' title='bbox 1086 1001 1190 1082; x_wconf 91' lang='lat' dir='ltr'>putida</span> <span class='ocrx_word' id='word_1_36' title='bbox 1212 1000 1321 1063; x_wconf 87' lang='lat' dir='ltr'>dudum</span> <span class='ocrx_word' id='word_1_37' title='bbox 1344 1002 1409 1062; x_wconf 87' lang='lat' dir='ltr'>visa</span> <span class='ocrx_word' id='word_1_38' title='bbox 1432 1010 1480 1064; x_wconf 92' lang='lat' dir='ltr'>est</span> <span class='ocrx_word' id='word_1_39' title='bbox 1501 1002 1626 1065; x_wconf 89' lang='lat' dir='ltr'>cruditis</span> <span class='ocrx_word' id='word_1_40' title='bbox 1650 1020 1754 1065; x_wconf 86' lang='lat' dir='ltr'>aerum</span> <span class='ocrx_word' id='word_1_41' title='bbox 1777 1005 1986 1082; x_wconf 71' lang='lat' dir='ltr'>interpretatio</span> <span class='ocrx_word' id='word_1_42' title='bbox 2009 1006 2058 1086; x_wconf 91' lang='lat' dir='ltr'>qui</span> 
     </span>
     <span class='ocr_line' id='line_1_5' title="bbox 691 1100 2058 1182; baseline 0.003 -20"><span class='ocrx_word' id='word_1_43' title='bbox 691 1100 870 1172; x_wconf 88' lang='lat' dir='ltr'>maluerunt,</span> <span class='ocrx_word' id='word_1_44' title='bbox 893 1102 934 1163; x_wconf 81' lang='lat' dir='ltr'>eit</span> <span class='ocrx_word' id='word_1_45' title='bbox 954 1102 1008 1161; x_wconf 75' lang='lat' dir='ltr'>lae</span> <span class='ocrx_word' id='word_1_46' title='bbox 1030 1109 1060 1162; x_wconf 83' lang='lat' dir='ltr'>et</span> <span class='ocrx_word' id='word_1_47' title='bbox 1082 1100 1143 1178; x_wconf 84' lang='lat' dir='ltr'>fuit</span> <span class='ocrx_word' id='word_1_48' title='bbox 1171 1101 1240 1162; x_wconf 75' lang='lat' dir='ltr'>lue:</span> <span class='ocrx_word' id='word_1_49' title='bbox 1268 1101 1334 1180; x_wconf 85' lang='lat' dir='ltr'>pati</span> <span class='ocrx_word' id='word_1_50' title='bbox 1362 1103 1480 1165; x_wconf 90' lang='lat' dir='ltr'>ratione</span> <span class='ocrx_word' id='word_1_51' title='bbox 1509 1103 1675 1166; x_wconf 86' lang='lat' dir='ltr'>consultius</span> <span class='ocrx_word' id='word_1_52' title='bbox 1708 1103 1942 1165; x_wconf 75' lang='lat' dir='ltr'>existimavimus</span> <span class='ocrx_word' id='word_1_53' title='bbox 1969 1103 2058 1182; x_wconf 75' lang='lat' dir='ltr'>siant,</span> 
     </span>
     <span class='ocr_line' id='line_1_6' title="bbox 691 1199 1085 1281; baseline -0.003 -19"><span class='ocrx_word' id='word_1_54' title='bbox 691 1218 779 1281; x_wconf 87' lang='lat' dir='ltr'>quarn</span> <span class='ocrx_word' id='word_1_55' title='bbox 802 1202 863 1262; x_wconf 77' lang='lat' dir='ltr'>rint</span> <span class='ocrx_word' id='word_1_56' title='bbox 884 1199 1085 1280; x_wconf 89' lang='lat' dir='ltr'>interpretari.</span> 
     </span>
    </p>

    <p class='ocr_par' dir='ltr' id='par_1_3' title="bbox 691 1299 2059 1681">
     <span class='ocr_line' id='line_1_7' title="bbox 777 1299 2056 1382; baseline 0.002 -21"><span class='ocrx_word' id='word_1_57' title='bbox 777 1299 873 1361; x_wconf 91' lang='lat' dir='ltr'>Unum</span> <span class='ocrx_word' id='word_1_58' title='bbox 896 1317 1007 1380; x_wconf 92' lang='lat' dir='ltr'>cerpus</span> <span class='ocrx_word' id='word_1_59' title='bbox 1030 1308 1061 1361; x_wconf 88' lang='lat' dir='ltr'>et</span> <span class='ocrx_word' id='word_1_60' title='bbox 1082 1300 1206 1382; x_wconf 87' lang='lat' dir='ltr'>sanguis</span> <span class='ocrx_word' id='word_1_61' title='bbox 1228 1299 1302 1363; x_wconf 88' lang='lat' dir='ltr'>fiunt</span> <span class='ocrx_word' id='word_1_62' title='bbox 1323 1309 1355 1363; x_wconf 91' lang='lat' dir='ltr'>ct</span> <span class='ocrx_word' id='word_1_63' title='bbox 1374 1309 1445 1363; x_wconf 90' lang='lat' dir='ltr'>sunt</span> <span class='ocrx_word' id='word_1_64' title='bbox 1470 1303 1555 1382; x_wconf 88' lang='lat' dir='ltr'>panis</span> <span class='ocrx_word' id='word_1_65' title='bbox 1578 1309 1610 1365; x_wconf 90' lang='lat' dir='ltr'>et</span> <span class='ocrx_word' id='word_1_66' title='bbox 1631 1300 1727 1364; x_wconf 85' lang='lat' dir='ltr'>calix:</span> <span class='ocrx_word' id='word_1_67' title='bbox 1757 1302 1826 1381; x_wconf 90' lang='lat' dir='ltr'>quia</span> <span class='ocrx_word' id='word_1_68' title='bbox 1849 1301 1921 1364; x_wconf 88' lang='lat' dir='ltr'>lieet</span> <span class='ocrx_word' id='word_1_69' title='bbox 1944 1303 1976 1363; x_wconf 90' lang='lat' dir='ltr'>in</span> <span class='ocrx_word' id='word_1_70' title='bbox 1997 1302 2056 1363; x_wconf 92' lang='lat' dir='ltr'>du-</span> 
     </span>
     <span class='ocr_line' id='line_1_8' title="bbox 692 1400 2055 1482; baseline 0.003 -21"><span class='ocrx_word' id='word_1_71' title='bbox 692 1400 764 1481; x_wconf 90' lang='lat' dir='ltr'>plici</span> <span class='ocrx_word' id='word_1_72' title='bbox 786 1400 900 1479; x_wconf 91' lang='lat' dir='ltr'>specie,</span> <span class='ocrx_word' id='word_1_73' title='bbox 924 1400 1146 1462; x_wconf 81' lang='lat' dir='ltr'>Sacramentum</span> <span class='ocrx_word' id='word_1_74' title='bbox 1168 1418 1258 1461; x_wconf 90' lang='lat' dir='ltr'>unum</span> <span class='ocrx_word' id='word_1_75' title='bbox 1280 1407 1338 1476; x_wconf 89' lang='lat' dir='ltr'>est,</span> <span class='ocrx_word' id='word_1_76' title='bbox 1362 1401 1439 1462; x_wconf 90' lang='lat' dir='ltr'>sicut</span> <span class='ocrx_word' id='word_1_77' title='bbox 1468 1419 1580 1482; x_wconf 93' lang='lat' dir='ltr'>corpus</span> <span class='ocrx_word' id='word_1_78' title='bbox 1603 1400 1712 1464; x_wconf 84' lang='lat' dir='ltr'>Christi</span> <span class='ocrx_word' id='word_1_79' title='bbox 1734 1419 1824 1463; x_wconf 87' lang='lat' dir='ltr'>uuum</span> <span class='ocrx_word' id='word_1_80' title='bbox 1846 1409 1911 1477; x_wconf 87' lang='lat' dir='ltr'>est,</span> <span class='ocrx_word' id='word_1_81' title='bbox 1943 1409 1975 1463; x_wconf 89' lang='lat' dir='ltr'>et</span> <span class='ocrx_word' id='word_1_82' title='bbox 1996 1420 2055 1465; x_wconf 91' lang='lat' dir='ltr'>nen</span> 
     </span>
     <span class='ocr_line' id='line_1_9' title="bbox 691 1498 2059 1581; baseline 0 -20"><span class='ocrx_word' id='word_1_83' title='bbox 691 1498 781 1561; x_wconf 89' lang='lat' dir='ltr'>modo</span> <span class='ocrx_word' id='word_1_84' title='bbox 812 1500 841 1560; x_wconf 92' lang='lat' dir='ltr'>in</span> <span class='ocrx_word' id='word_1_85' title='bbox 870 1500 982 1561; x_wconf 89' lang='lat' dir='ltr'>unitate</span> <span class='ocrx_word' id='word_1_86' title='bbox 1010 1516 1176 1579; x_wconf 89' lang='lat' dir='ltr'>personae,</span> <span class='ocrx_word' id='word_1_87' title='bbox 1203 1498 1284 1581; x_wconf 93' lang='lat' dir='ltr'>quod</span> <span class='ocrx_word' id='word_1_88' title='bbox 1314 1498 1468 1562; x_wconf 88' lang='lat' dir='ltr'>Catholica</span> <span class='ocrx_word' id='word_1_89' title='bbox 1497 1500 1586 1563; x_wconf 93' lang='lat' dir='ltr'>decet</span> <span class='ocrx_word' id='word_1_90' title='bbox 1612 1500 1767 1579; x_wconf 76' lang='lat' dir='ltr'>Ecclesia,</span> <span class='ocrx_word' id='word_1_91' title='bbox 1802 1500 1858 1562; x_wconf 90' lang='lat' dir='ltr'>sed</span> <span class='ocrx_word' id='word_1_92' title='bbox 1887 1501 1915 1561; x_wconf 94' lang='lat' dir='ltr'>in</span> <span class='ocrx_word' id='word_1_93' title='bbox 1945 1500 2059 1561; x_wconf 88' lang='lat' dir='ltr'>unitate</span> 
     </span>
     <span class='ocr_line' id='line_1_10' title="bbox 692 1597 2057 1681; baseline 0.001 -21"><span class='ocrx_word' id='word_1_94' title='bbox 692 1608 828 1674; x_wconf 90' lang='lat' dir='ltr'>naturae,</span> <span class='ocrx_word' id='word_1_95' title='bbox 852 1606 883 1659; x_wconf 92' lang='lat' dir='ltr'>ut</span> <span class='ocrx_word' id='word_1_96' title='bbox 906 1599 1085 1680; x_wconf 82' lang='lat' dir='ltr'>profitentur</span> <span class='ocrx_word' id='word_1_97' title='bbox 1105 1597 1260 1661; x_wconf 85' lang='lat' dir='ltr'>iacobitae</span> <span class='ocrx_word' id='word_1_98' title='bbox 1289 1616 1415 1681; x_wconf 89' lang='lat' dir='ltr'>quorum</span> <span class='ocrx_word' id='word_1_99' title='bbox 1444 1602 1567 1679; x_wconf 91' lang='lat' dir='ltr'>propria</span> <span class='ocrx_word' id='word_1_100' title='bbox 1597 1609 1645 1662; x_wconf 90' lang='lat' dir='ltr'>est</span> <span class='ocrx_word' id='word_1_101' title='bbox 1671 1599 1748 1662; x_wconf 90' lang='lat' dir='ltr'>haec</span> <span class='ocrx_word' id='word_1_102' title='bbox 1776 1599 1925 1680; x_wconf 85' lang='lat' dir='ltr'>Liturgia:</span> <span class='ocrx_word' id='word_1_103' title='bbox 1957 1600 1999 1661; x_wconf 89' lang='lat' dir='ltr'>ita</span> <span class='ocrx_word' id='word_1_104' title='bbox 2027 1607 2057 1661; x_wconf 93' lang='lat' dir='ltr'>ut</span> 
     </span>
    </p>
   </div>
   <div class='ocr_carea' id='block_1_3' title="bbox 688 1698 2060 2279">
    <p class='ocr_par' dir='ltr' id='par_1_4' title="bbox 692 1698 2058 1978">
     <span class='ocr_line' id='line_1_11' title="bbox 692 1698 2058 1788; baseline 0.001 -30"><span class='ocrx_word' id='word_1_105' title='bbox 692 1699 911 1788; x_wconf 65' lang='lat' dir='ltr'>nempasieut</span> <span class='ocrx_word' id='word_1_106' title='bbox 933 1698 1002 1760; x_wconf 89' lang='lat' dir='ltr'>alibi</span> <span class='ocrx_word' id='word_1_107' title='bbox 1025 1698 1206 1778; x_wconf 82' lang='lat' dir='ltr'>explicatum</span> <span class='ocrx_word' id='word_1_108' title='bbox 1229 1706 1292 1776; x_wconf 80' lang='lat' dir='ltr'>est,</span> <span class='ocrx_word' id='word_1_109' title='bbox 1322 1716 1433 1778; x_wconf 92' lang='lat' dir='ltr'>corpus</span> <span class='ocrx_word' id='word_1_110' title='bbox 1463 1701 1516 1777; x_wconf 94' lang='lat' dir='ltr'>sit,</span> <span class='ocrx_word' id='word_1_111' title='bbox 1547 1700 1701 1782; x_wconf 78' lang='lat' dir='ltr'>sanguinis</span> <span class='ocrx_word' id='word_1_112' title='bbox 1730 1703 1780 1780; x_wconf 92' lang='lat' dir='ltr'>qui</span> <span class='ocrx_word' id='word_1_113' title='bbox 1811 1706 1858 1761; x_wconf 84' lang='lat' dir='ltr'>est</span> <span class='ocrx_word' id='word_1_114' title='bbox 1888 1699 1917 1760; x_wconf 91' lang='lat' dir='ltr'>in</span> <span class='ocrx_word' id='word_1_115' title='bbox 1950 1698 2058 1761; x_wconf 87' lang='lat' dir='ltr'>calice:</span> 
     </span>
     <span class='ocr_line' id='line_1_12' title="bbox 692 1796 2058 1879; baseline -0.001 -20"><span class='ocrx_word' id='word_1_116' title='bbox 692 1798 816 1879; x_wconf 87' lang='lat' dir='ltr'>sanguis</span> <span class='ocrx_word' id='word_1_117' title='bbox 838 1799 887 1873; x_wconf 90' lang='lat' dir='ltr'>sit,</span> <span class='ocrx_word' id='word_1_118' title='bbox 911 1799 1050 1878; x_wconf 88' lang='lat' dir='ltr'>corporis</span> <span class='ocrx_word' id='word_1_119' title='bbox 1072 1799 1102 1859; x_wconf 91' lang='lat' dir='ltr'>in</span> <span class='ocrx_word' id='word_1_120' title='bbox 1126 1797 1210 1860; x_wconf 91' lang='lat' dir='ltr'>disco</span> <span class='ocrx_word' id='word_1_121' title='bbox 1233 1798 1332 1878; x_wconf 91' lang='lat' dir='ltr'>positi,</span> <span class='ocrx_word' id='word_1_122' title='bbox 1357 1797 1436 1878; x_wconf 90' lang='lat' dir='ltr'>quod</span> <span class='ocrx_word' id='word_1_123' title='bbox 1466 1798 1551 1860; x_wconf 90' lang='lat' dir='ltr'>brevi</span> <span class='ocrx_word' id='word_1_124' title='bbox 1574 1798 1766 1861; x_wconf 85' lang='lat' dir='ltr'>consessione</span> <span class='ocrx_word' id='word_1_125' title='bbox 1789 1796 1946 1860; x_wconf 88' lang='lat' dir='ltr'>iacebitae</span> <span class='ocrx_word' id='word_1_126' title='bbox 1969 1797 2058 1879; x_wconf 90' lang='lat' dir='ltr'>paulo</span> 
     </span>
     <span class='ocr_line' id='line_1_13' title="bbox 693 1897 1449 1978; baseline -0.003 -20"><span class='ocrx_word' id='word_1_127' title='bbox 693 1905 762 1958; x_wconf 90' lang='lat' dir='ltr'>ante</span> <span class='ocrx_word' id='word_1_128' title='bbox 785 1899 1009 1978; x_wconf 83' lang='lat' dir='ltr'>susceptionem</span> <span class='ocrx_word' id='word_1_129' title='bbox 1028 1897 1249 1975; x_wconf 89' lang='lat' dir='ltr'>Eucharistiae,</span> <span class='ocrx_word' id='word_1_130' title='bbox 1271 1906 1449 1978; x_wconf 85' lang='lat' dir='ltr'>agnoscunt.</span> 
     </span>
    </p>

    <p class='ocr_par' dir='ltr' id='par_1_5' title="bbox 688 1995 2060 2279">
     <span class='ocr_line' id='line_1_14' title="bbox 779 1995 2060 2079; baseline -0.001 -21"><span class='ocrx_word' id='word_1_131' title='bbox 779 1997 811 2058; x_wconf 94' lang='lat' dir='ltr'>ln</span> <span class='ocrx_word' id='word_1_132' title='bbox 836 1998 976 2077; x_wconf 86' lang='lat' dir='ltr'>sequenti</span> <span class='ocrx_word' id='word_1_133' title='bbox 998 1996 1200 2060; x_wconf 83' lang='lat' dir='ltr'>invocationis</span> <span class='ocrx_word' id='word_1_134' title='bbox 1223 2005 1320 2079; x_wconf 90' lang='lat' dir='ltr'>parte,</span> <span class='ocrx_word' id='word_1_135' title='bbox 1344 2014 1411 2058; x_wconf 90' lang='lat' dir='ltr'>eum</span> <span class='ocrx_word' id='word_1_136' title='bbox 1433 1998 1463 2059; x_wconf 90' lang='lat' dir='ltr'>in</span> <span class='ocrx_word' id='word_1_137' title='bbox 1486 1998 1551 2059; x_wconf 92' lang='lat' dir='ltr'>aliis</span> <span class='ocrx_word' id='word_1_138' title='bbox 1574 1996 1709 2061; x_wconf 79' lang='lat' dir='ltr'>tornutio</span> <span class='ocrx_word' id='word_1_139' title='bbox 1724 1995 1878 2075; x_wconf 84' lang='lat' dir='ltr'>habeatur,</span> <span class='ocrx_word' id='word_1_140' title='bbox 1902 2004 1933 2057; x_wconf 86' lang='lat' dir='ltr'>et</span> <span class='ocrx_word' id='word_1_141' title='bbox 1950 2015 2060 2076; x_wconf 70' lang='lat' dir='ltr'>ponem</span> 
     </span>
     <span class='ocr_line' id='line_1_15' title="bbox 692 2095 2059 2178; baseline -0.001 -20"><span class='ocrx_word' id='word_1_142' title='bbox 692 2097 810 2176; x_wconf 78' lang='lat' dir='ltr'>qatidena</span> <span class='ocrx_word' id='word_1_143' title='bbox 831 2100 920 2160; x_wconf 80' lang='lat' dir='ltr'>irtam</span> <span class='ocrx_word' id='word_1_144' title='bbox 942 2095 1065 2178; x_wconf 74' lang='lat' dir='ltr'>efficiat,</span> <span class='ocrx_word' id='word_1_145' title='bbox 1087 2117 1147 2160; x_wconf 88' lang='lat' dir='ltr'>seu</span> <span class='ocrx_word' id='word_1_146' title='bbox 1155 2098 1301 2178; x_wconf 82' lang='lat' dir='ltr'>perficiat</span> <span class='ocrx_word' id='word_1_147' title='bbox 1314 2116 1424 2178; x_wconf 77' lang='lat' dir='ltr'>corpus</span> <span class='ocrx_word' id='word_1_148' title='bbox 1436 2097 1558 2176; x_wconf 81' lang='lat' dir='ltr'>Christi,</span> <span class='ocrx_word' id='word_1_149' title='bbox 1580 2105 1609 2160; x_wconf 87' lang='lat' dir='ltr'>et</span> <span class='ocrx_word' id='word_1_150' title='bbox 1630 2099 1670 2159; x_wconf 81' lang='lat' dir='ltr'>ait</span> <span class='ocrx_word' id='word_1_151' title='bbox 1690 2096 1778 2159; x_wconf 72' lang='lat' dir='ltr'>nohis</span> <span class='ocrx_word' id='word_1_152' title='bbox 1799 2097 1842 2157; x_wconf 85' lang='lat' dir='ltr'>od</span> <span class='ocrx_word' id='word_1_153' title='bbox 1853 2097 2059 2158; x_wconf 77' lang='lat' dir='ltr'>rerniaeioncm</span> 
     </span>
     <span class='ocr_line' id='line_1_16' title="bbox 688 2183 2060 2279; baseline 0 -23"><span class='ocrx_word' id='word_1_154' title='bbox 688 2205 894 2276; x_wconf 76' lang='lat' dir='ltr'>peccatoram,</span> <span class='ocrx_word' id='word_1_155' title='bbox 918 2205 973 2260; x_wconf 79' lang='lat' dir='ltr'>ete.</span> <span class='ocrx_word' id='word_1_156' title='bbox 998 2198 1028 2258; x_wconf 93' lang='lat' dir='ltr'>in</span> <span class='ocrx_word' id='word_1_157' title='bbox 1051 2199 1106 2260; x_wconf 87' lang='lat' dir='ltr'>ista</span> <span class='ocrx_word' id='word_1_158' title='bbox 1120 2196 1238 2277; x_wconf 70' lang='lat' dir='ltr'>Corpus</span> <span class='ocrx_word' id='word_1_159' title='bbox 1259 2198 1378 2279; x_wconf 82' lang='lat' dir='ltr'>quidem</span> <span class='ocrx_word' id='word_1_160' title='bbox 1399 2198 1457 2260; x_wconf 83' lang='lat' dir='ltr'>hoc</span> <span class='ocrx_word' id='word_1_161' title='bbox 1470 2183 1655 2272; x_wconf 45' lang='lat' dir='ltr'>Dei&#39;oostri,</span> <span class='ocrx_word' id='word_1_162' title='bbox 1674 2196 1735 2275; x_wconf 71' lang='lat' dir='ltr'>[iat</span> <span class='ocrx_word' id='word_1_163' title='bbox 1756 2196 1805 2258; x_wconf 86' lang='lat' dir='ltr'>vei</span> <span class='ocrx_word' id='word_1_164' title='bbox 1827 2198 1876 2274; x_wconf 80' lang='lat' dir='ltr'>sit,</span> <span class='ocrx_word' id='word_1_165' title='bbox 1899 2197 1932 2256; x_wconf 83' lang='lat' dir='ltr'>io</span> <span class='ocrx_word' id='word_1_166' title='bbox 1950 2199 2060 2275; x_wconf 72' lang='lat' dir='ltr'>pigrae</span> 
     </span>
    </p>
   </div>
   <div class='ocr_carea' id='block_1_4' title="bbox 690 2294 2067 4966">
    <p class='ocr_par' dir='ltr' id='par_1_6' title="bbox 690 2294 2067 4269">
     <span class='ocr_line' id='line_1_17' title="bbox 692 2294 2059 2378; baseline -0.001 -22"><span class='ocrx_word' id='word_1_167' title='bbox 692 2298 775 2356; x_wconf 82' lang='lat' dir='ltr'>vitoe</span> <span class='ocrx_word' id='word_1_168' title='bbox 793 2296 927 2374; x_wconf 78' lang='lat' dir='ltr'>fohrroe,</span> <span class='ocrx_word' id='word_1_169' title='bbox 951 2304 1007 2358; x_wconf 84' lang='lat' dir='ltr'>etc.</span> <span class='ocrx_word' id='word_1_170' title='bbox 1031 2305 1061 2358; x_wconf 89' lang='lat' dir='ltr'>et</span> <span class='ocrx_word' id='word_1_171' title='bbox 1081 2297 1201 2358; x_wconf 75' lang='lat' dir='ltr'>mistam</span> <span class='ocrx_word' id='word_1_172' title='bbox 1222 2298 1302 2378; x_wconf 84' lang='lat' dir='ltr'>qood</span> <span class='ocrx_word' id='word_1_173' title='bbox 1331 2305 1376 2357; x_wconf 82' lang='lat' dir='ltr'>est</span> <span class='ocrx_word' id='word_1_174' title='bbox 1402 2299 1434 2358; x_wconf 84' lang='lat' dir='ltr'>in</span> <span class='ocrx_word' id='word_1_175' title='bbox 1456 2296 1513 2358; x_wconf 85' lang='lat' dir='ltr'>hoc</span> <span class='ocrx_word' id='word_1_176' title='bbox 1535 2297 1640 2373; x_wconf 86' lang='lat' dir='ltr'>colice,</span> <span class='ocrx_word' id='word_1_177' title='bbox 1663 2298 1789 2376; x_wconf 73' lang='lat' dir='ltr'>conparis</span> <span class='ocrx_word' id='word_1_178' title='bbox 1811 2294 1926 2356; x_wconf 62' lang='lat' dir='ltr'>Chinati</span> <span class='ocrx_word' id='word_1_179' title='bbox 1951 2296 2059 2374; x_wconf 79' lang='lat' dir='ltr'>propi-</span> 
     </span>
     <span class='ocr_line' id='line_1_18' title="bbox 690 2394 2058 2476; baseline 0 -21"><span class='ocrx_word' id='word_1_180' title='bbox 690 2397 841 2469; x_wconf 77' lang='lat' dir='ltr'>tiatorier,</span> <span class='ocrx_word' id='word_1_181' title='bbox 863 2397 903 2457; x_wconf 77' lang='lat' dir='ltr'>sit</span> <span class='ocrx_word' id='word_1_182' title='bbox 924 2396 972 2457; x_wconf 90' lang='lat' dir='ltr'>vei</span> <span class='ocrx_word' id='word_1_183' title='bbox 992 2397 1053 2475; x_wconf 82' lang='lat' dir='ltr'>fiet</span> <span class='ocrx_word' id='word_1_184' title='bbox 1074 2399 1105 2457; x_wconf 82' lang='lat' dir='ltr'>in</span> <span class='ocrx_word' id='word_1_185' title='bbox 1127 2398 1335 2458; x_wconf 62' lang='lat' dir='ltr'>remissionom</span> <span class='ocrx_word' id='word_1_186' title='bbox 1346 2404 1549 2476; x_wconf 79' lang='lat' dir='ltr'>peccotontm,</span> <span class='ocrx_word' id='word_1_187' title='bbox 1565 2404 1620 2458; x_wconf 85' lang='lat' dir='ltr'>ete.</span> <span class='ocrx_word' id='word_1_188' title='bbox 1643 2394 1691 2456; x_wconf 87' lang='lat' dir='ltr'>Ex</span> <span class='ocrx_word' id='word_1_189' title='bbox 1714 2395 1771 2456; x_wconf 92' lang='lat' dir='ltr'>ista</span> <span class='ocrx_word' id='word_1_190' title='bbox 1793 2394 1931 2456; x_wconf 88' lang='lat' dir='ltr'>iectionis</span> <span class='ocrx_word' id='word_1_191' title='bbox 1955 2394 2058 2456; x_wconf 89' lang='lat' dir='ltr'>direr-</span> 
     </span>
     <span class='ocr_line' id='line_1_19' title="bbox 692 2492 2058 2577; baseline -0.001 -20"><span class='ocrx_word' id='word_1_192' title='bbox 692 2495 791 2570; x_wconf 87' lang='lat' dir='ltr'>sitate,</span> <span class='ocrx_word' id='word_1_193' title='bbox 825 2496 850 2556; x_wconf 88' lang='lat' dir='ltr'>si</span> <span class='ocrx_word' id='word_1_194' title='bbox 881 2496 947 2575; x_wconf 86' lang='lat' dir='ltr'>quis</span> <span class='ocrx_word' id='word_1_195' title='bbox 977 2496 1132 2577; x_wconf 79' lang='lat' dir='ltr'>conjiciat,</span> <span class='ocrx_word' id='word_1_196' title='bbox 1164 2504 1285 2558; x_wconf 90' lang='lat' dir='ltr'>autores</span> <span class='ocrx_word' id='word_1_197' title='bbox 1315 2494 1470 2577; x_wconf 78' lang='lat' dir='ltr'>liturgiae</span> <span class='ocrx_word' id='word_1_198' title='bbox 1504 2495 1690 2572; x_wconf 87' lang='lat' dir='ltr'>credidisse,</span> <span class='ocrx_word' id='word_1_199' title='bbox 1720 2502 1877 2575; x_wconf 88' lang='lat' dir='ltr'>antequam</span> <span class='ocrx_word' id='word_1_200' title='bbox 1907 2492 2058 2556; x_wconf 77' lang='lat' dir='ltr'>invocatio</span> 
     </span>
     <span class='ocr_line' id='line_1_20' title="bbox 693 2593 2058 2678; baseline 0 -24"><span class='ocrx_word' id='word_1_201' title='bbox 693 2595 922 2674; x_wconf 78' lang='lat' dir='ltr'>pronunciatur,</span> <span class='ocrx_word' id='word_1_202' title='bbox 940 2597 1003 2675; x_wconf 86' lang='lat' dir='ltr'>jam</span> <span class='ocrx_word' id='word_1_203' title='bbox 1026 2612 1134 2674; x_wconf 90' lang='lat' dir='ltr'>panem</span> <span class='ocrx_word' id='word_1_204' title='bbox 1158 2613 1227 2656; x_wconf 88' lang='lat' dir='ltr'>esse</span> <span class='ocrx_word' id='word_1_205' title='bbox 1250 2612 1372 2675; x_wconf 88' lang='lat' dir='ltr'>corpus,</span> <span class='ocrx_word' id='word_1_206' title='bbox 1396 2603 1426 2656; x_wconf 92' lang='lat' dir='ltr'>et</span> <span class='ocrx_word' id='word_1_207' title='bbox 1448 2596 1548 2656; x_wconf 87' lang='lat' dir='ltr'>vinum</span> <span class='ocrx_word' id='word_1_208' title='bbox 1571 2596 1747 2678; x_wconf 83' lang='lat' dir='ltr'>sanguinein</span> <span class='ocrx_word' id='word_1_209' title='bbox 1770 2593 1896 2670; x_wconf 88' lang='lat' dir='ltr'>Christi,</span> <span class='ocrx_word' id='word_1_210' title='bbox 1918 2612 1982 2656; x_wconf 94' lang='lat' dir='ltr'>non</span> <span class='ocrx_word' id='word_1_211' title='bbox 2004 2594 2058 2655; x_wconf 88' lang='lat' dir='ltr'>erit</span> 
     </span>
     <span class='ocr_line' id='line_1_21' title="bbox 693 2693 2067 2776; baseline 0.001 -22"><span class='ocrx_word' id='word_1_212' title='bbox 693 2693 852 2756; x_wconf 84' lang='lat' dir='ltr'>admodum</span> <span class='ocrx_word' id='word_1_213' title='bbox 881 2693 1117 2776; x_wconf 82' lang='lat' dir='ltr'>repugnandum.</span> <span class='ocrx_word' id='word_1_214' title='bbox 1174 2694 1281 2774; x_wconf 89' lang='lat' dir='ltr'>Neque</span> <span class='ocrx_word' id='word_1_215' title='bbox 1315 2694 1392 2757; x_wconf 89' lang='lat' dir='ltr'>eninr</span> <span class='ocrx_word' id='word_1_216' title='bbox 1424 2694 1530 2774; x_wconf 90' lang='lat' dir='ltr'>quihus</span> <span class='ocrx_word' id='word_1_217' title='bbox 1564 2693 1641 2756; x_wconf 87' lang='lat' dir='ltr'>haee</span> <span class='ocrx_word' id='word_1_218' title='bbox 1670 2694 1844 2775; x_wconf 90' lang='lat' dir='ltr'>conjectura</span> <span class='ocrx_word' id='word_1_219' title='bbox 1874 2693 2067 2774; x_wconf 87' lang='lat' dir='ltr'>displiceret,¹</span> 
     </span>
     <span class='ocr_line' id='line_1_22' title="bbox 693 2792 2059 2876; baseline 0 -22"><span class='ocrx_word' id='word_1_220' title='bbox 693 2792 804 2856; x_wconf 82' lang='lat' dir='ltr'>liabent</span> <span class='ocrx_word' id='word_1_221' title='bbox 828 2794 936 2875; x_wconf 88' lang='lat' dir='ltr'>aliquid</span> <span class='ocrx_word' id='word_1_222' title='bbox 959 2812 1018 2874; x_wconf 91' lang='lat' dir='ltr'>que</span> <span class='ocrx_word' id='word_1_223' title='bbox 1041 2813 1076 2856; x_wconf 90' lang='lat' dir='ltr'>se</span> <span class='ocrx_word' id='word_1_224' title='bbox 1099 2802 1248 2868; x_wconf 90' lang='lat' dir='ltr'>tueantur,</span> <span class='ocrx_word' id='word_1_225' title='bbox 1277 2795 1333 2855; x_wconf 91' lang='lat' dir='ltr'>nisi</span> <span class='ocrx_word' id='word_1_226' title='bbox 1364 2794 1445 2874; x_wconf 93' lang='lat' dir='ltr'>quod</span> <span class='ocrx_word' id='word_1_227' title='bbox 1467 2794 1667 2856; x_wconf 85' lang='lat' dir='ltr'>invocationis</span> <span class='ocrx_word' id='word_1_228' title='bbox 1690 2792 1783 2855; x_wconf 88' lang='lat' dir='ltr'>verha</span> <span class='ocrx_word' id='word_1_229' title='bbox 1805 2800 1897 2873; x_wconf 89' lang='lat' dir='ltr'>prout</span> <span class='ocrx_word' id='word_1_230' title='bbox 1918 2792 2059 2876; x_wconf 82' lang='lat' dir='ltr'>legrmtur</span> 
     </span>
     <span class='ocr_line' id='line_1_23' title="bbox 695 2891 2057 2973; baseline -0.001 -20"><span class='ocrx_word' id='word_1_231' title='bbox 695 2893 774 2970; x_wconf 91' lang='lat' dir='ltr'>alibi,</span> <span class='ocrx_word' id='word_1_232' title='bbox 799 2896 977 2956; x_wconf 87' lang='lat' dir='ltr'>contrariam</span> <span class='ocrx_word' id='word_1_233' title='bbox 1000 2895 1179 2957; x_wconf 88' lang='lat' dir='ltr'>sententiam</span> <span class='ocrx_word' id='word_1_234' title='bbox 1202 2893 1360 2955; x_wconf 90' lang='lat' dir='ltr'>continere</span> <span class='ocrx_word' id='word_1_235' title='bbox 1387 2893 1556 2955; x_wconf 89' lang='lat' dir='ltr'>videantur:</span> <span class='ocrx_word' id='word_1_236' title='bbox 1587 2894 1762 2954; x_wconf 82' lang='lat' dir='ltr'>tumeliam</span> <span class='ocrx_word' id='word_1_237' title='bbox 1780 2891 1896 2973; x_wconf 88' lang='lat' dir='ltr'>judicio</span> <span class='ocrx_word' id='word_1_238' title='bbox 1919 2893 2057 2954; x_wconf 91' lang='lat' dir='ltr'>nostratis</span> 
     </span>
     <span class='ocr_line' id='line_1_24' title="bbox 695 2983 2057 3073; baseline -0.002 -19"><span class='ocrx_word' id='word_1_239' title='bbox 695 2991 809 3068; x_wconf 77' lang='lat' dir='ltr'>critici,</span> <span class='ocrx_word' id='word_1_240' title='bbox 831 2993 1001 3056; x_wconf 86' lang='lat' dir='ltr'>Orientaies</span> <span class='ocrx_word' id='word_1_241' title='bbox 1025 2993 1088 3056; x_wconf 90' lang='lat' dir='ltr'>sola</span> <span class='ocrx_word' id='word_1_242' title='bbox 1112 2992 1305 3055; x_wconf 89' lang='lat' dir='ltr'>invocatione</span> <span class='ocrx_word' id='word_1_243' title='bbox 1337 2993 1597 3056; x_wconf 88' lang='lat' dir='ltr'>consecrationem</span> <span class='ocrx_word' id='word_1_244' title='bbox 1626 2991 1730 3073; x_wconf 85' lang='lat' dir='ltr'>perlici</span> <span class='ocrx_word' id='word_1_245' title='bbox 1752 2983 1956 3054; x_wconf 75' lang='lat' dir='ltr'>contendent.</span> <span class='ocrx_word' id='word_1_246' title='bbox 2003 2991 2057 3054; x_wconf 88' lang='lat' dir='ltr'>Sed</span> 
     </span>
     <span class='ocr_line' id='line_1_25' title="bbox 696 3090 2057 3173; baseline -0.001 -20"><span class='ocrx_word' id='word_1_247' title='bbox 696 3100 728 3153; x_wconf 89' lang='lat' dir='ltr'>ut</span> <span class='ocrx_word' id='word_1_248' title='bbox 751 3092 819 3155; x_wconf 88' lang='lat' dir='ltr'>alibi</span> <span class='ocrx_word' id='word_1_249' title='bbox 843 3093 938 3155; x_wconf 88' lang='lat' dir='ltr'>iusius</span> <span class='ocrx_word' id='word_1_250' title='bbox 962 3101 993 3155; x_wconf 91' lang='lat' dir='ltr'>et</span> <span class='ocrx_word' id='word_1_251' title='bbox 1016 3094 1186 3155; x_wconf 84' lang='lat' dir='ltr'>accuratius</span> <span class='ocrx_word' id='word_1_252' title='bbox 1210 3093 1380 3173; x_wconf 84' lang='lat' dir='ltr'>expositum</span> <span class='ocrx_word' id='word_1_253' title='bbox 1403 3100 1460 3169; x_wconf 90' lang='lat' dir='ltr'>est,</span> <span class='ocrx_word' id='word_1_254' title='bbox 1484 3091 1654 3153; x_wconf 86' lang='lat' dir='ltr'>Orientaies</span> <span class='ocrx_word' id='word_1_255' title='bbox 1676 3090 1787 3153; x_wconf 88' lang='lat' dir='ltr'>nullam</span> <span class='ocrx_word' id='word_1_256' title='bbox 1810 3090 2057 3153; x_wconf 77' lang='lat' dir='ltr'>verbisDomini·</span> 
     </span>
     <span class='ocr_line' id='line_1_26' title="bbox 695 3190 2056 3272; baseline -0.001 -20"><span class='ocrx_word' id='word_1_257' title='bbox 695 3194 739 3253; x_wconf 87' lang='lat' dir='ltr'>eis</span> <span class='ocrx_word' id='word_1_258' title='bbox 762 3193 900 3255; x_wconf 86' lang='lat' dir='ltr'>virtutem</span> <span class='ocrx_word' id='word_1_259' title='bbox 924 3192 1122 3254; x_wconf 85' lang='lat' dir='ltr'>consecrandi</span> <span class='ocrx_word' id='word_1_260' title='bbox 1145 3192 1288 3268; x_wconf 87' lang='lat' dir='ltr'>tribuere,</span> <span class='ocrx_word' id='word_1_261' title='bbox 1313 3200 1343 3253; x_wconf 92' lang='lat' dir='ltr'>et</span> <span class='ocrx_word' id='word_1_262' title='bbox 1365 3191 1415 3252; x_wconf 88' lang='lat' dir='ltr'>iila</span> <span class='ocrx_word' id='word_1_263' title='bbox 1443 3208 1504 3253; x_wconf 92' lang='lat' dir='ltr'>non</span> <span class='ocrx_word' id='word_1_264' title='bbox 1525 3193 1696 3253; x_wconf 90' lang='lat' dir='ltr'>necessaria</span> <span class='ocrx_word' id='word_1_265' title='bbox 1720 3191 1909 3268; x_wconf 87' lang='lat' dir='ltr'>existimare,</span> <span class='ocrx_word' id='word_1_266' title='bbox 1940 3190 2056 3272; x_wconf 88' lang='lat' dir='ltr'>probari</span> 
     </span>
     <span class='ocr_line' id='line_1_27' title="bbox 695 3290 2055 3373; baseline -0.001 -22"><span class='ocrx_word' id='word_1_267' title='bbox 695 3309 754 3354; x_wconf 93' lang='lat' dir='ltr'>non</span> <span class='ocrx_word' id='word_1_268' title='bbox 782 3299 898 3373; x_wconf 89' lang='lat' dir='ltr'>petest,</span> <span class='ocrx_word' id='word_1_269' title='bbox 926 3311 993 3354; x_wconf 89' lang='lat' dir='ltr'>cum</span> <span class='ocrx_word' id='word_1_270' title='bbox 1025 3293 1081 3373; x_wconf 90' lang='lat' dir='ltr'>ipsi</span> <span class='ocrx_word' id='word_1_271' title='bbox 1104 3293 1287 3355; x_wconf 89' lang='lat' dir='ltr'>contrarium</span> <span class='ocrx_word' id='word_1_272' title='bbox 1309 3291 1463 3356; x_wconf 88' lang='lat' dir='ltr'>aillrment.</span> <span class='ocrx_word' id='word_1_273' title='bbox 1512 3291 1617 3372; x_wconf 81' lang='lat' dir='ltr'>Neque</span> <span class='ocrx_word' id='word_1_274' title='bbox 1646 3291 1760 3353; x_wconf 88' lang='lat' dir='ltr'>ideireo</span> <span class='ocrx_word' id='word_1_275' title='bbox 1788 3291 1925 3372; x_wconf 89' lang='lat' dir='ltr'>injuriam</span> <span class='ocrx_word' id='word_1_276' title='bbox 1959 3290 2055 3352; x_wconf 83' lang='lat' dir='ltr'>verbis</span> 
     </span>
     <span class='ocr_line' id='line_1_28' title="bbox 696 3392 2056 3474; baseline -0.002 -21"><span class='ocrx_word' id='word_1_277' title='bbox 696 3400 746 3454; x_wconf 90' lang='lat' dir='ltr'>aut</span> <span class='ocrx_word' id='word_1_278' title='bbox 769 3394 892 3473; x_wconf 88' lang='lat' dir='ltr'>corpori</span> <span class='ocrx_word' id='word_1_279' title='bbox 914 3392 1024 3454; x_wconf 86' lang='lat' dir='ltr'>Christi</span> <span class='ocrx_word' id='word_1_280' title='bbox 1047 3392 1124 3467; x_wconf 89' lang='lat' dir='ltr'>lieri,</span> <span class='ocrx_word' id='word_1_281' title='bbox 1147 3392 1283 3466; x_wconf 90' lang='lat' dir='ltr'>credunt,</span> <span class='ocrx_word' id='word_1_282' title='bbox 1306 3392 1386 3471; x_wconf 94' lang='lat' dir='ltr'>quod</span> <span class='ocrx_word' id='word_1_283' title='bbox 1409 3399 1496 3453; x_wconf 91' lang='lat' dir='ltr'>erent</span> <span class='ocrx_word' id='word_1_284' title='bbox 1519 3409 1611 3471; x_wconf 90' lang='lat' dir='ltr'>super</span> <span class='ocrx_word' id='word_1_285' title='bbox 1634 3392 1712 3455; x_wconf 91' lang='lat' dir='ltr'>dona</span> <span class='ocrx_word' id='word_1_286' title='bbox 1732 3394 1794 3474; x_wconf 89' lang='lat' dir='ltr'>jam</span> <span class='ocrx_word' id='word_1_287' title='bbox 1815 3399 2006 3469; x_wconf 89' lang='lat' dir='ltr'>consecrata,</span> <span class='ocrx_word' id='word_1_288' title='bbox 2027 3397 2056 3451; x_wconf 91' lang='lat' dir='ltr'>ut</span> 
     </span>
     <span class='ocr_line' id='line_1_29' title="bbox 696 3490 2054 3572; baseline -0.001 -19"><span class='ocrx_word' id='word_1_289' title='bbox 696 3491 831 3554; x_wconf 83' lang='lat' dir='ltr'>Graecae</span> <span class='ocrx_word' id='word_1_290' title='bbox 854 3490 1065 3554; x_wconf 89' lang='lat' dir='ltr'>etOrientaies</span> <span class='ocrx_word' id='word_1_291' title='bbox 1088 3509 1193 3555; x_wconf 87' lang='lat' dir='ltr'>omnes</span> <span class='ocrx_word' id='word_1_292' title='bbox 1211 3490 1377 3566; x_wconf 81' lang='lat' dir='ltr'>Ecclesiae,</span> <span class='ocrx_word' id='word_1_293' title='bbox 1399 3490 1524 3553; x_wconf 81' lang='lat' dir='ltr'>Latinae</span> <span class='ocrx_word' id='word_1_294' title='bbox 1546 3509 1666 3572; x_wconf 91' lang='lat' dir='ltr'>quoque</span> <span class='ocrx_word' id='word_1_295' title='bbox 1689 3499 1811 3554; x_wconf 78' lang='lat' dir='ltr'>veteres</span> <span class='ocrx_word' id='word_1_296' title='bbox 1834 3491 1942 3552; x_wconf 87' lang='lat' dir='ltr'>iisdem</span> <span class='ocrx_word' id='word_1_297' title='bbox 1965 3508 2054 3572; x_wconf 86' lang='lat' dir='ltr'>prope</span> 
     </span>
     <span class='ocr_line' id='line_1_30' title="bbox 696 3589 2054 3674; baseline -0.003 -20"><span class='ocrx_word' id='word_1_298' title='bbox 696 3593 798 3654; x_wconf 85' lang='lat' dir='ltr'>verbis</span> <span class='ocrx_word' id='word_1_299' title='bbox 821 3591 967 3656; x_wconf 89' lang='lat' dir='ltr'>iecerunt.</span> <span class='ocrx_word' id='word_1_300' title='bbox 1012 3592 1223 3653; x_wconf 85' lang='lat' dir='ltr'>Verumtamen</span> <span class='ocrx_word' id='word_1_301' title='bbox 1247 3608 1351 3653; x_wconf 90' lang='lat' dir='ltr'>omnes</span> <span class='ocrx_word' id='word_1_302' title='bbox 1374 3591 1504 3671; x_wconf 87' lang='lat' dir='ltr'>reliquas</span> <span class='ocrx_word' id='word_1_303' title='bbox 1526 3589 1677 3674; x_wconf 78' lang='lat' dir='ltr'>liturgias</span> <span class='ocrx_word' id='word_1_304' title='bbox 1701 3611 1741 3653; x_wconf 86' lang='lat' dir='ltr'>ex</span> <span class='ocrx_word' id='word_1_305' title='bbox 1763 3592 1819 3653; x_wconf 87' lang='lat' dir='ltr'>ista</span> <span class='ocrx_word' id='word_1_306' title='bbox 1840 3591 1930 3651; x_wconf 88' lang='lat' dir='ltr'>unica</span> <span class='ocrx_word' id='word_1_307' title='bbox 1954 3597 1986 3652; x_wconf 90' lang='lat' dir='ltr'>et</span> <span class='ocrx_word' id='word_1_308' title='bbox 2007 3607 2054 3650; x_wconf 88' lang='lat' dir='ltr'>ra-</span> 
     </span>
     <span class='ocr_line' id='line_1_31' title="bbox 695 3689 2054 3771; baseline -0.003 -18"><span class='ocrx_word' id='word_1_309' title='bbox 695 3693 784 3753; x_wconf 88' lang='lat' dir='ltr'>rioris</span> <span class='ocrx_word' id='word_1_310' title='bbox 807 3709 879 3753; x_wconf 92' lang='lat' dir='ltr'>usus</span> <span class='ocrx_word' id='word_1_311' title='bbox 902 3691 1108 3754; x_wconf 78' lang='lat' dir='ltr'>reformandas</span> <span class='ocrx_word' id='word_1_312' title='bbox 1131 3709 1212 3768; x_wconf 92' lang='lat' dir='ltr'>esse,</span> <span class='ocrx_word' id='word_1_313' title='bbox 1234 3708 1294 3754; x_wconf 94' lang='lat' dir='ltr'>non</span> <span class='ocrx_word' id='word_1_314' title='bbox 1323 3697 1370 3751; x_wconf 92' lang='lat' dir='ltr'>est</span> <span class='ocrx_word' id='word_1_315' title='bbox 1392 3689 1636 3768; x_wconf 90' lang='lat' dir='ltr'>existimandum,</span> <span class='ocrx_word' id='word_1_316' title='bbox 1666 3708 1764 3771; x_wconf 91' lang='lat' dir='ltr'>neque</span> <span class='ocrx_word' id='word_1_317' title='bbox 1795 3692 1872 3752; x_wconf 88' lang='lat' dir='ltr'>enirn</span> <span class='ocrx_word' id='word_1_318' title='bbox 1902 3690 2054 3752; x_wconf 85' lang='lat' dir='ltr'>discrimen</span> 
     </span>
     <span class='ocr_line' id='line_1_32' title="bbox 695 3787 2053 3881; baseline -0.003 -28"><span class='ocrx_word' id='word_1_319' title='bbox 695 3794 775 3853; x_wconf 90' lang='lat' dir='ltr'>inter</span> <span class='ocrx_word' id='word_1_320' title='bbox 797 3792 882 3854; x_wconf 86' lang='lat' dir='ltr'>istam</span> <span class='ocrx_word' id='word_1_321' title='bbox 906 3799 936 3852; x_wconf 89' lang='lat' dir='ltr'>et</span> <span class='ocrx_word' id='word_1_322' title='bbox 960 3791 1032 3852; x_wconf 88' lang='lat' dir='ltr'>alias</span> <span class='ocrx_word' id='word_1_323' title='bbox 1056 3787 1114 3852; x_wconf 91' lang='lat' dir='ltr'>tale</span> <span class='ocrx_word' id='word_1_324' title='bbox 1138 3788 1305 3864; x_wconf 90' lang='lat' dir='ltr'>intercedit,</span> <span class='ocrx_word' id='word_1_325' title='bbox 1329 3789 1533 3881; x_wconf 70' lang='lat' dir='ltr'>qualestatinr</span> <span class='ocrx_word' id='word_1_326' title='bbox 1556 3810 1618 3851; x_wconf 90' lang='lat' dir='ltr'>rern</span> <span class='ocrx_word' id='word_1_327' title='bbox 1642 3808 1702 3852; x_wconf 93' lang='lat' dir='ltr'>non</span> <span class='ocrx_word' id='word_1_328' title='bbox 1726 3791 1799 3852; x_wconf 91' lang='lat' dir='ltr'>satis</span> <span class='ocrx_word' id='word_1_329' title='bbox 1821 3798 1964 3851; x_wconf 87' lang='lat' dir='ltr'>accurate</span> <span class='ocrx_word' id='word_1_330' title='bbox 1985 3806 2053 3869; x_wconf 87' lang='lat' dir='ltr'>per-</span> 
     </span>
     <span class='ocr_line' id='line_1_33' title="bbox 696 3888 2052 3971; baseline -0.004 -19"><span class='ocrx_word' id='word_1_331' title='bbox 696 3889 838 3971; x_wconf 88' lang='lat' dir='ltr'>pendenti</span> <span class='ocrx_word' id='word_1_332' title='bbox 861 3889 955 3952; x_wconf 89' lang='lat' dir='ltr'>videri</span> <span class='ocrx_word' id='word_1_333' title='bbox 979 3898 1089 3971; x_wconf 91' lang='lat' dir='ltr'>potest.</span> <span class='ocrx_word' id='word_1_334' title='bbox 1136 3890 1208 3951; x_wconf 88' lang='lat' dir='ltr'>Nam</span> <span class='ocrx_word' id='word_1_335' title='bbox 1232 3889 1310 3969; x_wconf 93' lang='lat' dir='ltr'>quod</span> <span class='ocrx_word' id='word_1_336' title='bbox 1334 3890 1364 3950; x_wconf 94' lang='lat' dir='ltr'>in</span> <span class='ocrx_word' id='word_1_337' title='bbox 1388 3891 1549 3970; x_wconf 88' lang='lat' dir='ltr'>posteriori</span> <span class='ocrx_word' id='word_1_338' title='bbox 1569 3889 1769 3952; x_wconf 88' lang='lat' dir='ltr'>invocationis</span> <span class='ocrx_word' id='word_1_339' title='bbox 1791 3897 1879 3968; x_wconf 90' lang='lat' dir='ltr'>parte</span> <span class='ocrx_word' id='word_1_340' title='bbox 1903 3888 2052 3951; x_wconf 84' lang='lat' dir='ltr'>desidera-</span> 
     </span>
     <span class='ocr_line' id='line_1_34' title="bbox 697 3989 2056 4069; baseline -0.004 -18"><span class='ocrx_word' id='word_1_341' title='bbox 697 4000 762 4051; x_wconf 90' lang='lat' dir='ltr'>tur:</span> <span class='ocrx_word' id='word_1_342' title='bbox 786 3990 920 4051; x_wconf 83' lang='lat' dir='ltr'>occurrit</span> <span class='ocrx_word' id='word_1_343' title='bbox 943 3992 972 4051; x_wconf 93' lang='lat' dir='ltr'>in</span> <span class='ocrx_word' id='word_1_344' title='bbox 995 3991 1107 4069; x_wconf 88' lang='lat' dir='ltr'>priore,</span> <span class='ocrx_word' id='word_1_345' title='bbox 1131 4007 1230 4069; x_wconf 90' lang='lat' dir='ltr'>neque</span> <span class='ocrx_word' id='word_1_346' title='bbox 1253 3989 1330 4050; x_wconf 90' lang='lat' dir='ltr'>enirn</span> <span class='ocrx_word' id='word_1_347' title='bbox 1362 3989 1410 4050; x_wconf 88' lang='lat' dir='ltr'>illa</span> <span class='ocrx_word' id='word_1_348' title='bbox 1433 3990 1544 4064; x_wconf 89' lang='lat' dir='ltr'>verba,</span> <span class='ocrx_word' id='word_1_349' title='bbox 1573 3998 1605 4050; x_wconf 83' lang='lat' dir='ltr'>nt</span> <span class='ocrx_word' id='word_1_350' title='bbox 1625 3989 1771 4050; x_wconf 81' lang='lat' dir='ltr'>inhahitet</span> <span class='ocrx_word' id='word_1_351' title='bbox 1791 4008 1883 4067; x_wconf 74' lang='lat' dir='ltr'>caspar</span> <span class='ocrx_word' id='word_1_352' title='bbox 1902 4008 2010 4067; x_wconf 73' lang='lat' dir='ltr'>ponera</span> <span class='ocrx_word' id='word_1_353' title='bbox 2028 3994 2056 4046; x_wconf 82' lang='lat' dir='ltr'>et</span> 
     </span>
     <span class='ocr_line' id='line_1_35' title="bbox 696 4087 2052 4171; baseline -0.004 -19"><span class='ocrx_word' id='word_1_354' title='bbox 696 4093 807 4164; x_wconf 74' lang='lat' dir='ltr'>einaim,</span> <span class='ocrx_word' id='word_1_355' title='bbox 828 4090 964 4170; x_wconf 71' lang='lat' dir='ltr'>sioatqrae</span> <span class='ocrx_word' id='word_1_356' title='bbox 985 4109 1075 4150; x_wconf 80' lang='lat' dir='ltr'>unam</span> <span class='ocrx_word' id='word_1_357' title='bbox 1097 4108 1209 4167; x_wconf 77' lang='lat' dir='ltr'>cerpus</span> <span class='ocrx_word' id='word_1_358' title='bbox 1231 4096 1260 4149; x_wconf 84' lang='lat' dir='ltr'>et</span> <span class='ocrx_word' id='word_1_359' title='bbox 1280 4092 1415 4169; x_wconf 72' lang='lat' dir='ltr'>scepeia,</span> <span class='ocrx_word' id='word_1_360' title='bbox 1437 4090 1533 4150; x_wconf 90' lang='lat' dir='ltr'>minus</span> <span class='ocrx_word' id='word_1_361' title='bbox 1556 4087 1726 4171; x_wconf 85' lang='lat' dir='ltr'>significant</span> <span class='ocrx_word' id='word_1_362' title='bbox 1749 4105 1836 4169; x_wconf 90' lang='lat' dir='ltr'>quarn</span> <span class='ocrx_word' id='word_1_363' title='bbox 1860 4089 1928 4164; x_wconf 65' lang='lat' dir='ltr'>istm</span> <span class='ocrx_word' id='word_1_364' title='bbox 1951 4096 1981 4148; x_wconf 84' lang='lat' dir='ltr'>et</span> <span class='ocrx_word' id='word_1_365' title='bbox 1996 4105 2052 4166; x_wconf 86' lang='lat' dir='ltr'>po·</span> 
     </span>
     <span class='ocr_line' id='line_1_36' title="bbox 695 4185 2050 4269; baseline -0.004 -18"><span class='ocrx_word' id='word_1_366' title='bbox 695 4210 762 4251; x_wconf 73' lang='lat' dir='ltr'>non</span> <span class='ocrx_word' id='word_1_367' title='bbox 784 4190 862 4251; x_wconf 77' lang='lat' dir='ltr'>hinec</span> <span class='ocrx_word' id='word_1_368' title='bbox 882 4190 982 4269; x_wconf 71' lang='lat' dir='ltr'>societ</span> <span class='ocrx_word' id='word_1_369' title='bbox 1009 4208 1137 4269; x_wconf 81' lang='lat' dir='ltr'>corpas:</span> <span class='ocrx_word' id='word_1_370' title='bbox 1166 4189 1290 4249; x_wconf 81' lang='lat' dir='ltr'>calicem</span> <span class='ocrx_word' id='word_1_371' title='bbox 1317 4190 1491 4269; x_wconf 78' lang='lat' dir='ltr'>ronprtinem</span> <span class='ocrx_word' id='word_1_372' title='bbox 1514 4186 1641 4262; x_wconf 70' lang='lat' dir='ltr'>Christi,</span> <span class='ocrx_word' id='word_1_373' title='bbox 1671 4205 1748 4268; x_wconf 90' lang='lat' dir='ltr'>quae</span> <span class='ocrx_word' id='word_1_374' title='bbox 1769 4187 1913 4269; x_wconf 84' lang='lat' dir='ltr'>leguntur</span> <span class='ocrx_word' id='word_1_375' title='bbox 1933 4187 1963 4247; x_wconf 92' lang='lat' dir='ltr'>in</span> <span class='ocrx_word' id='word_1_376' title='bbox 1984 4185 2050 4246; x_wconf 84' lang='lat' dir='ltr'>aliis.</span> 
     </span>
    </p>

    <p class='ocr_par' dir='ltr' id='par_1_7' title="bbox 697 4286 2050 4371">
     <span class='ocr_line' id='line_1_37' title="bbox 697 4286 2050 4371; baseline -0.003 -21"><span class='ocrx_word' id='word_1_377' title='bbox 697 4290 802 4369; x_wconf 90' lang='lat' dir='ltr'>Neque</span> <span class='ocrx_word' id='word_1_378' title='bbox 826 4291 852 4351; x_wconf 94' lang='lat' dir='ltr'>si</span> <span class='ocrx_word' id='word_1_379' title='bbox 874 4288 999 4371; x_wconf 83' lang='lat' dir='ltr'>rigidius</span> <span class='ocrx_word' id='word_1_380' title='bbox 1019 4297 1141 4369; x_wconf 85' lang='lat' dir='ltr'>agatur,</span> <span class='ocrx_word' id='word_1_381' title='bbox 1165 4288 1245 4350; x_wconf 93' lang='lat' dir='ltr'>orari</span> <span class='ocrx_word' id='word_1_382' title='bbox 1268 4294 1369 4367; x_wconf 91' lang='lat' dir='ltr'>petest</span> <span class='ocrx_word' id='word_1_383' title='bbox 1391 4296 1422 4349; x_wconf 95' lang='lat' dir='ltr'>ut</span> <span class='ocrx_word' id='word_1_384' title='bbox 1444 4287 1575 4366; x_wconf 76' lang='lat' dir='ltr'>Spirihtr</span> <span class='ocrx_word' id='word_1_385' title='bbox 1603 4295 1728 4349; x_wconf 76' lang='lat' dir='ltr'>ecoctam</span> <span class='ocrx_word' id='word_1_386' title='bbox 1749 4287 1891 4348; x_wconf 63' lang='lat' dir='ltr'>illudam</span> <span class='ocrx_word' id='word_1_387' title='bbox 1919 4293 1949 4348; x_wconf 84' lang='lat' dir='ltr'>et</span> <span class='ocrx_word' id='word_1_388' title='bbox 1968 4286 2050 4346; x_wconf 72' lang='lat' dir='ltr'>atc-</span> 
     </span>
    </p>

    <p class='ocr_par' dir='ltr' id='par_1_8' title="bbox 697 4386 2050 4468">
     <span class='ocr_line' id='line_1_38' title="bbox 697 4386 2050 4468; baseline -0.002 -18"><span class='ocrx_word' id='word_1_389' title='bbox 697 4391 770 4452; x_wconf 89' lang='lat' dir='ltr'>hitet</span> <span class='ocrx_word' id='word_1_390' title='bbox 790 4409 880 4468; x_wconf 67' lang='lat' dir='ltr'>siper</span> <span class='ocrx_word' id='word_1_391' title='bbox 902 4408 1012 4468; x_wconf 77' lang='lat' dir='ltr'>corpus</span> <span class='ocrx_word' id='word_1_392' title='bbox 1035 4386 1158 4464; x_wconf 80' lang='lat' dir='ltr'>Christi,</span> <span class='ocrx_word' id='word_1_393' title='bbox 1182 4389 1211 4447; x_wconf 94' lang='lat' dir='ltr'>in</span> <span class='ocrx_word' id='word_1_394' title='bbox 1234 4404 1294 4467; x_wconf 91' lang='lat' dir='ltr'>que</span> <span class='ocrx_word' id='word_1_395' title='bbox 1323 4387 1441 4448; x_wconf 82' lang='lat' dir='ltr'>habitat</span> <span class='ocrx_word' id='word_1_396' title='bbox 1468 4388 1564 4448; x_wconf 79' lang='lat' dir='ltr'>omnia</span> <span class='ocrx_word' id='word_1_397' title='bbox 1582 4388 1735 4465; x_wconf 76' lang='lat' dir='ltr'>ptenihado</span> <span class='ocrx_word' id='word_1_398' title='bbox 1757 4388 1926 4448; x_wconf 65' lang='lat' dir='ltr'>dicatum</span> <span class='ocrx_word' id='word_1_399' title='bbox 1946 4402 2050 4462; x_wconf 79' lang='lat' dir='ltr'>eorpo-</span> 
     </span>
    </p>

    <p class='ocr_par' dir='ltr' id='par_1_9' title="bbox 696 4482 2047 4569">
     <span class='ocr_line' id='line_1_39' title="bbox 696 4482 2047 4569; baseline -0.006 -19"><span class='ocrx_word' id='word_1_400' title='bbox 696 4489 820 4551; x_wconf 83' lang='lat' dir='ltr'>roia&#39;ter:</span> <span class='ocrx_word' id='word_1_401' title='bbox 857 4505 953 4568; x_wconf 91' lang='lat' dir='ltr'>nequc</span> <span class='ocrx_word' id='word_1_402' title='bbox 984 4487 1066 4562; x_wconf 91' lang='lat' dir='ltr'>lieri,</span> <span class='ocrx_word' id='word_1_403' title='bbox 1098 4486 1178 4566; x_wconf 91' lang='lat' dir='ltr'>quod</span> <span class='ocrx_word' id='word_1_404' title='bbox 1205 4485 1266 4562; x_wconf 89' lang='lat' dir='ltr'>jam</span> <span class='ocrx_word' id='word_1_405' title='bbox 1295 4484 1404 4547; x_wconf 82' lang='lat' dir='ltr'>facturn</span> <span class='ocrx_word' id='word_1_406' title='bbox 1435 4493 1498 4560; x_wconf 90' lang='lat' dir='ltr'>est,</span> <span class='ocrx_word' id='word_1_407' title='bbox 1532 4503 1642 4569; x_wconf 90' lang='lat' dir='ltr'>corpus</span> <span class='ocrx_word' id='word_1_408' title='bbox 1676 4484 1796 4548; x_wconf 83' lang='lat' dir='ltr'>Christi.</span> <span class='ocrx_word' id='word_1_409' title='bbox 1846 4486 1955 4547; x_wconf 85' lang='lat' dir='ltr'>Verum</span> <span class='ocrx_word' id='word_1_410' title='bbox 1981 4482 2047 4543; x_wconf 85' lang='lat' dir='ltr'>haec</span> 
     </span>
    </p>

    <p class='ocr_par' dir='ltr' id='par_1_10' title="bbox 696 4582 2046 4670">
     <span class='ocr_line' id='line_1_40' title="bbox 696 4582 2046 4670; baseline -0.007 -19"><span class='ocrx_word' id='word_1_411' title='bbox 696 4588 871 4670; x_wconf 87' lang='lat' dir='ltr'>simpliciter</span> <span class='ocrx_word' id='word_1_412' title='bbox 893 4586 1097 4668; x_wconf 86' lang='lat' dir='ltr'>religioseque</span> <span class='ocrx_word' id='word_1_413' title='bbox 1126 4585 1279 4648; x_wconf 89' lang='lat' dir='ltr'>tractanda</span> <span class='ocrx_word' id='word_1_414' title='bbox 1308 4594 1391 4647; x_wconf 92' lang='lat' dir='ltr'>sunt:</span> <span class='ocrx_word' id='word_1_415' title='bbox 1423 4604 1523 4666; x_wconf 89' lang='lat' dir='ltr'>neque</span> <span class='ocrx_word' id='word_1_416' title='bbox 1552 4584 1791 4648; x_wconf 87' lang='lat' dir='ltr'>committendum</span> <span class='ocrx_word' id='word_1_417' title='bbox 1821 4593 1853 4647; x_wconf 92' lang='lat' dir='ltr'>ut</span> <span class='ocrx_word' id='word_1_418' title='bbox 1881 4604 1920 4646; x_wconf 80' lang='lat' dir='ltr'>ex</span> <span class='ocrx_word' id='word_1_419' title='bbox 1941 4582 2046 4645; x_wconf 81' lang='lat' dir='ltr'>levibus</span> 
     </span>
    </p>

    <p class='ocr_par' dir='ltr' id='par_1_11' title="bbox 697 4684 2044 4771">
     <span class='ocr_line' id='line_1_41' title="bbox 697 4684 2044 4771; baseline -0.006 -19"><span class='ocrx_word' id='word_1_420' title='bbox 697 4688 844 4771; x_wconf 87' lang='lat' dir='ltr'>ejusmodi</span> <span class='ocrx_word' id='word_1_421' title='bbox 867 4687 1060 4768; x_wconf 76' lang='lat' dir='ltr'>argumentis,</span> <span class='ocrx_word' id='word_1_422' title='bbox 1085 4703 1164 4766; x_wconf 92' lang='lat' dir='ltr'>quae</span> <span class='ocrx_word' id='word_1_423' title='bbox 1187 4705 1228 4747; x_wconf 86' lang='lat' dir='ltr'>ex</span> <span class='ocrx_word' id='word_1_424' title='bbox 1250 4686 1348 4766; x_wconf 91' lang='lat' dir='ltr'>aliqua</span> <span class='ocrx_word' id='word_1_425' title='bbox 1363 4686 1532 4748; x_wconf 91' lang='lat' dir='ltr'>contrariae</span> <span class='ocrx_word' id='word_1_426' title='bbox 1554 4685 1712 4748; x_wconf 91' lang='lat' dir='ltr'>locutionis</span> <span class='ocrx_word' id='word_1_427' title='bbox 1734 4685 1837 4747; x_wconf 82' lang='lat' dir='ltr'>rimhra</span> <span class='ocrx_word' id='word_1_428' title='bbox 1861 4684 2044 4747; x_wconf 86' lang='lat' dir='ltr'>deducuntur.</span> 
     </span>
    </p>

    <p class='ocr_par' dir='ltr' id='par_1_12' title="bbox 699 4779 2045 4865">
     <span class='ocr_line' id='line_1_42' title="bbox 699 4779 2045 4865; baseline -0.004 -16"><span class='ocrx_word' id='word_1_429' title='bbox 699 4787 866 4850; x_wconf 88' lang='lat' dir='ltr'>traditionis</span> <span class='ocrx_word' id='word_1_430' title='bbox 891 4789 1019 4849; x_wconf 89' lang='lat' dir='ltr'>omnium</span> <span class='ocrx_word' id='word_1_431' title='bbox 1042 4785 1245 4848; x_wconf 87' lang='lat' dir='ltr'>Ecclesiarurn</span> <span class='ocrx_word' id='word_1_432' title='bbox 1274 4786 1368 4860; x_wconf 88' lang='lat' dir='ltr'>rivos,</span> <span class='ocrx_word' id='word_1_433' title='bbox 1390 4785 1421 4846; x_wconf 92' lang='lat' dir='ltr'>in</span> <span class='ocrx_word' id='word_1_434' title='bbox 1442 4783 1648 4847; x_wconf 86' lang='lat' dir='ltr'>Eucharistiae</span> <span class='ocrx_word' id='word_1_435' title='bbox 1670 4785 1805 4848; x_wconf 88' lang='lat' dir='ltr'>doctrina</span> <span class='ocrx_word' id='word_1_436' title='bbox 1827 4784 1936 4865; x_wconf 82' lang='lat' dir='ltr'>ultique</span> <span class='ocrx_word' id='word_1_437' title='bbox 1955 4779 2045 4860; x_wconf 87' lang='lat' dir='ltr'>limpi-</span> 
     </span>
    </p>

    <p class='ocr_par' dir='ltr' id='par_1_13' title="bbox 698 4886 1228 4966">
     <span class='ocr_line' id='line_1_43' title="bbox 698 4886 1228 4966; baseline -0.009 -14"><span class='ocrx_word' id='word_1_438' title='bbox 698 4889 848 4966; x_wconf 88' lang='lat' dir='ltr'>dissimos,</span> <span class='ocrx_word' id='word_1_439' title='bbox 871 4896 985 4950; x_wconf 86' lang='lat' dir='ltr'>terncre</span> <span class='ocrx_word' id='word_1_440' title='bbox 1008 4886 1228 4948; x_wconf 87' lang='lat' dir='ltr'>conturbemus.</span> 
     </span>
    </p>
   </div>
   <div class='ocr_carea' id='block_1_5' title="bbox 1064 5102 1694 5156">
    <p class='ocr_par' dir='ltr' id='par_1_14' title="bbox 1064 5102 1694 5156">
     <span class='ocr_line' id='line_1_44' title="bbox 1064 5102 1694 5156; baseline -0.014 -20"><span class='ocrx_word' id='word_1_441' title='bbox 1064 5102 1655 5156; x_wconf 52' lang='lat'>-‚„-..⁴0005‚-3</span> <span class='ocrx_word' id='word_1_442' title='bbox 1669 5122 1694 5127; x_wconf 89' lang='lat'>.-</span> 
     </span>
    </p>
   </div>
   <div class='ocr_carea' id='block_1_6' title="bbox 0 0 2275 6034">
    <p class='ocr_par' dir='ltr' id='par_1_15' title="bbox 0 0 2275 6034">
     <span class='ocr_line' id='line_1_45' title="bbox 0 0 2275 6034; baseline 0 0"><span class='ocrx_word' id='word_1_443' title='bbox 0 0 2275 6034; x_wconf 95' lang='lat' dir='ltr'> </span> 
     </span>
    </p>
   </div>
  </div>
 </body>
</html>
