4525 6034
709 530 786 605 mo
1211 496 1596 613 inhonori

736 802 772 874 3.
798 806 932 898 Apicum
946 805 1037 877 Wom
1055 807 1208 900 hepatem,
1225 830 1298 878 caan
1315 806 1417 879 turha
1431 807 1672 902 discipularum
1692 815 1824 881 tuorem
1839 808 2041 882 comedisset.

821 997 898 1075 Ioau
919 1010 1032 1091 legitur
1052 1010 1083 1073 in
1106 1012 1200 1092 priori
1221 1010 1367 1095 Liturgia,
1391 1012 1470 1075 etin
1492 1011 1667 1094 quibusdam
1689 1012 1766 1093 aliis,
1789 1031 1830 1076 ex
1851 1014 2065 1077 commmitte-

706 1112 865 1176 cIesiamm
885 1131 983 1196 prope
1005 1116 1136 1179 omnium
1150 1115 1325 1178 traditione:
1347 1116 1377 1177 in
1400 1133 1459 1197 qua
1482 1123 1580 1178 tamen
1602 1117 1742 1197 opinione
1764 1135 1824 1181 non
1842 1117 1937 1180 tuisse
1954 1117 2065 1199 Dippo-

706 1212 800 1293 Iptum
822 1211 1002 1293 Romanum,
1030 1222 1063 1277 ut
1092 1216 1175 1278 ilium
1197 1221 1308 1280 vocant
1330 1214 1514 1292 Orientales,
1544 1232 1644 1296 neque
1665 1215 1732 1279 hiar
1753 1217 1918 1296 Ioannem,
1944 1224 2065 1280 testatur
2169 1212 2173 1227 '

705 1311 853 1376 Barsalihi
878 1315 909 1375 in
937 1314 1157 1378 Commentario
1179 1315 1218 1379 ad
1239 1314 1438 1399 Evangelium
1465 1313 1622 1393 Matthaei,
1652 1316 1738 1378 utin
1759 1315 1902 1379 Tractatu
1923 1316 1962 1379 dc
1985 1316 2065 1380 Feria

707 1413 808 1493 quinta
837 1413 941 1493 majori
973 1420 1004 1476 et
1030 1414 1236 1479 Eucharistiae
1265 1415 1451 1478 institutione
1479 1431 1545 1495 cap.
1568 1414 1597 1477 5.
1627 1414 1756 1478 videnda
1785 1434 1863 1498 quae
1891 1416 2065 1480 diurnusin

707 1512 786 1574 notis
808 1510 846 1573 ad
868 1510 1032 1595 Liturgiam
1054 1512 1205 1578 Dioscori.

1155 1822 1632 1870 w

1080 2184 1682 2399 ithunam

934 2552 1226 2672 SEVERI
1295 2551 1803 2673 ANTIOCHENI

792 2792 892 2881 Qum
918 2792 959 2869 III
983 2792 1081 2871 ALIIS
1110 2790 1309 2872 CODICIBUS
1335 2792 1517 2871 TDIOTIIEI
1541 2793 1796 2872 ALEXANDRIIII
1822 2792 1990 2872 orcum

1113 3068 1235 3140 Oratio
1263 3074 1344 3139 anie
1370 3066 1518 3140 osculum
1543 3066 1660 3138 Pacis.

768 3262 886 3368 Deus
911 3289 1031 3386 opifex
1056 3294 1221 3382 omnium,
1245 3294 1426 3387 praecipue
1451 3313 1536 3364 vero
1562 3288 1721 3379 hominis,
1753 3312 1852 3385 quem
1884 3291 2065 3364 secundom

699 3407 942 3481 similitudinem
966 3418 1068 3495 mam,
1094 3408 1203 3482 iecisti
1228 3406 1440 3495 rationalem,
1474 3416 1508 3479 et
1538 3405 1580 3478 ad
1606 3405 1640 3478 id
1667 3405 1756 3500 quod
1781 3404 1953 3479 catillum
1978 3430 2063 3505 pro·

698 3523 833 3613 duxisti,
859 3524 1015 3619 illumque
1041 3522 1137 3598 donis
1163 3527 1228 3597 tuis
1255 3524 1375 3597 divinis
1407 3525 1547 3595 ornasti:
1578 3525 1634 3618 qui
1658 3520 1769 3615 Iegem
1801 3526 1952 3598 caritatis
1987 3547 2062 3595 mu·

697 3652 774 3713 tuac
800 3640 897 3715 nohis
923 3642 1076 3735 posuisti,
1103 3642 1159 3736 qui
1184 3644 1238 3714 vis
1263 3652 1299 3713 ut
1326 3660 1442 3714 omnes
1469 3661 1568 3710 unum
1595 3640 1715 3730 sImus,
1750 3642 1835 3710 sicut
1861 3649 1897 3710 tu
1923 3648 1960 3710 et
1985 3642 2060 3709 uni·

697 3759 830 3848 genitus
856 3756 960 3830 Filius
995 3766 1089 3847 tuus,
1115 3757 1277 3831 Dominus
1310 3766 1343 3830 et
1376 3755 1470 3827 Deus
1503 3756 1619 3829 noster
1649 3755 1750 3829 Jesus
1777 3752 1931 3828 Christus
1965 3777 2061 3826 unum

697 3876 794 3947 estis:
821 3883 856 3945 tu
881 3894 966 3966 ergo
992 3894 1056 3946 nos
1082 3870 1125 3945 ah
1153 3877 1242 3947 omni
1268 3873 1439 3971 hypocrisi
1464 3871 1623 3962 liherans,
1649 3882 1683 3943 et
1708 3870 1810 3944 corda
1829 3882 1948 3946 nostra
1974 3893 2061 3944 con·

692 3989 838 4083 jungens
871 4012 932 4085 per
964 3992 1312 4076 communicationem,
1351 4000 1386 4061 et
1419 3988 1574 4081 gaudium
1609 3984 1751 4084 Spiritus
1776 3991 1823 4059 tui
1850 3991 1976 4074 sancti,
2008 3986 2060 4057 iac

695 4127 761 4178 nos
788 4104 908 4200 dignos
937 4105 1137 4201 apprecandi
1165 4115 1308 4178 mutuam
1334 4128 1452 4202 pacem
1478 4107 1511 4175 in
1538 4103 1655 4178 osculo
1682 4113 1818 4194 sancto,
1850 4126 1952 4175 unum
1979 4125 2059 4175 cor-

696 4244 759 4317 pus
786 4233 820 4294 et
845 4243 929 4294 unus
956 4220 1099 4317 Spiritus
1126 4225 1328 4312 existentes,
1362 4225 1446 4294 sicut
1481 4230 1514 4292 et
1546 4223 1661 4293 vocati
1694 4242 1806 4292 sumus
1837 4223 1872 4291 in
1907 4243 1973 4292 una
1999 4240 2057 4314 spe

694 4339 883 4411 vocationis
908 4347 1057 4411 nostrae:
1084 4359 1145 4433 per
1172 4337 1337 4412 Christum
1362 4339 1477 4411 Jcsurn
1503 4336 1679 4410 Dominum
1705 4347 1870 4427 nostrum,
1897 4359 1970 4408 cum
1992 4357 2055 4431 qua

695 4463 729 4525 te
756 4453 853 4526 decet
877 4455 986 4546 gloria
1013 4464 1047 4527 et
1071 4452 1190 4528 honor.

798 4571 982 4642 Sacerdos.
1035 4569 1117 4641 Pax.

799 4685 959 4780 Populus.
1012 4683 1156 4759 Etcum
1182 4685 1306 4783 Spiritu
1332 4698 1400 4760 tuo.

797 4802 985 4875 Diaconos.
1037 4803 1165 4876 Demus
1190 4826 1309 4899 pacem
1334 4804 1568 4898 unusquisque,
1596 4810 1657 4873 ete.

798 4919 960 5014 Populos.
1016 4918 1140 4993 Coram
1166 4929 1200 4992 te
1226 4921 1378 4993 Domine.

799 5035 983 5109 Sacerdos.
1035 5035 1179 5111 Domine
1211 5036 1304 5111 Deus
1338 5040 1393 5133 qui
1427 5037 1579 5113 dilectum
1614 5033 1730 5111 Filium
1772 5044 1864 5107 mum
1900 5029 2050 5105 dempsit
