4525 6034
673 581 1210 663 ALEXANDRINO.
1543 584 1618 656 ato

348 772 435 846 LIX.
465 772 607 864 Octava,
626 773 797 845 doctrinae
810 770 964 860 facultas,
977 772 1044 876 etsi
1060 770 1191 864 aliquos
1209 767 1309 864 plana
1326 769 1499 843 illiteratos
1514 769 1619 842 baisse
1666 782 1795 836 amarint.

244 889 407 982 legamus.
434 889 471 960 ln
489 888 608 984 quibus
635 899 746 962 autam
771 887 856 961 baec
883 888 1033 960 doctrina
1055 889 1217 958 consistat
1232 889 1348 980 paucis
1376 885 1619 982 explicandum.

243 1006 301 1079 Ex
329 1027 393 1100 quc
419 1005 554 1078 Arabas
588 1006 749 1100 Aegypto
781 1007 895 1099 potiti,
931 1003 1078 1095 linguam
1111 1024 1205 1076 suam
1235 1001 1433 1093 intulerunt,
1466 1003 1552 1075 adeo
1584 1015 1622 1075 ut

243 1126 332 1194 intra
357 1124 453 1192 unius
480 1119 607 1193 saeculi
634 1123 775 1216 spatium
802 1119 982 1192 remacula
1010 1141 1088 1190 asse
1115 1120 1284 1213 eoeperit,
1320 1122 1525 1191 retinuerunt
1549 1142 1620 1190 va-

243 1242 326 1310 teris
353 1260 435 1311 suae
463 1235 623 1333 Copticae
649 1260 746 1309 usum
771 1237 922 1332 plerique
949 1235 1122 1308 Jacobitaa
1145 1234 1334 1324 Christiani,
1361 1235 1448 1308 adeo
1474 1244 1510 1308 ut
1535 1240 1622 1308 inter

243 1375 306 1425 eos
334 1357 516 1427 communis
543 1364 644 1426 esset.
697 1353 841 1424 Servata
869 1363 921 1423 ast
947 1351 1067 1423 diutius
1093 1354 1128 1421 in
1150 1349 1334 1438 Thebaide,
1361 1350 1620 1425 remotioribus-

244 1493 311 1564 que
338 1474 538 1566 provinciis,
573 1453 629 1543 nbi
663 1472 772 1560 major
808 1467 1069 1541 Christianorum
1095 1487 1271 1556 numerus,
1303 1466 1621 1540 Mubamedanorum

242 1590 354 1660 minor
380 1598 460 1659 erat.
486 1589 534 1660 At
560 1589 594 1658 in
625 1589 788 1682 Aegypto
821 1584 995 1674 lnlariori,
1031 1584 1263 1657 Alexandriae
1295 1595 1328 1656 et
1362 1584 1489 1658 Misrae
1524 1588 1621 1658 eitius
1687 1623 1692 1642 ι

244 1702 430 1792 obsolevit,
457 1715 491 1775 et
519 1702 744 1777 tantummodo
778 1707 810 1774 in
844 1702 964 1776 Officiis
997 1701 1247 1774 Ecclesiasticis
1281 1697 1441 1797 librisque
1473 1723 1621 1775 consar-
1728 1719 1734 1742 ¹

241 1830 325 1892 vata
353 1831 416 1909 est,
443 1822 528 1890 sicut
554 1823 741 1892 accuratius
767 1818 969 1914 explicatum
1009 1822 1129 1900 estin
1163 1818 1405 1889 Dissertationa
1440 1816 1482 1889 da
1507 1818 1622 1909 lingua

243 1934 397 2029 Coptica.
424 1935 471 2006 lta
498 1939 614 2030 paucis
641 1937 736 2006 annis
763 1934 887 2030 elapsis
912 1933 1035 2006 laetum
1063 1944 1134 2020 est,
1167 1945 1203 2004 nt
1236 1954 1305 2003 non
1337 1935 1520 2006 communis
1551 1936 1622 2024 jam

242 2061 339 2123 esset
364 2048 489 2142 lingna,
517 2048 577 2124 sed
604 2050 776 2124 doctrinae
805 2061 839 2123 at
864 2051 1045 2143 religionis.
1071 2051 1183 2121 Prima
1209 2051 1310 2140 igitur
1336 2029 1454 2121 ardditi
1468 2050 1533 2121 viri
1561 2048 1622 2120 dos

241 2166 318 2254 fuit,
346 2178 381 2237 ut
406 2166 510 2239 libros
538 2167 699 2263 Copticcs
726 2167 844 2259 lagare
871 2177 905 2237 et
930 2168 1142 2262 interpretari
1168 2175 1302 2260 posset:
1336 2187 1400 2236 nac
1427 2163 1482 2235 alii
1510 2167 1621 2256 signi-

241 2282 436 2370 ficabantur,
464 2306 562 2377 quam
589 2306 709 2356 sacrae
734 2283 864 2370 literae,
893 2282 1074 2378 Officiaque
1092 2282 1343 2371 Ecclesiastico,
1370 2291 1404 2356 et
1419 2279 1621 2375 Synaxaria,
1657 2301 1661 2314 ·

240 2403 277 2470 in
306 2399 423 2493 quibus
449 2397 633 2491 Legendaa
660 2399 859 2471 Sanctorum
885 2402 1145 2473 continerentur.
1171 2396 1396 2472 Patriarcham
1422 2400 1456 2468 in
1484 2418 1525 2468 aa
1551 2395 1622 2468 lin-

240 2539 312 2608 gua
339 2518 553 2610 peregrinum
579 2538 647 2587 non
674 2538 765 2607 esse,
792 2519 863 2611 ipsa
890 2519 1036 2588 muneris
1063 2519 1114 2588 sui
1141 2519 1226 2588 ratio
1244 2513 1422 2608 exigebat:
1449 2510 1621 2607 vulgoque

241 2631 332 2704 illius
359 2633 535 2727 peritiores
568 2642 663 2703 erant
693 2631 848 2704 Monachi
879 2636 984 2704 sancti
1011 2632 1170 2720 Macarii,
1204 2655 1302 2727 quam
1340 2625 1461 2702 Clerici
1494 2651 1621 2703 saecu-

240 2747 348 2838 lares,
376 2749 451 2842 qru'a
479 2769 525 2818 ax
551 2750 660 2819 vetari
687 2747 926 2821 consuetudine
952 2771 1051 2844 quam
1078 2749 1176 2821 docet
1201 2770 1266 2820 nos
1292 2745 1505 2834 Abulbiroat‚
1531 2744 1622 2818 nulla

240 2864 362 2936 Lectio
391 2874 446 2936 ant
474 2862 590 2935 Oratio
617 2867 651 2934 in
677 2886 720 2936 eo
747 2864 977 2955 Monastario,
1012 2865 1077 2938 alia
1113 2864 1227 2957 lingua
1260 2861 1513 2961 perficiebatur,
1547 2884 1622 2933 cum

241 2980 323 3053 alibi
351 2980 395 3052 ob
423 2983 496 3072 ajus
523 2963 743 3071 ignorantiam
770 2980 950 3054 Lectiones
984 2985 1111 3053 veteris
1145 2993 1179 3054 at
1204 2980 1296 3053 Novi
1331 2978 1554 3064 Testamenti,
1589 2987 1623 3048 et

243 3096 424 3169 Orationes
450 3093 583 3190 aliquot,
610 3107 786 3191 postquam
815 3092 956 3194 Coptica
981 3096 1092 3172 lectae
1117 3096 1259 3184 fuerant,
1286 3094 1437 3169 Arabica
1464 3095 1621 3191 explica-

242 3221 372 3300 rentur,
400 3210 488 3305 qnod
515 3210 558 3282 ad
584 3211 620 3282 S.
647 3212 830 3284 biccarium
857 3235 925 3285 non
950 3213 1083 3287 licebat
1110 3212 1255 3286 Michael
1281 3224 1392 3285 tamen
1420 3213 1622 3306 cognomina

243 3328 331 3400 lilius
358 3325 502 3415 Dakalti,
531 3329 586 3421 qui
613 3327 784 3402 ordinatus
811 3339 865 3410 est
891 3351 978 3402 anno
1005 3330 1035 3401 J.
1062 3330 1100 3404 C.
1128 3330 1314 3404 MCXLVI.
1341 3352 1409 3404 non
1427 3328 1527 3402 modo
1546 3326 1621 3399 Co-

243 3446 335 3539 ptica
361 3442 479 3536 legere
505 3464 573 3513 non
599 3452 751 3538 poterat,
785 3444 846 3516 sad
879 3454 951 3517 erat
984 3445 1154 3517 literarum
1179 3444 1400 3519 Arabicarum
1425 3444 1524 3542 plana
1551 3467 1622 3517 ax-

243 3581 335 3654 pers.
363 3559 460 3632 Unde
486 3559 588 3632 dilata
615 3569 667 3632 ast
693 3564 766 3653 ejus
794 3560 979 3652 Ordinatio,
1014 3561 1122 3634 donec
1149 3565 1340 3635 memoriter
1370 3561 1554 3654 Liturgiam
1579 3562 1621 3633 D.

242 3675 362 3747 Basilii
388 3676 566 3749 didicisset.
594 3675 719 3748 Verum
746 3677 779 3749 id
805 3680 911 3749 rarius
939 3681 1054 3774 primis
1081 3677 1303 3772 temporibus:
1343 3699 1419 3751 nam
1446 3700 1521 3749 cnm
1547 3679 1620 3749 Pa-

244 3791 412 3864 triarchaa
438 3815 505 3866 non
531 3791 633 3864 modo
661 3815 835 3866 sermones
863 3793 905 3865 ad
931 3793 1088 3889 popubrm
1114 3793 1230 3867 lacere
1259 3804 1471 3884 tenerentur,
1501 3814 1621 3872 verum

245 3929 362 3979 sacras
394 3907 509 3979 literas
542 3929 588 3979 ex
624 3907 773 4004 Copticis
811 3908 1059 4005 exemplaribus
1100 3909 1282 3982 vernacula
1316 3912 1506 4006 explicare,
1542 3930 1621 3980 raro

245 4023 391 4096 illiterati
418 4021 683 4113 assumebantur,
710 4047 779 4098 non
804 4024 905 4097 modo
933 4024 975 4096 ad
1001 4025 1274 4099 Patriarchatum.
1301 4026 1363 4099 sed
1385 4049 1449 4098 nec
1475 4025 1519 4098 ad
1531 4024 1621 4122 Epi-

179 4177 183 4188 »
246 4150 432 4234 scopatum.
461 4136 608 4235 Cprillus
634 4139 769 4213 LXVII.
797 4164 921 4233 magno
948 4140 1067 4218 labore
1092 4140 1282 4234 Evangelia
1309 4140 1450 4238 Coptica
1475 4140 1623 4233 legebat,

246 4278 430 4351 eommqua
456 4259 745 4350 interpretationes
771 4256 951 4345 Arabicas,
978 4260 1055 4352 quia
1083 4260 1222 4330 scientia
1254 4257 1300 4330 illi
1333 4268 1406 4330 erat
1432 4256 1517 4330 adeo
1545 4279 1624 4328 me-

247 4371 385 4455 diocris,
412 4383 447 4444 ut
473 4375 506 4443 in
533 4380 732 4446 contemtum
758 4373 1003 4469 Episcoporum
1030 4377 1169 4446 veniret.
1214 4375 1262 4449 At
1289 4373 1476 4462 Canonum,
1501 4373 1624 4444 Histo-

248 4491 322 4558 riae
353 4486 612 4559 Ecclasiasticaa
648 4501 705 4560 aut
741 4489 951 4582 Theologiaa
982 4492 1157 4582 insigniter
1190 4493 1349 4585 peritum,
1382 4491 1443 4561 vix
1473 4490 1624 4583 reperire

252 4604 395 4698 aliquem
427 4603 523 4694 licat,
559 4607 645 4676 inter
677 4615 725 4677 tot
751 4606 987 4678 Patriarebas:
1024 4617 1125 4700 atqua
1158 4609 1204 4678 ita
1237 4604 1394 4701 quidquid
1429 4627 1568 4701 operum
1604 4629 1623 4677 a

252 4719 392 4815 Coptitis
407 4723 670 4816 conscriptorum
682 4720 834 4810 babetur,
861 4734 917 4795 aut
944 4720 985 4795 ab
1000 4722 1190 4818 Episcopis,
1218 4732 1275 4793 aut
1301 4744 1321 4792 a
1348 4722 1487 4818 privatis
1503 4720 1625 4795 Theo-

249 4835 338 4927 logis
370 4839 590 4932 compositum
616 4836 686 4910 luit.
733 4836 806 4910 Nae
833 4841 942 4910 minus
969 4849 1042 4911 arat
1067 4841 1280 4911 necessarius
1300 4835 1463 4934 Copticaa
1488 4838 1625 4930 linguae

252 4974 344 5040 usus,
370 4973 438 5023 non
464 4952 564 5024 modo
592 4952 635 5024 ad
661 4952 775 5026 Officia
793 4952 1015 5026 celebranda:
1043 4955 1139 5045 (nam
1166 4951 1208 5026 ab
1223 4953 1349 5048 aliqum
1375 4953 1518 5026 saeculis
1539 4977 1625 5048 quaa

249 5067 377 5159 legunt,
404 5089 471 5139 non
497 5067 699 5162 intelligrmt)
727 5070 913 5142 sedetiam
947 5069 988 5141 ad
1014 5072 1103 5142 Acta
1131 5080 1165 5142 et
1190 5073 1426 5158 instrumenta,
1461 5094 1548 5166 quae
1582 5071 1626 5144 ad

289 5206 404 5249 ramma
1369 5188 1419 5263 64
