4525 6034
700 556 780 632 630
1197 555 1559 634 titulata

699 766 808 817 meum
836 742 975 818 calicem
1001 741 1136 832 salutis,
1162 742 1282 818 delicta
1308 742 1395 817 illius
1422 746 1533 819 omnia
1559 743 1729 836 dimittam,
1760 753 1797 817 et
1830 757 1953 841 peccata
1977 753 2030 842 eju

700 859 841 950 delebo,
875 860 918 934 ud
944 882 1085 954 regnum
1110 859 1202 934 illum
1229 859 1383 951 vocabo,
1417 870 1452 935 et
1480 859 1579 935 bouis
1611 863 1695 934 meis
1728 860 1856 958 perfrui
1884 862 1926 936 illi
1955 864 2033 940 dabo:

699 980 773 1074 ipsa
799 1000 861 1075 per
887 982 1029 1072 gratiam
1057 999 1152 1050 suam
1177 976 1356 1052 benedicat
1379 998 1456 1065 vos,
1483 986 1518 1050 et
1535 979 1677 1050 sentinet
1694 977 1949 1073 tranquillitatem
1963 1002 2033 1054 suam

696 1096 729 1166 io
757 1094 879 1167 vobis:
906 1117 926 1166 u
953 1098 1121 1190 pressuris
1148 1115 1214 1167 voa
1238 1093 1372 1182 liberat,
1397 1103 1433 1166 et
1458 1117 1479 1166 a
1505 1091 1673 1168 scandalis
1699 1092 1810 1166 salvet
1837 1116 1908 1167 vos.
1944 1096 2034 1170 liene.

699 1210 788 1284 dicat
820 1209 946 1283 fructus
981 1222 1092 1284 terrae
1123 1220 1286 1299 vestrae,
1313 1208 1491 1284 benedicat
1521 1209 1648 1282 fructura
1680 1207 1840 1283 arborum
1871 1221 2036 1302 vestrarum,

699 1325 929 1400 benedicendo
956 1326 1152 1424 multiplicet
1176 1331 1414 1424 possessiones
1441 1336 1592 1401 vestras:
1625 1334 1660 1399 et
1687 1325 1867 1399 bmedicnt
1889 1351 1944 1424 per
1964 1334 2037 1401 cari·

698 1452 799 1516 tatem
826 1466 921 1516 suum
946 1447 1050 1517 vitam
1077 1453 1238 1518 vestrum.
1288 1443 1384 1516 Deus
1409 1441 1551 1516 bominis
1577 1444 1756 1532 Dominus,
1789 1442 1958 1517 benedicat
1977 1449 2039 1517 uni·

697 1582 833 1633 versum
870 1558 955 1633 banc
989 1562 1308 1654 congregationem:
1342 1559 1464 1655 detque
1496 1557 1719 1632 toauuumem
1751 1559 1900 1649 infirmo,
1928 1561 1954 1630 is
1983 1561 2039 1656 ipse

699 1680 755 1772 qui
780 1676 967 1749 firmitatem
987 1659 1143 1774 ”praestat
1170 1677 1211 1750 ab
1238 1679 1331 1749 initio
1357 1698 1419 1774 per
1445 1678 1575 1768 signum
1597 1673 1718 1750 Christi
1736 1688 1769 1750 et
1790 1677 1961 1752 Simeonis.
1982 1676 2040 1747 De·

697 1792 872 1865 medicatur
897 1793 998 1866 sedes
1019 1792 1184 1867 Catholici
1196 1795 1329 1866 Domini
1351 1791 1394 1865 N.
1413 1801 1446 1865 et
1469 1794 1594 1885 justitia
1622 1794 1657 1864 in
1682 1815 1723 1866 eu
1751 1792 1932 1890 splendeat
1961 1791 2042 1864 Potor

697 1909 816 2006 plenus
843 1908 1022 2002 dignitate,
1055 1910 1177 1983 Pastor
1203 1918 1237 1981 et
1262 1911 1424 1982 Dominus
1451 1911 1568 2002 megia
1593 1907 1636 1980 D.
1671 1907 1712 1980 N.
1745 1908 1863 2005 plenus
1894 1909 2042 1996 modestia,

697 2024 903 2100 custodiatur
930 2049 950 2099 a
977 2024 1110 2099 malitia.
1164 2025 1304 2099 Custodi
1329 2023 1533 2098 Sacerdotes
1561 2034 1716 2113 sanctos,
1752 2024 1905 2100 Clericus
1936 2035 1968 2097 et
1988 2023 2044 2096 tti-

696 2146 832 2227 nistros,
857 2151 1121 2239 praeserventur
1148 2166 1168 2215 a
1196 2139 1474 2230 contentionibus,
1500 2163 1520 2212 u
1548 2140 1744 2228 daemoniis,
1770 2150 1805 2213 et
1821 2141 1865 2214 ab
1886 2139 2045 2215 bominibus

697 2257 862 2352 malignis.
888 2258 1045 2354 Antiquis
1072 2258 1200 2331 dierum
1228 2257 1365 2332 senibus
1400 2260 1523 2330 canitie
1555 2256 1758 2330 venerandis
1793 2268 1940 2354 praestet
1968 2258 2046 2329 linem

695 2374 834 2463 bonum,
861 2383 895 2446 et
919 2384 1023 2447 vocet
1048 2374 1123 2447 illos
1151 2373 1194 2448 ad
1219 2395 1370 2467 ragnum.
1411 2374 1534 2446 Aetate
1560 2371 1697 2447 floridos
1730 2375 1826 2446 viros
1859 2379 1915 2470 qui
1947 2373 2047 2447 adule-

697 2495 826 2565 scentia
852 2489 959 2562 adbuc
984 2493 1113 2583 vigent,
1141 2499 1264 2584 augeat
1290 2478 1489 2585 splendore,
1525 2499 1560 2562 et
1585 2493 1803 2586 temperantia
1827 2488 1905 2564 illos
1930 2489 2048 2588 repleat

696 2607 824 2681 Natura
851 2605 1039 2680 imbecillae
1063 2607 1240 2696 mulieres,
1271 2609 1423 2700 virginea
1451 2615 1485 2678 et
1509 2616 1632 2701 nuptae
1668 2616 1931 2701 praeserventur
1960 2630 1978 2678 a
2004 2605 2049 2676 la-

697 2722 825 2821 psibus,
853 2746 873 2796 a
899 2722 1040 2820 laqueis,
1068 2734 1103 2797 et
1128 2748 1150 2797 a
1175 2724 1335 2820 peccatis.
1371 2719 1443 2794 Eos
1470 2724 1570 2796 etiam
1597 2725 1653 2819 qui
1679 2722 1766 2820 apud
1790 2745 1856 2796 nos
1884 2731 1959 2796 sunt
1977 2721 2050 2793 alie-

695 2843 851 2934 uigeuus,
878 2849 913 2913 et
938 2863 958 2912 a
984 2844 1129 2937 propriis
1156 2838 1330 2913 domiciliis
1355 2838 1459 2932 longe
1485 2842 1585 2935 positi
1611 2849 1698 2929 sunt,
1723 2838 1803 2913 Rex
1817 2837 2051 2914 aeternareduo

697 2956 741 3028 ad
767 2959 887 3030 suuiu
921 2979 1016 3053 pace.
1067 2957 1132 3044 Qut
1165 2956 1263 3029 sedet
1294 2959 1329 3027 in
1362 2954 1459 3030 coelo
1494 2956 1656 3030 Dominus
1687 2954 1744 3028 det
1776 2953 1876 3028 nobis
1908 2954 2052 3052 placidam

696 3072 977 3169 tranquillitatem,
1003 3083 1038 3146 et
1063 3095 1182 3170 pacem
1208 3072 1330 3146 bouum
1359 3081 1393 3143 et
1419 3093 1572 3160 suavem,
1598 3080 1634 3143 ut
1649 3069 1815 3158 laetemur
1830 3073 1888 3145 die
1905 3095 1946 3144 ac
1961 3079 2053 3144 noum

696 3189 870 3262 Concedat
895 3187 995 3262 vobis
1022 3199 1174 3285 tempora
1197 3191 1319 3284 quieta,
1346 3190 1486 3283 sitaque
1500 3191 1533 3259 in
1556 3197 1749 3284 perpetuum
1776 3189 1978 3275 exultantes,
2000 3206 2054 3257 uun

696 3303 828 3392 turbati,
856 3316 912 3377 aut
938 3307 1071 3398 agitati,
1106 3304 1168 3378 sed
1200 3308 1234 3376 iu
1269 3306 1408 3376 caritate
1433 3302 1629 3397 gaudentes.
1687 3303 1751 3375 Hic
1783 3303 1895 3380 festus
1927 3306 1995 3378 dias
2023 3306 2055 3374 sit

696 3421 797 3495 vobis
830 3419 960 3509 hilaris,
992 3419 1118 3519 popule
1152 3419 1299 3493 humilis:
1333 3419 1497 3493 Dominus
1532 3423 1576 3494 sit
1610 3429 1803 3516 protector,
1839 3430 1877 3493 et
1910 3419 2084 3504 bononrm,

696 3540 893 3634 promissor.
963 3537 1095 3634 Quique
1133 3540 1334 3631 congregati
1366 3539 1448 3610 eatis
1488 3535 1588 3610 bodie
1626 3536 1670 3608 ad
1709 3534 1950 3612 celebrandum
1986 3537 2056 3608 hane

695 3652 917 3740 oblationem3
961 3677 1047 3727 crux
1082 3652 1189 3747 Regis
1229 3652 1352 3727 Christi
1386 3657 1460 3750 ipsu
1494 3657 1537 3728 sit
1570 3664 1684 3726 custos
1716 3662 1844 3726 vester.
1907 3654 2057 3749 Suscipiat

694 3773 859 3846 Dominus
886 3771 1087 3844 oblationem
1118 3779 1286 3860 vestram,
1313 3772 1476 3844 sacrificiu
1501 3781 1632 3860 vestra,
1658 3782 1692 3842 et
1717 3774 1895 3844 orationes
1922 3780 2055 3853 vestras3

696 3897 730 3960 et
757 3886 949 3982 adquiescat
975 3890 1083 3959 anima
1118 3890 1192 3980 ejus
1220 3885 1446 3984 eleemosynis
1473 3891 1611 3976 vestris,
1637 3896 1672 3960 et
1697 3885 1862 3960 ascendat
1888 3909 1999 3961 coram
2021 3906 2055 3955 eo

696 4003 890 4100 deprecatio
922 4015 1048 4076 vestra.
1117 4003 1294 4077 Gloriosus
1332 4007 1366 4075 iu
1401 4014 1500 4078 coetu
1534 4003 1734 4076 Sanctorum
1771 4003 1814 4076 D.
1849 4002 1895 4075 N.
1931 4003 2055 4076 Saucius

695 4129 878 4194 conservet
904 4141 969 4193 vos
995 4116 1038 4191 ab
1066 4118 1212 4192 adversa
1244 4117 1389 4209 tonnus,
1416 4142 1436 4192 a
1463 4118 1679 4193 daemonibus
1714 4130 1748 4192 et
1778 4119 1972 4194 hominibus
2000 4140 2055 4189 ne-

696 4258 811 4330 quam:
839 4235 922 4309 Oret
947 4239 1046 4309 etiam
1062 4256 1125 4330 pro
1141 4238 1408 4328 congregatione
1426 4237 1489 4308 ista
1502 4235 1642 4324 infirma,
1668 4257 1819 4331 paupere
1845 4247 1885 4311 et
1911 4234 2056 4335 improba,

695 4350 931 4448 discipulorum
957 4362 1067 4426 tamen
1094 4350 1181 4425 illius
1215 4355 1395 4438 sanctini
1429 4361 1690 4448 praeserventur
1724 4350 1766 4423 ab
1802 4358 1901 4426 omui
1934 4362 2055 4451 pertur-

693 4465 839 4540 batione.
891 4467 943 4540 Dli
970 4488 1103 4563 quoque
1129 4470 1185 4562 qui
1217 4466 1358 4542 honeste
1383 4467 1641 4556 laboraverunt,
1674 4480 1708 4540 et
1734 4472 1767 4540 iu
1792 4469 2007 4565 perfectione
2025 4487 2057 4539 su

694 4594 920 4658 exercuerunt
945 4587 979 4655 in
1011 4583 1076 4659 boc
1107 4583 1243 4676 mundo,
1270 4588 1304 4657 in
1330 4587 1455 4681 pietate
1480 4596 1722 4660 conserventur
1748 4609 1768 4658 u
1795 4585 1944 4661 malitia:
1977 4604 2057 4668 nune,

694 4708 729 4771 et
755 4696 1016 4797 quibuscumque
1042 4701 1267 4798 temporibus,
1303 4701 1423 4777 diebus
1457 4714 1491 4775 et
1521 4700 1693 4794 noctibus,
1726 4724 1833 4798 usque
1870 4708 1908 4776 in
1942 4697 2058 4777 saecula

694 4815 914 4890 saeculorum.
