4525 6034
1085 1076 1692 1254 LITURGIA

841 1405 1226 1524 oronnam
1278 1404 1661 1524 uniscunt
1714 1406 1935 1552 nnio,

1172 1643 1249 1732 QUI
1274 1643 1329 1718 ET
1355 1642 1612 1720 BARSALIBI.

1103 1931 1256 2002 Primum
1283 1934 1399 2002 oratio
1427 1937 1507 2000 unte
1533 1929 1673 2003 Pacem,

781 2121 1015 2240 Cremonen,
1042 2161 1076 2222 et
1106 2153 1336 2243 concordiam,
1363 2151 1698 2247 tranquillitatemque
1723 2151 1910 2248 perfectam
1936 2151 1976 2224 da
1997 2175 2054 2224 uo-

699 2268 766 2360 bis,
791 2269 948 2356 Domine‚
974 2266 1039 2338 boc
1065 2277 1228 2364 tempore,
1256 2278 1290 2341 et
1316 2269 1468 2344 omuibus
1496 2266 1612 2340 diebus
1639 2271 1732 2340 vitae
1757 2277 1916 2355 nostrae,
1950 2277 1982 2339 ct
2003 2290 2053 2338 re-

700 2383 848 2457 feremus
875 2382 934 2455 tibi
959 2381 1115 2475 gloriam,
1143 2393 1177 2454 et
1202 2383 1344 2456 laudem.

804 2498 968 2592 Populus.
1020 2499 1142 2570 Amen.

803 2614 993 2685 Diocoour.
1046 2614 1133 2685 Date
1159 2634 1288 2708 paoem.

804 2729 967 2823 Populus.
1020 2729 1161 2800 Praesta
1188 2725 1297 2814 nobis,
1325 2736 1388 2798 eto.

802 2844 988 2916 Sacerdos.
1040 2842 1085 2915 Et
1111 2842 1265 2915 omnibus
1295 2840 1437 2914 benedic
1463 2841 1749 2916 benedictionibus
1774 2848 1840 2917 tuis
1866 2843 2054 2917 inamissibi-

699 2960 803 3050 libus3
839 2970 873 3032 et
906 2980 970 3031 nos
998 2957 1119 3050 dignos
1149 2955 1205 3028 fac
1230 2956 1422 3053 perficiendi
1459 2958 1662 3031 voluntatem
1698 2967 1807 3050 tuam,
1843 2969 1879 3031 et
1913 2962 2053 3053 unigeniti

697 3076 772 3149 Filii
794 3078 852 3164 tui,
879 3087 913 3148 et
938 3073 1083 3170 Spiritus
1109 3076 1157 3144 tui
1182 3075 1268 3163 vivi,
1294 3081 1328 3143 et
1354 3075 1470 3145 sancti.

801 3187 965 3284 Populea
1018 3191 1140 3261 Amen.

801 3305 987 3377 Sacerdos.
1040 3303 1085 3375 Et
1110 3306 1272 3400 impuram
1305 3325 1438 3375 omnem
1471 3304 1708 3395 cogitationem
1745 3326 1765 3375 a
1797 3301 1896 3378 nobis
1932 3302 2054 3399 depelle,

694 3444 758 3518 per
784 3421 980 3494 sacrificium
1007 3418 1073 3491 boc
1099 3419 1189 3513 quod
1221 3418 1390 3490 offerimus
1422 3418 1479 3490 tibi
1505 3420 1665 3491 Domine:
1700 3442 1763 3516 per
1793 3421 1875 3492 illud
1901 3419 2054 3492 sanctifice

697 3559 843 3633 corpora
869 3546 995 3623 nostru,
1023 3545 1057 3606 et
1083 3532 1210 3606 illustra
1237 3536 1365 3606 anbnas
1392 3543 1538 3624 nostras,
1570 3544 1605 3606 et
1629 3533 1816 3608 referemus
1843 3536 1903 3610 tibi
1929 3535 2053 3619 laudem

696 3661 732 3724 et
756 3655 937 3745 gratiarum
965 3653 1140 3721 actionem.

799 3767 962 3861 Populea
1015 3767 1136 3838 Amen.

798 3882 989 3953 Diaconos.
1041 3879 1129 3951 Date
1160 3902 1290 3975 paoem.

799 3997 985 4068 Sacerdos.
1040 3993 1186 4085 Catus,
1213 4005 1276 4068 eto.

799 4111 962 4205 Populus.
1015 4112 1136 4182 Amen.

798 4227 983 4298 Sacerdote.
1036 4225 1176 4298 Sursum
1202 4225 1316 4299 corda.

799 4343 962 4436 Populos.
1016 4340 1186 4413 Habemus
1213 4340 1255 4412 ad
1281 4343 1470 4414 Dominum.

797 4459 982 4530 Sacerdos.
1036 4456 1171 4531 Gratias
1199 4478 1338 4548 agamus
1365 4459 1520 4529 Domino.
1609 4511 1613 4518 .

798 4574 960 4667 Populus.
1004 4572 1152 4664 Dignum
1178 4583 1211 4644 et
1234 4575 1356 4663 Justum
1384 4582 1446 4644 est.

797 4688 974 4760 Sacerdos
1009 4687 1202 4757 inclinatus.
1255 4689 1401 4780 Dignum
1438 4697 1471 4758 et
1503 4688 1627 4778 justum
1654 4695 1724 4776 est,
1754 4697 1789 4758 ut
1822 4684 2050 4768 laudemuset

693 4804 820 4892 gratias
847 4824 987 4893 agamus
1013 4804 1116 4890 Patri,
1145 4812 1178 4872 et
1205 4802 1302 4889 Filio,
1330 4812 1364 4873 et
1389 4801 1526 4898 Spiritui
1553 4810 1681 4874 sancto.

796 4917 947 4988 Eieoooa
972 4940 1097 4989 uocem.
1150 4917 1281 4989 Etcum
1298 4916 1439 4990 millibus
1466 4916 1612 5005 millium,
1640 4927 1673 4987 et
1697 4914 1903 5011 myriadibus
1929 4913 2047 5010 myria·

693 5029 770 5103 dum
796 5036 971 5125 igneorum
999 5036 1054 5130 qui
1080 5056 1196 5106 coram
1223 5043 1257 5105 te
1284 5035 1480 5125 consistunt,
1507 5042 1541 5104 et
1567 5041 1601 5104 te
1628 5034 1701 5106 sine
1726 5030 1967 5104 intermissione
1991 5047 2047 5096 ee-
