4525 6034
713 507 835 634 ota
1283 562 1514 640 ronna

711 743 893 825 haereseos,
917 745 1051 827 quamvis
1074 763 1135 809 nun
1157 753 1242 810 reete
1265 747 1471 832 intelligantur
1492 749 1530 811 ab
1553 750 1619 832 eJus
1641 749 1850 812 sectatoribus.
1890 750 1960 812 Unde
1976 756 2031 815 anti-

713 847 820 925 quiora
842 852 912 908 sunt
934 845 1072 908 fortassis
1096 864 1185 927 quam
1207 847 1273 929 ipsa
1297 848 1442 924 haeresis,
1464 866 1572 930 nempe
1595 847 1676 930 quod
1699 848 1737 910 ad
1759 857 1891 912 veterem
1905 849 2034 912 Ritunlle·

712 944 871 1008 elesiarum
894 945 1130 1025 Mesopotamiae
1153 948 1354 1028 pertinebant,
1377 966 1467 1028 quem
1489 950 1687 1027 recentiores,
1711 949 1762 1030 qui
1785 967 1838 1012 eas
1859 957 2034 1029 occupaverunt

712 1043 895 1120 Nestoriani,
919 1044 1124 1122 retinuerunt,
1155 1052 1185 1108 et
1207 1064 1246 1108 ne
1269 1054 1433 1123 mutarent,
1464 1047 1612 1128 religione
1635 1047 1824 1114 tenebantur.
1867 1048 1932 1110 llam
1949 1049 1974 1109 in
1990 1047 2035 1110 diis

714 1143 825 1207 Obiciis
848 1162 975 1225 quorum
999 1161 1059 1205 non
1082 1153 1130 1207 est
1153 1146 1258 1208 eadem
1281 1147 1452 1227 antiquitas,
1475 1147 1566 1209 multa
1581 1147 1769 1227 interspersa
1793 1155 1873 1226 sunt,
1893 1166 1958 1228 quae
1976 1165 2037 1209 eou-

713 1245 802 1308 mcde
825 1244 980 1326 explicare
1003 1262 1093 1306 nemo
1116 1246 1223 1324 possit.

850 1594 887 1662 5.
929 1592 995 1677 Oui
1021 1616 1095 1663 cem
1120 1593 1300 1687 Apostotir
1325 1598 1397 1665 mh
1423 1616 1466 1665 eu
1493 1599 1594 1665 nocte
1621 1617 1689 1687 quo
1716 1595 1863 1665 traditus
1887 1599 1941 1664 ert.

814 1785 958 1878 Quaevis
981 1795 1010 1858 in
1026 1798 1123 1878 prima
1140 1797 1288 1881 liturgia,
1311 1799 1394 1860 etin
1419 1797 1484 1860 aliis
1507 1815 1605 1879 prope
1627 1798 1765 1860 omnibus
1788 1798 1985 1878 cujuscumque
2001 1795 2046 1857 liu·

712 1917 793 1984 guae
814 1899 1034 1981 interjiciuntur
1055 1901 1221 1980 orationes,
1245 1900 1472 1964 benedictiones
1495 1909 1527 1963 et
1549 1903 1770 1977 caeremoniae,
1792 1919 1871 1982 quae
1891 1902 1920 1962 in
1938 1901 1985 1961 ista
2002 1917 2046 1959 non

713 2006 902 2078 annotantur,
926 2006 1024 2062 tamen
1046 2001 1077 2062 in
1100 2002 1157 2064 ista
1181 2019 1302 2082 quoque
1331 2009 1363 2062 ut
1384 2001 1413 2064 in
1437 2001 1495 2064 alia
1517 2002 1675 2064 observari
1697 1999 1810 2063 eadem
1826 2002 1920 2062 omnia
1940 1997 2047 2061 certissi

712 2118 792 2162 mum
814 2108 871 2162 cst.
915 2099 976 2162 Sed
999 2108 1031 2162 ut
1053 2100 1124 2163 alibi
1151 2087 1262 2164 dictum
1291 2100 1361 2175 luit,
1392 2085 1496 2164 carent
1526 2099 1656 2163 rubricis
1685 2102 1807 2182 antiqua
1838 2099 1949 2172 Officia,
1977 2105 2001 2159 et
2022 2111 2048 2156 en

712 2200 890 2280 praesertim
920 2217 998 2279 qnae
1027 2199 1064 2261 ad
1088 2200 1168 2262 aliud
1191 2201 1363 2281 primarium
1385 2201 1465 2262 unde
1488 2200 1578 2262 multa
1600 2199 1731 2280 petenda
1754 2207 1842 2262 erant
1862 2196 2049 2261 referebantur.

711 2296 863 2378 Quidquid
886 2300 965 2360 enim
987 2298 1165 2381 inbiturgia
1182 2300 1400 2381 Apostolorum
1423 2301 1650 2381 praescribitur,
1673 2298 1711 2361 ad
1734 2299 1846 2362 atteras
1869 2297 1938 2359 duas
1958 2311 2050 2378 quaque

711 2398 854 2478 pertinet.
898 2397 931 2460 ln
960 2399 1017 2460 ista
1047 2417 1124 2462 vero
1154 2402 1320 2462 recitantur
1344 2401 1429 2482 Juxta
1458 2401 1588 2462 omnium
1609 2399 1814 2463 Ecclesiarum
1838 2396 2052 2460 consuetudinem

711 2496 806 2559 verba
837 2496 947 2560 Christi
980 2498 1097 2560 Domini
1127 2501 1370 2579 consecratoria,
1402 2517 1460 2562 nec
1490 2501 1578 2562 aliter
1607 2517 1695 2580 quarn
1726 2498 1870 2580 leguntur
1896 2498 1925 2558 in
1946 2494 2053 2574 Graecis,

713 2595 866 2677 Copticis,
896 2596 998 2679 Syris,
1027 2606 1059 2660 et
1082 2598 1206 2661 aliarum
1230 2599 1399 2680 linguarum
1421 2598 1574 2683 liturgiis.
1621 2598 1832 2679 Corruptionis
1862 2613 1963 2678 porro,
1987 2610 2055 2673 qum

714 2694 774 2758 hoc
796 2698 827 2758 in
850 2695 919 2759 loeo
942 2696 1176 2779 Diamperenses
1198 2698 1347 2783 Theologi
1369 2698 1520 2762 inductam
1542 2718 1559 2760 a
1582 2697 1731 2760 nonnullis
1752 2696 1992 2759 Nestorianornn
2009 2690 2056 2753 Ca·
2156 2745 2164 2756 .

714 2795 835 2858 tholicis
859 2798 1098 2877 affirmaverunt,
1128 2817 1167 2861 ne
1190 2798 1374 2862 levissimum
1396 2798 1515 2879 quidem
1537 2799 1698 2881 vestigium
1720 2798 1864 2858 occurrit.
1909 2795 1978 2868 Quid
1997 2794 2057 2854 enin

715 2894 924 2959 Nestorianam
937 2915 1059 2961 causam
1068 2900 1165 2980 juvat,
1189 2897 1374 2981 Evangelica
1388 2897 1499 2961 Christi
1513 2897 1609 2961 verba
1630 2897 1739 2959 referri
1762 2894 1913 2977 quomodo
1934 2896 1962 2955 in
1976 2892 2058 2954 Eran-
2162 2911 2167 2920 ·

712 2995 802 3078 peliis
831 3004 861 3059 et
890 2998 921 3059 in
943 2997 1079 3080 Epistola
1102 2998 1197 3079 prima
1220 2997 1258 3060 ad
1282 2996 1453 3060 Corinthios
1475 2999 1634 3079 leguntur,
1658 3003 1688 3057 et
1710 2996 1747 3058 ab
1769 2995 1922 3057 universis
1943 2992 2058 3054 Orienta-

711 3094 790 3158 libus
819 3095 964 3159 Eeclesiis
995 3098 1236 3179 pronunciantur
1265 3115 1281 3157 a
1310 3097 1410 3161 multis
1439 3096 1587 3175 sacculis,
1633 3096 1744 3158 dudurn
1775 3102 1935 3174 antequam
1954 3087 2059 3154 Nestani

713 3212 822 3258 nomen
853 3197 986 3260 auditum
1015 3197 1149 3260 inisset?
1193 3196 1298 3278 ltaque
1327 3215 1384 3259 eur
1417 3196 1677 3261 Melabarensibus
1707 3196 1886 3260 Christianis
1915 3192 2059 3274 corruptela

713 3294 800 3378 hujus
828 3295 887 3358 loci
917 3298 1116 3378 objiceretur,
1145 3297 1224 3359 ratio
1253 3296 1334 3359 nulla
1365 3305 1446 3361 erat:
1477 3317 1544 3360 nam
1575 3297 1653 3360 idem
1683 3296 1797 3358 crimen
1828 3294 1952 3378 impingi
1978 3297 2059 3374 posset

714 3394 859 3471 Graecis,
894 3397 998 3477 Syris,
1029 3395 1158 3477 Coptitis
1190 3404 1221 3458 et
1250 3397 1387 3459 omnihus
1414 3397 1496 3477 aliis,
1528 3399 1579 3478 qui
1608 3397 1666 3459 hoc
1693 3397 1814 3458 nomine
1844 3411 1988 3475 nunqnam
2008 3395 2059 3452 sunt

713 3495 857 3559 accusati.

801 3593 1031 3659 Observandum
1061 3614 1183 3677 quoque
1207 3597 1236 3657 in
1267 3598 1324 3657 ista
1354 3595 1504 3679 liturgia,
1535 3603 1567 3658 ut
1596 3597 1624 3658 in
1656 3594 1719 3657 aliis
1750 3593 1883 3673 aliquot,
1910 3588 2059 3672 praesertin

715 3695 831 3758 Graeca
853 3695 965 3772 Marci,
990 3714 1069 3776 quae
1094 3694 1243 3776 Copticae
1265 3694 1371 3776 Cyrilli
1393 3695 1498 3758 similis
1521 3704 1584 3774 est,
1607 3697 1685 3758 inter
1706 3693 1801 3756 verba
1825 3692 1937 3755 Christi
1959 3685 2060 3762 Dentri,

713 3801 745 3857 et
766 3793 989 3857 lnvocationem
1013 3793 1145 3876 Spiritus
1167 3796 1276 3873 saneti,
1298 3778 1438 3858 interseri
1461 3797 1614 3859 orationes
1636 3795 1762 3872 multaS,
1785 3800 1815 3855 et
1839 3793 1915 3855 satis
1936 3788 2060 3870 prolixas:

715 3895 772 3957 etsi
801 3894 880 3956 dona
910 3896 1069 3976 proposita
1102 3895 1246 3956 venerari
1271 3895 1332 3976 jam
1362 3895 1506 3977 incipiant
1535 3905 1674 3976 tanquam
1706 3911 1818 3974 eorpus
1851 3901 1884 3954 et
1912 3889 2063 3971 sanguinea

717 3992 829 4057 Christi
852 3994 979 4058 Domini.
1024 3993 1126 4075 hique
1149 4013 1188 4056 ex
1211 3995 1263 4057 illo
1291 4002 1487 4077 argumento,
1514 4004 1548 4058 ut
1575 4002 1605 4057 et
1627 3993 1725 4056 multis
1748 3993 1812 4055 aliis
1837 4011 1919 4074 qnae
1940 3988 2003 4050 alibi
2019 3983 2061 4045 ad-

715 4094 804 4156 ducta
828 4103 907 4172 sunt,
930 4093 1118 4157 manifestum
1134 4101 1191 4173 cst,
1212 4112 1334 4156 errasse
1346 4112 1407 4157 non
1421 4095 1614 4157 mediocriter
1627 4095 1816 4157 recentiores
1830 4087 2064 4174 aliquotscripto-

714 4211 767 4256 res
790 4197 926 4274 quamvis
950 4194 1100 4272 eruditos,
1125 4195 1176 4275 qui
1199 4193 1368 4256 Orientales
1391 4193 1502 4257 nullam
1524 4203 1575 4257 aut
1597 4195 1737 4275 exiguam
1760 4191 1876 4255 Christi
1900 4191 1996 4254 verbis
2013 4186 2063 4249 rir-

714 4300 806 4355 tntem
819 4293 951 4355 tribuere
964 4292 1118 4371 affirmant,
1142 4294 1228 4373 quasi
1251 4294 1317 4356 sela
1339 4294 1467 4374 Spiritus
1491 4295 1586 4356 sancti
1608 4293 1803 4355 invocatione
1827 4292 2063 4354 consecrationem

713 4391 820 4473 perfici
843 4392 1014 4455 crederent.
1050 4391 1126 4454 Nam
1147 4399 1181 4455 ut
1203 4393 1242 4456 de
1263 4393 1450 4456 Nestorianis
1472 4393 1547 4456 solis
1570 4392 1719 4471 dieamus,
1741 4392 1809 4454 illos
1834 4393 1866 4454 in
1891 4393 1949 4455 alia
1969 4389 2064 4455 ambitu

715 4492 863 4554 sententia
882 4510 952 4554 esse
968 4491 1076 4573 probat
1087 4492 1223 4576 liturgia
1239 4493 1358 4555 illorum
1381 4493 1477 4573 prima
1500 4500 1531 4555 ct
1552 4494 1726 4574 praecipua,
1749 4494 1780 4554 in
1802 4510 1867 4572 qua
1889 4485 2063 4555 invocationis

713 4600 783 4673 post
802 4592 998 4673 pronunciata
1010 4590 1104 4654 verba
1118 4593 1273 4656 Dominica
1289 4593 1382 4656 iorma
1398 4593 1481 4655 nulla
1504 4601 1564 4655 est:
1588 4611 1645 4655 nec
1666 4599 1766 4654 tamen
1789 4590 1828 4654 de
1856 4586 2063 4655 comacendare

713 4690 849 4771 perlecta
872 4691 1017 4754 dubitant.
