4525 6034
754 576 1063 656 PRAEFATIO.

229 793 360 873 magno
392 767 596 872 adjumento
629 766 705 869 luit,
737 763 957 849 Glossarium
991 767 1139 850 llleursii
1171 768 1531 853 Graeco-Barbarum
1559 774 1606 853 ad

229 901 438 1005 explicanda
465 901 642 983 uocabula
670 926 759 981 usus
786 898 1041 983 Ecclesiastici.
1948 990 1953 997 .

350 1035 513 1117 Tandem
549 1035 681 1139 prodiit
717 1060 812 1115 auno
856 1032 986 1115 1647.
1018 1061 1111 1139 opus
1145 1040 1287 1142 insigne
1325 1039 1450 1119 lacobi
1486 1040 1606 1122 Goarii
1640 1062 1739 1115 rrimus
1757 1079 1804 1117 ωε
1823 1063 1933 1119 raucam

229 1195 274 1248 ex
306 1168 442 1248 Ordine
471 1169 707 1267 Dominicano
740 1172 807 1247 viri
842 1168 1057 1271 doctissimi,
1086 1196 1160 1275 quo
1195 1169 1414 1255 Graecorum
1450 1149 1759 1257 Eucho·⁰¹¹'¹⁵⁰⁸'⁵‘
1778 1149 1895 1203 G⁰³'³¹¹''

228 1304 367 1406 logium
396 1303 602 1405 illustravit,
638 1314 675 1382 et
709 1302 833 1382 Latine
865 1327 1012 1383 versum
1054 1309 1208 1408 egregio
1246 1312 1501 1388 commentario
1537 1336 1607 1389 ex·

228 1439 383 1541 plicavit,
415 1440 451 1514 in
482 1461 555 1541 quo
587 1435 725 1538 Basilii,
756 1434 1076 1541 chrysostomique
1112 1436 1311 1544 liturgias,
1342 1447 1533 1548 omniaque
1562 1444 1608 1522 ad

228 1576 316 1649 ritus
342 1569 611 1650 Eucharisticos
641 1574 848 1673 spectantia,
877 1595 971 1675 quae
994 1571 1249 1651 obscurissima
1275 1586 1387 1678 erant,
1419 1579 1455 1654 in
1479 1603 1609 1682 magna

228 1706 310 1784 luce
335 1703 536 1805 collocavit,
565 1704 651 1783 nihil
684 1703 776 1783 adeo
805 1715 844 1783 ut
870 1704 941 1785 hoc
975 1708 1010 1783 in
1034 1730 1175 1809 genere
1203 1718 1300 1786 aetas
1327 1720 1449 1788 nostra
1481 1712 1611 1790 viderit

229 1840 476 1943 praestantius
534 1836 627 1917 Nam
662 1837 834 1942 vulgares
863 1863 956 1944 quae
984 1842 1020 1917 in
1048 1840 1213 1920 manibus
1244 1839 1464 1921 Graecorum
1497 1855 1610 1946 erant,

229 1984 303 2051 tum
335 1982 482 2049 veteres
510 1971 698 2074 edidones,
732 1972 937 2076 multosque
971 1977 1235 2078 antiquissimos
1267 1975 1414 2056 codices
1444 1980 1536 2055 inter
1568 2002 1610 2056 sc

89 2177 96 2186 .
228 2108 465 2208 comparavit,
506 2104 637 2208 quibus
668 2117 787 2185 textus
828 2107 1109 2186 emacularetur:
1142 2134 1298 2213 cumque
1328 2133 1401 2190 non
1434 2110 1543 2189 modo
1574 2114 1611 2189 in

228 2243 432 2343 antiquitate
458 2235 712 2319 Ecclesiastico
744 2244 1010 2320 versatissimus
1039 2240 1146 2343 soret,
1179 2242 1245 2321 sed
1274 2241 1469 2321 hodiernae
1504 2247 1610 2323 etiam

228 2373 449 2475 disciplinae,
472 2397 555 2451 cum
586 2376 623 2451 in
655 2370 803 2453 Graecia
835 2372 1065 2455 lllissionibus
1088 2400 1236 2478 operam
1259 2376 1430 2478 dedisset,
1452 2381 1610 2457 notitiam

228 2506 378 2584 baberet
418 2530 492 2583 non
522 2505 762 2609 mediocrem,
807 2532 935 2588 omnes
964 2512 1025 2613 qui
1059 2508 1191 2613 aliquid
1222 2510 1290 2588 hac
1328 2512 1363 2588 in
1393 2521 1494 2613 parte
1525 2521 1610 2589 ten·

126 2672 131 2683 ·
229 2650 392 2717 taverant
418 2639 532 2743 longo
563 2641 749 2719 intervallo
773 2645 967 2745 superavit
1034 2642 1131 2721 Ante
1154 2667 1268 2721 annos
1291 2654 1444 2747 quatuor
1466 2642 1612 2724 isaacus

228 2772 410 2850 liebertus
436 2769 646 2850 Pontificale
679 2771 899 2854 Graecorum
932 2776 1093 2854 ediderat
1127 2775 1273 2878 plenum
1308 2776 1516 2857 eruditionis
1546 2802 1612 2856 re-

228 2904 414 3007 conditae,
447 2903 654 3009 liberaeque
686 2932 706 2982 a
742 2911 911 3009 spinosae
938 2908 1164 3013 Theologiae
1192 2908 1354 3011 salebris,
1393 2913 1484 2988 inter
1522 2936 1612 3015 quas

228 3043 289 3117 vix
321 3042 473 3143 agnosci
508 3050 627 3142 potest
658 3037 936 3121 Ecclesiasticae
974 3041 1181 3145 disciplinae
1208 3040 1364 3121 traditio:
1406 3054 1514 3147 atque
1550 3044 1610 3123 illo

230 3177 265 3251 in
294 3197 407 3275 opere
434 3173 543 3251 multa
570 3172 738 3277 Liturgiis
761 3175 975 3254 illustrandis
1007 3176 1101 3254 utilia
1131 3178 1359 3277 insperserat.
1412 3174 1487 3253 Sed
1511 3176 1610 3254 ulte·

230 3311 304 3385 rius
327 3330 524 3410 progressa
549 3318 604 3385 est
630 3303 749 3385 Gauii
775 3307 968 3412 diligentia,
991 3308 1083 3388 adeo
1110 3319 1150 3386 ut
1172 3319 1224 3386 tot
1246 3332 1420 3387 armorum
1439 3308 1608 3410 decursu,

229 3464 336 3519 nemo
370 3440 563 3544 quidquam
585 3440 677 3519 illius
700 3440 881 3520 laboribus
907 3441 1099 3521 addiderit:
1127 3465 1254 3521 omnes
1285 3467 1332 3520 ex
1359 3441 1426 3521 illis
1453 3466 1495 3522 se
1517 3468 1609 3545 pro·

229 3573 361 3653 iecisse
391 3576 616 3677 agnoverint.

351 3706 474 3811 Atque
505 3706 596 3784 haec
629 3710 722 3784 circa
755 3705 934 3810 Liturgias
970 3704 1125 3787 Graecas
1155 3710 1320 3809 praestita
1358 3717 1442 3786 sunt
1472 3734 1491 3785 a
1522 3711 1608 3785 viris
1674 3729 1795 3797 aterque
1819 3727 1863 3779 arn
1882 3744 1935 3782 aaa

230 3839 402 3941 eruditis,
437 3850 580 3942 praeter
621 3865 715 3943 quae
745 3839 829 3919 nihil
870 3865 985 3944 prope
1016 3843 1051 3918 in
1079 3842 1198 3927 literas
1232 3844 1380 3923 missum
1409 3851 1476 3941 est,
1510 3839 1608 3954 quod
1621 3814 1867 3964 ξῶξᾜῃζζζξζξῗ
1900 3814 1934 3868 ‘¹⁰

230 4000 406 4053 novarum
449 3999 571 4052 rerum
611 3973 777 4075 delectu,
818 3973 1003 4078 judiciove
1045 3977 1158 4076 possit
1201 3973 1454 4053 commendari.
1517 3973 1608 4052 Nam

230 4106 476 4187 Protestantes
509 4131 635 4186 omnes
668 4106 835 4186 Rivetum
868 4110 982 4187 secmi
1015 4118 1109 4208 sunt,
1145 4105 1330 4191 infelicem,
1350 4110 1381 4185 si
1424 4109 1505 4210 quis
1536 4131 1609 4184 un·
1691 4146 1695 4155 ·

232 4266 337 4344 quam
377 4240 442 4318 luit
468 4252 633 4319 veterum
672 4244 886 4344 scriptorum
920 4237 1106 4319 Criticum:
1149 4251 1185 4318 et
1226 4238 1325 4343 quod
1365 4242 1483 4316 mirari
1525 4242 1610 4317 satis

123 4448 127 4457 .
230 4398 337 4452 nemo
373 4376 499 4475 possit,
529 4373 647 4453 multis
680 4371 872 4454 Catholicis
902 4375 981 4478 ejus
1011 4397 1165 4453 censura
1191 4396 1265 4454 non
1300 4371 1486 4474 displicuit.
1537 4369 1610 4448 ΑΙ-

230 4508 333 4586 latius
374 4505 422 4584 de
451 4505 577 4585 Jacobi
606 4504 767 4609 liturgia
797 4510 1090 4586 commentarium
1125 4506 1338 4609 publicavit,
1371 4528 1480 4608 quem
1519 4528 1611 4606 pro-

229 4637 315 4717 bare
347 4663 469 4741 nemo,
498 4643 566 4717 nisi
602 4638 738 4718 Rerum
771 4638 1031 4744 Liturgicarum
1063 4641 1346 4742 imperitissimus
1381 4648 1501 4741 queat,
1529 4662 1611 4715 am·

230 4774 398 4876 piamque
438 4772 588 4876 praebet
625 4771 909 4852 Protestantibus
956 4773 1050 4852 illam
1094 4783 1130 4851 et
1173 4772 1329 4874 reliquas
1379 4770 1612 4875 impugnandi

231 4909 424 4983 manniam.
485 4906 629 5009 Reliqui
668 4905 729 4984 ubi
775 4905 823 4984 de
866 4903 1012 4985 Graecis
1043 4904 1215 5008 Liturgiis
1250 4903 1359 4984 locuti
1405 4917 1507 5008 sunt,
1552 4915 1613 4982 aut

233 5038 346 5117 aliena
384 5042 504 5143 potius
537 5038 672 5143 judaia
713 5063 820 5142 quam
860 5065 926 5122 sua
960 5041 1264 5144 perscripserunt,
1307 5049 1368 5117 aut
1397 5039 1614 5143 conjecturis
