4525 6034
1343 590 1440 665 14
2121 587 3345 667 ORDOGOMMUNIS

1335 777 1545 850 altare
1615 778 1794 874 quod
1848 799 2109 852 sursum
2164 786 2305 849 est:
2360 778 2698 871 simusque
2750 775 2869 848 tibi
2902 796 3098 871 ‘oves
3148 775 3547 872 praeclarae
3617 773 3871 871 absque
3935 799 4084 849 ma-

1257 902 1267 905 ’
1337 893 1520 965 cula:
1573 905 1645 965 ut
1695 917 1820 991 per
1885 895 2499 966 transmutationem
2566 915 2820 966 novam
2904 901 3457 981 transmutemur3
3550 901 3620 963 et
3687 894 3847 966 novi
3911 891 4084 982 facti,

1338 1008 1425 1081 ad
1496 1011 1835 1082 saeculum
1904 1031 2160 1084 novum
2223 1011 2590 1096 mittamur,
2669 1030 2821 1079 curn
2883 1005 3230 1080 animabus
3312 1006 3745 1080 rationalibus
3822 1017 3891 1079 et
3967 1031 4085 1081 sa-

1335 1124 1692 1223 pientibus,
1747 1125 2073 1221 simulque
2124 1147 2273 1195 cum
2328 1123 2695 1220 praeclaris
2764 1122 3181 1218 lampadibus
3234 1122 3426 1214 fidei,
3498 1123 3679 1214 digni
3743 1123 4087 1196 efficiamur

1339 1264 1572 1315 omnes
1626 1245 1693 1314 in
1745 1241 1993 1338 templo
2049 1252 2161 1313 tuo
2218 1240 2478 1312 dicere:
2535 1238 2766 1312 Gloria
2802 1238 2984 1310 Patri
3037 1248 3105 1310 et
3154 1237 3355 1331 Filio,
3408 1247 3476 1310 et
3505 1238 3780 1336 Spiritui
3835 1250 4083 1330 sancto,

1335 1379 1534 1448 nunc,
1590 1368 1716 1431 etc.

1559 1472 1825 1546 Versus.
1877 1472 1988 1546 Ad
2042 1476 2285 1546 ostium
2339 1481 2517 1543 tuum
2569 1471 2855 1543 Domine
2923 1469 3162 1567 pulso:
3239 1470 3326 1542 ad
3397 1473 3639 1545 ostium
3711 1467 3889 1566 quod
3938 1468 4088 1564 pul-

1339 1611 1494 1662 sare
1548 1588 1768 1678 debet,
1825 1593 2218 1685 quicumque
2275 1587 2357 1660 ad
2411 1586 2569 1659 illud
2622 1586 2790 1677 adit,
2845 1588 3084 1677 Pater,
3139 1587 3305 1678 Fili,
3363 1599 3431 1659 et
3498 1586 3787 1683 Spiritus
3842 1595 4083 1658 sancte.

2347 1754 2704 1826 [noemam
2754 1754 3089 1826 adoletur.

1545 1892 1649 1966 Sit
1698 1893 1987 1966 Domine
2040 1913 2191 1963 vox
2241 1892 2585 1963 ministerii
2636 1893 2848 1963 nostri
2901 1894 3241 1964 incensum
3299 1892 3566 1983 (coram
3618 1892 3747 1982 te).
3844 1889 4081 1962 Suavis

1336 2009 1452 2083 tibi
1506 2011 1593 2082 sit
1642 2008 1932 2080 Domine
1986 2005 2162 2079 odor
2212 2009 2586 2078 orationum
2637 2016 3059 2098 nostrarum,
3130 2012 3313 2080 omni
3364 2018 3705 2104 tempore:
3761 2015 3832 2078 et
3882 2005 4083 2078 fumus

1334 2128 1595 2199 incensi
1647 2125 1893 2213 nostri,
1961 2125 2046 2195 sit
2098 2122 2181 2193 ad
2249 2121 2698 2218 placationem
2769 2133 2978 2195 tuam:
3052 2133 3121 2195 et
3170 2123 3447 2220 placare
3518 2133 3878 2196 creaturae
3942 2132 4083 2194 tuae

1334 2252 1611 2340 propter
1662 2238 2189 2313 misericordiam
2242 2248 2440 2310 tuam.
2494 2238 2620 2327 Sit,
2674 2249 2799 2311 etc.

1544 2358 1763 2427 Finis.
1819 2353 2084 2428 Christe
2138 2356 2248 2449 qui
2304 2357 2658 2450 suscepisti
2712 2355 3101 2427 sacrificium
3155 2353 3653 2429 Melchisedech
3701 2356 4082 2429 Sacerdotis

1335 2475 1512 2569 puri:
1567 2473 1836 2566 suscipe
1887 2472 2172 2544 Domine
2227 2472 2595 2542 orationem
2669 2475 2854 2543 servi
2907 2474 3033 2559 tui,
3104 2481 3173 2542 et
3239 2474 3562 2568 propitius
3630 2481 3780 2545 esto
3839 2471 4081 2545 delictis

1335 2592 1571 2682 gregis
1627 2590 1738 2658 tui.

1544 2703 1840 2794 Perficit
1892 2702 2192 2793 officium
2246 2701 2602 2795 (primum)
2657 2707 2729 2771 et
2780 2701 2951 2772 dicit
3001 2707 3385 2773 orationem
3435 2704 3749 2774 ultimam.

1545 2817 1888 2890 Sacrificia
1941 2815 2154 2888 laudis
2209 2820 2277 2887 in
2331 2815 2734 2888 sacerdotali
2788 2820 3156 2890 ministerio
3213 2819 3456 2891 offerre
3520 2818 3638 2891 tibi
3701 2819 3892 2913 digni
3942 2821 4080 2893 effi-

1336 2938 1588 3008 ciamur
1637 2932 1949 3022 Domine,
2003 2935 2069 3003 in
2125 2932 2406 3005 odorem
2459 2935 2827 3005 suavitatis.
2885 2932 3347 3027 Cogitationes
3400 2946 3691 3024 nostrae,
3749 2934 3972 3009 verba
4022 2945 4081 3005 et

1339 3074 1588 3147 opera,
1652 3053 1782 3123 sint
1842 3048 2231 3121 holocausta
2302 3047 2556 3142 absque
2620 3048 2915 3120 macula:
2986 3061 3058 3121 ut
3132 3049 3474 3146 placentes
3543 3050 3874 3124 divinitati
3942 3062 4081 3123 tuae

1337 3188 1776 3264 appareamus
1831 3187 2062 3237 coram
2115 3174 2224 3255 te,
2281 3162 2583 3235 omnibus
2638 3161 2869 3239 diebus
2921 3168 3106 3238 vitae
3170 3177 3482 3259 nostrae,
3534 3166 3769 3256 Pater,
3848 3167 3975 3239 Fili
4022 3177 4081 3239 et

1337 3279 1621 3376 Spiritus
1677 3293 1931 3372 sancte,
1983 3281 2274 3353 Domine
2326 3290 2577 3353 noster.

1975 3485 2232 3580 Incipit
2286 3488 2600 3581 Officium
2648 3486 3014 3557 secundum
3066 3487 3450 3559 oblationis.

2363 3623 2684 3693 Primum.
2792 3624 3056 3694 Oratio.

1542 3759 1825 3831 Praesta
1879 3755 2114 3847 nobis,
2169 3758 2457 3831 Domine
2511 3758 2741 3852 Deus,
2806 3770 2877 3832 ut
2946 3757 3260 3833 cordibus
3329 3744 3579 3833 nostris
3651 3765 3954 3857 aspersis
4017 3771 4076 3833 et

1334 3873 1594 3947 mundis
1648 3871 1729 3944 ab
1787 3876 1963 3945 omni
2019 3877 2429 3946 conscientia
2483 3874 2684 3964 mala,
2739 3874 2921 3969 digni
2975 3878 3331 3948 efficiamur
3375 3875 3744 3949 ascendere
3802 3879 3889 3951 ad
3921 3855 4075 3953 san-

1335 4000 1512 4063 ctum
1564 3999 1945 4062 sanctorum
1997 4000 2176 4061 tuum
2231 3987 2511 4062 sublime
2566 4001 2637 4062 et
2688 3991 3069 4082 excelsum,
3137 4001 3455 4087 casteque
3510 4002 3577 4064 et
3645 4004 3886 4066 sancte
3935 4003 4072 4066 ste-

1333 4126 1478 4176 mus
1532 4127 1759 4176 coram
1815 4104 2004 4176 altari
2057 4115 2170 4176 tuo
2226 4115 2486 4195 sancto,
2542 4115 2610 4176 et
2663 4108 3046 4181 sacerdotio
3100 4108 3496 4201 fungenteS‚
3560 4108 3919 4181 offeramus
3970 4110 4072 4182 tibi

1333 4220 1660 4295 sacrificia
1714 4218 2165 4315 rationabilia,
2237 4231 2307 4293 et
2377 4220 2785 4318 spiritualia,
2850 4246 2997 4295 cum
3062 4223 3193 4297 fide
3255 4246 3455 4312 vera,
3520 4224 3760 4312 Pater,
3834 4224 3959 4297 Fili
4013 4235 4072 4297 et

1332 4336 1616 4432 Spiritus
1672 4347 1921 4409 sancte.

1537 4451 1911 4544 Deponens
1960 4459 2184 4525 vestes
2235 4455 2637 4526 ordinarias
2685 4480 2848 4528 suas
2899 4457 3085 4527 dicit.

1537 4584 1724 4658 Erue
1775 4609 1909 4677 me,
1963 4586 2250 4660 Domine
2303 4590 2490 4662 Deus
2545 4600 2801 4682 noster,
2851 4591 3267 4690 vestimentis
3322 4589 3606 4664 sordidis
3675 4590 3915 4687 quibus
3964 4591 4068 4660 in-

1332 4701 1470 4773 duit
1532 4723 1642 4773 me
1713 4699 1956 4791 Satan,
2024 4726 2151 4800 per
2220 4704 2725 4779 dissolutionem
2797 4730 3074 4804 operum
3138 4706 3484 4797 malorum,
3556 4717 3625 4781 et
3700 4708 3903 4780 indue
3970 4725 4067 4775 me

1328 4819 1741 4890 vestimentis
1795 4818 2048 4907 electis,
2105 4842 2278 4915 quae
2332 4826 2740 4896 conveniant
2789 4825 3154 4899 ministerio
3205 4823 3480 4898 honoris
3532 4825 3647 4913 tui,
3701 4833 3770 4896 et
3822 4822 4065 4916 gloriae

1329 4935 1614 5007 nominis
1669 4937 1761 5006 tui
1815 4939 2051 5027 sancti,
2102 4935 2405 5009 Domine.

1545 5048 1834 5121 Calceos
1884 5056 2164 5146 accipit,
2219 5060 2291 5125 et
2329 5058 2558 5149 primo
2609 5058 2953 5129 sinistrum
3005 5057 3273 5129 dicens.-
