4525 6034
713 494 859 567 LXXIV
1234 497 1613 577 orssnnnnnlo

712 695 770 757 aut
796 685 1050 759 observationes
1083 684 1189 759 nullas
1220 685 1381 777 vidimus,
1414 686 1501 759 nude
1535 686 1671 761 codices
1697 690 1914 784 primigenios
1941 687 1984 761 ab
2010 688 2070 762 iliis

713 802 896 892 consultoS,
923 814 979 874 aut
1003 814 1159 876 versatos
1185 805 1306 895 conjici
1331 807 1449 900 possit.
1500 803 1660 878 Ludolius
1686 804 1884 902 Aethiopiae
1915 805 2070 880 doctissi-

711 941 804 1009 mus,
842 923 874 990 iu
908 918 1108 1015 Aethiopum
1147 918 1297 1013 Litiugia
1335 919 1414 992 nibd
1445 920 1544 1011 vidit,
1586 932 1642 993 aut
1672 924 1812 1015 egregie
1849 920 2070 996 dissimrdavit

709 1036 835 1108 Omnes
861 1058 970 1136 prope
995 1040 1029 1107 in
1054 1035 1138 1109 locis
1164 1035 1390 1109 communibus
1415 1035 1551 1111 liberius
1577 1041 1703 1130 vagati,
1729 1038 1806 1111 nihil
1824 1024 1960 1135 praeter
1983 1061 2069 1110 con-

706 1155 879 1244 jectanea,
913 1152 1150 1249 utplurimum
1186 1153 1441 1245 absurdissima,
1483 1178 1531 1227 ex
1565 1154 1703 1227 aliorum
1738 1155 1952 1248 versionibus
1988 1177 2069 1249 pro-

709 1269 860 1341 tulerunt.

814 1384 975 1459 Cadrolici
998 1384 1168 1481 cumhaec
1195 1384 1302 1458 studia
1326 1410 1397 1459 non
1408 1397 1581 1484 tantopere
1596 1387 1814 1479 excoluerint,
1842 1386 1885 1459 ad
1899 1388 2067 1480 indigenas

709 1505 905 1598 interpretes
932 1501 1163 1595 contingerint,
1191 1525 1330 1597 quonum
1348 1527 1453 1600 prope
1470 1527 1603 1599 semper
1628 1503 1689 1576 fuit
1715 1504 1863 1577 doctrina
1881 1504 2067 1595 mediocris,

709 1643 774 1715 qua
800 1630 909 1692 tamen
936 1643 1053 1694 carere
1078 1642 1177 1692 nemo
1205 1629 1326 1715 potest,
1352 1624 1428 1716 quin
1454 1621 1719 1693 invensionibus
1740 1643 1913 1693 sacrorum
1933 1620 2066 1693 Officio-

705 1760 795 1826 rum,
827 1758 874 1809 ex
903 1741 1082 1833 peregrina
1112 1736 1243 1828 lingua,
1275 1759 1343 1809 uon
1373 1741 1507 1833 saepius
1541 1736 1764 1809 hallucinetur.
1820 1737 1871 1809 lta
1905 1737 2065 1811 Victorius
2142 1724 2145 1727 ¹

706 1852 861 1926 Scialach
888 1853 1100 1950 Copticarnm
1126 1852 1349 1945 liturgiarum
1375 1859 1568 1929 sententiam
1595 1855 1724 1927 inlinitis
1756 1859 1789 1927 iu
1815 1854 1900 1927 locis
1927 1865 2066 1928 nonest

707 1980 897 2042 assecums:
932 1981 966 2041 et
995 1994 1070 2042 cum
1100 1992 1147 2043 cx
1180 1969 1328 2051 Arabica
1359 1975 1536 2061 versione,
1571 1994 1639 2045 non
1674 1994 1725 2067 ex,
1746 1970 1902 2065 originali
1930 1969 2064 2067 Coptico

705 2108 800 2160 suam
833 2089 1054 2181 exprimeret,
1096 2109 1200 2182 saepe
1232 2086 1319 2159 male
1349 2086 1446 2181 legit,
1484 2091 1698 2183 pessimeque
1737 2091 1972 2183 interpretatus
2007 2099 2063 2162 est

578 2260 586 2266 .
705 2201 826 2273 Versio
854 2200 1074 2298 Aethiopicae
1108 2201 1279 2294 Liturgiae
1318 2207 1415 2277 unica
1446 2204 1686 2301 propemodum
1712 2214 1775 2294 est,
1802 2226 1890 2299 quae
1915 2203 2064 2277 fidelitate

703 2322 812 2414 possit
837 2319 1079 2409 commendari,
1105 2324 1135 2393 si
1160 2342 1267 2415 pauca
1294 2324 1516 2416 excipiantur,
1549 2345 1635 2416 quae
1661 2331 1754 2393 certo
1781 2319 1922 2392 consilio
1948 2331 2063 2393 mutata

703 2444 788 2507 sunt.
841 2433 983 2531 Syriaca
1011 2457 1096 2530 quae
1121 2435 1235 2508 Basilii
1260 2459 1382 2508 nomen
1406 2436 1517 2527 habet,
1545 2448 1699 2533 quantum
1722 2460 1768 2508 ex
1793 2441 1954 2508 versione
1981 2459 2061 2509 con-

697 2553 821 2642 jectari
846 2552 934 2640 licet,
961 2562 1058 2623 nacta
1085 2563 1137 2625 εει
1161 2552 1260 2625 fidum
1287 2564 1321 2624 et
1346 2554 1479 2626 doctum
1504 2558 1718 2649 interpretem
1732 2552 1905 2624 Andream
1918 2554 2061 2627 llasium.

705 2667 813 2740 Guido
839 2668 1014 2740 Fabricius
1040 2668 1264 2759 Boderianus,
1298 2674 1352 2764 qui
1386 2671 1527 2766 paucula
1561 2669 1722 2765 quaedam
1748 2668 1923 2761 Litnrgiae
1948 2669 2061 2743 Severi

700 2784 913 2877 Antiocheni,
939 2807 1006 2858 non
1031 2795 1068 2857 ut
1092 2788 1165 2881 ipse
1191 2786 1367 2859 arbitratus
1394 2797 1447 2859 est
1471 2786 1709 2877 Alexandrini,
1743 2785 1931 2878 fragmenta
1957 2786 2060 2875 edidib

697 2900 844 2998 Syriaca
870 2913 904 2974 et
928 2900 1065 2991 Latiue,
1096 2902 1218 2998 ubique
1248 2904 1322 2975 iere
1354 2903 1468 3000 lapsus
1500 2914 1560 2976 est
1612 2902 1758 2976 Missalis
1789 2901 1977 2975 Maronitiei
2000 2901 2059 2972 Li-

702 3023 831 3112 turgiae
854 3018 986 3091 Romae
1012 3019 1132 3110 editae,
1159 3031 1194 3091 ut
1220 3019 1305 3092 aliae
1330 3020 1433 3112 longe
1459 3019 1571 3116 plures
1607 3024 1688 3093 ritus
1719 3019 1918 3110 Jacohitiai,
1950 3017 2059 3090 Latine

699 3160 864 3232 nunquam
897 3140 994 3210 visae
1024 3146 1113 3209 sunt:
1153 3146 1187 3208 et
1217 3137 1305 3232 quod
1335 3136 1523 3209 Maronitae
1556 3141 1589 3207 in
1621 3135 1684 3208 hac
1719 3136 1862 3207 editione
1899 3134 1956 3208 vel
1989 3133 2060 3206 abbi

700 3257 934 3350 praestiterunt
972 3256 1062 3326 circa
1095 3252 1285 3345 Iliturgim,
1323 3253 1488 3326 hominum
1526 3252 1586 3325 init
1619 3256 1674 3349 qui
1705 3256 1832 3324 veteris
1873 3250 2058 3346 disciplinae

699 3374 828 3463 ignari,
854 3369 975 3460 multa,
1001 3369 1057 3441 ubi
1085 3392 1169 3466 opus
1201 3392 1269 3443 non
1300 3382 1391 3460 erat,
1423 3380 1641 3443 mutaverrmt.
1694 3368 1732 3441 Si
1765 3368 1898 3464 qnando
1931 3367 1971 3438 de
1999 3365 2057 3437 illis

698 3510 810 3558 rarum
837 3485 957 3581 aliquid
982 3485 1137 3558 videntur
1162 3486 1350 3582 protudisse,
1377 3486 1496 3559 falsum
1522 3508 1600 3558 esse
1626 3484 1892 3581 deprehenditur,
1919 3504 2057 3556 omnen

696 3603 931 3699 praejudicatis
958 3605 1027 3676 suis
1055 3604 1264 3698 opinionibus
1295 3604 1337 3675 de
1362 3614 1522 3699 perpetua
1549 3625 1684 3676 suorum
1709 3597 1938 3699 Ὀρθοδοξὶᾳ,
1964 3598 2055 3671 multa

698 3718 871 3792 Maronitis
898 3720 1113 3809 attribuerint,
1141 3743 1226 3815 quae
1253 3720 1565 3793 suntJacobitarum
1591 3721 1736 3814 propria.
1789 3716 1866 3788 Non
1893 3721 2055 3809 igiturex

697 3840 872 3908 temeraria
905 3836 1121 3927 confidentia,
1153 3835 1213 3909 sed
1239 3860 1285 3908 ex
1312 3834 1517 3932 deprehensa
1543 3834 1652 3908 multis
1679 3837 1882 3926 argumentis
1908 3836 2053 3921 veritate,

698 3951 822 4025 similes
841 3958 1033 4026 autoritates
1054 3951 1277 4045 negleximus,
1304 3974 1368 4024 nec
1393 3951 1523 4024 illorum
1540 3954 1734 4025 testimoniis
1760 3950 1971 4046 pugnandum
1996 3958 2052 4036 est,

696 4069 922 4141 multominus
950 4069 1075 4164 aliquot
1096 4072 1331 4158 recentiomm,
1359 4090 1443 4164 quos
1469 4068 1648 4161 designare
1674 4090 1741 4140 non
1767 4066 1881 4139 refert.

798 4184 907 4258 Unum
933 4197 1042 4258 tamen
1067 4190 1331 4281 praetermittere
1363 4208 1431 4257 non
1460 4206 1637 4280 possumus
1663 4183 1863 4256 Richardum
1891 4183 2051 4255 Simonem

696 4307 802 4375 virnm
829 4302 935 4375 multis
962 4302 1053 4377 libris
1081 4301 1176 4375 editis
1202 4301 1470 4391 famosissimum,
1498 4304 1553 4395 qui
1579 4324 1653 4374 cum
1679 4304 1713 4371 in
1728 4299 1824 4372 Notis
1850 4296 2049 4372 uberioribus

693 4420 736 4492 ad
763 4417 954 4492 Gabrielem
979 4418 1297 4515 Philadelphiensem
1324 4418 1366 4491 de
1391 4418 1549 4509 Liturgiis
1577 4415 1799 4488 Orientalibus
1825 4438 1915 4486 nova
1948 4434 2048 4508 quae-

693 4537 781 4629 dam,
807 4560 870 4609 nec
896 4537 999 4630 vndgo
1028 4540 1162 4630 cognita
1188 4535 1389 4632 protulisset,
1416 4534 1547 4607 laudem
1572 4536 1690 4605 merito
1710 4531 1797 4628 apud
1815 4532 1960 4604 eruditos
1985 4526 2047 4599 ob-

693 4657 795 4725 tinndt.
847 4653 895 4725 At
919 4654 1055 4726 ulterius
1081 4675 1295 4750 progressuS,
1322 4653 1364 4724 de
1389 4651 1454 4725 hoa
1481 4661 1688 4744 argumento,
1715 4648 1823 4745 deque
1844 4645 2048 4720 Orientalium

696 4767 954 4843 Christianorum
980 4771 1099 4861 rebus,
1136 4771 1284 4843 scribere
1316 4792 1385 4843 non
1416 4771 1581 4858 cessavit,
1614 4766 1780 4861 multaque
1816 4763 1956 4837 inaudita
1988 4782 2047 4831 nec

694 4891 775 4961 satis
802 4886 975 4983 explorata
1001 4887 1201 4984 publicavit,
1238 4909 1323 4983 quae
1357 4889 1465 4979 ignari
1498 4907 1609 4956 rerum
1643 4882 1770 4954 illarum
1796 4882 2045 4976 exscripserunt

694 5015 729 5077 et
763 5005 835 5097 ejus
868 5026 971 5100 saepe
1004 5008 1180 5077 autoritate
1220 5004 1411 5078 catholicos
1445 5005 1730 5099 impugnaverant.
1789 4999 2045 5072 Demonstratum
