4525 6034
607 578 648 655 IN
673 576 881 655 LlTUliGlhll
907 576 1087 654 attactu
1114 578 1146 655 S.
1172 577 1318 654 BhSlLll.
1570 577 1644 651 317

272 762 413 844 exemplo
441 760 615 825 celebratur
647 763 791 825 memoria
821 764 925 826 mortis
955 761 1083 824 Domini.
1128 761 1170 824 At
1196 760 1269 824 nihil
1298 760 1395 845 magis
1423 760 1575 827 diversum
1597 769 1645 825 est

271 861 310 924 ab
339 861 390 923 illa
417 862 537 924 actione
560 861 706 944 religiosa
727 879 782 924 seu
804 853 940 947 torpete
961 858 1083 945 λογικῇ,
1112 878 1202 941 quarn
1230 868 1273 922 tot
1300 860 1531 923 Protestantinm
1561 859 1647 923 Coe-

271 979 347 1038 nae,
369 979 469 1043 oeque
490 962 569 1024 inter
590 981 644 1040 se,
667 979 765 1043 neque
788 979 856 1024 cum
877 960 992 1024 veteris
1012 961 1169 1024 Ecclesiae
1192 977 1277 1022 more
1301 962 1543 1022 consentientes:
1577 978 1645 1022 curn

272 1079 379 1125 omnes
401 1059 557 1143 Litnrgiae
580 1060 751 1127 Orientales
773 1068 805 1123 et
827 1059 1039 1124 Occidentales
1062 1068 1202 1124 constent
1223 1059 1366 1141 precibus
1388 1062 1515 1123 maxime
1539 1060 1646 1123 simili-

271 1161 347 1240 bus,
371 1163 401 1224 in
422 1178 571 1242 unamque
593 1162 774 1224 sententiam
797 1160 1052 1241 conspirantibus:
1074 1160 1181 1223 ritibus
1205 1161 1255 1241 qui
1278 1159 1317 1222 ad
1338 1176 1427 1221 unam
1447 1159 1646 1241 eamdemque

271 1276 392 1321 sacram
414 1261 564 1322 actionem
587 1260 776 1341 reseruntur,
800 1264 912 1343 quique
939 1261 1074 1342 exceptis
1102 1260 1176 1338 illis,
1210 1258 1262 1339 qui
1292 1258 1330 1321 ad
1359 1258 1505 1322 honorem
1534 1259 1647 1324 Sacra-

271 1359 366 1420 menti
395 1358 598 1441 decoremque
631 1360 738 1424 domus
770 1361 827 1424 Dei
854 1362 1023 1442 pertinent,
1056 1359 1147 1422 iidem
1176 1359 1298 1421 omnino
1335 1366 1421 1436 sunt,
1451 1360 1646 1441 eamdemque

271 1457 363 1521 tidem
386 1466 417 1520 et
438 1460 580 1540 pietatem
594 1458 770 1523 Christianis
794 1460 955 1539 inculcant,
978 1477 1116 1541 quosque
1130 1458 1245 1521 aboleri
1268 1475 1397 1522 necesse
1420 1458 1491 1540 luit,
1515 1458 1566 1521 ubi
1588 1476 1647 1520 ve-

272 1565 324 1619 tus
347 1557 485 1621 doctrina
505 1559 598 1623 realis
619 1561 810 1641 praesentias
825 1566 999 1643 oppugnata
1018 1567 1049 1623 et
1070 1560 1185 1642 rejecta
1201 1565 1259 1637 est,
1282 1559 1351 1638 quia
1373 1557 1452 1621 illam
1470 1558 1646 1621 necessario

271 1657 476 1720 insinuabant

362 1756 523 1821 Orationes
545 1757 622 1820 aliae
645 1758 683 1821 ad
706 1758 840 1822 osculum
870 1760 955 1841 pacis
984 1759 1177 1839 reperiuntur
1198 1757 1238 1840 jn
1267 1755 1380 1820 Codice
1410 1755 1552 1839 Coptica:
1583 1763 1646 1818 tres

272 1874 351 1920 vero
373 1859 504 1937 quaein
527 1856 647 1921 Graeco
669 1866 754 1937 sunt,
777 1876 839 1921 non
861 1877 966 1921 omnes
988 1857 1047 1920 dici
1070 1857 1186 1936 solent,
1210 1857 1267 1918 nisi
1290 1855 1329 1918 ad
1350 1856 1464 1919 lihitum
1491 1855 1646 1922 Sacerdo-

270 1956 330 2035 tis,
353 1963 386 2018 ut
408 1955 447 2019 ad
468 1955 542 2020 alias
563 1957 715 2041 Liturgias
737 1965 871 2021 notatum
901 1967 963 2033 est;
995 1958 1179 2020 conveniunt
1205 1973 1298 2037 porro
1326 1972 1432 2018 omnes
1453 1957 1483 2017 in
1511 1954 1646 2019 eamdem

272 2056 468 2135 sententiam,
492 2063 525 2118 nt
548 2055 710 2119 Christiani
732 2057 770 2120 ab
793 2059 871 2121 omni
900 2057 986 2137 dolo,
1017 2065 1047 2120 et
1073 2048 1274 2140 μνησικακίᾳ
1303 2053 1518 2137 hypocrisique
1546 2053 1645 2132 liberi,

271 2156 429 2218 caritatem
451 2156 601 2218 sinceram
623 2158 654 2218 in
676 2157 865 2238 proximum,
887 2157 992 2220 osculo
1014 2163 1121 2219 sancto
1144 2161 1303 2218 testentur.

714 2419 837 2490 Oratio
865 2419 938 2490 otio
964 2419 1072 2489 occuli
1095 2420 1206 2512 pocir.

373 2624 487 2704 Exrar
509 2637 560 2702 illa
582 2640 613 2701 in
636 2638 770 2721 Copticis
792 2658 914 2723 quoque
935 2639 1176 2723 exemplaribus,
1204 2637 1259 2701 sed
1281 2638 1322 2701 ita
1343 2655 1434 2701 versa
1463 2646 1512 2701 est
1539 2656 1557 2700 a
1578 2638 1649 2701 hla-

270 2740 374 2804 ronita
394 2740 581 2818 Interprete,
603 2746 636 2801 ut
665 2741 725 2802 vim
747 2741 813 2822 ejtrs
835 2748 867 2803 et
894 2741 1072 2803 sententiam
1102 2739 1225 2819 assequi
1254 2737 1372 2802 ditiicile
1400 2738 1449 2801 sit.
1495 2737 1539 2800 lta
1569 2740 1647 2800 eninr

269 2840 335 2903 illc.
378 2840 500 2902 Dedisti
519 2838 608 2900 nobo
629 2840 825 2902 directionem
845 2841 916 2903 Filii
936 2842 981 2902 tui
1001 2841 1162 2919 amiqerriti,
1189 2845 1219 2900 et
1244 2838 1418 2920 mysterium
1444 2838 1532 2918 terens
1560 2838 1649 2900 obto-

270 2942 367 3002 tr‘omh
387 2938 611 3001 absconditum:
647 2956 725 3020 quae
754 2939 847 3022 longe
869 2938 981 3001 abeunt
1003 2958 1021 3002 a
1043 2956 1116 3000 vera
1138 2938 1225 3000 istius
1248 2936 1392 2999 orationis
1421 2936 1649 3021 significatione.

269 3037 426 3102 Laudatur
447 3037 570 3100 Densa
600 3038 825 3119 magnificentia
853 3037 1067 3101 beneficiorum
1097 3054 1219 3100 suorum
1247 3053 1322 3118 erga
1351 3053 1449 3117 genus
1477 3032 1647 3113 humanum,

272 3138 358 3219 quod
379 3157 415 3201 ea
439 3153 518 3219 qnae
540 3138 652 3219 antiqui
674 3137 845 3220 Prophetae
867 3147 898 3201 et
919 3137 1021 3221 Reges
1043 3136 1149 3200 videre
1171 3137 1330 3218 cupierunt
1352 3142 1384 3197 et
1409 3152 1470 3196 non
1496 3134 1647 3213 viderunt,

269 3236 407 3319 parvulis
428 3254 491 3299 non
512 3235 601 3300 modo
616 3237 811 3315 revelaverit,
833 3237 889 3301 sed
904 3237 1059 3300 tractanda
1082 3245 1114 3300 et
1137 3235 1319 3300 celebranda
1341 3232 1505 3297 tradiderit.
1535 3231 1649 3315 Nempe

268 3337 398 3412 dedisti,
421 3335 534 3416 inquit,
560 3336 648 3399 nobie
669 3344 700 3399 et
720 3338 887 3400 exhibuisti
910 3338 1077 3400 solutorem
1097 3337 1244 3419 crciqeniti
1263 3335 1334 3397 Filii
1354 3336 1387 3396 in
1408 3352 1502 3395 corne
1523 3335 1649 3414 dispere-

272 3437 433 3499 sotionem,
478 3434 561 3498 llaec
584 3444 631 3498 est
653 3429 832 3517 οἰκονομία,
855 3455 944 3520 quam
965 3456 1072 3501 vocem
1095 3435 1235 3518 Coptitao
1250 3435 1449 3498 retinuerunt.
1494 3432 1570 3495 lllud
1592 3452 1649 3496 so-

271 3535 338 3597 lum
360 3533 539 3597 discriminis
562 3536 810 3600 animadvertitur
831 3538 910 3599 inter
931 3536 1049 3599 illoram
1072 3544 1103 3600 et
1125 3535 1274 3598 Graecum
1299 3534 1448 3612 codicem,
1471 3530 1551 3614 quod
1574 3550 1649 3594 sen-

271 3634 399 3694 tentiam
421 3634 463 3695 ita
485 3634 684 3716 conjungunt,
707 3642 740 3698 ut
762 3635 948 3718 intelligatur
970 3635 1078 3698 laetam
1100 3654 1171 3698 esse
1188 3632 1505 3710 hancrevclationem,
1527 3631 1647 3713 quando

272 3731 414 3795 Christus
437 3734 468 3795 in
497 3734 586 3796 terris
608 3734 691 3797 visus
719 3742 767 3797 est
795 3743 826 3797 et
854 3753 921 3797 cum
949 3734 1117 3798 bominibus
1148 3739 1345 3799 conversatus
1374 3740 1435 3795 est:
1468 3740 1539 3794 tono
1569 3734 1648 3792 enim

275 3830 402 3893 dedisse
423 3832 510 3895 nohis
532 3835 619 3914 trojus
640 3836 788 3914 sacrificii
807 3837 1043 3917 mpsthoqicm:
1066 3853 1184 3897 sacrum
1196 3833 1312 3897 scilicet
1324 3831 1531 3895 Eucharistiae
1549 3833 1649 3893 sacri-

269 3931 375 3993 ficium
405 3932 579 3997 instituisse.
630 3934 662 3997 ld
694 3932 819 4016 Coptica
848 3936 966 4014 versio,
1001 3935 1116 3998 divisim
1148 3933 1282 3996 Graecus
1316 3939 1415 3994 textus
1446 3932 1532 4012 quasi
1561 3931 1647 3993 simul

270 4031 366 4109 dicta,
389 4034 629 4115 conjunctimque
642 4033 818 4116 accipienda
833 4034 998 4117 signifieat:
1021 4032 1171 4097 sententia
1194 4032 1231 4095 ad
1253 4031 1333 4094 idern
1355 4030 1512 4094 redeunte.
1536 4029 1648 4114 Agno-

274 4138 370 4194 scunt
391 4132 484 4214 igitur
505 4152 563 4215 per
588 4134 666 4197 hanc
698 4135 864 4197 orationem
894 4133 1093 4197 Alexandrini
1127 4132 1343 4195 institutionem
1376 4129 1506 4193 divinam
1535 4129 1648 4194 Sacra-

267 4230 368 4292 mcuti
396 4231 622 4313 Eucharistiae,
655 4241 688 4298 et
709 4241 872 4316 praeterea
894 4232 1025 4297 latentur
1052 4232 1132 4295 illam
1162 4249 1231 4295 esse
1255 4231 1450 4311 sacrificinm,
1480 4248 1580 4311 neque
1609 4230 1648 4294 de

269 4328 483 4413 qualicumque
506 4333 655 4397 sacrificio
678 4334 710 4395 id
731 4340 890 4412 testantur,
913 4332 969 4396 sed
986 4332 1023 4395 dc
1046 4333 1103 4394 ista
1126 4350 1214 4413 quarn
1231 4330 1398 4410 celebrant,
1420 4320 1646 4413 pvoceymyip3

268 4447 344 4491 nam
366 4448 431 4492 eam
454 4448 561 4494 vocem
583 4435 773 4497 retinuerunt
796 4432 945 4515 Coptitac.
985 4432 1024 4496 'St
1046 4448 1226 4513 quaeramus
1249 4449 1327 4513 quae
1357 4431 1396 4493 sit
1418 4428 1468 4492 illa
1490 4428 1648 4510 llyrtho-

267 4531 345 4611 qiu,
367 4538 398 4592 et
419 4531 479 4612 ipsi
499 4532 720 4614 respondeant,
743 4550 804 4594 non
827 4532 907 4596 aliud
928 4532 1037 4615 procul
1060 4531 1151 4595 dubio
1174 4532 1282 4596 dictori
1304 4538 1373 4594 sunt
1396 4547 1483 4611 quam
1506 4528 1536 4590 id
1567 4524 1648 4607 quod

268 4628 375 4693 mutus
397 4631 498 4694 verbis
522 4633 675 4714 explicant
696 4633 815 4695 illorum
839 4632 1000 4716 Theologi:
1024 4650 1134 4713 nempe
1156 4649 1226 4695 esse
1248 4630 1412 4713 Liturgiam
1442 4628 1539 4710 qualis
1567 4627 1648 4708 apud

271 4746 332 4791 eos
354 4730 536 4793 celebratur.
572 4730 707 4795 Credunt
728 4735 820 4816 igitur
842 4732 921 4795 illam
944 4752 1014 4796 esse
1037 4733 1192 4815 proprium
1205 4749 1298 4794 verae
1312 4729 1592 4814 legissacritrcium,
1614 4736 1647 4790 ut

269 4846 346 4891 ntox
368 4830 537 4911 explicant,
559 4834 591 4894 in
612 4852 671 4913 qno
692 4834 760 4895 ovas
780 4841 811 4895 et
831 4834 998 4896 muchaera
1018 4835 1192 4913 spiritualer
1213 4838 1297 4907 cunt,
1325 4832 1394 4911 quia
1417 4847 1513 4913 aqum
1535 4830 1595 4909 ille,
1619 4831 1645 4892 is

269 4929 341 5009 ipse
365 4932 415 5013 qni
439 4932 517 4995 tollit
538 4940 665 5015 peccata
687 4933 806 5011 mundi,
829 4934 899 4997 licet
921 4953 1014 5013 vere,
1037 4935 1167 5017 mystice
1190 4940 1289 4995 tamen
1310 4931 1495 5006 immolatur,
1516 4930 1576 4995 hoc
1599 4938 1646 4993 est

268 5031 308 5092 in
327 5032 532 5098 Sacrameuto.
578 5034 608 5097 Si
631 5035 782 5118 Liturgia3
805 5034 896 5097 llisaa
919 5052 1039 5116 quoque
1061 5033 1242 5097 sacrificium
1264 5041 1312 5096 est
1333 5050 1350 5094 a
1374 5030 1494 5093 Christo
1524 5031 1646 5093 instito-

1358 5146 1439 5223 56*
