4525 6034
1290 556 1295 563 ’
1421 586 1564 661 132
2226 588 2581 666 LITURGJA
2632 588 2872 667 Mmoss
2923 591 2984 667 s,
3036 589 3325 669 JACOBI.

2259 880 2503 952 Oratio
2556 885 2938 977 gratiarum
2988 887 3303 956 actionis.

1615 1081 1983 1154 Sacerdos.
2091 1082 2358 1156 Gratias
2430 1089 2687 1177 agimus
2745 1084 2908 1175 tihi,
2961 1085 3276 1174 Domine,
3344 1097 3615 1184 propter
3674 1085 4131 1160 multitudinem

1408 1201 1905 1270 miserationum
1959 1208 2237 1289 tuarum,
2292 1223 2416 1296 per
2469 1224 2633 1295 quas
2687 1206 3040 1275 meruimus
3095 1207 3622 1276 communionem
3660 1226 3935 1277 mensae
3988 1214 4130 1276 tuae
4183 1198 4205 1230 ⁶

1411 1313 1743 1387 coelestis
1848 1314 1953 1386 Ne
2009 1315 2564 1407 condemnemur,
2617 1319 2936 1409 Domine,
3006 1332 3279 1416 propter
3332 1322 3820 1415 susceptionem
3870 1329 4131 1416 myste-

1408 1435 1657 1503 riorum
1711 1443 1967 1504 tuorum
2034 1443 2451 1522 sanctorum3
2519 1456 2755 1506 verum
2823 1445 3095 1531 praesta
3159 1435 3387 1527 nobis,
3452 1446 3523 1509 ut
3585 1439 4133 1508 communicemus

1410 1550 1663 1643 spiritui
1717 1556 1829 1620 tuo
1885 1559 2140 1637 sancto,
2209 1558 2277 1621 et
2329 1571 2477 1621 cum
2533 1549 2834 1623 omnibus
2880 1555 3076 1644 justis
3131 1556 3241 1648 qui
3293 1577 3339 1625 a
3387 1551 3654 1627 saeculo
3706 1552 3973 1624 fuerunt
4025 1555 4131 1622 in-

1404 1667 1752 1736 veniamus
1804 1673 2061 1760 partem
2117 1675 2187 1737 et
2239 1663 2738 1756 haereditatem,
2792 1667 3297 1764 referamusque
3349 1667 3465 1741 tibi
3506 1668 3789 1761 gloriam
3843 1675 3913 1739 et
3962 1689 4130 1760 gra-

1409 1785 1642 1852 tiarum
1696 1783 2048 1871 actionem,
2103 1790 2169 1852 et
2219 1785 2583 1875 unigenito,
2638 1794 2763 1855 etc.

1610 1896 1928 1990 Populus.
2036 1898 2276 1970 Amen.

1606 2012 1973 2086 Sacerdos.
2079 2014 2246 2086 Pax.

1607 2130 1979 2202 Diaconus.
2085 2130 2250 2204 Post
2303 2135 2808 2228 susceptionem.

1606 2246 1925 2339 Populus.
2037 2246 2284 2320 Coram
2337 2260 2422 2320 te.

1606 2362 1970 2436 Sacerdos.
2077 2366 2263 2439 Deus
2328 2386 2610 2457 magnus
2681 2374 2750 2436 et
2812 2362 3249 2454 admirabilis,
3320 2365 3430 2458 qui
3498 2376 3771 2463 propter
3848 2364 4127 2440 salutem

1401 2481 1669 2573 generis
1744 2482 1954 2553 nostri
2026 2480 2289 2554 humani
2359 2481 2754 2553 inclinavisti
2818 2479 3088 2570 coelos,
3167 2489 3234 2551 et
3299 2479 3728 2555 descendisti:
3799 2487 4125 2580 propitius

1405 2607 1551 2670 esto
1609 2607 1677 2668 et
1726 2602 2047 2672 miserere
2098 2599 2330 2688 nobiS,
2383 2608 2454 2669 ut
2518 2607 2842 2694 perpetuo
2912 2597 3357 2691 glorificemus
3419 2609 3487 2670 te
3553 2598 3766 2672 Deum
3833 2600 4124 2692 Patrem,

1401 2712 1636 2785 Filium
1692 2724 1867 2787 tuum
1924 2725 1991 2787 et
2041 2713 2359 2810 Spiritum
2412 2724 2591 2786 tuum
2644 2726 2964 2806 sanctum,
3016 2735 3213 2806 nunc,
3267 2725 3393 2786 etc.
3446 2715 3682 2788 Amen.

1602 2832 1915 2921 Benedic,
1968 2832 2273 2905 Domine.
2381 2830 2748 2902 Sacerdos.
2801 2829 3096 2903 Benedic
3149 2830 3450 2904 omnibus
3501 2830 3715 2906 nobis.

2129 3188 3395 3239 ψ

1643 3586 1793 3675 DE
1887 3582 2373 3678 εΙΑΟΟΒΙ
2462 3582 3857 3731 BREVIORIOLITURGIA

2026 3788 2029 3795 ‘
2257 3763 3294 3923 OBSERVATIQ

1621 4046 1813 4123 Isnus
1860 4056 2166 4140 Liturgiae
2210 4057 2451 4118 unicum
2509 4054 2819 4118 habuimus
2864 4055 3174 4137 exemplar
3217 4075 3296 4118 ex
3340 4054 3704 4118 Bibliotheca
3753 4055 4104 4136 Colbenina,

1396 4180 1613 4225 recens
1661 4162 1873 4242 procul
1912 4162 2117 4240 dubio,
2164 4159 2644 4242 quandoquidem
2688 4160 2818 4237 eJ‘us
2864 4160 3181 4240 antiquitas
3228 4166 3463 4221 centum
3507 4160 3721 4241 viginti
3766 4178 3961 4224 annos
4014 4164 4109 4223 vix

1397 4263 1652 4344 attingit,
1698 4268 1762 4323 ut
1809 4260 2191 4345 intelligimus
2239 4280 2320 4323 ex
2363 4259 2567 4338 titulo,
2614 4261 2711 4340 qui
2759 4278 2889 4322 eam
2934 4260 3264 4322 ordinatam
3310 4277 3449 4321 esse
3495 4258 3675 4321 docet
3718 4276 3879 4322 anno
3927 4260 4105 4323 Grae-

1397 4380 1600 4424 corum
1627 4379 1738 4424 seu
1766 4361 2212 4424 Seleucidarum
2239 4359 2661 4424 MDCCCCIH.
2709 4359 2810 4439 qui
2834 4360 3166 4441 respondet
3189 4376 3346 4421 anno
3372 4358 3425 4422 J.
3462 4357 3530 4422 C.
3557 4357 3827 4421 MDXCI.
3870 4359 4104 4442 Absque

1397 4482 1470 4525 ea
1517 4461 1802 4543 temporis
1848 4469 1990 4523 nota
2036 4460 2271 4539 fuisset,
2318 4460 2645 4523 existimari
2688 4466 2946 4540 poterat,
2991 4457 3290 4521 brevioris
3317 4459 3488 4520 istius
3517 4457 3826 4539 Liturgiae
3852 4458 4100 4523 Officium

1395 4562 1727 4625 ordinatum
1771 4559 1958 4622 fuisse
2003 4580 2038 4623 a
2078 4558 2379 4644 Gregorio
2421 4559 2837 4643 AbulfaragiO,
2882 4578 2961 4620 ex
3004 4557 3200 4620 multis
3247 4557 3376 4619 aliis
3418 4558 3702 4639 operibus
3727 4557 4097 4621 Ecclesiasti-

1397 4664 1484 4725 cis
1541 4662 1878 4739 notissimo,
1936 4659 2011 4722 de
2067 4677 2186 4740 quo
2242 4660 2416 4741 plura
2475 4659 2747 4723 dicentur
2798 4659 2860 4720 in
2913 4657 3443 4721 Observationibus
3489 4657 3563 4719 ad
3609 4657 3765 4719 illius
3810 4658 4093 4738 propriam

1395 4763 1743 4845 Liturgiam.
1834 4760 2117 4822 Eamdem
2166 4759 2320 4821 enim
2372 4761 2503 4841 ipse
2557 4760 2900 4842 dignitatem
2955 4757 3245 4821 Catholici
3300 4775 3410 4819 seu
3465 4756 3801 4834 Most-iano,
3860 4756 4091 4819 obtinuit

1396 4864 1457 4925 in
1501 4860 1776 4923 Ecclesia
1823 4860 1977 4940 Syra
2021 4859 2375 4934 Jacobitica‚
2434 4877 2507 4922 ac
2564 4860 2869 4922 recentior
2913 4860 3025 4920 iste
3070 4856 3422 4939 Gregorius,
3513 4854 3633 4919 Sed
3679 4874 3812 4918 cum
3854 4853 4088 4918 Abulfn-

1395 4964 1627 5045 ragium
1674 4978 1829 5023 anno
1857 4959 2222 5022 Graecorum
2248 4957 2595 5022 MDXCVII.
2640 4958 2695 5024 J.
2735 4957 2806 5026 C.
2828 4957 3282 5021 MCCLXXXV.
3328 4964 3623 5019 mortuum
3668 4974 3810 5018 esse
3854 4960 4084 5029 constet,

1399 5080 1479 5125 ex
1505 5061 1731 5125 Codice
1755 5059 2049 5141 Mediceo‚
2095 5059 2428 5142 Gregorius
2473 5059 2586 5121 iste
2632 5058 2781 5123 alius
2826 5058 3063 5122 omnino
3107 5056 3235 5121 fuit.
3296 5055 3444 5120 Cum
3485 5073 3636 5119 vero
3682 5054 4081 5120 obscurissima
