4525 6034
567 611 569 614 ·
704 599 782 675 400
1077 603 1153 680 na
1205 582 1685 684 rara'rancnn

703 792 836 884 nqeue,
862 793 1025 880 veritato,
1053 790 1140 864 adeo
1165 800 1201 866 ut
1226 791 1335 865 multis
1361 815 1558 889 persuasum
1585 792 1703 884 luerit,
1730 806 1831 891 caput
1854 781 2061 876 brisse’Petri

703 903 979 1003 Hieromartyris‚
1004 929 1072 980 non
1097 907 1205 980 Marci
1235 906 1493 1001 Evangebstae,
1530 910 1618 1006 qnod
1652 912 1748 985 slmul
1783 937 1856 986 cum
1892 918 1963 1007 ejus
1987 938 2062 988 cor-

703 1044 802 1118 pore,
828 1021 989 1097 Venetiae
1016 1023 1217 1098 aRumaeis
1245 1047 1306 1125 sen
1325 1022 1465 1098 Graecis
1489 1036 1697 1122 asportatum
1721 1026 1831 1102 inerit.
1868 1027 2062 1122 Abnlbircat

704 1136 801 1232 hujus
828 1139 1052 1214 translationis
1078 1151 1232 1237 tanquam
1260 1163 1322 1214 suo
1349 1152 1512 1236 tempore,
1539 1152 1653 1215 certae
1667 1148 1830 1219 meminit:
1856 1157 2063 1244 cepnttamen

704 1254 855 1330 telletum
882 1256 970 1352 apud
995 1255 1153 1330 iamdiam
1178 1258 1361 1348 motare,
1388 1268 1526 1332 testatus
1552 1268 1614 1331 est.
1926 1244 1930 1262 ¹

433 1385 618 1442 caeremoniae
636 1396 693 1458 pon
808 1372 993 1446 LXXXIII.
1021 1373 1120 1460 Quod
1145 1375 1231 1447 vero
1259 1373 1302 1448 ad
1334 1379 1440 1470 ipsam
1467 1373 1717 1459 Ordinadonem
1747 1398 1815 1449 non
1849 1380 1980 1466 attinet,
2010 1377 2063 1451 sed

381 1469 583 1530 ⁰“¹⁵¹¹⁸¹¹⁰¹¹⁰¹¹¹·
706 1487 749 1561 ad
775 1491 856 1561 novi
881 1489 1094 1561 Patriarcbae
1121 1495 1387 1587 susceptionem,
1422 1491 1554 1588 qnando
1581 1515 1648 1565 non
1683 1493 1747 1565 nIsi
1773 1515 1819 1565 ex
1844 1491 1981 1568 historic
2005 1498 2064 1590 peti

705 1614 840 1702 potest,
867 1628 914 1677 ex
940 1604 1058 1677 cadem
1085 1607 1258 1702 explicare
1279 1611 1351 1700 jam
1377 1607 1620 1701 aggrediemur.
1652 1606 1806 1681 Diximus
1826 1609 2065 1684 Ordmmionem

704 1743 772 1794 non
799 1722 899 1794 modo
924 1726 1039 1817 primis
1066 1723 1230 1808 saeculis,
1257 1722 1443 1796 sedetiam
1475 1723 1597 1797 dudum
1626 1734 1803 1820 postquam
1829 1727 2005 1824 Aegyptus
2033 1732 2064 1802 in

703 1838 855 1914 Arabum
879 1847 1079 1934 potestatem
1105 1844 1210 1928 venit,
1236 1840 1466 1914 Alexandriae
1491 1840 1625 1929 laetam,
1653 1863 1700 1912 ex
1726 1844 1858 1937 antiqua
1886 1842 2063 1939 disciplina:

703 1955 824 2052 postea
851 1964 885 2026 et
911 1959 1020 2028 serius
1046 1955 1118 2028 lieri
1145 1959 1256 2052 coepit
1283 1955 1441 2031 Cubirae:
1478 1979 1598 2053 nempe
1628 1967 1664 2030 ut
1690 1980 1736 2029 ex
1761 1962 1947 2055 principum
1972 1971 2064 2033 auto-

703 2075 803 2145 ritate
827 2074 935 2144 minus
961 2069 1158 2146 turbaretur.
1210 2072 1260 2146 lta
1294 2084 1406 2145 tamen
1436 2077 1605 2146 immutata
1638 2082 1690 2145 est
1716 2084 1814 2147 vetus
1840 2075 1898 2149 illa
1925 2098 2064 2148 consue-

704 2190 802 2278 tudo,
828 2199 864 2260 ut
891 2188 1020 2284 quando
1047 2187 1186 2281 liceret,
1208 2188 1439 2266 Alexandriae
1465 2192 1575 2284 potins
1609 2213 1707 2286 quam
1734 2190 1876 2264 CubIrae
1906 2190 2064 2263 Ordmatio

705 2304 938 2380 celebraretur.

432 2415 601 2519 proclamacio
624 2418 691 2520 ¹⁴¹⁶}
807 2421 994 2494 LXXXIV.
1022 2419 1163 2506 Quando
1189 2422 1224 2494 in
1249 2422 1312 2495 bac
1343 2423 1428 2498 urbe
1459 2421 1548 2495 iacta
1577 2421 1706 2513 inerat,
1740 2419 1922 2518 oportebat
1951 2446 2064 2496 norum

379 2502 691 2647 Jssn‘ffiaffi'ffffnf'
704 2536 929 2612 Patriarcbam
960 2541 1070 2612 statim
1101 2536 1345 2611 Alexandriam
1379 2538 1565 2636 proficisci,
1603 2550 1639 2611 ut
1670 2542 1707 2638 in
1739 2539 1896 2613 Ecclesta
1922 2543 2065 2616 Patrim-

378 2677 449 2734 men
706 2652 790 2728 chali
817 2658 889 2747 ejus
915 2652 1134 2751 proclamatio
1160 2654 1275 2745 lieret3
1307 2664 1341 2726 et
1372 2653 1482 2729 donec
1514 2679 1556 2729 ea
1583 2653 1670 2728 lacta
1696 2657 1828 2748 inisset7
1853 2657 2065 2730 Alexandrini

705 2770 972 2846 Patriarcbarnm
997 2793 1163 2846 novorum
1185 2769 1449 2864 jurisdlctionem
1473 2793 1542 2844 non
1568 2772 1811 2865 agnoscebant,
1836 2796 2066 2869 nequeeomm

703 2908 827 2959 nomen
852 2891 887 2962 in
912 2886 1080 2986 Diptycba
1105 2886 1306 2962 referebant.
1359 2886 1479 2962 Novus
1505 2889 1605 2980 igitur
1623 2886 1816 2962 Patriarcba
1832 2889 2065 2965 Alexandriam

704 3003 904 3096 adveniens,
931 3003 1163 3103 excipiebatur
1189 3027 1210 3076 a
1236 3003 1338 3076 Claro
1365 3013 1398 3076 et
1424 3003 1624 3099 primoribus
1637 3001 1813 3098 'civitatis
1840 3007 1992 3105 aliisque,
2017 3008 2065 3100 qni

702 3121 782 3194 ltcet
807 3145 848 3196 ea
874 3126 908 3194 in
933 3120 1017 3195 urbe
1044 3120 1244 3196 domicilium
1269 3143 1337 3195 non
1364 3119 1543 3212 baberent,
1575 3143 1618 3194 eo
1651 3132 1761 3195 tamen
1791 3121 1996 3219 pergebant,
2028 3120 2066 3196 ad

702 3237 865 3312 honorem
892 3243 924 3312 ei
950 3240 1175 3313 deferendum.
1226 3236 1426 3335 Exemplum
1453 3241 1599 3311 occurrit
1623 3241 1659 3312 in
1684 3244 1754 3312 vita
1781 3240 1924 3314 loannis
1939 3238 2064 3312 LXXII

701 3378 799 3449 quem
824 3360 964 3453 primum
991 3358 1118 3432 llisrae
1145 3355 1330 3429 ordinatum
1356 3353 1497 3447 legimus
1530 3376 1618 3428 auno
1651 3355 1681 3430 J.
1714 3355 1753 3430 C.
1785 3356 1989 3431 ECXLVII.
2036 3355 2064 3427 ls

705 3475 827 3569 qnippe
853 3473 1094 3547 Alexandriam
1119 3481 1199 3570 post
1225 3471 1471 3546 Ordmationem
1498 3469 1615 3544 ductans
1641 3480 1711 3561 est,
1737 3483 1836 3568 atque
1862 3471 1911 3545 ibi
1936 3470 2064 3569 procla-

699 3591 801 3664 matIo
829 3593 902 3684 ejus
926 3588 1025 3665 iacta.
1077 3588 1199 3663 Modus
1227 3598 1336 3661 autem
1368 3590 1398 3658 is
1428 3584 1505 3659 fuit:
1540 3597 1577 3660 nt
1612 3598 1709 3660 extra
1740 3587 1857 3663 urbem
1893 3592 1929 3662 in
1962 3589 2087 3683 aliquo

702 3704 895 3797 Coenobm,
921 3706 979 3779 vel
1007 3706 1161 3780 Ecclesia
1194 3713 1426 3804 pernoctaret:
1459 3703 1620 3800 postridie
1652 3708 1784 3777 veniret
1815 3705 1858 3777 ad
1883 3703 2063 3778 Ecclesiam

699 3820 743 3893 D.
768 3821 890 3915 Marci,
914 3833 972 3896 aut
997 3823 1121 3914 aliam,
1148 3845 1223 3896 cum
1249 3824 1425 3895 continuae
1446 3844 1471 3906 ,a
1498 3819 1747 3895 IlluhamedanIs
1773 3825 1988 3909 vexationes,
2011 3822 2061 3889 in-

700 3939 837 4032 cendia,
861 3943 1002 4032 romae,
1027 3944 1062 4013 iu
1088 3939 1207 4013 eadem
1233 3939 1339 4012 officia
1365 3937 1604 4011 Ecclesiastico
1634 3936 1798 4010 celebrari
1824 3960 1979 4035 semper,
2003 3956 2062 4008 non

699 4059 936 4152 permitterent.
966 4058 1005 4131 In
1030 4056 1187 4132 Ecclesia
1212 4058 1313 4149 igitur
1339 4054 1382 4127 ad
1408 4054 1580 4130 solennem
1605 4055 1905 4150 proclamationem
1933 4054 2062 4138 delecta,

699 4194 809 4247 novus
835 4174 1027 4249 Patriarcba
1054 4195 1153 4248 sacra
1178 4170 1338 4262 iaciebat,
1364 4178 1398 4243 et
1422 4181 1601 4267 antequam
1614 4169 1787 4263 liturgiae
1812 4173 1941 4245 initium
1965 4171 2061 4255 tieret,

698 4290 787 4366 Acta
813 4290 879 4364 dno
906 4289 1094 4386 dequibus
1121 4289 1242 4362 dictum
1269 4297 1322 4364 est
1348 4291 1514 4384 superius,
1539 4287 1667 4361 scilicet
1680 4287 1863 4360 Electiouis
1877 4284 2060 4371 Decretum,

700 4416 734 4478 et
766 4406 960 4504 eystetten,
992 4410 1067 4482 sive
1097 4406 1215 4480 literae
1247 4404 1485 4480 testImoniales
1519 4403 1741 4478 Ordinadonis
1777 4400 1985 4493 celebratae,
2021 4420 2060 4470 ex

698 4523 846 4598 Anbone
871 4524 1069 4619 legebantur
1095 4519 1238 4614 Graece.
1267 4522 1407 4618 Coptice
1434 4531 1469 4594 et
1492 4520 1656 4596 Arubice:
1683 4532 1717 4596 et
1735 4520 1777 4594 ud
1797 4520 1930 4593 illarum
1945 4517 2058 4590 lectio-

698 4663 797 4733 nem,
822 4639 1136 4738 Episcopommque
1161 4642 1216 4736 qui
1243 4637 1335 4712 illum
1366 4636 1604 4710 ordinaverant
1633 4637 1800 4734 publicum
1833 4634 2059 4718 testimonium,
2169 4707 2172 4718 ,

700 4756 927 4831 acclamabant
953 4779 1070 4832 omnes
1086 4755 1226 4846 Ἄξιος,
1260 4758 1346 4830 sicut
1370 4756 1404 4827 in
1437 4754 1600 4858 electione
1634 4763 1669 4826 et
1694 4753 1911 4826 Ordinatione
1945 4749 2058 4823 iactum

699 4873 816 4948 luerat
868 4875 954 4947 'lum
979 4879 1054 4971 ipse
1080 4873 1265 4966 Linugiam
1290 4867 1485 4944 celebrabat
1510 4891 1633 4964 magno
1652 4880 1826 4967 apparatu,
1852 4866 2058 4960 omnemque

700 5000 768 5064 tam
793 4990 1061 5084 EcclesiastIcis‚
1089 5013 1186 5087 quam
1213 4986 1442 5066 saecularibus
1466 4983 1712 5064 Eucharistiam.
1740 4983 1967 5064 distribuebat.
