4525 6034
484 607 533 682 itt
558 603 824 681 LlTURGlhll
849 603 1043 698 tonniis
1069 601 1315 680 ruotheri.
1411 604 1413 609 ’
1509 605 1587 679 487

217 794 268 874 qui
289 792 421 854 loannes
444 791 571 873 Magnus
595 788 763 870 appellatus
786 797 844 867 est,
869 805 886 848 a
909 806 969 868 quo
992 788 1130 850 ordinata
1152 788 1355 871 iuitLiturgia
1373 789 1451 852 dicta
1468 789 1587 852 Docto-

217 911 282 953 rum
297 890 485 956 Sanctorum.
514 891 602 954 Alius
620 890 753 951 occurrit
765 887 910 966 loannes,
923 890 973 969 qui
984 889 1059 950 vixit
1070 897 1142 970 post
1154 906 1262 951 annum
1273 890 1300 954 J.
1309 888 1343 952 C.
1355 887 1584 953 dccxxxvii.
1610 931 1612 937 s

1650 946 1712 1000 lter.
1737 946 1809 999 Patr.
1833 947 1909 1000 Alea.

219 992 257 1052 ad
281 1009 368 1071 quem
393 989 590 1054 ChailXLVl.
614 987 837 1050 Alexandrinus
861 988 1031 1049 Patriarcha
1054 996 1124 1070 post
1146 988 1364 1052 ordinationem
1378 987 1489 1050 literas
1503 987 1620 1102 Syn-pv·
1639 1033 1702 1083 217.

217 1092 320 1153 odicas
349 1091 447 1152 nullas
477 1091 573 1168 misit,
606 1106 673 1148 cum
701 1089 827 1147 maxima
851 1096 933 1149 asset
955 1087 1101 1149 loannem
1124 1090 1213 1150 istum
1236 1089 1330 1164 inter,
1362 1095 1392 1149 et
1413 1088 1583 1168 Episcopus

216 1209 290 1253 suos
321 1189 488 1267 discordia,
518 1207 555 1251 co
586 1186 666 1267 quod
696 1188 720 1247 is
750 1187 909 1247 autoritate
941 1185 1054 1248 Sultani
1084 1187 1188 1249 sedem
1219 1195 1415 1267 occupasset,
1451 1187 1586 1267 quamvis

215 1290 387 1370 Episcopus
411 1287 506 1368 iorct,
538 1287 618 1368 quod
642 1293 746 1347 contra
770 1285 952 1347 Canonicam
974 1284 1162 1367 disciplinam
1184 1294 1259 1349 erat.
1302 1286 1437 1349 Alterius
1460 1285 1585 1348 loannis

216 1391 358 1452 memoria
382 1397 429 1450 est
451 1389 532 1450 circa
555 1406 663 1450 annum
684 1385 711 1448 J.
735 1385 769 1448 C.
793 1383 947 1449 DCCCLl.
970 1386 1026 1447 sub
1050 1384 1158 1449 Cosma
1182 1385 1356 1450 Patriarcha
1377 1384 1585 1448 Alexandrino

216 1488 292 1553 niv.
314 1488 519 1570 redintegrata
539 1490 600 1570 jam
623 1504 690 1548 cum
714 1484 922 1562 Antiochenis,
945 1485 1220 1548 Alexandrinorum
1243 1486 1417 1549 concordia.
1440 1485 1586 1547 Diversus

217 1589 255 1651 ab
279 1588 337 1650 illis
360 1588 496 1651 omnibus
520 1588 574 1650 luit
595 1588 728 1650 loannes
751 1586 776 1647 is
801 1585 851 1666 qui
875 1603 952 1648 anno
975 1586 1002 1648 J.
1026 1584 1060 1648 C.
1083 1584 1318 1649 DCCCCLVlll.
1340 1604 1407 1648 eum
1430 1586 1467 1647 ab
1486 1584 1587 1664 lmpe-

217 1695 320 1749 ratore
332 1688 662 1768 Constantinopolitano
683 1687 714 1747 in
737 1686 843 1747 urbem
866 1687 1031 1747 accersitus
1046 1685 1154 1748 fuisset
1169 1703 1271 1748 coram
1284 1686 1401 1748 Graeco
1414 1683 1587 1747 Patriarcha

218 1789 344 1869 ejusque
368 1787 477 1864 Clero,
500 1787 680 1867 lmperiique
703 1785 887 1865 primatibus,
910 1784 998 1848 sidem
1020 1785 1214 1848 Jacobiticam
1236 1785 1450 1866 propugnavit,
1473 1791 1505 1845 ut
1520 1785 1599 1865 ipse'

218 1887 340 1965 scripsit
368 1888 398 1946 in
421 1885 499 1947 bene
522 1886 614 1967 longa
637 1885 675 1946 ad
697 1884 834 1946 hlcnnam
857 1884 1093 1947 Alexandrinum
1115 1884 1191 1949 LXl.
1214 1883 1366 1965 Epistola,
1395 1903 1483 1964 qnam
1506 1884 1588 1945 inte-

218 2004 303 2068 gram
326 1985 566 2066 repraesentavit
589 1993 677 2048 autor
700 1984 859 2047 Tractatus
883 1984 921 2045 de
943 1983 1016 2046 Fide
1040 1985 1169 2064 Petrum,
1193 1986 1223 2046 in
1247 1983 1359 2048 Codice
1378 1983 1586 2066 Segnioriano.

218 2083 305 2146 Alius
336 2086 406 2146 item
435 2083 490 2145 luit
512 2084 644 2147 loannes
668 2093 870 2165 cognomento
893 2083 971 2145 lilius
999 2083 1145 2158 Abdoun,
1175 2083 1346 2148 Patriarcha
1368 2082 1585 2159 Antiochenus,

219 2184 257 2245 de
281 2201 340 2263 quo
365 2183 496 2245 Historia
518 2182 724 2245 Alexandrina
747 2183 777 2244 in
793 2184 854 2245 vita
870 2183 1031 2246 Zachariae
1044 2183 1236 2246 Patriarchae
1249 2182 1352 2264 LXlV.
1367 2181 1473 2244 similia
1487 2198 1585 2261 prope

218 2291 331 2345 narrat.
370 2283 418 2345 Ad
441 2301 530 2363 quem
553 2302 593 2345 ex
614 2282 673 2345 iilis
696 2283 830 2367 Liturgia
854 2283 929 2346 haec
947 2282 1108 2345 referenda
1124 2285 1174 2362 sit,
1197 2302 1235 2346 ne
1251 2269 1587 2364 conjectandoquidem

219 2384 340 2463 assequi
362 2400 533 2463 possumus

305 2482 416 2543 Scriba
446 2489 572 2543 vocatus
601 2488 666 2560 est,
694 2481 720 2543 is
750 2479 876 2561 de‘qno
906 2481 1076 2561 quaeritur:
1108 2499 1167 2562 qua
1189 2499 1267 2544 voce
1289 2481 1416 2564 intelligi
1440 2481 1529 2543 dehet
1552 2481 1588 2558 is,

221 2600 308 2662 quem
332 2580 436 2642 eadem
459 2580 679 2663 significatione
704 2580 864 2643 Christiani
887 2580 1018 2642 Arabico
1041 2581 1227 2660 scribentes,
1249 2588 1361 2643 uocant
1384 2593 1476 2649 nith)
1498 2581 1588 2642 hotto

220 2699 237 2742 a
259 2698 347 2741 manu
369 2687 400 2741 ot
422 2698 439 2741 a
461 2681 589 2743 secretis
612 2680 865 2742 Patriarcharum:
912 2680 1020 2742 Graeci
1047 2680 1142 2762 vulgo
1169 2680 1323 2762 Spucetloo
1346 2681 1588 2761 appellaverunt3

218 2779 298 2841 unde
321 2780 462 2862 discitur,
491 2779 638 2841 loannem
660 2787 728 2841 ante
751 2797 838 2859 quam
861 2778 1094 2841 Patriarchalem
1117 2779 1292 2862 dignitatem
1315 2779 1483 2860 obtineret,
1507 2780 1590 2860 Syn-

219 2879 288 2941 celli
311 2879 390 2958 apud
412 2878 607 2941 decessorem
630 2897 716 2940 suum
738 2896 843 2940 munus
867 2879 1055 2943 exercuisse.
1182 2939 1187 2948 ,

305 2977 453 3039 Akoumio
475 2989 604 3045 smalh:
628 2995 690 3040 vox
713 2977 836 3058 Syriaca
859 2995 919 3040 non
943 2985 1004 3040 est:
1028 2996 1127 3059 neque
1152 2977 1190 3038 ad
1213 2975 1359 3040 Graecam
1382 2979 1441 3040 ulla
1463 2981 1589 3059 propius

219 3076 351 3155 accedit,
382 3095 469 3157 quam
504 3078 541 3139 ad
564 3066 736 3160 εἷκοίμητος
758 3095 817 3157 qua
839 3096 917 3140 uoce
939 3078 1184 3159 significabantur·
1205 3078 1345 3140 Monachi
1373 3080 1490 3142 illorum
1519 3082 1590 3143 hlo-

143 3169 146 3174 ’
217 3178 434 3255 hastariorum,
462 3179 492 3239 in
515 3177 622 3256 quihus
644 3184 792 3258 perpetua
814 3185 879 3239 erat
902 3177 1061 3240 chororum
1084 3175 1141 3239 sibi
1164 3177 1390 3242 succedentium
1412 3180 1587 3259 psalmodia,

219 3276 257 3338 de
280 3276 388 3358 quihus
412 3276 544 3352 erudite,
567 3284 600 3339 ut
621 3295 756 3357 semper,
780 3277 871 3338 multa
893 3276 1017 3359 collegit
1041 3279 1093 3339 Vir
1116 3275 1305 3340 Clarissimus
1329 3278 1456 3342 Carolus
1479 3280 1588 3341 Fraxi-
1675 3310 1678 3318 v

218 3393 294 3436 neus
318 3373 451 3458 Congius
481 3378 512 3437 in
542 3384 671 3456 utroque
694 3375 866 3454 Glossario,
896 3384 926 3438 et
957 3379 986 3438 in
1010 3376 1270 3458 Constantinopoli
1293 3375 1468 3441 Christiana.
1514 3378 1588 3442 Cum

218 3490 294 3534 vero
318 3474 409 3549 muita
432 3472 502 3536 olim
526 3473 637 3536 luerint
659 3475 760 3536 similis
784 3476 909 3537 instituti
930 3475 1129 3554 Monasteria,
1159 3476 1196 3538 ab
1220 3494 1280 3539 uno
1304 3477 1404 3559 aliquo
1428 3479 1468 3540 ita
1490 3478 1588 3542 deno-

218 3573 360 3635 minatum
382 3573 476 3635 luisse
498 3574 645 3636 loannem
667 3573 747 3636 illum
770 3574 932 3637 verisimile
955 3584 1011 3639 est.

308 3672 397 3744 Quod
419 3680 517 3735 autem
541 3673 579 3735 de
601 3675 751 3737 nonnullis
778 3673 857 3753 aliis,
888 3674 966 3737 idem
995 3673 1033 3737 de
1063 3673 1120 3737 hac
1149 3675 1284 3759 Liturgia
1310 3675 1501 3758 judicandum
1531 3688 1586 3758 est,

126 3850 128 3854 ἢ
218 3772 297 3833 illam
321 3790 391 3834 esse
413 3772 531 3835 scilicet
552 3775 702 3853 sequioris
725 3776 802 3848 aeui,
826 3774 905 3855 quod
929 3774 1015 3836 stilus
1037 3774 1230 3856 redundans,
1252 3784 1283 3839 et
1304 3777 1466 3839 verborum
1489 3779 1587 3857 copia,

219 3891 237 3933 a
260 3872 450 3953 simplicitate
480 3872 669 3955 degenerans
697 3874 879 3937 sufficienter
909 3873 1103 3936 demonstrat.
1147 3873 1212 3936 Nec
1233 3875 1347 3938 idcirco
1369 3877 1587 3939 contemnenda

219 3977 267 4032 est
295 3971 370 4033 haec
399 3971 549 4053 Liturgia,
584 3980 614 4034 et
636 3973 716 4053 quod
738 3993 804 4036 eam
827 3992 930 4038 omnes
954 3974 1078 4054 alicujus
1102 3975 1283 4056 antiquitatis
1307 3974 1436 4040 Codices
1459 3995 1588 4058 reprae-

219 4077 356 4132 sentant:
387 4079 417 4133 et
449 4071 529 4151 quod
559 4071 625 4134 aliis
654 4074 864 4136 vetustissimis
894 4074 1108 4154 cujuscumque
1140 4073 1259 4156 linguae
1290 4075 1452 4138 conformis
1483 4086 1529 4140 cst
1560 4079 1588 4139 in

220 4170 393 4251 praecipuis
422 4169 517 4233 Ollieii
544 4170 744 4234 Eucharistici
772 4174 922 4254 partibus3
953 4179 1014 4234 tum
1043 4172 1123 4252 quod
1150 4173 1261 4255 ubique
1290 4193 1393 4236 sanam
1416 4175 1454 4238 dc
1478 4175 1589 4239 Sacra-

221 4270 328 4330 mentis
358 4269 522 4331 doctrinam
551 4273 691 4334 continet.
744 4272 875 4335 Tandem
906 4273 931 4334 si
961 4272 1151 4352 eloquentiae
1186 4274 1328 4356 Syriacae
1357 4276 1473 4356 peritus
1503 4283 1589 4336 autor

221 4367 291 4447 luit,
322 4376 354 4429 ut
382 4386 456 4432 sane
485 4369 556 4433 fuit:
585 4388 646 4434 non
674 4373 842 4453 imperitum
872 4372 953 4434 illum
974 4390 1075 4434 rerum
1099 4373 1349 4458 Theologicarnm
1375 4374 1484 4452 luisse,
1517 4375 1588 4437 satis

223 4470 409 4549 agnoscitur.

533 4732 567 4803 2.
608 4732 743 4803 Coelcm
775 4736 877 4804 eliam
903 4738 938 4804 iu
966 4733 1073 4806 tridua
1098 4735 1276 4808 Ecclesiae,

315 4921 493 5000 Vnarsrmun
522 4945 569 4999 est
598 4942 732 4999 autorem
760 4936 798 4999 de
828 4939 923 5000 trihus
946 4937 1057 5017 coelis,
1090 4958 1167 5018 quae
1202 4940 1404 5021 metaphorice
1432 4941 1605 5016 Ecclesiae,

223 5046 323 5116 uocat,
347 5039 415 5118 quia
439 5038 479 5100 ihi
501 5048 648 5121 perpetuo
670 5040 808 5103 laudatur
826 5040 920 5118 Deus,
943 5060 1012 5105 esse
1035 5042 1270 5126 intelligendum.
1315 5044 1400 5117 Quae
1422 5043 1587 5127 sequuntur

225 5135 262 5198 de
285 5137 445 5217 spirituum
469 5139 645 5202 coelestium
657 5139 829 5222 Ordinibus,
852 5150 921 5203 sunt
944 5159 1091 5223 expressa
1113 5160 1154 5205 ex
1174 5142 1259 5206 libris
1272 5143 1310 5208 de
1321 5146 1447 5209 coelesti
1459 5148 1587 5210 llierar·
