4525 6034
689 604 740 677 48
1064 595 1684 683 observationes

688 787 885 868 Boderianus,
908 789 954 851 bis
977 797 1075 852 tamen
1092 789 1296 852 Orientalibus
1319 789 1415 851 literis
1433 789 1692 871 instructissimus,
1716 798 1748 852 ut
1771 789 1818 852 alii
1842 790 1893 870 qui
1915 810 1951 853 ex
1971 792 2045 855 simi-

687 887 767 949 libus
790 887 916 950 vocibus
940 890 1111 951 continuam
1135 889 1303 949 orationem
1326 888 1446 951 elllcere
1469 894 1671 953 tentaverunt.

380 992 519 1047 {ruissoli
534 991 675 1046 Chaldaico
775 986 989 1067 Quaecumque
1011 1005 1106 1068 porro
1129 986 1274 1048 translata
1297 995 1368 1049 sunt
1391 1006 1430 1048 ex
1453 987 1611 1049 Ministerii
1635 987 1711 1050 libro
1734 987 1847 1049 Romae
1872 986 1959 1067 edito,
1980 1008 2047 1053 con·

362 1077 460 1178 pomae
495 1079 566 1132 “¹5¹⁰
600 1079 675 1148 alm
687 1086 821 1150 sentiunt
844 1104 912 1148 cum
933 1088 1006 1150 blss.
1031 1086 1274 1168 exemplaribus:
1302 1088 1361 1148 imo
1385 1079 1527 1147 nonnulla
1550 1086 1579 1146 in
1602 1085 1717 1148 blissali
1740 1092 1851 1147 rnutata
1875 1094 1956 1164 sunt,
1981 1108 2047 1168 quae

361 1167 525 1233 ¹⁰⁸⁰‘P⁰¹⁸¹⁸·
685 1187 718 1247 in
741 1186 838 1248 altero
861 1186 983 1267 integra
1005 1186 1215 1266 reperiuntur,
1246 1184 1382 1266 quamvis
1403 1185 1460 1247 iste
1483 1185 1606 1247 biennio
1636 1193 1666 1246 et
1690 1185 1815 1267 amplius
1838 1193 1943 1267 postea
1965 1187 2048 1250 editus

255 1274 258 1279 ’
668 1283 785 1349 luerit.
829 1282 936 1365 Neque
960 1284 1039 1346 enim
1062 1284 1141 1345 liber
1159 1283 1222 1362 ille,
1240 1284 1433 1345 necessarius
1446 1283 1527 1359 licet,
1549 1284 1767 1366 llaronitisque
1781 1302 1874 1365 saepe
1890 1285 2048 1366 promissus,

686 1384 787 1444 statiua
809 1390 900 1463 atque
922 1383 1014 1445 editio
1038 1382 1175 1445 absoluta
1199 1390 1257 1461 est,
1280 1381 1448 1463 publicatus
1473 1382 1538 1461 luit,
1562 1401 1629 1445 cum
1653 1392 1756 1445 essent
1778 1382 1914 1445 homines
1935 1386 2047 1446 metiou-
2084 1392 2089 1405 “

685 1481 759 1559 losi,
782 1482 890 1562 quibus
914 1482 1117 1563 periculosum
1136 1482 1335 1563 judicaretur,
1359 1481 1461 1544 Olboia
1476 1482 1587 1544 Missae
1610 1480 1813 1544 celebrandae
1836 1483 1978 1562 publican'
1999 1484 2046 1544 sub

687 1580 783 1643 oculis
800 1587 830 1642 et
845 1583 1004 1643 autoritate
1016 1581 1177 1658 Pontilieis,
1202 1599 1279 1661 quac
1296 1588 1327 1643 ct
1346 1579 1458 1662 lingua,
1481 1588 1514 1642 ut
1536 1580 1691 1662 putabant,
1715 1580 1890 1660 vernacula,
1917 1589 1946 1642 et
1966 1582 2047 1645 torma

685 1698 765 1760 quae
786 1679 938 1742 Romanae
961 1699 1022 1743 non
1044 1680 1134 1762 plane
1156 1680 1369 1760 responderet,
1393 1679 1632 1743 celebrarentur.
1678 1678 1721 1741 lta
1745 1677 1854 1741 lactum
1879 1687 1910 1741 ut
1925 1682 2049 1741 eumab·

685 1778 785 1840 soluta
806 1776 915 1841 luisset
938 1779 1030 1841 editio
1055 1797 1134 1841 anno
1156 1776 1305 1840 MDXCll.
1334 1796 1501 1858 suppressa
1529 1777 1651 1840 biennio
1682 1779 1803 1840 circiter
1826 1776 1931 1857 luerit,
1961 1788 1991 1841 ut
2016 1799 2049 1842 ex

686 1876 792 1955 primis
815 1876 894 1939 loliis
917 1877 1106 1940 manifestum
1130 1885 1187 1941 est.
1218 1877 1294 1939 Nam
1307 1875 1453 1955 Latinum,
1478 1895 1537 1958 quo
1562 1877 1664 1939 titulus
1681 1878 1751 1940 libri
1773 1879 2049 1941 contineturaunum

684 1974 850 2041 lllDXClV.
872 1975 1021 2057 praefert:
1046 1976 1204 2057 Syriacum
1226 1994 1335 2038 annum
1353 1974 1502 2041 llDXCll.
1525 1976 1647 2039 Memini
1669 1978 1759 2038 etiam
1783 1977 1935 2039 audiuisse
1957 1998 1973 2061 a
1993 1997 2049 2039 nra-

681 2075 801 2156 joribus
815 2084 897 2154 natu,
909 2084 940 2138 et
954 2094 971 2137 a
986 2077 1051 2138 viro
1068 2075 1253 2155 Clarissimo,
1266 2075 1511 2157 Linguarumque
1526 2074 1721 2138 Orientalium
1742 2076 1926 2156 peritissimo
1941 2074 2048 2139 Claudio

686 2172 803 2254 Hardy,
837 2192 875 2237 eo
905 2192 969 2236 reru
999 2174 1179 2254 devenisse,
1214 2183 1246 2236 ut
1274 2183 1367 2237 totam
1395 2174 1557 2237 editionem
1580 2175 1772 2255 supprimere
1794 2181 1937 2236 statutum
1958 2174 2048 2246 luerit3

688 2271 879 2338 Cardinalem
901 2291 978 2336 vero
1000 2273 1178 2336 Perronium
1200 2273 1313 2337 Romae
1337 2292 1404 2336 cum
1428 2282 1527 2352 esset,
1552 2274 1686 2337 suasisse
1714 2283 1747 2336 ut
1768 2273 1846 2335 liber
1864 2273 1980 2354 publice
2001 2292 2049 2333 ex-

685 2380 864 2452 poneretur,
888 2373 970 2454 quod
992 2391 1054 2435 non
1076 2374 1135 2436 nisi
1158 2381 1229 2454 post
1253 2372 1367 2454 aliquot
1390 2391 1485 2435 annos
1509 2372 1546 2435 ab
1570 2371 1703 2434 editione
1727 2370 1868 2434 effectum
1892 2380 1946 2434 est.
1988 2370 2049 2431 Sunt

685 2472 767 2533 enim
781 2473 966 2553 exemplaria
979 2489 1056 2553 quae
1073 2490 1183 2535 annum
1206 2491 1295 2553 quem
1319 2471 1448 2534 diximus
1470 2473 1501 2533 in
1524 2470 1624 2533 lronte
1647 2487 1708 2531 non
1730 2469 1919 2552 praeierant:
1942 2477 1972 2531 ut
1991 2474 2050 2530 sunt

685 2571 830 2633 nonnulla
853 2573 883 2633 in
906 2572 1014 2653 quibus
1037 2570 1186 2634 Praelatio
1203 2572 1417 2634 Maronitarum
1430 2572 1551 2634 nomine
1565 2570 1776 2651 praemittitur,
1800 2571 1830 2629 in
1854 2587 1914 2649 qua
1937 2570 2048 2649 maJores

683 2686 759 2731 suos
781 2670 904 2733 laudant
926 2686 1125 2753 magnopere,
1149 2672 1235 2753 quasi
1250 2669 1446 2733 Ortbodoxae
1469 2669 1538 2732 fidei
1553 2676 1720 2750 perpetuos
1738 2665 1904 2729 inOriente
1922 2667 2048 2728 vindices.

683 2766 725 2828 At
755 2767 805 2829 illa
834 2768 985 2832 Praelatio
1015 2771 1046 2830 in
1074 2769 1230 2851 plerisque
1260 2768 1484 2848 exemplaribus
1514 2785 1575 2830 non
1605 2767 1768 2849 reperitur.
1815 2765 1962 2828 Consulto
1989 2782 2049 2826 sane

684 2864 833 2946 lecerunt,
857 2869 908 2949 qui
931 2871 1034 2931 inanes
1058 2867 1124 2931 illas
1148 2867 1265 2947 laudes,
1289 2866 1397 2947 quibus
1421 2866 1546 2928 historia
1562 2865 1777 2928 Ecclesiastioa
1801 2864 2003 2942 conturbatur,
2023 2870 2048 2923 et

683 2967 872 3050 gravissimis
897 2967 1051 3031 autoribus
1080 2967 1158 3030 fides
1189 2965 1371 3049 abrogatur,
1401 2964 1614 3047 improbandas
1644 2971 1835 3027 censuerunt.
1884 2964 1942 3028 Sed
1971 2962 2047 3025 mullo

683 3067 780 3146 magis
804 3082 913 3127 curare
936 3064 1123 3146 debuerant,
1146 3085 1185 3129 ne
1207 3068 1237 3129 in
1258 3065 1416 3146 Diptyclris
1439 3067 1519 3127 inter
1535 3072 1674 3141 sanctos,
1698 3063 1878 3139 Barsomas,
1902 3071 1933 3125 et
1954 3064 2048 3143 aliquot

683 3165 736 3228 alii
757 3164 905 3227 baeretici
927 3166 1165 3246 nominarentur,
1190 3165 1270 3246 quod
1294 3167 1397 3227 vitium
1421 3165 1526 3227 oculos
1549 3182 1709 3226 censorum
1732 3162 1849 3246 ellugit,
1875 3159 2047 3224 euminaliis

647 3304 651 3315 ·
685 3264 805 3326 nimium
835 3263 946 3326 oculati
976 3263 1071 3327 luisse
1101 3264 1277 3342 videantur,
1308 3263 1376 3326 dum
1407 3262 1546 3324 mutanda
1571 3263 1785 3344 judicaverunt
1814 3260 1958 3341 plurima,
1984 3275 2047 3340 quac

685 3365 834 3425 communi
857 3365 987 3425 oninium
998 3365 1204 3427 Ecclesiarum
1227 3364 1388 3426 traditione
1411 3363 1634 3440 consumantur,
1657 3368 1690 3423 ut
1712 3359 1808 3422 sonna
1832 3360 2047 3423 verbornmsa-

687 3462 922 3539 eramentalium,
945 3470 975 3524 et
989 3463 1138 3544 quaedam
1153 3463 1220 3525 alia.
1244 3463 1291 3525 Ex
1313 3462 1366 3525 illo
1388 3463 1455 3525 solo
1479 3461 1619 3542 exemplo
1643 3460 1717 3522 satis
1741 3459 1931 3542 intelligitur,
1954 3462 2047 3538 quanto

685 3561 823 3640 periculo
854 3561 995 3642 neglecta
1024 3560 1136 3624 luerint
1166 3561 1361 3624 Orientalium
1389 3561 1557 3644 linguarum
1585 3558 1700 3638 studia,
1731 3559 1845 3621 llomae
1875 3558 2046 3640 praesertin,

685 3660 738 3722 ubl
768 3659 945 3722 Christianis
977 3660 1180 3723 Orientalibus
1211 3663 1262 3741 qui
1292 3662 1329 3723 ad
1358 3662 1500 3722 unitatem
1526 3658 1710 3722 Catlrollcam
1732 3657 1863 3719 redeunt
1882 3658 1933 3739 jus
1955 3657 2047 3719 dictum

611 3743 622 3765 χ
687 3766 745 3836 est,
768 3760 933 3821 secundum
955 3760 1072 3821 illorum
1095 3760 1247 3823 bominum
1270 3762 1466 3838 sententiam,
1491 3760 1541 3841 qui
1564 3777 1664 3839 neque
1687 3757 1870 3836 linguarum,
1895 3774 1988 3835 neque
2007 3751 2046 3839 dij

687 3858 833 3939 sciplinae
856 3856 1090 3920 Ecclesiastioae
1119 3860 1193 3921 satis
1216 3859 1320 3940 periti,
1344 3860 1469 3921 culicem
1494 3857 1644 3935 colantes,
1669 3864 1699 3918 et
1723 3855 1871 3917 camelum
1893 3855 2047 3936 glutientes,

686 3975 765 4036 quae
789 3956 955 4018 damnanda
977 3965 1046 4019 sunt
1068 3957 1251 4039 probavere,
1274 3958 1394 4020 innoxia
1419 3957 1671 4034 condemnavere,
1695 3973 1755 4017 non
1778 3955 1845 4017 sine
1870 3955 1981 4016 veteris
1996 3949 2048 4010 Ec·

687 4056 800 4118 clesiae
824 4056 1013 4135 contumelia,
1037 4064 1067 4118 et
1090 4057 1329 4120 Christianorum
1353 4055 1548 4118 Orientalium
1571 4053 1727 4117 scandalo.
1755 4053 1821 4114 Jam
1834 4053 1873 4115 ad
1888 4044 2047 4132 explicanda

687 4173 765 4236 quae
789 4136 892 4218 Olllolo
916 4154 1052 4238 generali
1075 4157 1284 4233 continentur,
1308 4154 1489 4218 veniendum
1512 4163 1567 4217 est.

395 4430 425 4486 Ρ.
445 4434 469 4487 1.
885 4422 896 4441 '
967 4416 1143 4488 Sacerdos
1170 4417 1372 4509 quotidiano
1398 4423 1491 4486 ceste
1518 4415 1686 4508 deposito,
1715 4419 1778 4483 elo.

376 4648 519 4709 Diversum
537 4672 673 4710 caeremo.
779 4628 922 4720 quuvrs
945 4656 1006 4701 non
1029 4638 1139 4719 exigua
1163 4639 1202 4700 sit
1224 4638 1303 4700 inter
1326 4636 1400 4699 ritus
1415 4636 1585 4698 Orientales
1609 4634 1779 4711 diversitas,
1803 4632 1854 4694 illa
1878 4638 1982 4705 tamen,
2002 4642 2047 4687 ac·

359 4739 671 4806 uiarum‘ineolemrnu.
686 4752 791 4807 curate
813 4742 976 4824 loquendo,
1000 4759 1060 4804 non
1083 4748 1164 4804 tanta
1188 4747 1235 4803 est
1257 4758 1346 4821 quam
1367 4758 1444 4820 quae
1459 4740 1641 4802 observatur
1653 4736 1905 4800 interRomanum
1919 4730 2046 4801 Officium,

685 4843 905 4924 Gregorianum
922 4849 953 4904 et
966 4840 1210 4919 Ambrosianum,
1236 4839 1403 4918 Gothicum,
1430 4839 1624 4914 Gallicanum,
1647 4835 1880 4912 Mosarabicum,
1904 4841 1933 4896 et
1954 4832 2046 4911 singu-

685 4943 768 5004 lares
791 4941 938 5022 quosdam
961 4941 1056 5019 alios,
1081 4941 1132 5021 qui
1154 4940 1185 5000 in
1206 4937 1353 5002 Ecclesiis
1377 4938 1476 5002 multis
1498 4938 1685 5021 insignibus,
1717 4943 1748 4999 et
1775 4936 1803 4997 in
1826 4926 1984 5014 Religiosis
2005 4925 2045 4987 la-

685 5042 773 5103 miliis
796 5041 855 5104 buu
876 5059 974 5121 usque
997 5047 1168 5103 servantur,
1214 5038 1320 5101 Omnia
1343 5039 1455 5120 quippe
1484 5038 1515 5101 in
1537 5037 1671 5101 Romano
1695 5034 1798 5098 Olllcio
1829 5031 1951 5096 lundata
1977 5031 2045 5103 suot,
