<?xml version="1.0" encoding="UTF-8"?>
<!DOCTYPE html PUBLIC "-//W3C//DTD XHTML 1.0 Transitional//EN"
    "http://www.w3.org/TR/xhtml1/DTD/xhtml1-transitional.dtd">
<html xmlns="http://www.w3.org/1999/xhtml" xml:lang="en" lang="en">
 <head>
  <title>
</title>
<meta http-equiv="Content-Type" content="text/html;charset=utf-8" />
  <meta name='ocr-system' content='tesseract 3.04.00' />
  <meta name='ocr-capabilities' content='ocr_page ocr_carea ocr_par ocr_line ocrx_word'/>
</head>
<body>
  <div class='ocr_page' id='page_1' title='image "./liturgiarumorie00unkngoog/liturgiarumorie00unkngoog_1245.png"; bbox 0 0 4525 6034; ppageno 0'>
   <div class='ocr_carea' id='block_1_1' title="bbox 409 614 1604 698">
    <p class='ocr_par' dir='ltr' id='par_1_1' title="bbox 409 614 1604 698">
     <span class='ocr_line' id='line_1_1' title="bbox 409 614 1604 698; baseline -0.001 -4"><span class='ocrx_word' id='word_1_1' title='bbox 409 617 450 694; x_wconf 84' lang='lat' dir='ltr'>tn</span> <span class='ocrx_word' id='word_1_2' title='bbox 475 615 683 693; x_wconf 69' lang='lat' dir='ltr'>tumnultu</span> <span class='ocrx_word' id='word_1_3' title='bbox 706 615 853 694; x_wconf 78' lang='lat' dir='ltr'>tenurit</span> <span class='ocrx_word' id='word_1_4' title='bbox 877 614 1145 693; x_wconf 71' lang='lat' dir='ltr'>inmundum</span> <span class='ocrx_word' id='word_1_5' title='bbox 1171 614 1415 696; x_wconf 73' lang='lat' dir='ltr'>Antiochum.</span> <span class='ocrx_word' id='word_1_6' title='bbox 1527 617 1604 698; x_wconf 76' lang='lat'>539</span> 
     </span>
    </p>
   </div>
   <div class='ocr_carea' id='block_1_2' title="bbox 225 799 1646 1084">
    <p class='ocr_par' dir='ltr' id='par_1_2' title="bbox 225 799 1646 1084">
     <span class='ocr_line' id='line_1_2' title="bbox 225 799 1604 885; baseline 0.001 -19"><span class='ocrx_word' id='word_1_7' title='bbox 225 802 399 880; x_wconf 82' lang='lat' dir='ltr'>scarabant,</span> <span class='ocrx_word' id='word_1_8' title='bbox 423 809 453 864; x_wconf 92' lang='lat' dir='ltr'>et</span> <span class='ocrx_word' id='word_1_9' title='bbox 475 799 627 863; x_wconf 85' lang='lat' dir='ltr'>inflabant.</span> <span class='ocrx_word' id='word_1_10' title='bbox 671 801 785 863; x_wconf 86' lang='lat' dir='ltr'>Verum</span> <span class='ocrx_word' id='word_1_11' title='bbox 808 800 844 864; x_wconf 93' lang='lat' dir='ltr'>ab</span> <span class='ocrx_word' id='word_1_12' title='bbox 867 800 1019 867; x_wconf 85' lang='lat' dir='ltr'>Arabibus</span> <span class='ocrx_word' id='word_1_13' title='bbox 1042 819 1146 864; x_wconf 90' lang='lat' dir='ltr'>rerum</span> <span class='ocrx_word' id='word_1_14' title='bbox 1169 800 1313 880; x_wconf 85' lang='lat' dir='ltr'>dominis,</span> <span class='ocrx_word' id='word_1_15' title='bbox 1344 802 1382 864; x_wconf 92' lang='lat' dir='ltr'>ad</span> <span class='ocrx_word' id='word_1_16' title='bbox 1405 799 1501 885; x_wconf 81' lang='lat' dir='ltr'>Syros</span> <span class='ocrx_word' id='word_1_17' title='bbox 1524 801 1604 867; x_wconf 89' lang='lat' dir='ltr'>haec</span> 
     </span>
     <span class='ocr_line' id='line_1_3' title="bbox 226 898 1604 988; baseline 0.001 -25"><span class='ocrx_word' id='word_1_18' title='bbox 226 903 369 985; x_wconf 89' lang='lat' dir='ltr'>contagio</span> <span class='ocrx_word' id='word_1_19' title='bbox 392 901 540 988; x_wconf 76' lang='lat' dir='ltr'>pervasit:</span> <span class='ocrx_word' id='word_1_20' title='bbox 570 898 691 963; x_wconf 80' lang='lat' dir='ltr'>Arabes</span> <span class='ocrx_word' id='word_1_21' title='bbox 715 901 793 963; x_wconf 90' lang='lat' dir='ltr'>enim</span> <span class='ocrx_word' id='word_1_22' title='bbox 815 908 887 963; x_wconf 89' lang='lat' dir='ltr'>tnnc</span> <span class='ocrx_word' id='word_1_23' title='bbox 910 919 944 964; x_wconf 88' lang='lat' dir='ltr'>se</span> <span class='ocrx_word' id='word_1_24' title='bbox 967 902 1158 964; x_wconf 85' lang='lat' dir='ltr'>amatissime</span> <span class='ocrx_word' id='word_1_25' title='bbox 1181 900 1295 965; x_wconf 80' lang='lat' dir='ltr'>dixisse</span> <span class='ocrx_word' id='word_1_26' title='bbox 1318 902 1507 981; x_wconf 85' lang='lat' dir='ltr'>existimant,</span> <span class='ocrx_word' id='word_1_27' title='bbox 1536 922 1604 965; x_wconf 90' lang='lat' dir='ltr'>cum</span> 
     </span>
     <span class='ocr_line' id='line_1_4' title="bbox 226 988 1646 1084; baseline 0.004 -23"><span class='ocrx_word' id='word_1_28' title='bbox 226 1015 396 1080; x_wconf 77' lang='lat' dir='ltr'>synonyma</span> <span class='ocrx_word' id='word_1_29' title='bbox 408 1007 438 1062; x_wconf 92' lang='lat' dir='ltr'>et</span> <span class='ocrx_word' id='word_1_30' title='bbox 450 998 583 1080; x_wconf 87' lang='lat' dir='ltr'>epitheta</span> <span class='ocrx_word' id='word_1_31' title='bbox 598 999 832 1076; x_wconf 76' lang='lat' dir='ltr'><strong>accumulantes,</strong></span> <span class='ocrx_word' id='word_1_32' title='bbox 846 1001 974 1063; x_wconf 90' lang='lat' dir='ltr'>vocibus</span> <span class='ocrx_word' id='word_1_33' title='bbox 991 1000 1120 1081; x_wconf 75' lang='lat' dir='ltr'>antiquis</span> <span class='ocrx_word' id='word_1_34' title='bbox 1133 1008 1164 1063; x_wconf 91' lang='lat' dir='ltr'>et</span> <span class='ocrx_word' id='word_1_35' title='bbox 1174 1001 1305 1065; x_wconf 79' lang='lat' dir='ltr'><strong>exoletis</strong></span> <span class='ocrx_word' id='word_1_36' title='bbox 1319 1021 1375 1084; x_wconf 90' lang='lat' dir='ltr'>per</span> <span class='ocrx_word' id='word_1_37' title='bbox 1390 988 1605 1079; x_wconf 83' lang='grc' dir='ltr'><strong><em>ὁμοιόπτωτα</em></strong></span> <span class='ocrx_word' id='word_1_38' title='bbox 1634 1031 1646 1053; x_wconf 58' lang='lat' dir='ltr'>s</span> 
     </span>
    </p>
   </div>
   <div class='ocr_carea' id='block_1_3' title="bbox 227 1097 1605 1562">
    <p class='ocr_par' dir='ltr' id='par_1_3' title="bbox 227 1097 1605 1562">
     <span class='ocr_line' id='line_1_5' title="bbox 227 1097 1605 1180; baseline 0.004 -21"><span class='ocrx_word' id='word_1_39' title='bbox 227 1097 404 1178; x_wconf 76' lang='lat' dir='ltr'>distributis,</span> <span class='ocrx_word' id='word_1_40' title='bbox 426 1117 478 1161; x_wconf 90' lang='lat' dir='ltr'>res</span> <span class='ocrx_word' id='word_1_41' title='bbox 501 1097 600 1161; x_wconf 90' lang='lat' dir='ltr'>claras</span> <span class='ocrx_word' id='word_1_42' title='bbox 623 1108 653 1162; x_wconf 92' lang='lat' dir='ltr'>et</span> <span class='ocrx_word' id='word_1_43' title='bbox 676 1098 827 1180; x_wconf 83' lang='lat' dir='ltr'>simplices</span> <span class='ocrx_word' id='word_1_44' title='bbox 849 1100 1017 1180; x_wconf 83' lang='lat' dir='ltr'>involvunt,</span> <span class='ocrx_word' id='word_1_45' title='bbox 1040 1108 1073 1163; x_wconf 92' lang='lat' dir='ltr'>ut</span> <span class='ocrx_word' id='word_1_46' title='bbox 1095 1101 1329 1164; x_wconf 73' lang='lat' dir='ltr'>obscurissime</span> <span class='ocrx_word' id='word_1_47' title='bbox 1352 1101 1434 1166; x_wconf 87' lang='lat' dir='ltr'>hant.</span> <span class='ocrx_word' id='word_1_48' title='bbox 1470 1102 1535 1165; x_wconf 88' lang='lat' dir='ltr'>Hoc</span> <span class='ocrx_word' id='word_1_49' title='bbox 1554 1104 1605 1165; x_wconf 80' lang='lat' dir='ltr'>vi-</span> 
     </span>
     <span class='ocr_line' id='line_1_6' title="bbox 227 1197 1601 1283; baseline 0.005 -24"><span class='ocrx_word' id='word_1_50' title='bbox 227 1199 269 1260; x_wconf 94' lang='lat' dir='ltr'>tio</span> <span class='ocrx_word' id='word_1_51' title='bbox 293 1197 451 1261; x_wconf 88' lang='lat' dir='ltr'>laborasse</span> <span class='ocrx_word' id='word_1_52' title='bbox 472 1198 623 1280; x_wconf 88' lang='lat' dir='ltr'>sequioris</span> <span class='ocrx_word' id='word_1_53' title='bbox 647 1200 715 1261; x_wconf 86' lang='lat' dir='ltr'>aevi</span> <span class='ocrx_word' id='word_1_54' title='bbox 737 1200 832 1280; x_wconf 80' lang='lat' dir='ltr'>Syros</span> <span class='ocrx_word' id='word_1_55' title='bbox 860 1199 940 1276; x_wconf 88' lang='lat' dir='ltr'>illos,</span> <span class='ocrx_word' id='word_1_56' title='bbox 963 1199 1166 1280; x_wconf 77' lang='lat' dir='ltr'>posteriorum</span> <span class='ocrx_word' id='word_1_57' title='bbox 1192 1200 1396 1283; x_wconf 89' lang='lat' dir='ltr'>Liturgiarum</span> <span class='ocrx_word' id='word_1_58' title='bbox 1424 1202 1601 1283; x_wconf 77' lang='lat' dir='ltr'>scriptores,</span> 
     </span>
     <span class='ocr_line' id='line_1_7' title="bbox 227 1297 1603 1382; baseline 0.005 -24"><span class='ocrx_word' id='word_1_59' title='bbox 227 1315 268 1358; x_wconf 86' lang='lat' dir='ltr'>cx</span> <span class='ocrx_word' id='word_1_60' title='bbox 289 1297 355 1378; x_wconf 92' lang='lat' dir='ltr'>ipsa</span> <span class='ocrx_word' id='word_1_61' title='bbox 377 1298 521 1361; x_wconf 85' lang='lat' dir='ltr'>versione</span> <span class='ocrx_word' id='word_1_62' title='bbox 545 1315 715 1379; x_wconf 75' lang='lat' dir='ltr'>agnoscere</span> <span class='ocrx_word' id='word_1_63' title='bbox 737 1298 825 1362; x_wconf 87' lang='lat' dir='ltr'>facile</span> <span class='ocrx_word' id='word_1_64' title='bbox 844 1306 901 1378; x_wconf 88' lang='lat' dir='ltr'>est,</span> <span class='ocrx_word' id='word_1_65' title='bbox 924 1316 1003 1380; x_wconf 89' lang='lat' dir='ltr'>quae</span> <span class='ocrx_word' id='word_1_66' title='bbox 1025 1298 1245 1382; x_wconf 89' lang='lat' dir='ltr'>ideircolonge</span> <span class='ocrx_word' id='word_1_67' title='bbox 1261 1299 1329 1381; x_wconf 91' lang='lat' dir='ltr'>plus</span> <span class='ocrx_word' id='word_1_68' title='bbox 1352 1318 1440 1381; x_wconf 93' lang='lat' dir='ltr'>quam</span> <span class='ocrx_word' id='word_1_69' title='bbox 1465 1300 1603 1382; x_wconf 90' lang='lat' dir='ltr'>reliquae</span> 
     </span>
     <span class='ocr_line' id='line_1_8' title="bbox 227 1394 1602 1482; baseline 0.004 -24"><span class='ocrx_word' id='word_1_70' title='bbox 227 1394 407 1460; x_wconf 83' lang='lat' dir='ltr'>difficultatis</span> <span class='ocrx_word' id='word_1_71' title='bbox 429 1396 547 1474; x_wconf 91' lang='lat' dir='ltr'>obtulit,</span> <span class='ocrx_word' id='word_1_72' title='bbox 569 1406 602 1460; x_wconf 91' lang='lat' dir='ltr'>ut</span> <span class='ocrx_word' id='word_1_73' title='bbox 624 1397 701 1461; x_wconf 91' lang='lat' dir='ltr'>aliae</span> <span class='ocrx_word' id='word_1_74' title='bbox 724 1397 832 1462; x_wconf 90' lang='lat' dir='ltr'>eodem</span> <span class='ocrx_word' id='word_1_75' title='bbox 849 1398 919 1462; x_wconf 91' lang='lat' dir='ltr'>stilo</span> <span class='ocrx_word' id='word_1_76' title='bbox 932 1400 1075 1480; x_wconf 88' lang='lat' dir='ltr'>scriptae.</span> <span class='ocrx_word' id='word_1_77' title='bbox 1098 1398 1132 1460; x_wconf 82' lang='lat' dir='ltr'>ha</span> <span class='ocrx_word' id='word_1_78' title='bbox 1155 1399 1212 1461; x_wconf 89' lang='lat' dir='ltr'>ista</span> <span class='ocrx_word' id='word_1_79' title='bbox 1234 1417 1310 1462; x_wconf 90' lang='lat' dir='ltr'>vcro</span> <span class='ocrx_word' id='word_1_80' title='bbox 1333 1417 1431 1480; x_wconf 90' lang='lat' dir='ltr'>pauca</span> <span class='ocrx_word' id='word_1_81' title='bbox 1454 1399 1602 1482; x_wconf 89' lang='lat' dir='ltr'>quaedam</span> 
     </span>
     <span class='ocr_line' id='line_1_9' title="bbox 227 1494 465 1562; baseline 0.021 -6"><span class='ocrx_word' id='word_1_82' title='bbox 227 1494 465 1562; x_wconf 76' lang='lat' dir='ltr'>observabimus.</span> 
     </span>
    </p>
   </div>
   <div class='ocr_carea' id='block_1_4' title="bbox 661 1792 1160 1888">
    <p class='ocr_par' dir='ltr' id='par_1_4' title="bbox 661 1792 1160 1888">
     <span class='ocr_line' id='line_1_10' title="bbox 661 1792 1160 1888; baseline 0.004 -25"><span class='ocrx_word' id='word_1_83' title='bbox 661 1793 698 1872; x_wconf 76' lang='lat'>2,</span> <span class='ocrx_word' id='word_1_84' title='bbox 735 1792 888 1863; x_wconf 77' lang='lat' dir='ltr'>dissime</span> <span class='ocrx_word' id='word_1_85' title='bbox 913 1815 997 1865; x_wconf 82' lang='lat' dir='ltr'>uero</span> <span class='ocrx_word' id='word_1_86' title='bbox 1023 1794 1160 1888; x_wconf 65' lang='lat' dir='ltr'>⁴‘tarpeii</span> 
     </span>
    </p>
   </div>
   <div class='ocr_carea' id='block_1_5' title="bbox 225 2001 1603 2597">
    <p class='ocr_par' dir='ltr' id='par_1_5' title="bbox 225 2001 1603 2597">
     <span class='ocr_line' id='line_1_11' title="bbox 342 2001 1602 2097; baseline -0.003 -18"><span class='ocrx_word' id='word_1_87' title='bbox 342 2001 435 2079; x_wconf 80' lang='lat' dir='ltr'>lsran</span> <span class='ocrx_word' id='word_1_88' title='bbox 465 2014 503 2076; x_wconf 87' lang='lat' dir='ltr'>de</span> <span class='ocrx_word' id='word_1_89' title='bbox 534 2012 711 2076; x_wconf 89' lang='lat' dir='ltr'>Hierarcbia</span> <span class='ocrx_word' id='word_1_90' title='bbox 747 2014 846 2076; x_wconf 90' lang='lat' dir='ltr'>divina</span> <span class='ocrx_word' id='word_1_91' title='bbox 875 2011 1072 2097; x_wconf 77' lang='lat' dir='ltr'>&#39;theologiam</span> <span class='ocrx_word' id='word_1_92' title='bbox 1104 2012 1173 2095; x_wconf 80' lang='lat' dir='ltr'>Syri</span> <span class='ocrx_word' id='word_1_93' title='bbox 1203 2022 1233 2077; x_wconf 89' lang='lat' dir='ltr'>et</span> <span class='ocrx_word' id='word_1_94' title='bbox 1261 2013 1399 2095; x_wconf 88' lang='lat' dir='ltr'>plerique</span> <span class='ocrx_word' id='word_1_95' title='bbox 1431 2011 1602 2075; x_wconf 87' lang='lat' dir='ltr'>Orientales</span> 
     </span>
     <span class='ocr_line' id='line_1_12' title="bbox 227 2115 1601 2199; baseline 0.001 -22"><span class='ocrx_word' id='word_1_96' title='bbox 227 2133 416 2179; x_wconf 90' lang='lat' dir='ltr'>communem</span> <span class='ocrx_word' id='word_1_97' title='bbox 438 2116 559 2195; x_wconf 86' lang='lat' dir='ltr'>habent,</span> <span class='ocrx_word' id='word_1_98' title='bbox 583 2124 738 2199; x_wconf 88' lang='lat' dir='ltr'>acceptam</span> <span class='ocrx_word' id='word_1_99' title='bbox 767 2137 807 2180; x_wconf 83' lang='lat' dir='ltr'>ex</span> <span class='ocrx_word' id='word_1_100' title='bbox 834 2117 982 2197; x_wconf 81' lang='lat' dir='ltr'>Dionysio</span> <span class='ocrx_word' id='word_1_101' title='bbox 1004 2115 1212 2198; x_wconf 77' lang='lat' dir='ltr'>Areopagitae</span> <span class='ocrx_word' id='word_1_102' title='bbox 1241 2116 1360 2178; x_wconf 87' lang='lat' dir='ltr'>tributis</span> <span class='ocrx_word' id='word_1_103' title='bbox 1391 2115 1494 2192; x_wconf 90' lang='lat' dir='ltr'>libris,</span> <span class='ocrx_word' id='word_1_104' title='bbox 1525 2133 1601 2198; x_wconf 91' lang='lat' dir='ltr'>quos</span> 
     </span>
     <span class='ocr_line' id='line_1_13' title="bbox 226 2207 1601 2299; baseline 0 -21"><span class='ocrx_word' id='word_1_105' title='bbox 226 2216 311 2278; x_wconf 89' lang='lat' dir='ltr'>Pauli</span> <span class='ocrx_word' id='word_1_106' title='bbox 332 2217 481 2299; x_wconf 87' lang='lat' dir='ltr'>discipulo</span> <span class='ocrx_word' id='word_1_107' title='bbox 504 2216 655 2280; x_wconf 85' lang='lat' dir='ltr'>vindicant</span> <span class='ocrx_word' id='word_1_108' title='bbox 676 2216 835 2280; x_wconf 88' lang='lat' dir='ltr'>Jacobitae</span> <span class='ocrx_word' id='word_1_109' title='bbox 864 2234 939 2298; x_wconf 90' lang='lat' dir='ltr'>prae</span> <span class='ocrx_word' id='word_1_110' title='bbox 970 2217 1117 2295; x_wconf 88' lang='lat' dir='ltr'>caeteris,</span> <span class='ocrx_word' id='word_1_111' title='bbox 1149 2234 1187 2279; x_wconf 90' lang='lat' dir='ltr'>eo</span> <span class='ocrx_word' id='word_1_112' title='bbox 1217 2207 1333 2296; x_wconf 85' lang='lat' dir='ltr'>magis,</span> <span class='ocrx_word' id='word_1_113' title='bbox 1364 2215 1443 2297; x_wconf 90' lang='lat' dir='ltr'>quod</span> <span class='ocrx_word' id='word_1_114' title='bbox 1475 2215 1512 2278; x_wconf 92' lang='lat' dir='ltr'>ab</span> <span class='ocrx_word' id='word_1_115' title='bbox 1542 2213 1601 2278; x_wconf 89' lang='lat' dir='ltr'>illis</span> 
     </span>
     <span class='ocr_line' id='line_1_14' title="bbox 225 2315 1603 2398; baseline -0.001 -21"><span class='ocrx_word' id='word_1_116' title='bbox 225 2317 352 2396; x_wconf 92' lang='lat' dir='ltr'>primum</span> <span class='ocrx_word' id='word_1_117' title='bbox 376 2315 524 2398; x_wconf 88' lang='lat' dir='ltr'>producta</span> <span class='ocrx_word' id='word_1_118' title='bbox 548 2315 668 2378; x_wconf 88' lang='lat' dir='ltr'>luerunt</span> <span class='ocrx_word' id='word_1_119' title='bbox 691 2336 731 2379; x_wconf 88' lang='lat' dir='ltr'>ex</span> <span class='ocrx_word' id='word_1_120' title='bbox 753 2315 858 2380; x_wconf 87' lang='lat' dir='ltr'>iisdem</span> <span class='ocrx_word' id='word_1_121' title='bbox 885 2316 970 2379; x_wconf 90' lang='lat' dir='ltr'>libris</span> <span class='ocrx_word' id='word_1_122' title='bbox 994 2317 1165 2379; x_wconf 89' lang='lat' dir='ltr'>testimonia</span> <span class='ocrx_word' id='word_1_123' title='bbox 1193 2315 1223 2377; x_wconf 92' lang='lat' dir='ltr'>in</span> <span class='ocrx_word' id='word_1_124' title='bbox 1250 2315 1504 2396; x_wconf 80' lang='lat' dir='ltr'>disputationibus</span> <span class='ocrx_word' id='word_1_125' title='bbox 1534 2332 1603 2376; x_wconf 90' lang='lat' dir='ltr'>eum</span> 
     </span>
     <span class='ocr_line' id='line_1_15' title="bbox 227 2413 1603 2495; baseline 0.001 -19"><span class='ocrx_word' id='word_1_126' title='bbox 227 2413 423 2479; x_wconf 85' lang='lat' dir='ltr'>Ortbodoxis.</span> <span class='ocrx_word' id='word_1_127' title='bbox 446 2416 506 2479; x_wconf 90' lang='lat' dir='ltr'>Sed</span> <span class='ocrx_word' id='word_1_128' title='bbox 529 2415 578 2478; x_wconf 90' lang='lat' dir='ltr'>isti</span> <span class='ocrx_word' id='word_1_129' title='bbox 600 2418 690 2478; x_wconf 88' lang='lat' dir='ltr'>etiam</span> <span class='ocrx_word' id='word_1_130' title='bbox 713 2423 744 2478; x_wconf 90' lang='lat' dir='ltr'>et</span> <span class='ocrx_word' id='word_1_131' title='bbox 767 2417 876 2479; x_wconf 88' lang='lat' dir='ltr'>Graeci</span> <span class='ocrx_word' id='word_1_132' title='bbox 898 2433 1014 2495; x_wconf 89' lang='lat' dir='ltr'>omues,</span> <span class='ocrx_word' id='word_1_133' title='bbox 1037 2433 1099 2478; x_wconf 88' lang='lat' dir='ltr'>nen</span> <span class='ocrx_word' id='word_1_134' title='bbox 1121 2414 1209 2477; x_wconf 92' lang='lat' dir='ltr'>aliter</span> <span class='ocrx_word' id='word_1_135' title='bbox 1230 2415 1269 2478; x_wconf 88' lang='lat' dir='ltr'>de</span> <span class='ocrx_word' id='word_1_136' title='bbox 1290 2414 1376 2477; x_wconf 93' lang='lat' dir='ltr'>libris</span> <span class='ocrx_word' id='word_1_137' title='bbox 1399 2413 1503 2477; x_wconf 91' lang='lat' dir='ltr'>iisdem</span> <span class='ocrx_word' id='word_1_138' title='bbox 1526 2432 1603 2477; x_wconf 90' lang='lat' dir='ltr'>sen·</span> 
     </span>
     <span class='ocr_line' id='line_1_16' title="bbox 227 2514 1144 2597; baseline 0.002 -21"><span class='ocrx_word' id='word_1_139' title='bbox 227 2515 313 2592; x_wconf 91' lang='lat' dir='ltr'>tiunt,</span> <span class='ocrx_word' id='word_1_140' title='bbox 337 2516 388 2597; x_wconf 90' lang='lat' dir='ltr'>qni</span> <span class='ocrx_word' id='word_1_141' title='bbox 411 2516 536 2597; x_wconf 81' lang='lat' dir='ltr'>syriace</span> <span class='ocrx_word' id='word_1_142' title='bbox 559 2522 590 2577; x_wconf 89' lang='lat' dir='ltr'>et</span> <span class='ocrx_word' id='word_1_143' title='bbox 612 2514 744 2578; x_wconf 85' lang='lat' dir='ltr'>Arabice</span> <span class='ocrx_word' id='word_1_144' title='bbox 768 2514 878 2578; x_wconf 88' lang='lat' dir='ltr'>dudum</span> <span class='ocrx_word' id='word_1_145' title='bbox 900 2516 1042 2579; x_wconf 89' lang='lat' dir='ltr'>conversi</span> <span class='ocrx_word' id='word_1_146' title='bbox 1065 2520 1144 2578; x_wconf 89' lang='lat' dir='ltr'>sunt.</span> 
     </span>
    </p>
   </div>
   <div class='ocr_carea' id='block_1_6' title="bbox 571 2823 1262 2918">
    <p class='ocr_par' dir='ltr' id='par_1_6' title="bbox 571 2823 1262 2918">
     <span class='ocr_line' id='line_1_17' title="bbox 571 2823 1262 2918; baseline 0.003 -25"><span class='ocrx_word' id='word_1_147' title='bbox 571 2823 606 2893; x_wconf 87' lang='grc'>3.</span> <span class='ocrx_word' id='word_1_148' title='bbox 647 2825 797 2917; x_wconf 79' lang='lat' dir='ltr'>Accepit</span> <span class='ocrx_word' id='word_1_149' title='bbox 818 2846 944 2917; x_wconf 83' lang='lat' dir='ltr'>punem</span> <span class='ocrx_word' id='word_1_150' title='bbox 967 2827 1168 2918; x_wconf 78' lang='lat' dir='ltr'>perfeetum,</span> <span class='ocrx_word' id='word_1_151' title='bbox 1196 2828 1262 2895; x_wconf 86' lang='lat' dir='ltr'>ele.</span> 
     </span>
    </p>
   </div>
   <div class='ocr_carea' id='block_1_7' title="bbox 130 3032 1927 5222">
    <p class='ocr_par' dir='ltr' id='par_1_7' title="bbox 225 3032 1681 3428">
     <span class='ocr_line' id='line_1_18' title="bbox 319 3032 1681 3125; baseline -0.003 -15"><span class='ocrx_word' id='word_1_152' title='bbox 319 3032 379 3110; x_wconf 81' lang='lat' dir='ltr'>His</span> <span class='ocrx_word' id='word_1_153' title='bbox 402 3042 505 3106; x_wconf 90' lang='lat' dir='ltr'>verbis</span> <span class='ocrx_word' id='word_1_154' title='bbox 529 3044 643 3107; x_wconf 84' lang='lat' dir='ltr'>autoris</span> <span class='ocrx_word' id='word_1_155' title='bbox 665 3045 845 3107; x_wconf 86' lang='lat' dir='ltr'>recentioris</span> <span class='ocrx_word' id='word_1_156' title='bbox 869 3043 1029 3107; x_wconf 87' lang='lat' dir='ltr'>character</span> <span class='ocrx_word' id='word_1_157' title='bbox 1051 3042 1240 3125; x_wconf 81' lang='lat' dir='ltr'>agnoscitur,</span> <span class='ocrx_word' id='word_1_158' title='bbox 1263 3043 1314 3123; x_wconf 90' lang='lat' dir='ltr'>qui</span> <span class='ocrx_word' id='word_1_159' title='bbox 1337 3050 1442 3105; x_wconf 89' lang='lat' dir='ltr'>contra</span> <span class='ocrx_word' id='word_1_160' title='bbox 1465 3049 1603 3106; x_wconf 86' lang='lat' dir='ltr'>veterum</span> <span class='ocrx_word' id='word_1_161' title='bbox 1648 3105 1654 3122; x_wconf 74' lang='grc'><em>,</em></span> <span class='ocrx_word' id='word_1_162' title='bbox 1678 3117 1681 3122; x_wconf 24' lang='lat'><strong>⁴</strong></span> 
     </span>
     <span class='ocr_line' id='line_1_19' title="bbox 226 3144 1605 3229; baseline 0 -20"><span class='ocrx_word' id='word_1_163' title='bbox 226 3147 428 3229; x_wconf 90' lang='lat' dir='ltr'>Liturgiarum</span> <span class='ocrx_word' id='word_1_164' title='bbox 451 3165 576 3224; x_wconf 91' lang='lat' dir='ltr'>morem,</span> <span class='ocrx_word' id='word_1_165' title='bbox 598 3148 798 3228; x_wconf 85' lang='lat' dir='ltr'>importunam</span> <span class='ocrx_word' id='word_1_166' title='bbox 822 3146 860 3210; x_wconf 89' lang='lat' dir='ltr'>de</span> <span class='ocrx_word' id='word_1_167' title='bbox 882 3147 1012 3229; x_wconf 73' lang='lat' dir='ltr'>Azymo-</span> <span class='ocrx_word' id='word_1_168' title='bbox 1030 3146 1165 3229; x_wconf 77' lang='lat' dir='ltr'>glossam</span> <span class='ocrx_word' id='word_1_169' title='bbox 1192 3146 1329 3208; x_wconf 91' lang='lat' dir='ltr'>inseruit.</span> <span class='ocrx_word' id='word_1_170' title='bbox 1374 3144 1449 3207; x_wconf 90' lang='lat' dir='ltr'>Nam</span> <span class='ocrx_word' id='word_1_171' title='bbox 1479 3163 1519 3208; x_wconf 85' lang='lat' dir='ltr'>ex</span> <span class='ocrx_word' id='word_1_172' title='bbox 1542 3144 1605 3227; x_wconf 77' lang='lat' dir='ltr'>Sy-</span> 
     </span>
     <span class='ocr_line' id='line_1_20' title="bbox 225 3244 1603 3328; baseline -0.001 -20"><span class='ocrx_word' id='word_1_173' title='bbox 225 3264 329 3309; x_wconf 88' lang='lat' dir='ltr'>rorum</span> <span class='ocrx_word' id='word_1_174' title='bbox 352 3247 511 3325; x_wconf 88' lang='lat' dir='ltr'>sententia,</span> <span class='ocrx_word' id='word_1_175' title='bbox 534 3254 567 3309; x_wconf 92' lang='lat' dir='ltr'>ut</span> <span class='ocrx_word' id='word_1_176' title='bbox 590 3248 679 3309; x_wconf 89' lang='lat' dir='ltr'>etiam</span> <span class='ocrx_word' id='word_1_177' title='bbox 702 3248 899 3323; x_wconf 89' lang='lat' dir='ltr'>Graecorum,</span> <span class='ocrx_word' id='word_1_178' title='bbox 921 3248 1008 3327; x_wconf 90' lang='lat' dir='ltr'>panis</span> <span class='ocrx_word' id='word_1_179' title='bbox 1024 3245 1189 3327; x_wconf 86' lang='lat' dir='ltr'>perlectus,</span> <span class='ocrx_word' id='word_1_180' title='bbox 1212 3244 1423 3307; x_wconf 83' lang='lat' dir='ltr'>fermentatum</span> <span class='ocrx_word' id='word_1_181' title='bbox 1438 3244 1603 3328; x_wconf 86' lang='lat' dir='ltr'>significat:</span> 
     </span>
     <span class='ocr_line' id='line_1_21' title="bbox 225 3343 1605 3428; baseline -0.002 -19"><span class='ocrx_word' id='word_1_182' title='bbox 225 3355 258 3409; x_wconf 92' lang='lat' dir='ltr'>ut</span> <span class='ocrx_word' id='word_1_183' title='bbox 280 3351 363 3428; x_wconf 91' lang='lat' dir='ltr'>patet</span> <span class='ocrx_word' id='word_1_184' title='bbox 386 3364 426 3407; x_wconf 85' lang='lat' dir='ltr'>ex</span> <span class='ocrx_word' id='word_1_185' title='bbox 449 3343 652 3426; x_wconf 90' lang='lat' dir='ltr'>disputatione</span> <span class='ocrx_word' id='word_1_186' title='bbox 675 3346 800 3411; x_wconf 80' lang='lat' dir='ltr'>loannis</span> <span class='ocrx_word' id='word_1_187' title='bbox 818 3344 1215 3423; x_wconf 82' lang='lat' dir='ltr'>PatriarehaeAntiocheni,</span> <span class='ocrx_word' id='word_1_188' title='bbox 1239 3362 1318 3425; x_wconf 92' lang='lat' dir='ltr'>quae</span> <span class='ocrx_word' id='word_1_189' title='bbox 1341 3350 1424 3407; x_wconf 87' lang='lat' dir='ltr'>extat</span> <span class='ocrx_word' id='word_1_190' title='bbox 1446 3344 1477 3405; x_wconf 94' lang='lat' dir='ltr'>in</span> <span class='ocrx_word' id='word_1_191' title='bbox 1490 3343 1605 3407; x_wconf 82' lang='lat' dir='ltr'>Codice</span> 
     </span>
    </p>

    <p class='ocr_par' dir='ltr' id='par_1_8' title="bbox 130 3439 1927 4922">
     <span class='ocr_line' id='line_1_22' title="bbox 130 3439 1605 3528; baseline -0.005 -17"><span class='ocrx_word' id='word_1_192' title='bbox 130 3439 133 3442; x_wconf 64' lang='grc'><strong>’</strong></span> <span class='ocrx_word' id='word_1_193' title='bbox 227 3446 414 3510; x_wconf 87' lang='lat' dir='ltr'>Colbertino.</span> <span class='ocrx_word' id='word_1_194' title='bbox 443 3444 557 3508; x_wconf 83' lang='lat' dir='ltr'>&#39;lamen</span> <span class='ocrx_word' id='word_1_195' title='bbox 581 3446 650 3526; x_wconf 79' lang='lat' dir='ltr'>Syri</span> <span class='ocrx_word' id='word_1_196' title='bbox 673 3445 800 3509; x_wconf 88' lang='lat' dir='ltr'>ulterius</span> <span class='ocrx_word' id='word_1_197' title='bbox 822 3447 993 3528; x_wconf 80' lang='lat' dir='ltr'>progressi,</span> <span class='ocrx_word' id='word_1_198' title='bbox 1015 3462 1125 3527; x_wconf 90' lang='lat' dir='ltr'>panem</span> <span class='ocrx_word' id='word_1_199' title='bbox 1147 3443 1317 3524; x_wconf 82' lang='lat' dir='ltr'>perlectum</span> <span class='ocrx_word' id='word_1_200' title='bbox 1339 3442 1605 3506; x_wconf 87' lang='lat' dir='ltr'>adEucbaristiam</span> 
     </span>
     <span class='ocr_line' id='line_1_23' title="bbox 226 3541 1603 3627; baseline -0.004 -19"><span class='ocrx_word' id='word_1_201' title='bbox 226 3544 439 3608; x_wconf 89' lang='lat' dir='ltr'>celebrandam</span> <span class='ocrx_word' id='word_1_202' title='bbox 461 3562 531 3607; x_wconf 92' lang='lat' dir='ltr'>esse</span> <span class='ocrx_word' id='word_1_203' title='bbox 554 3543 726 3624; x_wconf 83' lang='lat' dir='ltr'>voluerunt,</span> <span class='ocrx_word' id='word_1_204' title='bbox 749 3564 817 3608; x_wconf 88' lang='lat' dir='ltr'>eum</span> <span class='ocrx_word' id='word_1_205' title='bbox 840 3548 891 3627; x_wconf 92' lang='lat' dir='ltr'>qui</span> <span class='ocrx_word' id='word_1_206' title='bbox 913 3544 1077 3608; x_wconf 91' lang='lat' dir='ltr'>nonmodo</span> <span class='ocrx_word' id='word_1_207' title='bbox 1100 3543 1297 3608; x_wconf 87' lang='lat' dir='ltr'>fermentatus</span> <span class='ocrx_word' id='word_1_208' title='bbox 1320 3542 1410 3620; x_wconf 86' lang='lat' dir='ltr'>foret,</span> <span class='ocrx_word' id='word_1_209' title='bbox 1433 3541 1490 3606; x_wconf 90' lang='lat' dir='ltr'>sed</span> <span class='ocrx_word' id='word_1_210' title='bbox 1513 3542 1603 3605; x_wconf 89' lang='lat' dir='ltr'>etiarn</span> 
     </span>
     <span class='ocr_line' id='line_1_24' title="bbox 227 3640 1604 3727; baseline -0.004 -19"><span class='ocrx_word' id='word_1_211' title='bbox 227 3648 404 3727; x_wconf 85' lang='lat' dir='ltr'>culparum</span> <span class='ocrx_word' id='word_1_212' title='bbox 427 3644 499 3706; x_wconf 92' lang='lat' dir='ltr'>salis</span> <span class='ocrx_word' id='word_1_213' title='bbox 523 3653 554 3707; x_wconf 90' lang='lat' dir='ltr'>et</span> <span class='ocrx_word' id='word_1_214' title='bbox 576 3644 636 3707; x_wconf 90' lang='lat' dir='ltr'>olei</span> <span class='ocrx_word' id='word_1_215' title='bbox 666 3645 892 3708; x_wconf 86' lang='lat' dir='ltr'>admisceretur.</span> <span class='ocrx_word' id='word_1_216' title='bbox 936 3643 1019 3707; x_wconf 91' lang='lat' dir='ltr'>lstud</span> <span class='ocrx_word' id='word_1_217' title='bbox 1040 3643 1175 3706; x_wconf 80' lang='lat' dir='ltr'>loannes</span> <span class='ocrx_word' id='word_1_218' title='bbox 1197 3641 1405 3705; x_wconf 84' lang='lat' dir='ltr'>Antiochenus</span> <span class='ocrx_word' id='word_1_219' title='bbox 1429 3640 1604 3724; x_wconf 89' lang='lat' dir='ltr'>nugacissi-</span> 
     </span>
     <span class='ocr_line' id='line_1_25' title="bbox 225 3739 1603 3826; baseline -0.003 -18"><span class='ocrx_word' id='word_1_220' title='bbox 225 3746 282 3808; x_wconf 86' lang='lat' dir='ltr'>mis</span> <span class='ocrx_word' id='word_1_221' title='bbox 304 3743 481 3807; x_wconf 88' lang='lat' dir='ltr'>ratiunculis</span> <span class='ocrx_word' id='word_1_222' title='bbox 504 3744 626 3806; x_wconf 86' lang='lat' dir='ltr'>edicere</span> <span class='ocrx_word' id='word_1_223' title='bbox 649 3753 775 3807; x_wconf 91' lang='lat' dir='ltr'>conatus</span> <span class='ocrx_word' id='word_1_224' title='bbox 806 3752 864 3821; x_wconf 91' lang='lat' dir='ltr'>est,</span> <span class='ocrx_word' id='word_1_225' title='bbox 887 3762 965 3826; x_wconf 88' lang='lat' dir='ltr'>quae</span> <span class='ocrx_word' id='word_1_226' title='bbox 988 3742 1176 3824; x_wconf 87' lang='lat' dir='ltr'>Coptitarum</span> <span class='ocrx_word' id='word_1_227' title='bbox 1197 3741 1379 3805; x_wconf 88' lang='lat' dir='ltr'>Patriarchis</span> <span class='ocrx_word' id='word_1_228' title='bbox 1401 3740 1473 3804; x_wconf 92' lang='lat' dir='ltr'>licet</span> <span class='ocrx_word' id='word_1_229' title='bbox 1496 3739 1603 3804; x_wconf 90' lang='lat' dir='ltr'>eadem</span> 
     </span>
     <span class='ocr_line' id='line_1_26' title="bbox 226 3840 1602 3924; baseline -0.004 -15"><span class='ocrx_word' id='word_1_230' title='bbox 226 3845 436 3910; x_wconf 84' lang='lat' dir='ltr'>commuuione</span> <span class='ocrx_word' id='word_1_231' title='bbox 459 3843 628 3924; x_wconf 81' lang='lat' dir='ltr'>conjunctis</span> <span class='ocrx_word' id='word_1_232' title='bbox 651 3861 713 3907; x_wconf 93' lang='lat' dir='ltr'>non</span> <span class='ocrx_word' id='word_1_233' title='bbox 735 3844 960 3923; x_wconf 79' lang='lat' dir='ltr'>satisfecerunt,</span> <span class='ocrx_word' id='word_1_234' title='bbox 983 3842 1059 3906; x_wconf 89' lang='lat' dir='ltr'>adeo</span> <span class='ocrx_word' id='word_1_235' title='bbox 1082 3849 1114 3904; x_wconf 93' lang='grc' dir='ltr'>ιιι</span> <span class='ocrx_word' id='word_1_236' title='bbox 1130 3841 1239 3923; x_wconf 83' lang='lat' dir='ltr'>Syrum</span> <span class='ocrx_word' id='word_1_237' title='bbox 1253 3841 1422 3922; x_wconf 88' lang='lat' dir='ltr'>quemdam,</span> <span class='ocrx_word' id='word_1_238' title='bbox 1446 3842 1497 3923; x_wconf 91' lang='lat' dir='ltr'>qui</span> <span class='ocrx_word' id='word_1_239' title='bbox 1511 3840 1602 3904; x_wconf 90' lang='lat' dir='ltr'>obla-</span> 
     </span>
     <span class='ocr_line' id='line_1_27' title="bbox 225 3939 1603 4024; baseline -0.003 -17"><span class='ocrx_word' id='word_1_240' title='bbox 225 3952 286 4007; x_wconf 92' lang='lat' dir='ltr'>tam</span> <span class='ocrx_word' id='word_1_241' title='bbox 309 3943 349 4006; x_wconf 91' lang='lat' dir='ltr'>ita</span> <span class='ocrx_word' id='word_1_242' title='bbox 372 3949 508 4022; x_wconf 89' lang='lat' dir='ltr'>paratam</span> <span class='ocrx_word' id='word_1_243' title='bbox 531 3941 569 4005; x_wconf 88' lang='lat' dir='ltr'>ad</span> <span class='ocrx_word' id='word_1_244' title='bbox 591 3944 687 4007; x_wconf 89' lang='lat' dir='ltr'>altare</span> <span class='ocrx_word' id='word_1_245' title='bbox 716 3943 876 4024; x_wconf 89' lang='lat' dir='ltr'>detulerat,</span> <span class='ocrx_word' id='word_1_246' title='bbox 899 3942 1118 4007; x_wconf 90' lang='lat' dir='ltr'>contumeliose</span> <span class='ocrx_word' id='word_1_247' title='bbox 1141 3942 1286 4024; x_wconf 90' lang='lat' dir='ltr'>rejecerit</span> <span class='ocrx_word' id='word_1_248' title='bbox 1308 3939 1519 4005; x_wconf 87' lang='lat' dir='ltr'>Christodulus</span> <span class='ocrx_word' id='word_1_249' title='bbox 1541 3941 1603 4003; x_wconf 88' lang='lat' dir='ltr'>Pa-</span> 
     </span>
     <span class='ocr_line' id='line_1_28' title="bbox 225 4039 1927 4110; baseline 0.005 -8"><span class='ocrx_word' id='word_1_250' title='bbox 225 4040 357 4103; x_wconf 90' lang='lat' dir='ltr'>triarcha</span> <span class='ocrx_word' id='word_1_251' title='bbox 391 4040 494 4104; x_wconf 83' lang='lat' dir='ltr'>txvt.</span> <span class='ocrx_word' id='word_1_252' title='bbox 524 4049 557 4104; x_wconf 89' lang='lat' dir='ltr'>ut</span> <span class='ocrx_word' id='word_1_253' title='bbox 586 4042 695 4104; x_wconf 89' lang='lat' dir='ltr'>dictum</span> <span class='ocrx_word' id='word_1_254' title='bbox 729 4050 777 4106; x_wconf 89' lang='lat' dir='ltr'>cst</span> <span class='ocrx_word' id='word_1_255' title='bbox 812 4044 842 4105; x_wconf 94' lang='lat' dir='ltr'>in</span> <span class='ocrx_word' id='word_1_256' title='bbox 877 4044 1008 4106; x_wconf 88' lang='lat' dir='ltr'>Historia</span> <span class='ocrx_word' id='word_1_257' title='bbox 1044 4040 1283 4104; x_wconf 88' lang='lat' dir='ltr'>Patriarcbarum</span> <span class='ocrx_word' id='word_1_258' title='bbox 1314 4039 1601 4105; x_wconf 83' lang='lat' dir='ltr'>Alexandrinorum.</span> <span class='ocrx_word' id='word_1_259' title='bbox 1665 4054 1729 4110; x_wconf 78' lang='lat' dir='ltr'>tttst</span> <span class='ocrx_word' id='word_1_260' title='bbox 1753 4052 1826 4108; x_wconf 78' lang='lat' dir='ltr'>Patr.</span> <span class='ocrx_word' id='word_1_261' title='bbox 1852 4053 1927 4110; x_wconf 66' lang='lat' dir='ltr'>Ate.</span> 
     </span>
     <span class='ocr_line' id='line_1_29' title="bbox 226 4139 1736 4225; baseline 0.001 -23"><span class='ocrx_word' id='word_1_262' title='bbox 226 4140 316 4214; x_wconf 82' lang='lat' dir='ltr'>Quod</span> <span class='ocrx_word' id='word_1_263' title='bbox 338 4149 438 4203; x_wconf 90' lang='lat' dir='ltr'>autem</span> <span class='ocrx_word' id='word_1_264' title='bbox 460 4143 641 4206; x_wconf 87' lang='lat' dir='ltr'>narrationis</span> <span class='ocrx_word' id='word_1_265' title='bbox 664 4142 868 4225; x_wconf 87' lang='lat' dir='ltr'>Evangelicae</span> <span class='ocrx_word' id='word_1_266' title='bbox 891 4143 985 4205; x_wconf 83' lang='lat' dir='ltr'>verba</span> <span class='ocrx_word' id='word_1_267' title='bbox 1013 4158 1075 4204; x_wconf 93' lang='lat' dir='ltr'>non</span> <span class='ocrx_word' id='word_1_268' title='bbox 1096 4141 1290 4223; x_wconf 89' lang='lat' dir='ltr'>simpliciter,</span> <span class='ocrx_word' id='word_1_269' title='bbox 1318 4148 1352 4203; x_wconf 93' lang='lat' dir='ltr'>ut</span> <span class='ocrx_word' id='word_1_270' title='bbox 1373 4142 1405 4204; x_wconf 90' lang='lat' dir='ltr'>in</span> <span class='ocrx_word' id='word_1_271' title='bbox 1426 4139 1600 4221; x_wconf 87' lang='lat' dir='ltr'>Evangeliis</span> <span class='ocrx_word' id='word_1_272' title='bbox 1629 4159 1656 4211; x_wconf 81' lang='lat' dir='ltr'>a·</span> <span class='ocrx_word' id='word_1_273' title='bbox 1673 4141 1736 4193; x_wconf 70' lang='lat'>425.</span> 
     </span>
     <span class='ocr_line' id='line_1_30' title="bbox 226 4239 1600 4325; baseline -0.006 -17"><span class='ocrx_word' id='word_1_274' title='bbox 226 4247 256 4308; x_wconf 81' lang='lat' dir='ltr'>et</span> <span class='ocrx_word' id='word_1_275' title='bbox 278 4240 416 4321; x_wconf 91' lang='lat' dir='ltr'>Epistola</span> <span class='ocrx_word' id='word_1_276' title='bbox 439 4240 469 4302; x_wconf 87' lang='grc' dir='ltr'>Ι··</span> <span class='ocrx_word' id='word_1_277' title='bbox 495 4240 577 4304; x_wconf 88' lang='lat' dir='ltr'>Pauli</span> <span class='ocrx_word' id='word_1_278' title='bbox 600 4242 638 4303; x_wconf 89' lang='lat' dir='ltr'>ad</span> <span class='ocrx_word' id='word_1_279' title='bbox 661 4241 834 4305; x_wconf 86' lang='lat' dir='ltr'>Corinthios</span> <span class='ocrx_word' id='word_1_280' title='bbox 864 4241 1025 4325; x_wconf 88' lang='lat' dir='ltr'>leguntur,</span> <span class='ocrx_word' id='word_1_281' title='bbox 1056 4247 1146 4303; x_wconf 86' lang='lat' dir='ltr'>autor</span> <span class='ocrx_word' id='word_1_282' title='bbox 1172 4239 1259 4323; x_wconf 87' lang='lat' dir='ltr'>hujus</span> <span class='ocrx_word' id='word_1_283' title='bbox 1289 4239 1446 4323; x_wconf 88' lang='lat' dir='ltr'>Liturgiae</span> <span class='ocrx_word' id='word_1_284' title='bbox 1476 4239 1600 4319; x_wconf 84' lang='lat' dir='ltr'>referat,</span> 
     </span>
     <span class='ocr_line' id='line_1_31' title="bbox 226 4339 1602 4424; baseline -0.004 -19"><span class='ocrx_word' id='word_1_285' title='bbox 226 4358 319 4406; x_wconf 87' lang='lat' dir='ltr'>causa</span> <span class='ocrx_word' id='word_1_286' title='bbox 343 4340 401 4402; x_wconf 89' lang='lat' dir='ltr'>alia</span> <span class='ocrx_word' id='word_1_287' title='bbox 423 4357 484 4402; x_wconf 88' lang='lat' dir='ltr'>nen</span> <span class='ocrx_word' id='word_1_288' title='bbox 506 4341 626 4403; x_wconf 86' lang='lat' dir='ltr'>videtur</span> <span class='ocrx_word' id='word_1_289' title='bbox 650 4341 761 4419; x_wconf 87' lang='lat' dir='ltr'>luisse,</span> <span class='ocrx_word' id='word_1_290' title='bbox 791 4361 879 4424; x_wconf 92' lang='lat' dir='ltr'>quam</span> <span class='ocrx_word' id='word_1_291' title='bbox 902 4349 934 4404; x_wconf 92' lang='lat' dir='ltr'>ut</span> <span class='ocrx_word' id='word_1_292' title='bbox 957 4341 1024 4405; x_wconf 90' lang='lat' dir='ltr'>aliis</span> <span class='ocrx_word' id='word_1_293' title='bbox 1048 4340 1210 4403; x_wconf 82' lang='lat' dir='ltr'>lusionibus</span> <span class='ocrx_word' id='word_1_294' title='bbox 1238 4359 1275 4403; x_wconf 93' lang='lat' dir='ltr'>ea</span> <span class='ocrx_word' id='word_1_295' title='bbox 1305 4339 1502 4420; x_wconf 83' lang='lat' dir='ltr'>exprimeret,</span> <span class='ocrx_word' id='word_1_296' title='bbox 1526 4356 1602 4400; x_wconf 90' lang='lat' dir='ltr'>sen-</span> 
     </span>
     <span class='ocr_line' id='line_1_32' title="bbox 224 4437 1604 4522; baseline -0.002 -21"><span class='ocrx_word' id='word_1_297' title='bbox 224 4442 319 4502; x_wconf 90' lang='lat' dir='ltr'>tentia</span> <span class='ocrx_word' id='word_1_298' title='bbox 349 4441 428 4502; x_wconf 88' lang='lat' dir='ltr'>enim</span> <span class='ocrx_word' id='word_1_299' title='bbox 456 4439 563 4502; x_wconf 89' lang='lat' dir='ltr'>eadem</span> <span class='ocrx_word' id='word_1_300' title='bbox 594 4442 714 4502; x_wconf 90' lang='lat' dir='ltr'>omnino</span> <span class='ocrx_word' id='word_1_301' title='bbox 737 4449 793 4506; x_wconf 90' lang='lat' dir='ltr'>est.</span> <span class='ocrx_word' id='word_1_302' title='bbox 838 4441 915 4505; x_wconf 85' lang='lat' dir='ltr'>Dum</span> <span class='ocrx_word' id='word_1_303' title='bbox 938 4443 996 4520; x_wconf 91' lang='lat' dir='ltr'>ait,</span> <span class='ocrx_word' id='word_1_304' title='bbox 1026 4461 1066 4502; x_wconf 76' lang='lat' dir='ltr'>ex</span> <span class='ocrx_word' id='word_1_305' title='bbox 1095 4458 1154 4522; x_wconf 86' lang='lat' dir='ltr'>quo</span> <span class='ocrx_word' id='word_1_306' title='bbox 1184 4440 1381 4519; x_wconf 78' lang='lat' dir='ltr'>compositum</span> <span class='ocrx_word' id='word_1_307' title='bbox 1403 4437 1466 4517; x_wconf 75' lang='lat' dir='ltr'>suit</span> <span class='ocrx_word' id='word_1_308' title='bbox 1492 4456 1604 4518; x_wconf 68' lang='lat' dir='ltr'>cosmas</span> 
     </span>
     <span class='ocr_line' id='line_1_33' title="bbox 225 4536 1603 4625; baseline -0.002 -24"><span class='ocrx_word' id='word_1_309' title='bbox 225 4541 291 4618; x_wconf 61' lang='grc' dir='ltr'>ήκι</span> <span class='ocrx_word' id='word_1_310' title='bbox 312 4548 460 4615; x_wconf 75' lang='lat' dir='ltr'>amictum,</span> <span class='ocrx_word' id='word_1_311' title='bbox 482 4541 516 4601; x_wconf 78' lang='lat' dir='ltr'>in</span> <span class='ocrx_word' id='word_1_312' title='bbox 543 4540 674 4619; x_wconf 64' lang='lat' dir='ltr'>Virgine,</span> <span class='ocrx_word' id='word_1_313' title='bbox 697 4541 837 4625; x_wconf 88' lang='lat' dir='ltr'>designat</span> <span class='ocrx_word' id='word_1_314' title='bbox 863 4559 1051 4605; x_wconf 89' lang='lat' dir='ltr'>communem</span> <span class='ocrx_word' id='word_1_315' title='bbox 1073 4538 1289 4618; x_wconf 86' lang='lat' dir='ltr'>Orientalibus,</span> <span class='ocrx_word' id='word_1_316' title='bbox 1313 4536 1512 4618; x_wconf 84' lang='lat' dir='ltr'>explicandae</span> <span class='ocrx_word' id='word_1_317' title='bbox 1533 4554 1603 4598; x_wconf 89' lang='lat' dir='ltr'>mu·</span> 
     </span>
     <span class='ocr_line' id='line_1_34' title="bbox 225 4636 1603 4720; baseline -0.001 -20"><span class='ocrx_word' id='word_1_318' title='bbox 225 4640 346 4701; x_wconf 89' lang='lat' dir='ltr'>tationis</span> <span class='ocrx_word' id='word_1_319' title='bbox 370 4657 447 4720; x_wconf 91' lang='lat' dir='ltr'>quae</span> <span class='ocrx_word' id='word_1_320' title='bbox 470 4639 502 4701; x_wconf 83' lang='lat' dir='ltr'>tit</span> <span class='ocrx_word' id='word_1_321' title='bbox 524 4640 553 4702; x_wconf 90' lang='lat' dir='ltr'>in</span> <span class='ocrx_word' id='word_1_322' title='bbox 577 4639 795 4704; x_wconf 90' lang='lat' dir='ltr'>elementorum</span> <span class='ocrx_word' id='word_1_323' title='bbox 823 4642 1054 4706; x_wconf 87' lang='lat' dir='ltr'>consecratione</span> <span class='ocrx_word' id='word_1_324' title='bbox 1083 4639 1270 4718; x_wconf 88' lang='lat' dir='ltr'>methodum,</span> <span class='ocrx_word' id='word_1_325' title='bbox 1299 4656 1388 4719; x_wconf 88' lang='lat' dir='ltr'>quam</span> <span class='ocrx_word' id='word_1_326' title='bbox 1411 4656 1428 4700; x_wconf 97' lang='lat' dir='ltr'>a</span> <span class='ocrx_word' id='word_1_327' title='bbox 1452 4636 1603 4720; x_wconf 87' lang='lat' dir='ltr'>Gregorio</span> 
     </span>
     <span class='ocr_line' id='line_1_35' title="bbox 225 4737 1602 4824; baseline 0.001 -26"><span class='ocrx_word' id='word_1_328' title='bbox 225 4737 366 4819; x_wconf 76' lang='lat' dir='ltr'>Nysseuo</span> <span class='ocrx_word' id='word_1_329' title='bbox 390 4747 545 4819; x_wconf 89' lang='lat' dir='ltr'>acceptam</span> <span class='ocrx_word' id='word_1_330' title='bbox 568 4739 706 4820; x_wconf 89' lang='lat' dir='ltr'>plerique</span> <span class='ocrx_word' id='word_1_331' title='bbox 730 4741 880 4824; x_wconf 86' lang='lat' dir='ltr'>Theologi</span> <span class='ocrx_word' id='word_1_332' title='bbox 902 4742 999 4805; x_wconf 90' lang='lat' dir='ltr'>secuti</span> <span class='ocrx_word' id='word_1_333' title='bbox 1022 4747 1101 4803; x_wconf 90' lang='lat' dir='ltr'>sunt.</span> <span class='ocrx_word' id='word_1_334' title='bbox 1147 4738 1269 4802; x_wconf 88' lang='lat' dir='ltr'>Scilicet</span> <span class='ocrx_word' id='word_1_335' title='bbox 1292 4737 1434 4818; x_wconf 88' lang='lat' dir='ltr'>Spiritum</span> <span class='ocrx_word' id='word_1_336' title='bbox 1456 4745 1602 4816; x_wconf 87' lang='lat' dir='ltr'>sanetum,</span> 
     </span>
     <span class='ocr_line' id='line_1_36' title="bbox 225 4835 1604 4922; baseline 0 -24"><span class='ocrx_word' id='word_1_337' title='bbox 225 4844 259 4898; x_wconf 91' lang='lat' dir='ltr'>ut</span> <span class='ocrx_word' id='word_1_338' title='bbox 282 4855 322 4898; x_wconf 87' lang='lat' dir='ltr'>ex</span> <span class='ocrx_word' id='word_1_339' title='bbox 345 4854 438 4899; x_wconf 91' lang='lat' dir='ltr'>earne</span> <span class='ocrx_word' id='word_1_340' title='bbox 461 4838 594 4922; x_wconf 88' lang='lat' dir='ltr'>Virginis</span> <span class='ocrx_word' id='word_1_341' title='bbox 623 4838 754 4918; x_wconf 84' lang='lat' dir='ltr'>Mariae,</span> <span class='ocrx_word' id='word_1_342' title='bbox 789 4859 867 4922; x_wconf 91' lang='lat' dir='ltr'>quae</span> <span class='ocrx_word' id='word_1_343' title='bbox 896 4843 982 4922; x_wconf 92' lang='lat' dir='ltr'>panis</span> <span class='ocrx_word' id='word_1_344' title='bbox 1006 4838 1147 4902; x_wconf 91' lang='lat' dir='ltr'>alimento</span> <span class='ocrx_word' id='word_1_345' title='bbox 1170 4839 1281 4901; x_wconf 91' lang='lat' dir='ltr'>nutrita</span> <span class='ocrx_word' id='word_1_346' title='bbox 1310 4836 1429 4914; x_wconf 87' lang='lat' dir='ltr'>iuerat,</span> <span class='ocrx_word' id='word_1_347' title='bbox 1463 4835 1604 4898; x_wconf 77' lang='lat' dir='ltr'>formavit</span> 
     </span>
    </p>

    <p class='ocr_par' dir='ltr' id='par_1_9' title="bbox 188 4935 1603 5222">
     <span class='ocr_line' id='line_1_37' title="bbox 188 4935 1603 5019; baseline -0.002 -19"><span class='ocrx_word' id='word_1_348' title='bbox 188 4983 195 4991; x_wconf 85' lang='grc'><strong>-</strong></span> <span class='ocrx_word' id='word_1_349' title='bbox 227 4953 341 5016; x_wconf 89' lang='lat' dir='ltr'>corpus</span> <span class='ocrx_word' id='word_1_350' title='bbox 363 4936 395 4997; x_wconf 90' lang='lat' dir='ltr'>in</span> <span class='ocrx_word' id='word_1_351' title='bbox 417 4954 478 5016; x_wconf 92' lang='lat' dir='ltr'>quo</span> <span class='ocrx_word' id='word_1_352' title='bbox 499 4936 557 4999; x_wconf 89' lang='lat' dir='ltr'>Dei</span> <span class='ocrx_word' id='word_1_353' title='bbox 580 4937 672 4999; x_wconf 86' lang='lat' dir='ltr'>Filius</span> <span class='ocrx_word' id='word_1_354' title='bbox 695 4942 866 5002; x_wconf 89' lang='lat' dir='ltr'>incarnatus</span> <span class='ocrx_word' id='word_1_355' title='bbox 884 4947 946 5019; x_wconf 90' lang='lat' dir='ltr'>est,</span> <span class='ocrx_word' id='word_1_356' title='bbox 970 4941 1010 5002; x_wconf 90' lang='lat' dir='ltr'>ita</span> <span class='ocrx_word' id='word_1_357' title='bbox 1031 4939 1062 5002; x_wconf 91' lang='lat' dir='ltr'>in</span> <span class='ocrx_word' id='word_1_358' title='bbox 1077 4939 1165 5001; x_wconf 90' lang='lat' dir='ltr'>altari</span> <span class='ocrx_word' id='word_1_359' title='bbox 1186 4935 1486 5016; x_wconf 83' lang='lat' dir='ltr'>eumdemSpiritum</span> <span class='ocrx_word' id='word_1_360' title='bbox 1503 4935 1603 4997; x_wconf 87' lang='lat' dir='ltr'>omni-</span> 
     </span>
     <span class='ocr_line' id='line_1_38' title="bbox 225 5034 1603 5123; baseline 0.001 -27"><span class='ocrx_word' id='word_1_361' title='bbox 225 5037 359 5116; x_wconf 88' lang='lat' dir='ltr'>potentia</span> <span class='ocrx_word' id='word_1_362' title='bbox 387 5037 503 5115; x_wconf 86' lang='lat' dir='ltr'>divina,</span> <span class='ocrx_word' id='word_1_363' title='bbox 542 5058 581 5101; x_wconf 84' lang='lat' dir='ltr'>ex</span> <span class='ocrx_word' id='word_1_364' title='bbox 609 5057 690 5121; x_wconf 90' lang='lat' dir='ltr'>pane</span> <span class='ocrx_word' id='word_1_365' title='bbox 713 5040 844 5104; x_wconf 80' lang='lat' dir='ltr'>formare</span> <span class='ocrx_word' id='word_1_366' title='bbox 866 5059 979 5123; x_wconf 89' lang='lat' dir='ltr'>corpus</span> <span class='ocrx_word' id='word_1_367' title='bbox 1003 5039 1089 5102; x_wconf 88' lang='lat' dir='ltr'>idem</span> <span class='ocrx_word' id='word_1_368' title='bbox 1130 5038 1176 5100; x_wconf 90' lang='lat' dir='ltr'>lta</span> <span class='ocrx_word' id='word_1_369' title='bbox 1197 5036 1293 5101; x_wconf 88' lang='lat' dir='ltr'>lusius</span> <span class='ocrx_word' id='word_1_370' title='bbox 1315 5035 1448 5100; x_wconf 87' lang='lat' dir='ltr'>Severus</span> <span class='ocrx_word' id='word_1_371' title='bbox 1470 5034 1603 5116; x_wconf 87' lang='lat' dir='ltr'>Episco-</span> 
     </span>
     <span class='ocr_line' id='line_1_39' title="bbox 225 5135 1074 5222; baseline 0.015 -25"><span class='ocrx_word' id='word_1_372' title='bbox 225 5152 283 5214; x_wconf 90' lang='lat' dir='ltr'>pus</span> <span class='ocrx_word' id='word_1_373' title='bbox 306 5135 586 5219; x_wconf 82' lang='lat' dir='ltr'>Ascbmoninensis‚</span> <span class='ocrx_word' id='word_1_374' title='bbox 610 5148 641 5204; x_wconf 92' lang='lat' dir='ltr'>et</span> <span class='ocrx_word' id='word_1_375' title='bbox 663 5139 890 5207; x_wconf 79' lang='lat' dir='ltr'>allidacobitae</span> <span class='ocrx_word' id='word_1_376' title='bbox 914 5138 1074 5222; x_wconf 67' lang='lat' dir='ltr'>&#39;theologi-</span> 
     </span>
    </p>
   </div>
   <div class='ocr_carea' id='block_1_8' title="bbox 262 5248 1390 5324">
    <p class='ocr_par' dir='ltr' id='par_1_10' title="bbox 262 5248 1390 5324">
     <span class='ocr_line' id='line_1_40' title="bbox 262 5248 1390 5324; baseline 0.016 -18"><span class='ocrx_word' id='word_1_377' title='bbox 262 5264 386 5309; x_wconf 80' lang='lat' dir='ltr'>rouaau</span> <span class='ocrx_word' id='word_1_378' title='bbox 1344 5248 1390 5324; x_wconf 80' lang='grc'>71</span> 
     </span>
    </p>
   </div>
   <div class='ocr_carea' id='block_1_9' title="bbox 0 0 2268 6034">
    <p class='ocr_par' dir='ltr' id='par_1_11' title="bbox 0 0 2268 6034">
     <span class='ocr_line' id='line_1_41' title="bbox 0 0 2268 6034; baseline 0 0"><span class='ocrx_word' id='word_1_379' title='bbox 0 0 2268 6034; x_wconf 95' lang='lat' dir='ltr'> </span> 
     </span>
    </p>
   </div>
  </div>
 </body>
</html>
