4525 6034
694 556 771 631 470
985 559 1025 634 n
1050 508 1257 636 urorum
1282 557 1539 636 termonem
1563 561 1782 639 ommino.

583 753 586 759 “
694 745 818 814 editum
843 746 977 817 Romae
1004 746 1180 837 eserrrplor
1207 745 1330 816 nullum
1355 745 1565 835 haberemus,
1593 754 1687 839 crq'us
1705 770 1770 841 ope
1790 752 1965 820 innunrera
1981 756 2052 846 qui-

693 860 755 930 bus
780 867 908 949 scatet,
942 862 1064 932 menda
1090 861 1427 953 nuncupassemus,
1460 884 1570 956 neque
1603 864 1829 955 aliud‘sermc
1856 868 2055 956 praesidum

694 998 794 1068 quarn
819 980 856 1046 in
883 980 1142 1070 comparatione
1168 979 1267 1046 istius
1292 975 1474 1071 Lilurqiae
1501 1000 1575 1047 cum
1602 977 1747 1071 Coptica
1772 979 1915 1067 Basilii,
1948 987 2000 1053 cui
2022 988 2054 1054 iu

695 1092 846 1162 omnihus
870 1115 981 1186 prope
1005 1093 1165 1185 partibus
1190 1093 1382 1184 respondet.
1444 1093 1525 1163 Cum
1556 1097 1644 1165 enim
1672 1094 1881 1188 Aethiopica
1906 1096 2055 1167 Ecclesia

654 1280 662 1295 ,
692 1207 876 1280 simillimos
901 1208 1153 1279 Alexandrinis
1178 1211 1265 1278 ritus
1291 1214 1471 1301 sequatur,
1504 1231 1551 1279 eu
1577 1214 1653 1280 istis
1677 1210 1793 1283 multa,
1807 1212 1855 1281 ad
1879 1212 1955 1282 illos
1978 1235 2054 1305 spe-

693 1327 825 1392 ctantia
850 1323 1097 1411 intelleximus·
1113 1346 1202 1417 quae
1227 1323 1315 1393 alibi
1336 1327 1471 1416 frustra
1497 1332 1756 1419 quaererentur,
1784 1330 1887 1397 etiam
1903 1331 1938 1398 in
1956 1330 2055 1399 castis

692 1438 828 1531 Ludolft
856 1442 1114 1510 commentariis.
1168 1437 1204 1508 ls
1240 1441 1328 1508 enim
1362 1441 1398 1509 in
1432 1438 1639 1534 Aethiopum
1673 1441 1777 1513 rebus
1800 1444 2056 1514 Ecclesiastico

692 1556 745 1624 ita
770 1562 926 1625 uersatus
953 1561 1013 1642 est,
1040 1562 1077 1625 ut
1103 1577 1164 1627 eas
1192 1554 1431 1625 obscuraverit
1453 1548 1579 1649 potius,
1608 1578 1707 1650 quam
1732 1558 1965 1646 illustraverit,
1992 1579 2055 1627 non

692 1670 791 1740 modo
819 1664 866 1740 ec
890 1670 1156 1740 Aleuundrinae
1179 1670 1264 1761 fidei
1290 1676 1325 1740 el
1350 1670 1552 1762 disciplinae
1579 1674 1790 1763 iquoramia,
1815 1675 1878 1744 sed
1894 1678 1998 1769 niaqis
2014 1696 2055 1744 ec

692 1808 776 1855 suae
802 1792 920 1857 seclae
943 1786 1177 1877 praepudiciis.
1213 1784 1335 1878 ltaque
1361 1789 1500 1878 saepius
1525 1790 1561 1856 iu
1587 1789 1677 1858 notis
1703 1811 1792 1881 quae
1816 1788 1896 1859 huic
1912 1791 2055 1860 oersiuni

691 1901 925 1992 subjicientur,
952 1923 1026 1971 eum
1051 1900 1212 1992 refellere
1238 1922 1378 1972 necesm
1405 1904 1481 1987 erit,
1509 1922 1577 1972 non
1604 1907 1831 1974 contentiores
1856 1905 1974 1990 studio,
2000 1905 2056 1975 scd

692 2039 810 2087 amore
836 2021 1010 2104 ueritatis,
1038 2039 1138 2110 quam
1171 2015 1311 2088 laesisse
1344 2021 1535 2088 inmaniter
1569 2039 1674 2110 saepe
1709 2019 1993 2111 deprehendetur,
2025 2025 2056 2089 et

694 2153 923 2226 quaecamque
949 2136 1103 2203 rationes
1129 2134 1203 2221 ejus
1230 2132 1490 2220 conturbabant,
1517 2133 1609 2203 mala
1632 2134 1702 2225 fide
1729 2135 1961 2206 dissimulasse.

803 2247 925 2321 Verum
951 2253 1051 2319 erunt
1071 2247 1198 2339 procul
1222 2248 1325 2318 dubio
1352 2248 1471 2341 quibus
1501 2248 1721 2320 intoleranda
1752 2255 1927 2322 temeritas
1958 2252 2054 2321 oide-

691 2363 784 2434 bitur
811 2386 1007 2458 quemquam
1032 2363 1208 2450 tramittem,
1234 2363 1337 2433 multo
1363 2368 1471 2456 maqis
1496 2387 1559 2451 me,
1587 2369 1645 2458 qui
1669 2366 1874 2438 mediocrem
1893 2371 1929 2437 in
1946 2367 2054 2458 linqua

691 2479 902 2574 Aethiopica
928 2501 1068 2572 operam
1094 2478 1323 2571 impenderim,
1350 2501 1418 2549 non
1444 2479 1543 2550 modo
1571 2484 1607 2549 in
1632 2481 1735 2551 rebus
1748 2482 1974 2575 Aethiopicis,
1998 2481 2054 2551 sed

691 2599 728 2664 in
753 2599 830 2688 ipsa
856 2597 993 2690 linquae
1019 2598 1305 2687 interpretatione
1317 2595 1498 2688 Ludolfum
1515 2599 1724 2689 impuqnare,
1751 2599 1810 2690 qui
1824 2595 1890 2665 huc
1906 2598 1941 2665 in
1958 2600 2054 2686 parte

688 2712 836 2804 palmam
862 2712 983 2782 dudum
1009 2711 1163 2783 obtinuit.
1216 2710 1273 2780 De
1308 2716 1380 2802 ejus
1414 2733 1520 2804 opere
1545 2710 1712 2782 historico
1746 2717 1781 2781 et
1815 2710 2053 2782 Commentario

692 2828 779 2899 nihil
803 2829 962 2914 dicimus,
995 2830 1064 2897 nisi
1095 2832 1254 2920 quantum
1280 2827 1327 2896 ad
1358 2849 1416 2897 res
1440 2827 1640 2918 Liturqicas
1669 2824 1862 2919 spectabat,
1898 2833 1932 2897 et
1961 2826 2054 2917 fidem

690 2949 789 3017 circu
813 2944 1071 3033 Einharistiac
1084 2948 1344 3032 sacramentum
1371 2965 1459 3036 quae
1486 2943 1619 3036 quidem
1644 2948 1682 3013 ut
1706 2942 1779 3012 olio
1795 2942 1973 3034 reliqionis
1992 2964 2053 3012 cu-

685 3067 779 3157 pita,
813 3082 908 3131 nemo
936 3082 982 3130 ec
1008 3058 1090 3130 solis
1115 3057 1334 3151 Aethiopicis
1359 3058 1458 3130 libris
1483 3081 1629 3152 unquam
1654 3059 1788 3128 ducere
1818 3062 1968 3150 poterit,
2002 3057 2055 3149 qui

686 3179 885 3271 paucissimi
910 3181 1004 3247 sunt:
1030 3180 1065 3245 et
1086 3178 1310 3266 praecipuum
1336 3179 1395 3268 qui
1422 3180 1474 3245 est
1497 3173 1599 3245 Fides
1625 3174 1772 3260 Patmm,
1801 3173 1969 3265 Ludotsus
1992 3192 2055 3242 nou

687 3295 833 3365 viderat.
886 3291 928 3362 ln
955 3291 1072 3386 linqua
1097 3289 1308 3383 Aethiopica
1334 3310 1402 3359 non
1429 3290 1529 3360 ualde
1550 3293 1699 3382 peritum
1732 3311 1807 3360 esse
1831 3311 1972 3360 neeesse
1997 3292 2052 3374 est,

685 3414 892 3503 praesertim
917 3408 1008 3479 illum
1035 3411 1094 3501 qui
1119 3407 1254 3500 aliquus
1280 3410 1316 3476 in
1341 3406 1484 3500 reliquis
1511 3405 1742 3476 Orientalibus
1769 3427 1976 3500 proqressus
1996 3408 2053 3496 [ο-

689 3531 794 3616 cerit,
826 3527 872 3596 ud
898 3524 1144 3618 assequendam
1178 3544 1296 3594 earum
1328 3525 1522 3592 orationum
1555 3524 1773 3608 sententiam,
1806 3543 1948 3613 quamn
1976 3522 2052 3613 pri-

686 3664 837 3712 maevum
870 3640 1045 3734 enenrplar
1073 3639 1229 3731 Coptica,
1265 3638 1440 3723 Arabiae,
1476 3643 1511 3707 et
1538 3636 1674 3707 Graece
1707 3636 1872 3723 hahetur,
1902 3643 1943 3721 ¹et
1976 3658 2053 3729 quus
2094 3626 2097 3631 ⁴

687 3761 832 3827 omnium
856 3757 1089 3848 Liturqiarum
1116 3756 1331 3826 Graecarum
1357 3775 1540 3824 consensus
1564 3755 1777 3845 sufficienter
1804 3750 1966 3845 euplicat.
2014 3751 2052 3821 Iu

686 3877 762 3944 istis
793 3896 882 3967 quae
913 3894 997 3944 sane
1026 3874 1223 3964 praecipua
1253 3877 1346 3958 sunt,
1379 3873 1440 3940 oia
1476 3870 1706 3941 existimamus
1738 3874 1912 3960 repertum
1944 3871 1991 3938 iri
2019 3868 2052 3935 in

686 3996 806 4060 nostra
837 3993 995 4060 cessione
1026 3988 1222 4080 quidquant,
1257 3985 1347 4080 quod
1377 3985 1585 4077 Aethiopico
1621 3988 1732 4055 testui
1764 3970 1973 4054 conlrarium
2001 3985 2050 4051 sit.

686 4104 817 4198 Nempe
842 4108 895 4175 usi
928 4127 1040 4176 sumus
1071 4103 1212 4174 uocibus
1240 4105 1398 4196 propriis
1431 4100 1501 4172 stili
1526 4096 1786 4187 Ecclesiastici,
1822 4122 1891 4170 nou
1923 4100 2050 4169 nouiter

685 4222 878 4293 adinventis
903 4219 1021 4314 quales
1047 4241 1162 4290 omnes
1183 4222 1294 4311 ferme
1319 4223 1396 4287 sunt
1422 4238 1507 4311 quas
1529 4215 1695 4307 Ludolsus
1710 4215 1845 4287 Lerico
1871 4236 1933 4285 suo
1959 4216 2049 4284 inse-

684 4341 763 4408 ruit.
822 4336 866 4407 Ut
891 4358 963 4407 rem
989 4334 1145 4428 ecemplu
1168 4337 1355 4428 perspicuo
1383 4336 1623 4425 coufinnemus.
1684 4329 1760 4402 Voc
1786 4328 1941 4415 Corbun,
1968 4347 2050 4422 quae

684 4456 823 4545 saepius
847 4458 1033 4544 usurpatur
1059 4451 1280 4546 inLiturqia,
1307 4450 1396 4521 idem
1420 4450 1593 4543 siqnificat
1604 4446 1823 4539 Aethiopiae,
1849 4446 1941 4539 quod
1964 4441 2050 4538 opud

683 4567 793 4660 Sqros
820 4574 854 4639 et
878 4567 1018 4639 Arabes
1045 4565 1269 4655 Christianos,
1294 4567 1503 4657 sam-ificium
1528 4585 1646 4656 nempe
1663 4562 1947 4634 Ermharisticmn.
1974 4558 2050 4645 Orus

683 4687 789 4775 iqitur
815 4684 995 4776 Ludolsum
1021 4683 1223 4753 audiendum
1250 4685 1438 4769 existimet,
1471 4702 1545 4750 cum
1570 4678 1664 4749 illam
1687 4676 1894 4770 sinqularem
1917 4677 2048 4772 siquit-

684 4804 855 4872 cationem
881 4804 932 4872 ita
959 4799 1121 4892 amplicat.
1175 4798 1210 4871 S.
1238 4797 1388 4871 Coenam
1422 4793 1584 4869 distribuit
1608 4793 1775 4865 Minister:
1809 4800 1845 4865 et
1873 4814 1955 4863 moc
1987 4790 2046 4860 dun

682 4916 745 4986 illa
770 4917 880 4987 cerba
905 4900 1117 5008 Aethiopica
1143 4914 1329 5007 eapticcns.
1384 4912 1448 4998 Qui
1483 4910 1710 4982 administrant
1735 4932 1867 4982 sucrum
1894 4907 2046 4990 Coeum

683 5055 745 5103 seu
772 5036 828 5127 qui
855 5030 995 5104 offerunt
1027 5031 1344 5103 communicantibus
1378 5051 1476 5101 sacru
1507 5030 1679 5123 mysteria.
1739 5026 1873 5097 Rursus
1906 5046 1980 5095 cum
2008 5041 2047 5091 eu

849 5229 859 5269 f
893 5224 896 5231 .
