4525 6034
568 581 696 659 NOTAE
722 583 762 659 tit
787 584 994 661 ttruuutmt
1021 587 1052 662 S.
1078 585 1252 663 tuturis.
1524 592 1601 667 259

327 765 489 860 Populos.
543 768 664 839 Amen.

326 879 511 953 Sacerdos.
565 881 648 954 Pax.

326 996 487 1090 Populus.
540 996 787 1086 arcumen.

323 1112 510 1183 Diaconos.
563 1114 683 1184 lterum
711 1125 812 1208 atque
839 1118 964 1186 iterum.

323 1226 508 1300 Sacerdos.
561 1228 643 1300 lesu
670 1226 802 1301 Christe
828 1229 923 1301 Deus
950 1242 1077 1320 noster,
1105 1237 1161 1328 qui
1187 1257 1249 1329 per
1275 1233 1480 1310 voluntatem
1497 1248 1595 1326 mam,

219 1353 254 1414 et
279 1341 388 1414 Patris
416 1347 478 1431 tui,
511 1353 545 1414 et
577 1343 720 1439 Spiritus
756 1349 801 1417 tui
829 1349 935 1417 sancti
966 1368 1028 1441 pro
1055 1346 1153 1420 nobis
1181 1350 1368 1423 immolatus
1396 1375 1454 1442 es,
1481 1364 1515 1425 et
1542 1359 1599 1426 ci-

218 1455 306 1530 lrasti
341 1480 406 1530 nos
438 1480 584 1553 corpore
617 1470 672 1531 tuo
713 1463 813 1550 vivo,
847 1471 881 1532 et
913 1466 1077 1554 sanguine
1108 1472 1165 1535 tuo
1206 1469 1440 1561 propitiatorio
1474 1474 1598 1565 potasti

218 1594 295 1658 nos,
324 1573 482 1645 confirma
516 1596 580 1645 nos
607 1577 641 1645 in
673 1580 811 1648 caritate
839 1586 912 1649 tua:
947 1578 1048 1674 imple
1079 1601 1142 1651 nos
1177 1584 1295 1654 timore
1328 1593 1401 1656 tuo:
1434 1583 1596 1657 lundein

216 1687 314 1760 nobis
340 1688 439 1761 fidem
466 1701 571 1762 tuam:
599 1713 681 1763 orna
708 1713 772 1764 nos
799 1695 891 1763 vitae
917 1696 1046 1765 ratione
1078 1693 1287 1790 inculpabili,
1315 1707 1349 1769 et
1376 1697 1500 1772 dimitte
1527 1699 1594 1770 de-

215 1802 293 1876 licta
321 1815 435 1877 nostra
463 1804 771 1902 defunctorumque,
799 1818 833 1879 ut
859 1821 1021 1906 perpetuo
1049 1819 1083 1880 et
1117 1814 1206 1882 omni
1239 1822 1390 1908 tempore
1417 1816 1593 1908 glorifice-

215 1942 290 1992 mus
317 1930 364 2006 te,
391 1929 426 1992 et
450 1922 584 1992 Patrem
612 1932 711 2009 tuum,
741 1932 776 1993 et
800 1925 958 2019 Spiritum
985 1935 1074 1996 tuum
1101 1936 1260 2014 sanctum,
1289 1950 1385 2000 nune.

321 2036 482 2128 Poprdus.
535 2036 655 2108 Amen.
1264 2049 1269 2056 '
1368 2067 1371 2072 ⁴

318 2152 507 2223 Diaconos.
560 2153 708 2224 Benedic
733 2154 889 2241 Domine,
917 2163 980 2224 ete.

320 2267 506 2339 Sacerdos.
560 2268 896 2341 Benedic'omnibus.

318 2382 508 2455 Diaconos.
561 2384 762 2456 Benedicam
790 2384 977 2456 Dominum.

611 3193 693 3312 IN
743 3195 1199 3313 LITURGIAM

310 3437 691 3531 talliis
754 3439 1382 3534 cnutsustottt
1432 3443 1491 3534 ll.

812 3647 987 3731 tttttn

300 3888 327 3954 l.
357 3877 490 3956 Tirenus
520 3889 608 3971 hujus
638 3891 809 3975 liturgiae,
838 3899 871 3953 ut
901 3892 950 3954 alii
985 3892 1139 3973 plerique,
1172 3889 1209 3951 ad
1240 3890 1455 3954 conciliandam
1487 3891 1516 3953 ei
1545 3911 1587 3953 ex

207 3992 334 4056 loannis
351 3994 559 4075 chrysostomi
577 3997 696 4057 nomine
719 3995 893 4076 dignitatem
916 3996 1059 4057 momenti
1081 3993 1192 4056 nullius
1215 4001 1272 4068 est,
1296 4011 1362 4054 eum
1385 4001 1419 4055 ut
1433 3996 1585 4074 superior,

208 4111 247 4156 na
271 4092 369 4155 levem
392 4092 511 4173 quidem
534 4101 635 4160 notam
657 4094 766 4156 lrabeat
788 4094 985 4156 similitudinis
1009 4113 1075 4155 cum
1098 4093 1227 4168 Graeca,
1250 4093 1307 4154 nisi
1328 4093 1481 4174 generalis
1504 4092 1584 4155 illius

208 4194 339 4254 omnium
362 4192 532 4254 Olliciorum
556 4191 751 4254 Orientalium
775 4194 853 4254 inter
876 4212 928 4271 se,
952 4195 1032 4255 eirca
1056 4192 1288 4273 praecipuarum
1311 4191 1486 4255 Orationum
1510 4210 1586 4254 sen-

206 4292 331 4354 tentiam
354 4291 581 4353 conformitatis.
618 4290 677 4353 Sed
701 4291 803 4354 titulos
826 4291 994 4373 hujusmodi
1016 4290 1192 4371 frequenter
1214 4288 1371 4371 adjunctos
1394 4291 1530 4353 videmus
1553 4292 1584 4352 in

208 4388 371 4452 Codicibus
401 4390 474 4454 llss.
505 4399 537 4451 ut
559 4392 590 4452 in
612 4389 745 4453 Rouana
775 4390 926 4467 editione,
957 4407 1034 4471 quae
1065 4389 1144 4451 hane
1173 4387 1338 4470 Liturgiam
1366 4387 1584 4471 Chrysostomo

205 4489 321 4563 minuit,
344 4507 411 4551 curn
434 4490 463 4550 in
481 4488 553 4551 liss.
577 4490 728 4551 nonnullis
751 4489 839 4552 alteri
858 4489 967 4552 loanni
980 4489 1127 4551 tribuatur
1151 4489 1201 4568 qui
1225 4495 1256 4549 et
1268 4488 1426 4551 Harranita
1448 4497 1583 4551 vocatur.

206 4588 257 4651 Art
279 4589 405 4670 patriam
428 4588 494 4667 ejus
518 4588 658 4671 designet
681 4589 706 4650 is
731 4589 849 4668 titulus,
880 4606 917 4650 an
946 4587 1159 4670 Episcopalem
1188 4586 1363 4670 dignitatem
1395 4588 1460 4668 ejus
1488 4588 1584 4662 urbis,

206 4688 370 4749 nescimus.
415 4688 483 4750 Fuit
505 4706 579 4749 sane
602 4688 736 4766 Harran,
761 4706 849 4769 quam
872 4690 982 4751 Graeci
1005 4687 1136 4751 Charras
1160 4695 1285 4766 vocant,
1309 4686 1383 4749 urbs
1407 4689 1435 4748 in
1460 4686 1585 4749 historia

207 4784 351 4863 celebris,
375 4788 555 4867 praesertim
579 4786 666 4849 elade
689 4787 808 4850 Crassi:
830 4794 861 4849 et
883 4789 912 4850 in
937 4806 974 4850 ea
992 4786 1150 4849 Jacobitae
1171 4785 1354 4867 Episcopum
1376 4785 1544 4848 habuerunt
1566 4803 1583 4847 a

206 4883 306 4946 multis
330 4885 471 4948 saeculis·
513 4886 702 4967 Frequenter
724 4903 817 4966 porro
830 4886 998 4965 Jacobitae,
1021 4894 1071 4949 aut
1094 4902 1151 4964 par
1173 4885 1382 4967 ignorantiam,
1405 4893 1456 4947 aut
1470 4884 1583 4946 fraudis

204 4981 363 5046 faciendae
384 4985 554 5065 proposito,
578 4985 696 5047 nomina
715 4985 858 5047 Diuorum
881 4984 1182 5049 autPatriaroharmn
1205 5001 1338 5062 suorum,
1363 5002 1489 5064 quorum
1503 4982 1583 5065 apud

204 5080 282 5144 alios
306 5080 492 5146 Christianos
516 5085 659 5148 memoria
681 5101 742 5147 non
766 5084 845 5146 bona
868 5093 952 5166 erat,
981 5086 1046 5149 aliis
1070 5091 1347 5160 commutaverunt,
1378 5084 1458 5164 quod
1487 5101 1582 5163 saepe

255 5204 343 5248 ramus
359 5204 383 5248 n
1322 5186 1371 5259 36
