4525 6034
566 591 616 669 tu
649 592 952 668 tltuuctts
985 588 1266 669 SYRIACAS.
1549 591 1598 664 69

230 775 360 858 prelatio
381 775 485 859 lingua
506 775 625 858 vulgari
647 775 789 855 Arabica,
811 793 891 857 qnae
913 776 1003 840 lectio
1031 775 1097 839 lieri
1118 783 1221 857 potest
1243 777 1281 838 ab
1303 775 1455 840 inferioris
1478 774 1599 838 Ordinis

230 876 368 954 Clericis,
386 876 475 956 iaxta
497 874 604 957 cyrilli
626 874 663 941 ll.
694 876 885 939 Patriarcbac
913 872 1111 957 Alexandrini
1134 874 1392 940 constitutionem.
1444 874 1599 955 interpre-

229 977 304 1040 tatio
325 992 401 1039 vcro
422 975 581 1058 Evangelii
602 975 716 1056 duplex
738 983 802 1039 cst:
831 975 958 1039 literalis
984 991 1044 1038 una
1071 982 1103 1038 et
1124 975 1271 1056 simplex,
1300 974 1398 1056 qualis
1426 975 1457 1036 in
1487 972 1601 1053 aliquot

229 1073 386 1138 codicibus
399 1074 637 1153 Ordinationnm,
660 1084 695 1138 ut
714 1075 746 1137 in
768 1076 882 1155 optimo
891 1074 1066 1138 Florentino
1077 1075 1242 1156 reperitm:
1256 1074 1350 1137 altera
1363 1072 1600 1156 paraphrastica,

227 1175 259 1237 in
285 1173 479 1237 Homiliarum
507 1173 636 1253 modum,
667 1192 745 1255 quae
773 1174 977 1258 singularibus
1012 1174 1096 1237 libris
1123 1176 1325 1239 continenter.
1373 1173 1486 1237 Extant
1512 1172 1600 1255 hujus

226 1272 352 1355 generis
373 1272 458 1336 multi
478 1274 510 1335 in
531 1273 736 1351 Bibliothecis,
758 1281 789 1336 et
802 1273 902 1353 taloan
926 1275 963 1337 ad
978 1293 1065 1337 usum
1077 1273 1237 1337 Ecclesiae
1255 1274 1400 1356 Syriacae
1415 1272 1600 1335 lacobiticac

227 1370 319 1434 babet
344 1370 530 1436 Bibliotheca
560 1372 773 1456 Segtueriana,
810 1374 860 1454 qui
893 1374 1127 1437 communiorem
1153 1375 1276 1437 istam
1305 1373 1598 1455 interpretationum,

228 1488 308 1551 quae
335 1472 509 1551 metamor
534 1470 740 1554 appellantur,
774 1471 900 1535 formam
931 1491 1005 1555 prae
1035 1472 1160 1554 reliquis
1190 1473 1309 1537 videtur
1337 1472 1499 1536 exhibere:
1529 1489 1599 1534 nam

226 1571 426 1633 brevissimae
447 1578 534 1649 sunt3
557 1571 714 1635 camillae
736 1590 814 1652 quae
837 1571 875 1634 ad
894 1571 1060 1634 Ecclesiam
1083 1570 1239 1653 Copticam
1261 1573 1413 1653 pertinent
1435 1571 1494 1635 sint
1516 1586 1599 1651 pro-

226 1669 366 1733 liniores.

798 1932 1029 2028 Fecugelium.
1647 1931 1677 1983 Ρ·
1696 1930 1723 1987 ⁹·

323 2143 377 2223 Ur
400 2153 479 2235 apud
502 2152 638 2235 Coptitas
661 2172 728 2218 cum
750 2156 866 2238 magnis
890 2157 1088 2219 caeremoniis
1110 2154 1248 2219 delentur
1270 2153 1308 2217 ad
1330 2154 1499 2218 ambonem
1522 2154 1600 2217 libor
1648 2154 1785 2235 Evangelii
1809 2153 1923 2204 tecttoa

224 2260 473 2342 Evangeliorum,
495 2259 536 2320 ita
558 2257 625 2321 lieri
648 2258 727 2340 apud
750 2259 845 2341 Syros
868 2267 998 2337 constat,
1020 2267 1051 2322 et
1072 2258 1102 2321 id
1125 2277 1143 2320 a
1166 2256 1291 2320 Graecis
1314 2267 1507 2340 acceperunt.
1531 2258 1598 2331 Quo
1612 2242 1750 2295 ⁸³⁰⁰¹d⁰¹⁸
1769 2241 1881 2306 Syrisce.

224 2361 291 2423 ritu
312 2359 342 2421 id
365 2377 383 2420 a
405 2355 532 2437 Coptitis
554 2358 749 2443 observetur,
777 2360 947 2439 expositum
974 2368 1022 2422 est
1044 2377 1084 2422 ex
1105 2359 1224 2422 illorum
1248 2357 1427 2441 Theologis,
1459 2361 1489 2420 in
1512 2358 1598 2421 Notis

226 2458 268 2521 ad
289 2458 415 2539 primam
436 2457 614 2538 Liturgiam,
636 2457 688 2520 ubi
708 2457 791 2521 illum
811 2458 914 2543 μικρᾷ
933 2444 1047 2539 alcedo
1069 2458 1254 2553 Graecorum
1277 2459 1467 2539 respondere
1489 2458 1598 2521 dictum

223 2567 287 2636 est,
309 2559 348 2621 de
370 2576 429 2638 qua
452 2555 569 2620 erudite
591 2557 725 2621 lacobus
748 2556 884 2622 Goarius.
907 2557 1035 2643 Legitur
1057 2565 1157 2620 auum
1171 2557 1370 2639 Evangelium
1389 2576 1406 2619 a
1422 2558 1598 2634 Sacerdote,
1646 2570 1749 2627 sucin
1766 2587 1792 2638 p.
1812 2567 1872 2617 124.

223 2673 291 2718 nou
313 2674 331 2717 a
351 2656 504 2719 Diacono:
534 2658 670 2736 quamvis
702 2657 772 2719 olim
800 2658 831 2719 in
859 2656 992 2739 Syriacis
1013 2657 1162 2721 Ecclesiis
1185 2676 1291 2721 munus
1314 2659 1535 2737 Diaconcrnm,
1565 2666 1599 2721 ut

225 2753 310 2836 apud
333 2774 400 2835 nos,
422 2755 582 2839 Evangelii
604 2757 695 2819 lectio
718 2756 817 2819 inerit.
839 2756 873 2818 ld
896 2758 976 2821 enim
999 2758 1088 2821 docet
1106 2757 1292 2834 Eonstitutio
1309 2757 1443 2822 Rabnlae
1455 2758 1599 2841 Episcopi

224 2854 376 2917 Edesseni
398 2865 454 2920 art.
468 2857 517 2918 70.
539 2855 723 2919 Socerdm
743 2857 841 2938 legem
858 2856 1056 2938 Eoongclmm
1076 2856 1130 2919 obi
1149 2859 1342 2937 reperienda,
1363 2860 1493 2940 nullique
1514 2864 1603 2920 encrat

225 2954 369 3018 Diaconi.
413 2955 541 3033 Preces,
569 2962 601 3018 et
629 2954 776 3018 formulae
805 2955 843 3019 ad
873 2959 1100 3021 venerationem
1129 2955 1242 3019 codicis
1272 2958 1462 3041 Evangelici,
1486 2957 1599 3021 similes

225 3062 298 3117 sunt
320 3055 351 3117 in
373 3055 510 3117 omnibus
531 3054 650 3134 ritibus,
672 3063 705 3119 ut
715 3042 824 3136 nempe
836 3054 1063 3138 Christianiqui
1084 3057 1204 3133 adsunt,
1224 3074 1285 3120 non
1308 3057 1461 3121 auditores
1485 3064 1598 3120 tantum

224 3156 299 3233 sint
322 3154 377 3217 sed
399 3153 533 3217 lectores
555 3154 735 3233 verborum,
758 3174 836 3236 quac
859 3176 900 3219 ex
920 3156 1096 3237 Evangeliis
1118 3158 1293 3222 recitantur.

316 3255 388 3317 Post
409 3253 562 3337 Syriacam
585 3254 756 3334 lectionem,
779 3257 857 3318 sicut
878 3254 1044 3337 Epistolae,
1066 3255 1108 3318 ita
1130 3274 1252 3337 quoquc
1266 3256 1424 3339 Evangelii
1438 3257 1599 3321 vernacula
1645 3265 1734 3317 Lectio
1761 3264 1872 3316 secunda
1895 3262 1922 3313 nt

224 3355 319 3419 lectio
342 3355 444 3437 lingua
466 3354 598 3417 Arabica
619 3355 802 3418 observatur
823 3356 971 3434 similiter,
995 3363 1026 3417 et
1047 3354 1158 3419 babent
1178 3355 1248 3437 Syri
1261 3356 1452 3419 Lectionan'a
1473 3358 1599 3439 proprio
1611 3349 1700 3418 tingue
1718 3349 1828 3417 vulgari.

225 3456 376 3530 Arabica,
406 3453 444 3517 ad
471 3453 551 3516 hunc
573 3471 668 3516 usum
702 3454 735 3515 ln
758 3455 998 3533 Pontiiicalibus,
1027 3462 1058 3517 et
1081 3456 1256 3535 quibusdam
1278 3455 1344 3518 aliis
1366 3454 1449 3517 libris
1472 3472 1599 3535 quorum

225 3570 302 3615 usus
319 3552 510 3632 quotidianus
525 3570 586 3616 non
599 3561 658 3632 cst,
680 3553 858 3618 lectionibus
882 3572 959 3635 quae
981 3556 1214 3633 interseruntur,
1230 3556 1333 3618 versio
1346 3555 1477 3623 Arabica
1493 3555 1600 3636 subjici

226 3651 324 3730 solet,
354 3652 444 3714 utin
474 3652 586 3733 como
615 3661 646 3715 ct
668 3653 791 3734 antitmo
814 3653 928 3718 Codice
950 3654 1135 3735 Florentino.
1179 3655 1291 3717 Extant
1320 3672 1440 3736 quoque
1470 3652 1600 3725 Codices

226 3752 306 3815 varii
327 3751 480 3833 Epistolos
511 3758 542 3814 ct
569 3751 737 3835 Evangelia
766 3754 932 3817 secundum
960 3754 1182 3818 Dominicarum
1210 3762 1242 3817 ct
1268 3754 1414 3818 festorum
1445 3753 1600 3832 Ordinem,

227 3859 262 3917 ut
284 3860 354 3913 sunt
376 3851 455 3932 apud
466 3850 602 3915 Graecos
625 3838 992 3936 Ἀποστολοευαγγέλια.
1015 3855 1049 3916 ln
1071 3856 1208 3917 omnibus
1232 3855 1455 3936 exemplaribus
1468 3854 1600 3936 Syriacis

225 3951 308 4014 Novi
331 3950 513 4013 Testamenti
541 3958 663 4015 notatur
690 3953 812 4033 quando
842 3953 979 4036 singulae
1009 3953 1166 4018 Sectiones
1193 3956 1223 4016 in
1247 3953 1356 4017 Olllciis
1379 3954 1600 4017 Ecclesiasticis

224 4050 292 4133 legi
313 4050 455 4131 debeant,
476 4050 656 4133 illarumque
677 4052 806 4115 indicem
826 4060 1037 4134 repraesentat
1059 4054 1151 4118 editio
1172 4055 1315 4136 princeps
1338 4055 1528 4119 Viennensis.

557 4312 707 4386 Sanctus
731 4315 828 4388 Deus
852 4322 991 4389 sanctus
1011 4319 1128 4409 scriis,
1155 4322 1219 4388 etc.
1646 4314 1676 4367 P·
1694 4317 1721 4369 ⁴0
1739 4315 1822 4367 012⁰·

329 4522 460 4602 Hvsnus
483 4543 530 4599 cst
553 4555 641 4617 quem
662 4539 756 4623 vulgo
779 4539 948 4619 libanica
970 4540 1136 4621 appdbnt,
1167 4541 1219 4621 qui
1246 4540 1277 4603 in
1299 4541 1439 4603 universa
1461 4539 1600 4603 Ecclesia
1649 4537 1798 4607 taisnaium·

227 4638 446 4703 celeberrimus
468 4648 524 4702 est
568 4640 601 4703 ln
622 4639 727 4704 Latina
750 4650 848 4705 umen
869 4660 930 4704 non
954 4642 1062 4707 dicitur
1081 4651 1217 4725 praeter,
1240 4662 1329 4727 quam
1350 4644 1445 4708 semel
1466 4645 1497 4705 in
1521 4661 1600 4706 anno

227 4738 317 4801 Faria
340 4740 390 4804 vt.
411 4740 535 4822 majoris
557 4738 774 4822 hebdomadae,
797 4742 887 4824 idque
911 4741 1028 4807 Graece
1051 4750 1082 4806 et
1102 4742 1226 4824 Latine,
1249 4760 1309 4826 quo
1332 4744 1498 4827 peregrina
1521 4743 1600 4806 illius

137 4867 149 4887 ι
228 4838 318 4923 origo
342 4840 537 4923 significatur,
561 4841 632 4923 quia
654 4841 819 4904 secundnm
843 4841 977 4909 Graecos
997 4860 1095 4925 prope
1111 4861 1227 4923 omncs,
1248 4845 1279 4906 in
1293 4843 1432 4908 Ecclesia
1447 4842 1601 4907 Constan-

227 4938 427 5020 tinopolitano
442 4940 517 5004 ‘cani
539 4941 642 5022 coepit
661 4940 784 5024 Angelo
806 4941 973 5020 revelatae,
995 4944 1053 5007 sub
1076 4943 1185 5006 Proclo
1206 4942 1388 5008 Patriarcho.
1429 4944 1473 5006 lta
1496 4942 1600 5005 Theo-

207 5038 355 5119 ·pbancs,
372 5038 562 5120 Nicephorus
583 5040 602 5102 l.
625 5038 678 5107 18.
700 5059 727 5105 c.
751 5040 818 5104 51⁰.
842 5043 1046 5106 Damascenus
1070 5042 1195 5106 deEide
1215 5041 1393 5105 Ortbodoxa
1415 5043 1434 5108 l.
1450 5042 1480 5107 3.
1504 5040 1598 5107 c‚19.

1315 5158 1393 5234 12*
