4525 6034
588 618 1226 706 suntutteutttt
1511 615 1589 697 223

214 808 377 896 anobis,
412 829 521 902 neque
553 807 670 902 procul
694 805 801 879 iacias
829 806 953 878 auxilia
980 817 1053 896 tua3
1086 807 1145 880 sed
1174 811 1287 903 aspice
1313 831 1396 900 nos,
1430 820 1464 881 at
1498 812 1590 881 mitte

214 928 358 1018 gratiam
384 934 474 996 tuam
502 922 544 993 ad
570 931 720 995 nostrum
747 921 938 994 subsidium.
992 923 1046 994 Ab
1085 924 1239 997 omnibus
1266 923 1456 998 criminibus
1483 925 1589 997 libera

212 1063 291 1129 nos,
317 1063 427 1135 neque
453 1038 591 1110 inducas
618 1060 682 1110 nos
708 1041 742 1109 in
770 1041 994 1130 tentationem,
1022 1042 1098 1133 quia
1126 1040 1184 1112 tibi
1205 1052 1257 1112 est
1276 1049 1439 1134 potestas,
1467 1052 1500 1112 et
1518 1044 1588 1113 im-

212 1159 342 1252 perium
370 1166 554 1242 aeternum,
581 1165 616 1225 et
642 1153 700 1227 tibi
728 1154 869 1245 gloriam
896 1164 930 1226 et
956 1157 1138 1246 gratiarum
1165 1158 1330 1228 actionem
1354 1155 1541 1229 referimus.

319 1271 482 1366 Populus.
535 1271 655 1343 Amen.

317 1387 503 1459 Sacerdos.
555 1386 640 1457 Pax.

318 1503 506 1575 Diaccaas.
558 1502 649 1572 Ante
677 1503 923 1594 susceptionem
951 1502 1186 1595 mysteriorum
1220 1503 1359 1573 istorum
1386 1513 1588 1591 sanctorum,

213 1641 301 1713 quae
337 1617 449 1690 oblata
483 1625 575 1704 sunt,
610 1618 729 1687 iterum
762 1637 876 1688 eoram
917 1616 1060 1687 Domino
1094 1616 1302 1688 misericordi
1334 1623 1442 1715 capita
1473 1632 1588 1694 nostra

212 1732 417 1804 inclmemus.

319 1848 480 1941 Populus.
535 1845 659 1919 Coram
686 1858 732 1936 te,
758 1849 911 1920 Domine.

318 1963 494 2034 Sacerdos
519 1963 657 2035 eleaaas
683 1984 808 2034 uocem.
863 1958 947 2033 Cum
973 1963 1061 2032 omni
1097 1970 1213 2034 natura
1248 1973 1282 2034 et
1311 1976 1464 2037 creatura
1500 1990 1588 2040 coe-

212 2077 346 2151 lestium
373 2089 407 2151 et
433 2083 650 2165 terrestrium,
679 2101 764 2173 quae
792 2088 825 2149 te
853 2076 981 2164 adorat,
1008 2075 1164 2160 Domine,
1192 2088 1227 2149 ut
1245 2083 1355 2153 animo
1369 2083 1587 2176 concipimus,

213 2216 277 2266 nos
305 2218 437 2290 quoque
464 2194 694 2267 adorationem
720 2216 837 2265 veram
865 2215 938 2263 eum
967 2195 1111 2263 cervicis
1146 2191 1346 2266 demissione
1380 2196 1439 2268 tibi
1471 2195 1589 2268 alleri-

212 2332 309 2398 mus3
335 2322 370 2383 et
397 2336 416 2382 a
444 2334 570 2383 summa
597 2314 735 2382 caritate
761 2319 816 2380 tua
842 2306 1066 2404 postulamus,
1098 2317 1135 2378 ut
1167 2307 1330 2382 illumines
1364 2314 1492 2385 animas
1518 2335 1588 2386 no-

213 2434 302 2498 stras
330 2413 472 2498 veritate
499 2436 564 2497 tua.
617 2424 740 2496 Munda
767 2446 831 2496 nos
858 2423 1009 2519 hyssopo
1037 2433 1112 2494 tuo:
1141 2426 1308 2498 sanctifica
1331 2449 1394 2500 nos
1414 2432 1589 2501 sanctitate

212 2549 284 2612 ara:
323 2553 485 2613 converte
520 2563 583 2614 nos
620 2540 662 2612 ad
697 2544 847 2612 timorem
881 2548 985 2624 tuum,
1022 2539 1154 2634 placeat
1188 2539 1246 2612 tibi
1280 2551 1315 2612 ut
1347 2545 1457 2614 mittas
1491 2545 1588 2617 nobis

211 2655 465 2730 benedictiones
493 2665 578 2741 tuas,
606 2666 640 2727 et
665 2658 699 2727 in
725 2655 810 2726 bunc
836 2656 970 2727 modum
998 2665 1097 2749 atque
1124 2655 1245 2728 talibus
1266 2656 1364 2728 bonis
1381 2659 1588 2754 locupletans

214 2793 296 2860 nos,
331 2795 374 2843 ne
406 2776 596 2868 permittas,
629 2781 663 2842 ut
696 2775 747 2842 rei
774 2771 974 2843 accedamus
1001 2771 1042 2842 ad
1069 2776 1336 2845 communionem
1361 2773 1446 2846 banc
1471 2773 1588 2846 vivifi-

214 2911 290 2959 cam
318 2892 467 2984 eorporis
495 2900 529 2960 et
555 2890 724 2980 sanguinis
751 2889 910 2980 unigeniti
936 2886 1011 2959 Filii
1038 2890 1099 2975 tui,
1132 2910 1195 2983 per
1228 2911 1325 2982 quem
1359 2901 1494 2962 etcum
1522 2914 1588 2986 quo

214 3014 249 3074 te
277 3004 374 3075 decet
401 3005 510 3096 gloria
537 3015 571 3077 et
596 3007 769 3099 imperium
795 3025 870 3075 cum
897 3003 1021 3099 Spiritu
1048 3015 1104 3076 tuo
1132 3014 1258 3077 sancto.

319 3120 482 3212 Papulas.
536 3122 654 3192 Amen.

320 3236 503 3307 Sacerdos.
557 3238 641 3308 Pax.

321 3352 482 3444 Papulas.
536 3350 681 3423 Etcum
709 3354 825 3444 spiritu
852 3359 918 3422 tuo.

319 3466 503 3538 Sacerdos.
557 3468 608 3539 Sit
634 3465 840 3555 benedictio,
867 3475 928 3536 etc.

317 3581 478 3675 Populus.
531 3581 575 3653 Ει
601 3605 694 3668 cum,
723 3592 786 3652 etc.
883 3599 886 3602 ·

316 3697 505 3768 Diaconos.
561 3696 644 3769 Cum
676 3700 805 3768 timore.

317 3812 502 3884 Sacerdos.
557 3814 682 3885 Sancta
709 3815 841 3883 sanetis

318 3928 479 4021 Populea.
532 3928 626 4000 Unus
653 3929 754 3999 Pater
780 3937 924 4000 sanctus.

315 4043 503 4116 Diaconos.
556 4031 691 4116 Stemus
719 4043 887 4113 decenter.

317 4159 478 4252 Papulas.
532 4159 664 4232 Gratias
692 4162 832 4251 agimus.

317 4276 501 4347 Sacerdos.
537 4276 632 4347 laste
659 4286 692 4346 et
719 4274 898 4347 secundum
926 4276 1113 4359 veritatem,
1142 4271 1309 4366 valdeque
1335 4268 1587 4358 rationabiliter,

212 4389 375 4462 debentur
402 4391 668 4483 magnificentiae
696 4401 788 4478 tuae,
824 4390 940 4463 laudes
977 4411 1093 4462 omnes
1129 4387 1374 4474 indesinentes,
1408 4385 1520 4480 hymni
1555 4398 1588 4458 ct

213 4507 437 4580 exultationes
467 4508 688 4603 triumphales
715 4509 789 4601 quia
817 4528 879 4577 nos
907 4504 1015 4577 iecisti
1043 4505 1165 4597 dignos
1192 4526 1253 4598 per
1270 4504 1476 4575 clementiam
1498 4512 1588 4575 mam

214 4622 304 4694 dono
333 4623 398 4696 boc
425 4622 528 4712 bono,
556 4634 590 4695 et
605 4622 754 4709 coelesti,
783 4621 926 4693 alimenti
944 4621 1040 4714 hujus
1059 4620 1334 4715 incorruptibilis:
1361 4640 1588 4714 rogamusque

213 4761 362 4810 amorem
390 4749 479 4812 tuum
507 4762 589 4832 erga
607 4739 758 4811 homines
783 4734 993 4825 ineffabilem,
1020 4748 1140 4809 utnon
1162 4745 1343 4809 convertas
1363 4733 1450 4805 festa
1473 4744 1604 4807 nostra·

212 4855 247 4923 in
275 4853 413 4944 luctum,
448 4877 558 4950 neque
593 4858 722 4927 cantica
740 4863 871 4924 'nostra
905 4855 937 4923 in
965 4853 1140 4943 ejulatum,
1172 4874 1281 4946 neque
1315 4851 1452 4943 dejicias
1479 4853 1588 4945 capita
1696 4875 1701 4884 ’

213 4980 330 5040 nostra
357 4993 471 5042 coram
494 4971 639 5063 judicio:
672 4992 781 5065 neque
814 4967 1050 5040 erubescamus
1085 4971 1118 5038 in
1146 4968 1199 5040 die
1225 4968 1436 5060 novissimo,
1460 4969 1494 5038 in
1522 4987 1587 5059 quo

213 5089 441 5181 unusquisque
468 5109 651 5179 congruam
677 5087 978 5158 remunerationem
1006 5086 1165 5181 accipiet3
1193 5105 1267 5156 cum
1281 5081 1405 5174 Angali
1420 5085 1452 5154 ia
1467 5082 1586 5152 timore
