4525 6034
633 584 1168 664 insinuantis.
1512 582 1585 656 395

218 796 337 864 corum,
363 785 398 847 et
422 778 582 849 universa
610 775 708 872 plebs
735 773 972 848 osculabuntur
1006 795 1140 888 uranum
1166 773 1259 864 ejus,
1291 773 1389 867 eique
1416 772 1586 869 adpreca-

216 890 347 979 brmtnr,
373 900 410 963 ut
435 891 529 966 Deus
562 892 653 964 illurn
679 893 762 989 ipsis
792 891 942 987 perficiat
968 900 1139 987 pastorem
1166 887 1308 979 bonum,
1348 897 1382 960 et
1411 910 1475 983 per
1509 910 1585 960 eum
1620 969 1622 976 Α

192 1009 305 1103 ipsos
332 1031 465 1108 qnoque
491 1009 650 1105 perficiat
677 1007 734 1080 Ad
759 1007 859 1080 Ιίιιθιιι
884 1006 1060 1100 liturgiae
1085 1008 1211 1102 primus
1238 1008 1312 1101 ipse
1330 1003 1586 1080 communicabit

211 1126 317 1196 sacris
343 1128 514 1221 mysteriis
547 1138 581 1198 et
614 1125 687 1197 aliis
715 1123 867 1197 omnibus
890 1127 988 1217 juxta
1015 1122 1164 1196 ordinem
1199 1145 1294 1194 suum
1320 1125 1586 1196 communionem

216 1239 396 1329 distribuet,
423 1241 626 1338 dimittetque
653 1263 715 1314 eos
741 1263 815 1312 cum
842 1263 927 1338 pace
954 1250 987 1312 et
1013 1238 1256 1312 benedictione.

314 1356 435 1430 Fusius
462 1357 563 1454 paulo
592 1356 743 1430 eamdem
769 1353 996 1432 ἀκολουθίαν
1023 1358 1097 1428 sive
1112 1354 1245 1427 Rituum
1274 1354 1317 1426 ad
1335 1354 1585 1429 Ordinationem

214 1471 425 1544 Patriarchae
451 1472 610 1562 formam,
636 1472 741 1544 refert
766 1471 973 1546 Abulbircnt.
1025 1473 1138 1544 Primo
1166 1469 1347 1561 observat,
1382 1482 1418 1544 ut
1450 1475 1480 1546 si
1507 1472 1585 1543 ele-

214 1599 283 1660 ctus
310 1587 412 1661 hrerit
438 1612 484 1662 ex
511 1590 628 1663 ordine
655 1570 894 1680 saecularium,
933 1597 1032 1683 atque
1067 1588 1152 1661 adeo
1185 1587 1407 1662 Monosticum
1439 1588 1586 1662 habitum

213 1713 309 1776 autea
337 1727 405 1777 non
430 1709 633 1803 susceperit,
646 1706 849 1784 celebretur
875 1728 958 1798 erga
984 1728 1076 1795 eum,
1104 1705 1253 1777 Officium
1269 1708 1433 1799 integrum
1455 1704 1586 1778 habitus

212 1821 417 1915 imponendi,
449 1846 523 1895 cum
560 1823 764 1896 orationibus
799 1825 986 1912 consuetis,
1027 1826 1303 1917 imponanturque
1336 1824 1401 1917 ipsi
1433 1822 1587 1915 singulae

211 1935 389 2010 schematis
416 1961 478 2012 sen
503 1937 633 2011 habitus
660 1940 815 2032 Angelici
839 1950 975 2035 partes,
1001 1943 1047 2011 ita
1075 1942 1162 2011 enim
1187 1947 1313 2011 vocant
1337 1937 1586 2031 Religiosorum

208 2063 322 2126 vastos
351 2075 485 2143 sacras,
513 2054 700 2151 dequibus
728 2064 821 2128 extat
848 2055 939 2128 Ordo
967 2055 1146 2148 singularis
1172 2058 1205 2126 in
1233 2055 1376 2128 diversis
1404 2052 1585 2129 Codicibus

208 2169 287 2241 lllss.
314 2168 525 2264 Expectatnr
551 2171 671 2244 deiude
697 2176 852 2268 proxima
879 2173 950 2244 dies
984 2173 1178 2263 Dominica,
1214 2182 1311 2244 extra
1344 2194 1442 2268 quam
1477 2170 1584 2243 Ordi-

205 2289 361 2358 nationes
388 2284 502 2358 iacere
528 2310 598 2360 non
624 2288 717 2362 licet:
745 2300 860 2385 atque,
888 2301 924 2361 ut
950 2300 1084 2372 autores
1111 2288 1166 2361 alii
1192 2298 1327 2381 notant,
1354 2311 1397 2361 eo
1425 2291 1585 2383 temporis

207 2399 408 2490 intervallo,
436 2404 465 2475 si
489 2404 547 2475 vel
574 2405 717 2502 simplex
742 2405 926 2480 Monachus
953 2415 1026 2498 est,
1060 2416 1096 2478 ut
1127 2405 1219 2484 multi
1255 2415 1332 2479 tunc
1366 2415 1462 2478 erant
1494 2405 1584 2476 nullo

210 2514 338 2590 Ordine
369 2517 606 2594 Ecclesiastico
641 2525 804 2615 insigniti,
833 2523 947 2619 quales
974 2521 1122 2619 plerique
1153 2520 1332 2623 ἐγκλιστοὶ
1358 2520 1587 2614 εθιΒθοίιιιὶ

209 2656 291 2729 qnos
322 2634 434 2708 Hadia
460 2648 601 2729 vocant,
629 2650 727 2711 extra
745 2639 910 2713 coenobia
930 2639 1080 2714 inCellis
1101 2642 1276 2729 viventes,
1303 2649 1380 2711 tunc
1394 2633 1583 2733 incipiendo

209 2749 462 2841 aDiaconatu,
488 2776 599 2826 novus
626 2754 753 2829 electus
780 2756 1013 2847 ordinabatur,
1049 2761 1094 2829 ita
1121 2767 1156 2828 ut
1192 2768 1268 2842 ante
1303 2756 1388 2829 diem
1424 2757 1583 2829 Domini-

208 2889 280 2938 cam
311 2872 465 2961 proxime
492 2882 705 2966 sequentem,
733 2872 776 2945 od
803 2874 991 2967 hegumeni
1017 2876 1092 2948 sive
1117 2872 1406 2946 Archimandritae
1434 2874 1584 2966 dignita-

208 2993 273 3055 tem
302 2997 570 3078 promoveretur.
624 2988 707 3061 Cum
735 2989 897 3063 destinata
923 2991 995 3064 dies
1022 2990 1129 3063 illuxit
1154 2990 1278 3083 ligatus
1305 2989 1514 3085 deportatur,
1541 2987 1585 3058 ad

208 3096 398 3172 Ecclesiam
424 3103 459 3174 S.
487 3103 611 3194 Marci,
646 3105 703 3178 ubi
739 3111 941 3180 conveniunt
973 3129 1089 3180 omnes
1122 3105 1283 3203 Episcopi
1315 3115 1349 3177 et
1380 3103 1582 3178 saeculares.

210 3216 289 3288 Post
319 3216 490 3291 Cononem
516 3221 728 3296 Psalmodr'ae
755 3224 972 3319 completum,
985 3223 1062 3295 hoc
1089 3234 1142 3296 est
1168 3224 1318 3297 Officium
1351 3222 1416 3293 diei
1441 3220 1583 3293 Matuti-

209 3353 309 3422 nnm,
347 3336 462 3431 incipit
500 3335 661 3431 Liturgia.
725 3338 891 3416 Absoluta
934 3343 1170 3436 scripturarum
1208 3341 1370 3429 lectione,
1409 3336 1584 3410 solmmtnr

209 3449 343 3521 mocula
370 3450 488 3545 quibus
515 3453 641 3528 electus
668 3461 922 3550 constringitur:
950 3457 1108 3529 diversae
1135 3466 1243 3529 autem
1258 3456 1439 3528 Lectiones
1454 3456 1582 3526 veteris

208 3568 357 3660 novique
383 3568 586 3644 Testamenti
612 3573 783 3666 leguntur,
810 3577 937 3670 partitis
963 3572 1186 3646 hrnctionibus
1213 3577 1297 3646 inter
1322 3570 1514 3667 Episcopos
1550 3580 1584 3641 et

208 3681 423 3756 Sacerdotes.
475 3685 584 3758 Finita
610 3688 756 3764 lectione
781 3689 924 3763 Actuum
942 3690 1196 3787 Apostolomm,
1221 3688 1487 3763 Archidiaconus
1514 3686 1581 3759 ad-

208 3810 313 3872 vocat
337 3799 548 3897 Episcopos,
575 3809 630 3900 qui
658 3806 702 3879 ad
728 3806 833 3878 altare
860 3808 1039 3896 accedunt,
1066 3817 1100 3880 et
1125 3811 1162 3878 in
1177 3808 1365 3880 sanctuario
1380 3806 1490 3878 locum
1517 3827 1583 3876 ca-

207 3918 314 4011 piunt,
338 3921 437 4011 juxta
463 3941 545 3992 suae
565 3919 789 3995 Ordinationis
817 3927 1051 4019 antiquitatem.
1091 3924 1288 3996 Advocatur
1309 3922 1428 3995 deinde
1445 3922 1583 4014 electus,

210 4036 265 4126 qui
292 4057 314 4105 a
342 4032 470 4107 dnobus
496 4036 737 4140 Sacerdotibus
764 4063 810 4112 ex
836 4050 975 4136 utraque
990 4053 1085 4137 parte
1105 4063 1181 4112 eum
1197 4038 1384 4112 tenentibus
1401 4038 1582 4126 adducitur,

208 4152 282 4223 solo
312 4150 468 4224 stichario
494 4152 624 4228 indutus
651 4165 686 4228 et
710 4156 844 4229 mantile
871 4162 961 4230 circa
987 4158 1107 4229 collum
1120 4154 1265 4246 habens,
1292 4159 1402 4252 capite
1415 4156 1581 4228 inclinato.

206 4267 414 4341 Sacerdotes
440 4269 623 4364 procedunt
643 4277 742 4366 juxta
769 4273 919 4346 ordinem
946 4296 1056 4346 suum:
1083 4284 1150 4345 turn
1184 4277 1347 4370 antiquior
1378 4272 1578 4368 Episcopus,

204 4383 431 4480 praecedente
463 4385 730 4479 Archidiacono,
765 4393 820 4486 qui
853 4401 964 4484 gestat
998 4391 1148 4463 codicem
1182 4388 1461 4483 Evangeliorum:
1498 4386 1581 4460 alius

206 4499 378 4574 Sacerdos
404 4499 471 4573 fert
495 4505 682 4578 incensum:
709 4517 890 4601 sequuntur
917 4508 1089 4580 ordinatim
1116 4508 1277 4596 Diaconi,
1303 4530 1379 4579 cum
1414 4505 1579 4593 omuibus,

205 4617 387 4713 psallentes
415 4640 529 4692 coram
554 4619 742 4715 Evangeho
770 4632 903 4697 sancto:
931 4646 1113 4721 omnesque
1148 4623 1367 4719 procumbunt
1399 4632 1432 4694 et
1463 4643 1578 4692 vene-

206 4743 322 4806 rantur
348 4734 463 4809 altare.
516 4736 705 4834 Episcopus
731 4752 965 4830 consecrator,
994 4741 1081 4814 dicta
1098 4744 1250 4814 oratione
1269 4737 1458 4831 Evangelii,
1487 4736 1577 4810 alta-

187 4854 303 4948 rique
328 4852 487 4942 salutato,
514 4855 611 4927 sedet
644 4877 747 4952 super
780 4855 947 4949 thronum,
980 4856 1044 4932 hoc
1077 4868 1130 4934 est
1162 4856 1277 4930 sedem
1309 4851 1577 4943 Patriarchalem,

208 4990 393 5066 omnesque
418 4969 579 5067 Episcopi
604 4972 680 5046 binc
706 4975 843 5046 atinde
874 4975 1048 5048 consident
1069 4979 1168 5068 juxta
1194 4971 1343 5045 ordinem
1370 4994 1478 5045 suum:
1506 4971 1577 5044 Sa-

207 5084 365 5159 cerdotes
391 5096 425 5159 ot
449 5088 593 5192 Diaconi
619 5093 803 5164 consistunt
827 5095 861 5164 in
886 5091 963 5166 loco
990 5092 1156 5183 inferiori,
1182 5101 1218 5163 nt
1244 5092 1342 5163 etiam
1366 5089 1492 5163 electus
1518 5089 1577 5160 l-

247 5220 360 5266 nomurt
1242 5233 1247 5244 “
1320 5208 1369 5283 66

1633 1358 1729 1413 Eadem
1739 1375 1771 1411 err
1782 1357 1906 1410 Abulbir·

1598 1452 1647 1498 cal.
