4525 6034
389 2903 418 2956 P.
439 2903 481 2957 tl.

388 3126 478 3179 Vestes
497 3139 595 3179 ascrae.

681 563 732 637 54
1057 562 1677 642 oussnvn‘rlonus

679 738 814 833 μεγάλῃ.
828 732 970 829 alaim:
993 747 1032 810 de
1055 767 1114 829 qua
1137 747 1274 812 inferius.
1297 747 1346 811 Ad
1368 747 1448 812 bunc
1470 749 1563 830 igitur
1585 749 1720 812 ordinem
1742 750 1808 813 sire
1831 741 2045 827 laxamente,

681 848 791 911 referri
814 847 927 911 debent
949 847 1104 910 orationes
1127 855 1159 910 et
1188 847 1415 925 caeremoniae,
1444 866 1522 928 quae
1552 867 1620 910 cum
1648 848 1774 912 eaedem
1802 850 1878 927 sint,
1908 868 1949 911 es
1974 851 2044 910 rana

680 946 891 1030 dispositione,
914 964 1003 1028 quam
1025 947 1137 1009 babent
1158 948 1189 1009 iu
1212 947 1285 1011 blss.
1309 947 1544 1027 exemplaribus,
1567 948 1723 1011 varietatis
1739 947 1808 1029 plus
1831 965 1920 1028 quem
1935 966 2043 1010 revera

680 1049 729 1126 sit,
752 1046 893 1109 videntur
915 1044 1091 1125 praeferre:
1114 1065 1182 1109 cum
1205 1046 1431 1109 accuratissime
1460 1046 1622 1128 loquendo,
1646 1046 1728 1110 nulla
1753 1049 1802 1111 sit.
1846 1047 1921 1109 Nam
1945 1047 2043 1111 Sacer·
2161 1074 2165 1089 ›
2218 1092 2219 1099 κ

680 1145 781 1209 dotem
811 1147 938 1227 primam
971 1145 1135 1208 illationem
1169 1145 1318 1209 donorum
1354 1164 1511 1209 sacrorum
1537 1145 1656 1222 lacere,
1690 1153 1850 1226 antequam
1879 1147 2042 1209 vestimentu

680 1245 786 1309 Ordini
808 1264 865 1308 suo
889 1245 1099 1309 convenientia
1123 1242 1264 1323 induerit,
1288 1263 1394 1309 verum
1423 1263 1483 1308 non
1507 1253 1569 1308 est:
1600 1264 1667 1308 cum
1692 1264 1730 1308 ne
1752 1244 1782 1307 id
1807 1245 1857 1307 liat
1879 1246 1972 1308 variis
1995 1245 2041 1308 Ca-

680 1345 821 1423 nonibus,
844 1352 875 1407 et
898 1344 1170 1408 constitutionibus
1200 1344 1439 1407 Patriarcbarum
1461 1343 1755 1423 Alexandrinorum,
1785 1352 1817 1406 el
1846 1344 2040 1407 Antiocheno-

679 1461 746 1505 rum
768 1445 975 1524 probibentur.
1020 1443 1053 1506 ln
1076 1444 1162 1508 altari
1186 1444 1254 1525 ipso
1277 1443 1422 1506 collocari
1450 1461 1558 1525 panem
1587 1451 1619 1505 et
1642 1443 1785 1519 calicem,
1820 1451 1978 1524 antequam
2006 1443 2040 1505 bat

679 1542 798 1605 illomm
820 1532 959 1616 Εἳςοὸος
984 1544 1051 1606 sive
1074 1545 1181 1619 illatio,
1206 1543 1272 1605 lieri
1294 1544 1390 1624 potuit
1413 1544 1443 1605 in
1466 1543 1666 1624 pauperrimis
1688 1541 1850 1605 Ecclesiis:
1873 1542 1929 1604 sed
1952 1549 2039 1605 coum

679 1660 805 1719 morem,
833 1659 901 1704 oum
934 1643 964 1703 in
991 1643 1128 1722 prothesi
1152 1643 1218 1704 sive
1252 1643 1408 1704 credentia
1437 1640 1504 1703 beri
1531 1640 1655 1704 soleret
1705 1640 1744 1703 Et
1770 1658 1845 1704 sanc
1875 1659 1978 1703 mensa
2004 1639 2038 1701 illa

679 1734 883 1826 Προθέσεως
910 1743 977 1804 sire
995 1742 1230 1821 propositiones,
1260 1742 1422 1803 constituta
1455 1758 1577 1821 semper
1607 1740 1661 1803 luit
1689 1741 1720 1802 in
1750 1741 1940 1816 sanctuario,
1971 1740 2037 1820 cujus

680 1842 819 1921 ambitus,
843 1849 875 1903 ut
897 1860 969 1904 mox
991 1839 1183 1919 dicebamus,
1212 1840 1315 1903 altaris
1338 1840 1457 1902 nomine
1488 1839 1649 1920 aliquando
1677 1839 1865 1922 significatus
1894 1838 1967 1916 linit,
1996 1856 2037 1918 qua

678 1941 796 2004 ratione
826 1939 983 2003 dilllcultas
1012 1940 1108 2001 omnis
1140 1942 1306 2005 evanescit.
1368 1938 1460 2001 Usum
1496 1947 1595 2002 autem
1622 1932 1825 2024 Προθὲσεως
1852 1938 1932 2020 apud
1962 1936 2035 2018 Syros

679 2038 786 2119 luisse,
809 2047 893 2103 certo
916 2036 1030 2101 indicio
1054 2039 1269 2120 cognoscimus
1299 2057 1339 2101 ex
1367 2039 1486 2119 pictura
1509 2037 1620 2120 triplici
1649 2056 1737 2118 quam
1766 2037 1950 2101 Pontilicalis
1978 2035 2036 2097 liber

679 2139 835 2203 blediceus
858 2137 958 2201 babet.
1004 2137 1038 2200 ln
1067 2137 1125 2199 illis
1155 2140 1267 2219 quippe
1290 2137 1429 2203 Pontifex
1452 2138 1587 2220 pingitur
1609 2145 1693 2199 stans
1717 2153 1819 2200 coram
1841 2137 1945 2214 altari,
1975 2132 2034 2216 quod

679 2237 752 2301 illud
774 2238 873 2321 ipsum
896 2256 966 2301 esso
989 2238 1019 2299 in
1043 2255 1104 2319 quo
1127 2237 1304 2300 sacrificium
1333 2237 1523 2316 celebretur,
1553 2236 1723 2320 significant
1745 2235 1848 2298 discus
1871 2245 1902 2298 et
1925 2235 2033 2298 calisin

678 2357 717 2401 eo
739 2337 890 2402 collocati.
913 2336 938 2400 E
961 2339 1089 2419 regione
1112 2336 1193 2399 aliud
1215 2338 1367 2419 pingitur3
1389 2335 1471 2418 quod
1486 2335 1646 2399 Protbesin
1669 2354 1739 2398 esse
1762 2335 1891 2398 dubitari
1912 2353 1973 2398 non
1991 2351 2032 2414 po

679 2443 750 2514 test,
774 2453 842 2499 cum
865 2436 991 2498 duorum
1015 2435 1151 2498 altarium
1173 2437 1298 2517 proprie
1321 2436 1468 2499 dictorum
1498 2437 1530 2498 iu
1551 2435 1735 2515 sanemario,
1760 2437 1920 2520 vestigium
1943 2433 2032 2498 nulum

680 2537 709 2598 in
733 2535 817 2597 libris
840 2534 1043 2598 Orientalibus
1065 2535 1320 2617 deprehendatur.

1029 2881 1206 2953 Sacerdos
1232 2881 1342 2953 induit
1367 2884 1567 2953 uestimento
1591 2904 1706 2952 sacrm

777 3102 807 3181 F
810 3133 868 3178 tuni
898 3113 926 3177 id
949 3113 1034 3176 initio
1058 3113 1145 3177 oiiicii
1168 3114 1314 3176 diximus:
1337 3131 1415 3196 quae
1437 3121 1536 3178 aulem
1560 3115 1598 3178 de
1621 3114 1756 3178 uestibus
1778 3117 1876 3177 sacris
1900 3115 1954 3177 dici
1972 3130 2028 3194 pos-

678 3228 758 3299 sunt,
780 3219 888 3300 partim
907 3218 970 3299 jam
992 3220 1189 3298 exposuimus
1211 3218 1242 3280 in
1264 3215 1487 3281 Commentario
1516 3218 1554 3280 ad
1575 3218 1740 3302 biturgiam
1762 3217 1866 3280 Basilii
1889 3217 2026 3299 Copticam,

677 3337 754 3401 quae
777 3324 921 3398 repetere
944 3316 1056 3379 frustra
1079 3316 1170 3381 soret.
1215 3315 1263 3378 Ex
1286 3315 1345 3378 illis
1368 3324 1467 3380 autem
1489 3317 1591 3381 lucem
1613 3318 1782 3399 accipiunt,
1813 3333 1893 3399 quae
1924 3316 1958 3378 de
1981 3316 2028 3393 Sp·

676 3436 779 3480 rorum
802 3417 898 3479 sacris
922 3417 1106 3478 ornamentis
1129 3422 1200 3477 sunt
1223 3414 1423 3478 observanda.
1474 3416 1588 3479 Eadem
1616 3418 1695 3479 enim
1725 3434 1840 3497 prope,
1870 3423 1901 3478 et
1928 3412 2027 3476 Graecis

680 3534 767 3597 mam
797 3515 944 3578 simillima
973 3523 1061 3594 sunt,
1094 3513 1322 3593 benedictione,
1345 3521 1379 3576 ut
1407 3514 1464 3577 alia
1493 3533 1573 3597 quae
1602 3515 1640 3578 ad
1667 3515 1865 3578 ministerium
1894 3515 2029 3596 pertinent,

678 3622 914 3689 consecrantum
937 3631 995 3676 nec
1018 3616 1047 3677 in
1070 3613 1216 3695 profanos
1239 3631 1312 3675 usus
1336 3622 1562 3679 convertuntur.

766 3712 893 3776 Calceos
914 3712 1054 3793 quidem,
1082 3712 1134 3775 vel
1156 3721 1189 3774 ut
1218 3713 1248 3774 in
1271 3712 1496 3776 Pontilicalibus
1524 3713 1636 3776 nostris
1665 3712 1832 3788 mmmm,
1864 3713 1952 3794 primo
1976 3706 2029 3769 loco

677 3819 820 3875 recenset
843 3810 951 3875 Codex
973 3810 1178 3889 Colbertinus,
1202 3827 1329 3892 quorum
1352 3813 1402 3875 alii
1424 3830 1486 3875 nou
1508 3814 1718 3892 meminerunt,
1742 3830 1781 3873 ne
1803 3811 1923 3892 quidem
1938 3808 1969 3871 ad
1987 3823 2029 3868 or-

677 3918 779 3989 natum
808 3909 1033 3993 Episcopalem.
1085 3909 1198 3973 Eorum
1233 3918 1333 3981 tamen
1369 3913 1539 3976 meminisse
1569 3912 1690 3974 videtur
1723 3912 1857 3976 Severus
1887 3910 2029 3991 Episcopus

679 4009 880 4089 Ascbmonin,
910 4009 1065 4091 Opusculo
1096 4010 1136 4072 de
1163 4009 1254 4093 Agna
1280 4009 1431 4075 Paschali:
1461 4011 1517 4074 sed
1545 4010 1676 4074 fortasse
1703 4010 1831 4092 mystice
1861 4003 2029 4091 intelligenda

677 4117 747 4174 sunt
770 4110 835 4191 ejus
856 4109 961 4172 verba.
1510 4171 1525 4180 ,
2025 4138 2028 4141 ·

764 4196 939 4271 Xtrm'rcor.
984 4209 1082 4271 Prima
1104 4207 1199 4271 vestis
1227 4215 1274 4270 est
1296 4219 1406 4277 ruant)
1430 4207 1562 4271 Kottino
1588 4215 1621 4270 ut
1649 4207 1718 4290 Syri
1746 4216 1873 4288 vocant,
1904 4206 2032 4290 quaeest

679 4307 865 4372 Graecorum
893 4293 1064 4372 Xersirter.
1115 4307 1236 4370 Arabes
1264 4324 1342 4370 voce
1371 4314 1516 4388 corrupta
1538 4314 1625 4375 nonin
1650 4307 1745 4369 lbnia
1770 4315 1891 4371 vocant.
1939 4299 2035 4367 Talar's

679 4415 737 4488 est,
760 4406 840 4489 apud
863 4404 999 4470 Graecos
1022 4406 1160 4484 candida,
1182 4415 1215 4469 ut
1237 4406 1318 4488 apud
1339 4405 1511 4469 orientales
1533 4406 1627 4488 strigo
1651 4405 1739 4469 solet.
1782 4406 1896 4469 Tamen
1917 4403 2040 4488 picturae

390 4510 458 4566 con.
480 4513 522 4565 at
540 4511 586 4564 lar.
603 4511 666 4565 bes.
679 4507 772 4571 rudes
794 4509 826 4569 iu
849 4504 963 4569 Codice
986 4505 1042 4570 bis.
1065 4506 1253 4584 Florentino,
1271 4506 1423 4569 Diaconos
1446 4513 1476 4568 et
1491 4505 1673 4570 Sacerdotes
1696 4524 1763 4568 cum
1785 4507 1894 4570 tunicis
1914 4503 1974 4569 illis
1991 4515 2039 4559 co-

352 4615 380 4667 p·
400 4597 460 4650 160.

389 4918 515 4976 Orartum

679 4607 784 4671 loratis
807 4611 1048 4686 repraesentant.
1095 4605 1208 4668 Contra
1237 4614 1336 4668 tamen
1358 4604 1562 4682 Ebnassalus,
1591 4614 1622 4668 et
1650 4603 1809 4682 Canones,
1839 4622 1910 4686 quius
1938 4600 2030 4663 uocttd

676 4705 863 4788 imperiales.
887 4701 1001 4765 Eadem
1023 4704 1117 4767 restis
1140 4690 1305 4770 Xtcuircor
1327 4721 1449 4786 quoque
1472 4703 1643 4786 appellatur
1668 4703 1706 4768 ab
1728 4703 1879 4767 Arabibus
1899 4697 2026 4765 Christia-

677 4808 735 4886 nis,
757 4822 834 4869 voce
858 4800 986 4865 Graeca.

764 4904 905 4984 Sequitur
934 4899 1097 4981 Orurr'om,
1126 4919 1214 4982 quam
1248 4919 1354 4965 vocem
1385 4900 1454 4983 Syri
1481 4919 1567 4965 suum
1594 4900 1734 4964 lecerunt
1756 4912 1876 4977 mutin,
1905 4896 2025 4958 Otr⁰t⁰³

677 5003 845 5086 respondet
867 5001 965 5065 stolae
986 5001 1161 5064 Latinomm
1184 5008 1214 5065 et
1238 5000 1422 5064 Graecomm
1443 4987 1596 5087 Ὠραρίῳι
1618 5001 1841 5084 Aegyptiorum
1857 4987 2025 5080 Ἐπιτραπ-
