4525 6034
659 576 735 650 150
1163 574 1539 652 EPISTOLh

656 762 752 834 cibas
777 763 952 856 ropandns
978 769 1040 849 est,
1067 768 1104 833 nt
1129 765 1243 832 mittat
1269 766 1454 856 operarios
1466 761 1585 856 plnres
1611 762 1647 829 in
1664 762 1798 830 vineam
1813 785 1918 849 socom,
1935 786 2034 856 qaam

633 882 888 949 „exterminare
915 900 1002 970 aper
1029 878 1072 949 de
1098 877 1204 971 syloa,
1233 884 1267 948 et
1282 878 1468 970 sinpnlaris
1482 876 1734 970 saesdepasci
1752 880 1788 947 in
1804 878 1888 967 dies,
1914 882 2033 970 napis,

654 998 829 1089 mapisqae
857 1000 1012 1064 conatur.
1039 994 1182 1065 Nostris
1205 993 1420 1064 orationibus
1434 997 1607 1064 eccitntos
1634 991 1907 1063 clementissimas
1922 994 2033 1081 teon,

656 1132 827 1201 eaarpens
858 1106 1041 1202 imperabit
1071 1111 1201 1195 sentis,
1236 1114 1271 1179 et
1305 1111 1367 1201 fiet
1400 1108 1632 1203 tranqaillitos
1668 1111 1705 1177 in
1729 1113 1827 1179 mori.
1881 1109 2034 1200 Apamea

655 1228 800 1318 pretias,
826 1231 865 1295 nt
890 1224 1037 1295 dicim
1061 1222 1141 1294 Deo
1168 1225 1246 1317 ipsi,
1274 1225 1364 1317 qnod
1391 1225 1462 1296 tela
1487 1224 1587 1295 nobis
1612 1229 1775 1319 supperat
1802 1228 2052 1318 praesentiam

656 1346 842 1433 temporam
867 1342 1048 1411 oeeahoni
1064 1345 1269 1433 opportuna,
1298 1346 1333 1409 et
1350 1343 1534 1433 operarios
1550 1342 1695 1432 optimos
1721 1343 1758 1409 in
1783 1344 1918 1410 vineam
1938 1362 2035 1409 snam

655 1460 778 1543 mittat,
805 1479 873 1526 non
899 1462 1027 1525 tantam
1050 1451 1225 1547 probatae
1250 1454 1352 1547 fidei,
1387 1459 1481 1525 oilae
1515 1461 1549 1525 et
1580 1439 1760 1525 doctrinae
1785 1459 1891 1542 siros,
1918 1477 2035 1525 vermo

656 1576 759 1642 etiam
785 1575 929 1664 antiqua
954 1570 1137 1642 Ecclesiae
1165 1569 1367 1659 Catholicae
1393 1576 1605 1641 monomenta
1631 1576 1734 1663 atque
1764 1570 2034 1640 orthodoxorum

655 1687 800 1758 Patrnm
834 1685 956 1773 libros,
993 1684 1113 1781 qaibns
1136 1689 1311 1778 profanae
1337 1708 1457 1757 aocnm
1488 1689 1659 1757 novitates
1692 1686 1858 1778 redarpai
1887 1688 2033 1779 possint.

654 1803 714 1874 Ea
739 1803 859 1873 horam
884 1824 1023 1885 nomena
1051 1824 1125 1873 esse
1142 1800 1353 1871 arbitramur
1379 1802 1485 1873 Beati
1500 1802 1616 1872 Marci
1625 1802 1876 1894 annpelistoe
1896 1824 2034 1872 sacram

654 1917 862 2009 Litarpiam,
895 1920 1021 2011 paneis
1047 1923 1128 1987 ante
1155 1920 1255 1988 annis
1282 1919 1454 1988 inventam
1479 1920 1516 1986 in
1541 1915 1700 1988 Abbatia
1731 1917 1868 1989 Bootae
1893 1918 2035 1988 Mariae

652 2031 885 2133 ὁδηγητρίας,
927 2055 1016 2127 qnae
1049 2032 1150 2124 oripo
1183 2034 1328 2122 dicitnr,
1355 2034 1409 2106 Ile
1435 2033 1469 2105 lo
1496 2036 1614 2129 petire,
1641 2037 1874 2128 antiquissimo
1900 2033 2034 2103 Mona-

654 2151 793 2221 choram
817 2148 942 2220 Sancti
967 2148 1096 2219 Basilii
1122 2151 1342 2238 monasterio,
1371 2148 1430 2219 nbi
1456 2155 1491 2220 ct
1515 2149 1561 2220 D.
1581 2149 1703 2241 Cprilli
1723 2150 2036 2242 Honosolpmnnn

652 2266 838 2359 Episcopi,
880 2264 1108 2349 Catechcses,·
1145 2264 1308 2356 Dionpsii
1352 2264 1586 2335 Alexandrini
1627 2266 1792 2337 adoersns
1827 2266 2031 2351 Noe'tianos,

654 2388 688 2452 et
713 2380 893 2474 Hippolyti
916 2380 1086 2472 Martyris
1120 2380 1286 2450 adversm
1323 2380 1430 2451 Noeti
1455 2380 1641 2470 haeresim,
1677 2387 1712 2452 et
1739 2375 1862 2451 contra
1887 2379 2034 2450 Panium

651 2495 912 2567 Samosatennm
938 2495 1112 2588 opnscnla,
1140 2499 1392 2584 sentimenta,
1421 2518 1510 2591 qnae
1526 2499 1639 2567 omnia
1666 2496 1860 2568 errabimus
1876 2519 2031 2567 accaro-

654 2619 689 2682 te
723 2611 1043 2698 describendam
1076 2611 1124 2681 ad
1158 2633 1360 2682 commanem
1390 2611 1574 2683 utilitatem
1606 2617 1839 2706 conserentes.
1891 2613 2033 2683 Interea

652 2729 800 2798 misimus
832 2727 1074 2818 Hieremiam,
1108 2750 1209 2821 qaam
1240 2750 1263 2795 a
1296 2725 1411 2798 Beato
1444 2727 1568 2799 Marco
1600 2728 1763 2800 traditam
1788 2727 2032 2799 Alexandrina

653 2846 791 2935 accepit
816 2841 986 2913 Ecclesia.
1013 2842 1073 2912 Ea
1099 2865 1169 2936 qao
1194 2842 1355 2914 doctores
1380 2842 1505 2913 Sancti
1521 2843 1728 2918 Basiliuset
1743 2843 1896 2913 loannes
1915 2841 2031 2935 Chry-

652 2965 818 3030 sostomas
851 2956 957 3028 malla
991 2961 1028 3028 in
1066 2982 1167 3046 snas,
1204 2982 1289 3052 qnos
1324 2959 1502 3048 habemas,
1539 2960 1736 3054 Litnrpias,
1776 2958 2032 3031 transtnlernnt.

651 3073 750 3146 Bene
781 3074 860 3144 nale
892 3077 929 3143 in
960 3072 1097 3145 Christo
1129 3078 1247 3166 frater
1279 3074 1499 3164 honorande,
1534 3077 1668 3148 Romae
1698 3075 1795 3149 XVI.
1823 3075 1903 3145 Kal.
1930 3076 2032 3162 Maii,

1041 3651 1362 3772 GUILLELMO
1416 3653 1648 3772 smalto

875 3870 1286 3952 CARDINALI
1339 3873 1800 3953 AMPLISSIMO

1099 4056 1126 4121 J.
1152 4056 1189 4121 n.
1214 4057 1243 4122 S.
1265 4058 1429 4122 Anonos
1452 4059 1482 4125 s.
1505 4060 1536 4122 r.
1558 4059 1622 4169 ι).8

728 4237 914 4339 Fenimnr
940 4266 1075 4336 landem
1102 4273 1163 4337 lna
1177 4290 1296 4361 opera
1323 4292 1429 4340 sacra
1448 4268 1510 4339 illa
1525 4267 1686 4359 Litarpia
1701 4266 1745 4336 D.
1772 4265 1887 4336 Marci
1901 4265 2026 4336 Evan-

647 4379 809 4472 pelistae,
849 4404 938 4475 qaae
968 4380 1068 4452 nobis
1103 4389 1199 4454 certe
1230 4388 1428 4476 pralisdmo
1460 4388 1545 4477 snit,
1577 4389 1645 4453 tam
1676 4387 1823 4475 propter
1857 4381 2026 4474 annpe-

646 4495 727 4566 linm
753 4503 826 4589 eJ‘ns
853 4498 1108 4589 annpelislae,
1137 4501 1228 4594 qaod
1256 4501 1298 4572 D.
1326 4501 1571 4571 Nazianzenus
1597 4502 1777 4591 scripsisse
1804 4497 1904 4567 Italis
1930 4499 2026 4587 dicit,

648 4616 715 4681 tam
742 4617 847 4684 etiam
872 4614 963 4707 qaod
988 4637 1035 4685 ea
1061 4621 1122 4684 tna
1147 4604 1369 4687 Bibliotheca
1392 4616 1580 4710 procedat,
1616 4637 1726 4708 qnam,
1752 4619 1791 4683 nt
1815 4610 1952 4703 scribis,
1979 4635 2027 4683 ec

647 4731 873 4799 vetustissimo
901 4729 1022 4800 codice
1047 4735 1250 4803 monasterii
1276 4731 1312 4802 S.
1330 4732 1471 4802 Mariae
1483 4728 1698 4830 ὁδηγητρίας
1724 4727 1922 4799 describere
1938 4733 2024 4820 jers-

648 4846 735 4914 sisli.
762 4844 858 4916 Sane
885 4845 976 4938 arrad
1001 4846 1048 4934 ad
1077 4869 1130 4917 me
1162 4851 1300 4936 attinet,
1339 4844 1451 4945 χάρὶν
1483 4845 1614 4923 εἰδέναι
1648 4869 1706 4919 σοι
1737 4842 1806 4940 τὴν
1832 4839 2026 4940 labdo‘onor

646 4954 714 5030 οὐκ
749 4957 797 5034 bin
831 4955 904 5044 οἷος
934 4955 974 5034 ὦ.
1013 4961 1149 5032 Etenim
1181 4967 1213 5033 si
1256 4965 1347 5058 qaod
1390 4969 1442 5034 ait
1476 4964 1552 5052 ille,
1591 4966 1711 5038 Νικᾶν
1746 4956 1822 5035 δἐὗ
1853 4956 2025 5067 {phareae

645 5070 704 5146 inl
728 5070 915 5150 πλεόνεσσι
949 5072 1113 5173 καθήκει.
1169 5076 1259 5164 Qnid
1291 5102 1419 5174 quaeso
1453 5078 1628 5150 retatnrns
1659 5101 1746 5167 snm,
1790 5076 1881 5173 qnod
1926 5080 2022 5146 tanto
