4525 6034
710 576 1249 654 Attxlnntlno
1578 573 1654 650 385

281 768 490 844 suetudinem
525 767 701 861 antiquitus
736 790 754 838 e
792 765 1028 839 decessoribus
1063 767 1132 837 suis
1168 761 1398 840 observatam:
1432 775 1533 861 utque
1566 766 1656 840 ibam

279 885 412 982 publico
441 888 657 957 instnunento
691 893 726 955 et
759 879 1004 978 subscriptione
1036 882 1193 957 firmaret.
1254 881 1348 954 Dixit
1381 880 1437 954 ille
1469 905 1536 955 non
1568 907 1655 981 opus

280 1024 358 1073 esse
384 1010 421 1072 ut
444 1021 534 1071 nova
561 997 636 1070 fidei
662 997 805 1072 formula
833 999 1051 1072 scriberetur:
1084 997 1268 1071 adhaerere
1301 1020 1341 1072 ee
1371 998 1527 1096 symlrolo
1561 1002 1654 1074 Tre-

279 1128 450 1189 centorum
478 1114 656 1187 decentet
686 1115 927 1189 octo-Patriun
954 1114 1196 1203 Nicaeooram,
1229 1118 1283 1187 cui
1315 1113 1393 1187 nibil
1427 1116 1545 1210 adjici,
1576 1118 1656 1191 nihil

280 1233 406 1305 detrahi
439 1231 586 1304 deberet.
639 1231 816 1306 Formulas
849 1253 932 1303 sane
962 1231 1086 1326 aliquot
1121 1255 1142 1302 a
1173 1229 1375 1305 Patriarcbis
1409 1242 1444 1305 et
1475 1233 1653 1332 Episcopis

279 1349 489 1422 diversarum
516 1357 684 1422 sectarum
710 1353 872 1445 scriptas,
904 1350 1087 1421 occasione
1114 1346 1331 1421 ordinationis
1358 1370 1441 1421 suae
1467 1356 1654 1448 reperimus

278 1469 310 1538 in
338 1466 481 1539 diversis
508 1464 680 1539 codicibus
706 1465 789 1538 tiss.
816 1464 959 1537 lllichael
985 1462 1178 1537 Patriarcba
1203 1464 1355 1538 LXXIll.
1391 1489 1467 1539 cum
1498 1467 1654 1542 electioni

280 1586 351 1677 ejus
380 1605 496 1656 omnes
524 1603 699 1656 assensum
726 1579 970 1677 praebuissent,
996 1579 1057 1652 hes
1076 1579 1285 1654 conditiones
1302 1584 1443 1678 accepit,
1470 1585 1555 1655 inter
1571 1586 1654 1662 alias
1714 1643 1717 1654 ,

279 1725 366 1796 quae
393 1700 436 1773 ab
463 1703 538 1796 ipso
566 1698 810 1792 exigebantur,
837 1707 872 1770 ut
898 1700 1055 1794 scriptam
1082 1708 1116 1768 et
1142 1694 1370 1790 subsignatum
1397 1698 1652 1773 Confessionem

280 1817 374 1889 daret
400 1816 477 1888 fidei
503 1838 606 1904 suae,
634 1820 667 1887 ei
694 1814 834 1887 similem
862 1837 961 1909 quam
987 1817 1020 1885 in
1052 1811 1232 1885 collatione
1264 1836 1339 1885 cum
1374 1811 1553 1912 Episcopis
1585 1815 1652 1889 ba-

279 1934 361 2006 bere
393 1955 451 2021 se,
485 1941 624 2004 testatus
659 1931 776 2005 luerat.
829 1930 938 2004 David
965 1929 1152 2019 Sacerdos,
1186 1932 1240 2026 qui
1272 1941 1392 2026 postea
1420 1929 1566 2026 Cprillus
1592 1930 1655 2005 iuit

279 2049 483 2146 appellatus,
518 2051 640 2143 quique
671 2045 851 2122 ambitione
878 2058 912 2118 et
937 2044 1033 2119 melis
1060 2043 1186 2117 artibus
1220 2044 1348 2137 ellecit,
1381 2059 1418 2121 nt
1450 2071 1514 2144 per
1546 2068 1652 2122 annos

278 2188 385 2263 prope
411 2168 550 2257 viginti,
584 2162 706 2235 nullum
732 2162 962 2237 Alexandriae
997 2158 1224 2234 Patriarcham
1257 2161 1433 2236 Jacobitae
1466 2163 1654 2256 habuerint,

278 2305 352 2354 cum
381 2306 401 2353 a
428 2283 536 2354 multis
562 2284 767 2374 rejiceretur,
793 2283 879 2353 inter
905 2278 987 2351 alias
1013 2278 1170 2375 repulsae
1196 2301 1316 2353 causas
1342 2279 1429 2354 hanc
1455 2284 1555 2355 etiem
1581 2305 1652 2354 ex·

276 2411 393 2496 pertus
421 2410 483 2488 est,
510 2398 599 2493 quod
626 2398 667 2470 ab
695 2397 867 2494 Episcopo
893 2397 1075 2486 Flumensi,
1101 2419 1149 2468 ex
1176 2400 1270 2490 cujus
1296 2398 1453 2470 Dioecesi
1480 2408 1562 2486 eret,
1581 2419 1652 2471 ex-

278 2518 540 2587 communicatus
555 2513 686 2602 luisset,
715 2525 868 2611 tanquam
896 2512 939 2584 de
964 2512 1029 2584 lide
1056 2524 1242 2608 suspectus.
1277 2512 1427 2586 Tandem
1445 2537 1520 2586 cum
1547 2537 1653 2612 saepe

278 2640 466 2704 conventus
489 2629 734 2726 Episcoporum
758 2640 792 2702 et
812 2619 1021 2702 Nobiliorum
1040 2626 1221 2701 Latcorum
1243 2628 1409 2703 adversus
1429 2652 1504 2702 eum
1524 2631 1654 2722 fierent,

279 2747 366 2821 adeo
394 2760 430 2819 ut
454 2745 533 2817 nihil
558 2750 696 2842 propius
722 2745 821 2818 inerit
848 2767 946 2839 quem
971 2754 1007 2816 ut
1021 2742 1250 2817 Patriarchatu
1276 2745 1488 2839 dejiceretur,
1516 2757 1653 2822 coactus

278 2873 332 2935 est
358 2884 481 2934 novam
508 2863 589 2934 dere
616 2862 691 2934 fidei
719 2860 993 2951 confessionem,
1026 2882 1069 2933 eo
1097 2861 1187 2956 quod
1213 2865 1247 2934 in
1273 2863 1448 2936 multorum
1482 2865 1654 2961 suspicio-
1710 2851 1715 2860 '

275 3001 355 3049 nem
383 2981 586 3068 incurrisset,
614 2981 709 3074 quasi
735 2979 777 3051 ad
804 2979 1021 3066 Francorum,
1048 2975 1113 3050 boc
1140 2987 1193 3049 est
1217 2976 1428 3071 Latinorum,
1454 2981 1653 3074 religionem

278 3097 499 3192 propensior,
539 3105 671 3168 secrete
709 3117 784 3168 cnm
819 3093 881 3167 illis
916 3115 978 3189 per
1010 3095 1235 3167 internuncios
1271 3096 1408 3168 consilia
1443 3099 1650 3191 agitavisset.

277 3215 392 3307 Atque
418 3211 502 3285 heac
529 3213 685 3308 exempla
713 3211 874 3285 sufficiunt
900 3210 941 3282 ad
968 3209 1208 3283 ostendendum
1236 3221 1356 3306 quante
1379 3215 1457 3286 elim
1477 3236 1557 3286 cure
1576 3213 1651 3286 Ce-

277 3333 384 3426 ptitae
410 3351 548 3425 operam
575 3328 746 3419 dederint,
777 3339 826 3398 ut’
844 3347 943 3398 nemo
971 3325 1013 3398 ed
1039 3324 1299 3399 Patriarcbalem
1326 3325 1518 3421 dignitatem
1546 3351 1650 3402 assu-
1766 3311 1770 3318 ¹

277 3457 446 3532 meretur,
474 3446 516 3517 de
543 3450 636 3540 quus
662 3446 748 3535 lide,
773 3445 831 3516 vel
857 3442 942 3515 levis
970 3450 1062 3515 esset
1087 3446 1243 3540 suspicio.

384 3562 479 3635 LXV
481 3562 503 3634 l.
530 3562 624 3636 Haec
649 3562 757 3634 ferme
784 3571 860 3635 suut
886 3581 972 3655 quae
999 3559 1041 3631 de
1063 3558 1306 3634 conditionibus
1329 3561 1371 3634 ed
1390 3561 1652 3634 constituendum
1712 3564 1859 3664 'Elementa
1879 3583 1979 3637 terro·

276 3679 507 3752 Patrierehem
534 3702 579 3751 ex
606 3701 722 3751 eorum
750 3677 921 3772 discipline
948 3678 1125 3770 requisitis,
1154 3675 1339 3767 Canonum,
1367 3688 1424 3750 aut
1450 3677 1652 3771 Theologo-
1665 3651 1745 3706 ΜΨ·

276 3817 354 3866 rum
380 3793 455 3865 libri
481 3805 752 3890 repraesentant,
779 3803 813 3865 et
839 3792 974 3864 historie
1001 3791 1181 3865 confirmat.
1218 3794 1314 3880 Quae
1340 3793 1544 3867 observatae
1571 3792 1653 3867 fue-

277 3915 364 3999 rint,
398 3933 526 4006 usuque
551 3920 713 4006 perpetuo
740 3906 925 3996 stabilitae,
959 3932 1045 4003 quae
1076 3931 1163 3982 vero
1194 3918 1292 3982 extra
1318 3909 1423 3983 libros
1448 3910 1559 3983 locum
1585 3932 1654 3984 non

277 4026 473 4116 habuerint,
506 4032 702 4123 penitusque
733 4024 982 4115 obsoleverint,
1014 4047 1061 4095 ex
1092 4028 1182 4098 notis
1216 4047 1299 4120 quas
1335 4025 1473 4120 singulis
1506 4028 1653 4101 articulis

278 4143 475 4234 adjecimus,
503 4142 710 4217 menifestum
738 4152 801 4214 est.
855 4140 972 4213 Omnia
999 4165 1103 4238 porro
1131 4165 1217 4237 quae
1243 4147 1441 4232 notavimus,
1470 4143 1652 4218 observate

275 4260 387 4333 fuisse
413 4269 489 4331 ente
516 4282 623 4332 annes
651 4259 925 4356 quadringentos,
953 4257 1144 4354 etquidem
1181 4261 1262 4331 setis
1280 4268 1472 4347 'accurate,
1506 4281 1574 4331 uon
1602 4271 1655 4333 est

278 4376 371 4471 qnod
407 4374 602 4449 dubitemus.
655 4376 700 4448 Ut
733 4397 819 4448 vero
854 4374 981 4469 reliqua
1016 4374 1058 4446 ad
1091 4373 1298 4470 disciplinam
1325 4379 1508 4470 spectantia
1540 4397 1654 4471 expe-

279 4492 421 4579 diamus,
451 4491 582 4587 quando
610 4514 727 4565 omnes
754 4491 970 4577 Sacerdotes,
996 4489 1243 4586 Laicorumque
1269 4494 1416 4586 primarii
1449 4493 1481 4562 in
1514 4489 1655 4581 alicujus

276 4631 403 4681 nomen
431 4618 687 4699 consenserant,
721 4611 750 4680 si
783 4611 812 4679 is
845 4628 1008 4702 praesens
1041 4605 1177 4696 aderat,
1213 4610 1321 4680 stedm
1359 4605 1654 4680 acclamationibus

277 4731 349 4799 τοῦ
365 4723 497 4814 Ἄξιος,
516 4725 635 4798 electio
654 4707 913 4821 approbabatur,
932 4733 966 4794 et
982 4726 1044 4795 nisi
1058 4721 1219 4818 Episcopi
1240 4720 1454 4812 obsisterent,
1469 4722 1652 4796 confirma-

277 4842 390 4914 batur.
442 4841 507 4914 Ubi
534 4841 578 4912 illi
606 4840 856 4940 dissentiebant,
891 4838 968 4911 nibil
994 4848 1102 4911 ectum
1136 4849 1227 4911 erat:
1260 4838 1357 4911 alium
1391 4839 1521 4934 quidem
1548 4860 1654 4932 saepe

277 4959 457 5030 Antistites
491 4955 718 5052 nominabant:
752 4957 813 5030 sed
847 4959 875 5030 si
912 4953 954 5028 ab
987 4954 1060 5027 aliis
1102 4955 1339 5052 repelleretur,
1381 4954 1460 5026 nihil
1498 4963 1654 5050 poterent

275 5073 456 5170 Episcopi,
483 5077 544 5146 nisi
571 5095 696 5146 moram
724 5076 949 5168 interponere,
977 5071 1151 5145 Canonum
1172 5074 1382 5145 autoritatem
1408 5070 1652 5168 praetexenda,
