4525 6034
387 622 687 700 IGNhl'll
740 622 1281 718 PATRIARCHAE,
1328 637 1378 700 oc.
1502 624 1577 700 509

204 808 335 902 legibus
363 809 482 883 divinis
509 815 583 900 tuis,
611 825 645 885 et
669 813 853 884 referemus
881 809 939 882 tihi
956 810 1098 902 gloriam
1116 821 1150 883 et
1169 810 1312 899 laudem,
1338 813 1577 908 unigenitoque

205 925 290 998 Filio
317 936 385 1014 tuo,
413 938 447 999 et
473 926 609 1023 Spiritui
634 939 691 1002 tuo
719 931 929 1000 sanctissimo
957 937 990 998 et
1016 926 1118 999 hono.

308 1043 470 1136 Populus.
522 1045 642 1118 Amen.

308 1158 493 1231 Sacerdos.
546 1161 630 1232 Pax.

189 1344 195 1366 ,
309 1276 469 1371 Populus.
522 1275 567 1351 Et
593 1299 667 1349 cum
694 1280 810 1373 spiritu
836 1289 903 1349 tuo.

307 1392 496 1464 Diaconos.
548 1394 616 1465 Det
640 1416 760 1490 pacem
785 1398 1021 1489 unusquisque.

306 1508 491 1582 Sacerdos.
545 1509 689 1583 Demitte
715 1510 888 1582 dexteram
913 1520 1002 1582 tuam
1022 1509 1155 1606 plenam
1175 1511 1404 1583 misericordia
1419 1513 1576 1602 Domine,

204 1630 259 1722 qui
286 1625 421 1698 inultis
448 1624 576 1698 habitas
603 1626 796 1699 ethumilia
830 1627 992 1723 respicis,
1026 1636 1060 1697 et
1093 1625 1235 1699 benedic
1270 1631 1354 1700 istos
1389 1649 1510 1702 servos
1543 1640 1577 1701 et

207 1742 405 1815 adoratores
432 1753 521 1831 tuos,
548 1746 603 1837 qui
629 1765 715 1814 nunc
742 1742 846 1815 corde
881 1745 1039 1832 contrito,
1075 1753 1109 1814 et
1142 1764 1217 1814 cum
1252 1746 1349 1815 animi
1376 1744 1577 1838 dejectione,

206 1857 293 1932 colla
321 1880 381 1931 sua
408 1858 652 1932 inclinaverunt
678 1883 791 1932 coram
820 1858 915 1931 altari
942 1869 999 1932 tuo
1027 1869 1162 1932 sancto:
1203 1869 1238 1930 et
1273 1869 1433 1932 staturam
1470 1866 1576 1956 spiri-

204 1976 324 2049 tualem
352 1980 533 2048 animarum
550 1979 692 2049 omnium
714 1986 862 2050 nostrum
891 1977 946 2070 qui
971 1977 1186 2047 incurvamur
1212 1974 1274 2047 suh
1302 1975 1461 2049 oneribus
1487 2001 1577 2070 gra-

205 2094 349 2164 vissimis
374 2102 603 2189 peccatorum,
631 2093 855 2181 extenderet
881 2095 978 2196 erige
1003 2114 1078 2163 eam
1104 2091 1242 2165 brachio
1270 2102 1330 2165 tuo
1353 2091 1431 2164 forti
1457 2104 1492 2165 et
1517 2099 1575 2166 in-

203 2206 339 2280 visibili:
374 2219 410 2280 ut
437 2208 479 2281 ad
505 2207 724 2280 habitaculum
758 2207 837 2280 illud
862 2208 996 2281 heatum
1032 2208 1120 2280 unde
1153 2230 1215 2303 per
1249 2211 1391 2303 iniquam
1427 2218 1576 2280 nostram

203 2324 449 2397 inclinationem
476 2328 609 2418 egressi
635 2345 766 2413 sumus,
797 2335 1028 2414 revertamur,
1063 2328 1304 2419 veniamusque
1330 2334 1365 2395 et
1391 2323 1575 2397 habitemus

201 2440 533 2535 imperturbabilem,
566 2452 666 2535 atque
699 2441 882 2514 domestice
909 2463 1006 2537 quam
1032 2443 1198 2532 maxime,
1230 2452 1266 2513 et
1298 2439 1484 2514 referemus
1516 2439 1577 2514 tihi

204 2556 359 2648 gloriam,
387 2566 449 2630 etc.

307 2672 469 2766 Populus.
521 2673 641 2746 Amen.

278 2801 279 2804 ’
306 2787 490 2862 Sacerdos.
544 2792 576 2862 A
611 2801 645 2862 te
679 2792 764 2861 enim
791 2791 893 2862 Pater
918 2789 1084 2879 lominum,
1112 2802 1147 2863 et
1172 2793 1266 2864 Deus
1293 2795 1456 2880 veritatis,
1483 2796 1577 2863 venit

201 2915 235 2977 et
267 2905 336 2977 huit
368 2928 467 2986 omne
501 2906 623 2977 donum
659 2904 799 2992 bouum,
833 2917 867 2977 et
892 2906 1091 3002 perfectum:
1126 2911 1182 3004 qui
1216 2931 1236 2979 a
1272 2909 1434 3004 principio
1467 2930 1574 2999 genus

199 3031 349 3094 nostmm
376 3021 552 3095 humanum
579 3024 846 3118 perpotentiam
881 3027 1063 3115 majestatis
1096 3035 1175 3095 tuae
1208 3048 1253 3097 ex
1288 3024 1390 3096 nihilo
1418 3023 1575 3112 eduxisti,

201 3137 289 3233 quod
316 3141 415 3209 etiam
441 3141 635 3231 magisterio
663 3137 794 3227 domus,
822 3149 856 3210 et
881 3139 1051 3234 disciplina
1077 3137 1164 3232 legis
1190 3151 1268 3213 tuae
1294 3141 1408 3212 divina
1434 3143 1585 3238 ornasti,

201 3262 235 3326 et
260 3257 439 3345 instituisti,
466 3265 593 3327 utnon
619 3253 832 3341 illiberaliter,
859 3276 923 3327 nec
955 3267 1089 3352 praeter
1114 3266 1243 3329 rectam
1275 3278 1403 3328 morum
1436 3260 1574 3328 institu-

201 3370 363 3443 endorum
389 3370 540 3463 regulam
567 3381 710 3442 mentem
742 3374 874 3450 tertiam
907 3383 1138 3458 conservaret,
1164 3376 1198 3442 in
1225 3372 1384 3465 dignitate
1410 3371 1574 3444 mentibus

201 3487 338 3559 secundi
365 3488 491 3560 ordinis
518 3497 740 3582 competente,
768 3510 855 3581 quae
875 3492 1001 3584 primae
1014 3493 1134 3561 mentis
1148 3500 1224 3562 sunt
1240 3492 1420 3562 ministrae.
1447 3489 1574 3562 Vemm

202 3626 277 3675 cum
303 3601 403 3675 homo
429 3601 580 3675 muliebri
605 3603 808 3699 palpatione,
836 3604 878 3676 ad
905 3628 946 3676 ea
982 3626 1069 3700 quae
1100 3604 1187 3677 humi
1221 3617 1358 3702 serpunt
1393 3605 1574 3693 declinans,

200 3743 239 3792 se
275 3719 338 3792 illis
372 3721 608 3817 implicuisset,
642 3745 708 3793 non
744 3724 926 3794 sustinuisti
957 3733 991 3793 ut
1024 3744 1108 3817 opus
1142 3745 1296 3794 manum]
1329 3733 1479 3811 tuarum,
1512 3744 1574 3818 per

198 3837 442 3933 improbitatem
475 3838 640 3909 maledicti
672 3838 775 3926 illins,
816 3837 1015 3926 rebellaret,
1048 3837 1109 3909 sed
1142 3861 1265 3930 magno
1302 3861 1385 3931 erga
1420 3837 1573 3910 homiues

199 3976 329 4041 amore,
355 3956 559 4046 unigenitum
585 3954 704 4026 Filium
730 3964 819 4026 tuum
847 3958 962 4026 misisti
988 3955 1220 4050 personaliter,
1247 3955 1288 4025 ad
1317 3955 1456 4027 salutern
1482 3960 1573 4027 ima-

201 4073 290 4161 ginis
318 4079 412 4142 tuae,
457 4068 567 4141 Etiam
594 4093 640 4142 ex
671 4069 727 4142 illo
759 4071 956 4142 infirmitatis
986 4070 1089 4144 exilio
1116 4075 1151 4142 in
1177 4092 1243 4165 quo
1267 4071 1404 4163 jacebat
1430 4071 1573 4143 eduxisti

199 4208 292 4257 eam:
328 4190 395 4258 imo
428 4191 624 4259 concessisti
658 4189 689 4257 ei
724 4171 786 4282 per
822 4190 963 4279 gratiam
1002 4198 1090 4260 tuam
1125 4197 1162 4258 ut
1193 4187 1305 4260 divina
1338 4187 1450 4260 fieret:
1484 4186 1574 4282 quod

199 4300 351 4398 polliceri
377 4301 440 4375 sibi
466 4326 629 4397 nusquam
656 4327 738 4376 ausa
772 4303 890 4376 fuisset
921 4314 956 4374 et
987 4306 1182 4400 mysterium
1209 4302 1273 4375 hoc
1299 4325 1453 4396 magnum
1482 4301 1572 4398 quod

165 4441 171 4453 ·
199 4417 429 4493 absconditum
455 4419 565 4492 iuerat
591 4443 611 4492 a
637 4418 801 4491 rnentihns
838 4423 981 4491 omnium
1008 4424 1203 4516 quicumque
1230 4419 1308 4491 sacti
1336 4430 1422 4507 sunt,
1449 4420 1570 4492 mundo

197 4535 370 4626 revelasti,
396 4558 459 4631 per
484 4539 742 4608 incarnationem
770 4533 892 4607 Christi
925 4539 997 4607 tuis
1037 4537 1268 4633 Deprecamur
1294 4540 1406 4631 itaque
1432 4544 1465 4608 te
1490 4535 1571 4607 Do-

197 4656 287 4725 mine
312 4653 435 4725 multae
461 4652 724 4740 misericordiae,
750 4661 786 4724 ut
811 4673 878 4724 non
904 4662 1041 4748 propter
1066 4656 1255 4749 iniquitates
1281 4663 1428 4741 nostras,
1453 4652 1570 4745 prives

196 4791 261 4844 nos
288 4772 520 4842 communione
553 4769 670 4841 horum
702 4772 936 4863 mysteriorum
973 4779 1162 4843 sanctorum
1196 4780 1230 4841 et
1260 4769 1475 4856 coelestium,
1508 4764 1570 4839 sed

199 4885 350 4960 concede
375 4884 472 4958 nohis
485 4888 627 4958 Domine
652 4907 714 4980 per
740 4906 855 4956 eorum
873 4890 1130 4980 susceptionem,
1158 4884 1341 4958 custodiam
1358 4883 1570 4976 Angelioam,

199 5005 395 5076 affluentiam
429 5003 712 5088 benedictionum,
748 5006 948 5096 veniamque
981 5004 1323 5096 praevaricationum,
1356 5010 1392 5073 ut
1423 5021 1506 5096 pure
1536 5007 1571 5070 et
1677 5075 1711 5104 .›

197 5118 288 5192 laete
314 5120 498 5195 referamus
525 5120 583 5194 tibi
612 5120 764 5213 gloriam,
792 5129 855 5192 etc.

1282 5237 1332 5311 07
1346 5234 1364 5270 ⁴*
