<?xml version="1.0" encoding="UTF-8"?>
<!DOCTYPE html PUBLIC "-//W3C//DTD XHTML 1.0 Transitional//EN"
    "http://www.w3.org/TR/xhtml1/DTD/xhtml1-transitional.dtd">
<html xmlns="http://www.w3.org/1999/xhtml" xml:lang="en" lang="en">
 <head>
  <title>
</title>
<meta http-equiv="Content-Type" content="text/html;charset=utf-8" />
  <meta name='ocr-system' content='tesseract 3.04.00' />
  <meta name='ocr-capabilities' content='ocr_page ocr_carea ocr_par ocr_line ocrx_word'/>
</head>
<body>
  <div class='ocr_page' id='page_1' title='image "./liturgiarumorie00unkngoog/liturgiarumorie00unkngoog_0556.png"; bbox 0 0 4525 6034; ppageno 0'>
   <div class='ocr_carea' id='block_1_1' title="bbox 603 598 1688 722">
    <p class='ocr_par' dir='ltr' id='par_1_1' title="bbox 603 598 1688 722">
     <span class='ocr_line' id='line_1_1' title="bbox 603 598 1688 722; baseline 0.001 -49"><span class='ocrx_word' id='word_1_1' title='bbox 603 599 759 722; x_wconf 46' lang='grc' dir='ltr'>ἱ392</span> <span class='ocrx_word' id='word_1_2' title='bbox 1084 598 1688 677; x_wconf 79' lang='lat' dir='ltr'>DEPATRIARGIIA</span> 
     </span>
    </p>
   </div>
   <div class='ocr_carea' id='block_1_2' title="bbox 357 785 2199 5191">
    <p class='ocr_par' dir='ltr' id='par_1_2' title="bbox 678 785 2043 1559">
     <span class='ocr_line' id='line_1_2' title="bbox 680 785 2039 883; baseline 0.003 -24"><span class='ocrx_word' id='word_1_3' title='bbox 680 788 819 859; x_wconf 83' lang='lat' dir='ltr'>vetitum</span> <span class='ocrx_word' id='word_1_4' title='bbox 845 796 938 860; x_wconf 90' lang='lat' dir='ltr'>esset</span> <span class='ocrx_word' id='word_1_5' title='bbox 958 785 1177 876; x_wconf 74' lang='lat' dir='ltr'>Christianis,</span> <span class='ocrx_word' id='word_1_6' title='bbox 1204 809 1247 860; x_wconf 90' lang='lat' dir='ltr'>ne</span> <span class='ocrx_word' id='word_1_7' title='bbox 1274 789 1368 883; x_wconf 84' lang='lat' dir='ltr'>equds</span> <span class='ocrx_word' id='word_1_8' title='bbox 1395 785 1606 860; x_wconf 80' lang='lat' dir='ltr'>veherentur.</span> <span class='ocrx_word' id='word_1_9' title='bbox 1633 785 1813 860; x_wconf 85' lang='lat' dir='ltr'>Laicorum</span> <span class='ocrx_word' id='word_1_10' title='bbox 1844 788 1986 881; x_wconf 78' lang='lat' dir='ltr'>prImarii</span> <span class='ocrx_word' id='word_1_11' title='bbox 2008 799 2039 863; x_wconf 88' lang='lat' dir='ltr'>et</span> 
     </span>
     <span class='ocr_line' id='line_1_3' title="bbox 680 902 2039 999; baseline 0.004 -26"><span class='ocrx_word' id='word_1_12' title='bbox 680 903 808 998; x_wconf 90' lang='lat' dir='ltr'>reliqua</span> <span class='ocrx_word' id='word_1_13' title='bbox 834 902 1004 975; x_wconf 89' lang='lat' dir='ltr'>multitudo</span> <span class='ocrx_word' id='word_1_14' title='bbox 1039 902 1274 998; x_wconf 80' lang='lat' dir='ltr'><strong>sequebantur.</strong></span> <span class='ocrx_word' id='word_1_15' title='bbox 1326 904 1452 976; x_wconf 87' lang='lat' dir='ltr'>Postea</span> <span class='ocrx_word' id='word_1_16' title='bbox 1492 927 1565 976; x_wconf 90' lang='lat' dir='ltr'>cum</span> <span class='ocrx_word' id='word_1_17' title='bbox 1602 902 1645 976; x_wconf 90' lang='lat' dir='ltr'>ad</span> <span class='ocrx_word' id='word_1_18' title='bbox 1678 902 1867 975; x_wconf 73' lang='lat' dir='ltr'><strong>Ecclesiam</strong></span> <span class='ocrx_word' id='word_1_19' title='bbox 1907 925 1952 975; x_wconf 89' lang='lat' dir='ltr'>ex</span> <span class='ocrx_word' id='word_1_20' title='bbox 1981 927 2039 999; x_wconf 86' lang='lat' dir='ltr'>qua</span> 
     </span>
     <span class='ocr_line' id='line_1_4' title="bbox 680 1016 2039 1115; baseline -0.001 -25"><span class='ocrx_word' id='word_1_21' title='bbox 680 1030 929 1115; x_wconf 86' lang='lat' dir='ltr'>processerant,</span> <span class='ocrx_word' id='word_1_22' title='bbox 956 1018 1160 1092; x_wconf 91' lang='lat' dir='ltr'>redeundum</span> <span class='ocrx_word' id='word_1_23' title='bbox 1186 1030 1271 1110; x_wconf 85' lang='lat' dir='ltr'>erat,</span> <span class='ocrx_word' id='word_1_24' title='bbox 1298 1019 1539 1113; x_wconf 70' lang='lat' dir='ltr'>adjiciebantur</span> <span class='ocrx_word' id='word_1_25' title='bbox 1563 1018 1700 1092; x_wconf 86' lang='lat' dir='ltr'>honoris</span> <span class='ocrx_word' id='word_1_26' title='bbox 1715 1029 1749 1092; x_wconf 89' lang='lat' dir='ltr'>et</span> <span class='ocrx_word' id='word_1_27' title='bbox 1765 1016 1923 1115; x_wconf 87' lang='lat' dir='ltr'>praesidii</span> <span class='ocrx_word' id='word_1_28' title='bbox 1937 1041 2039 1107; x_wconf 77' lang='grc'><strong>01111011,</strong></span> 
     </span>
     <span class='ocr_line' id='line_1_5' title="bbox 679 1134 2040 1232; baseline -0.001 -26"><span class='ocrx_word' id='word_1_29' title='bbox 679 1135 835 1231; x_wconf 83' lang='lat' dir='ltr'><strong>manipuli</strong></span> <span class='ocrx_word' id='word_1_30' title='bbox 867 1135 992 1232; x_wconf 76' lang='lat' dir='ltr'><strong>aliquot</strong></span> <span class='ocrx_word' id='word_1_31' title='bbox 1024 1136 1173 1227; x_wconf 91' lang='lat' dir='ltr'>militnm,</span> <span class='ocrx_word' id='word_1_32' title='bbox 1206 1136 1401 1232; x_wconf 83' lang='lat' dir='ltr'>prohibituri</span> <span class='ocrx_word' id='word_1_33' title='bbox 1435 1159 1479 1208; x_wconf 89' lang='lat' dir='ltr'>ne</span> <span class='ocrx_word' id='word_1_34' title='bbox 1510 1134 1633 1229; x_wconf 79' lang='lat' dir='ltr'>vulgus</span> <span class='ocrx_word' id='word_1_35' title='bbox 1664 1139 1888 1232; x_wconf 88' lang='lat' dir='ltr'>promiscuum</span> <span class='ocrx_word' id='word_1_36' title='bbox 1920 1155 2040 1229; x_wconf 82' lang='lat' dir='ltr'>semper</span> 
     </span>
     <span class='ocr_line' id='line_1_6' title="bbox 678 1237 2043 1350; baseline 0 -27"><span class='ocrx_word' id='word_1_37' title='bbox 678 1255 715 1323; x_wconf 92' lang='lat' dir='ltr'>in</span> <span class='ocrx_word' id='word_1_38' title='bbox 739 1252 901 1349; x_wconf 77' lang='lat' dir='ltr'>Aegypto</span> <span class='ocrx_word' id='word_1_39' title='bbox 928 1237 1149 1325; x_wconf 86' lang='lat' dir='ltr'>turbulentum</span> <span class='ocrx_word' id='word_1_40' title='bbox 1174 1264 1209 1325; x_wconf 91' lang='lat' dir='ltr'>et</span> <span class='ocrx_word' id='word_1_41' title='bbox 1234 1276 1377 1350; x_wconf 87' lang='lat' dir='ltr'>procax,</span> <span class='ocrx_word' id='word_1_42' title='bbox 1404 1255 1550 1325; x_wconf 88' lang='lat' dir='ltr'>maxime</span> <span class='ocrx_word' id='word_1_43' title='bbox 1572 1252 1732 1342; x_wconf 87' lang='lat' dir='ltr'>Dervisii,</span> <span class='ocrx_word' id='word_1_44' title='bbox 1759 1262 1793 1324; x_wconf 90' lang='lat' dir='ltr'>et</span> <span class='ocrx_word' id='word_1_45' title='bbox 1817 1249 2043 1326; x_wconf 86' lang='lat' dir='ltr'>Ileschitarum</span> 
     </span>
     <span class='ocr_line' id='line_1_7' title="bbox 681 1367 2042 1466; baseline 0.001 -27"><span class='ocrx_word' id='word_1_46' title='bbox 681 1368 814 1457; x_wconf 88' lang='lat' dir='ltr'>aeditui,</span> <span class='ocrx_word' id='word_1_47' title='bbox 842 1369 884 1442; x_wconf 91' lang='lat' dir='ltr'>ad</span> <span class='ocrx_word' id='word_1_48' title='bbox 909 1371 1061 1461; x_wconf 78' lang='lat' dir='ltr'>injunium</span> <span class='ocrx_word' id='word_1_49' title='bbox 1089 1369 1351 1442; x_wconf 84' lang='lat' dir='ltr'>Christianorum</span> <span class='ocrx_word' id='word_1_50' title='bbox 1378 1391 1512 1465; x_wconf 86' lang='lat' dir='ltr'>semper</span> <span class='ocrx_word' id='word_1_51' title='bbox 1536 1372 1660 1466; x_wconf 85' lang='lat' dir='ltr'>parati,</span> <span class='ocrx_word' id='word_1_52' title='bbox 1694 1367 1840 1463; x_wconf 84' lang='lat' dir='ltr'>aliquam</span> <span class='ocrx_word' id='word_1_53' title='bbox 1865 1369 1946 1463; x_wconf 82' lang='lat' dir='ltr'>ipsis</span> <span class='ocrx_word' id='word_1_54' title='bbox 1970 1391 2042 1441; x_wconf 89' lang='grc'><strong>1110-</strong></span> 
     </span>
     <span class='ocr_line' id='line_1_8' title="bbox 679 1483 1008 1559; baseline -0.003 -2"><span class='ocrx_word' id='word_1_55' title='bbox 679 1483 812 1559; x_wconf 89' lang='lat' dir='ltr'>lestiam</span> <span class='ocrx_word' id='word_1_56' title='bbox 839 1485 1008 1557; x_wconf 79' lang='lat' dir='ltr'>inferrent.</span> 
     </span>
    </p>

    <p class='ocr_par' dir='ltr' id='par_1_3' title="bbox 357 1599 2043 1814">
     <span class='ocr_line' id='line_1_9' title="bbox 392 1599 2043 1697; baseline 0.001 -28"><span class='ocrx_word' id='word_1_57' title='bbox 392 1613 525 1670; x_wconf 64' lang='lat' dir='ltr'>otranno</span> <span class='ocrx_word' id='word_1_58' title='bbox 550 1617 592 1671; x_wconf 73' lang='lat' dir='ltr'>ua</span> <span class='ocrx_word' id='word_1_59' title='bbox 617 1617 668 1670; x_wconf 79' lang='lat' dir='ltr'>uo-</span> <span class='ocrx_word' id='word_1_60' title='bbox 785 1601 953 1675; x_wconf 85' lang='lat' dir='ltr'><strong>LXXVII.</strong></span> <span class='ocrx_word' id='word_1_61' title='bbox 1006 1602 1188 1697; x_wconf 89' lang='lat' dir='ltr'>Postquam</span> <span class='ocrx_word' id='word_1_62' title='bbox 1215 1601 1257 1674; x_wconf 90' lang='lat' dir='ltr'>ad</span> <span class='ocrx_word' id='word_1_63' title='bbox 1282 1600 1471 1675; x_wconf 89' lang='lat' dir='ltr'>Ecclesiam</span> <span class='ocrx_word' id='word_1_64' title='bbox 1496 1599 1683 1691; x_wconf 85' lang='lat' dir='ltr'>redierant,</span> <span class='ocrx_word' id='word_1_65' title='bbox 1717 1601 1955 1694; x_wconf 71' lang='lat' dir='ltr'>designabatur</span> <span class='ocrx_word' id='word_1_66' title='bbox 1979 1599 2043 1672; x_wconf 87' lang='lat' dir='ltr'>Or-</span> 
     </span>
     <span class='ocr_line' id='line_1_10' title="bbox 357 1702 2042 1814; baseline -0.002 -23"><span class='ocrx_word' id='word_1_67' title='bbox 357 1702 458 1766; x_wconf 67' lang='lat'>¹¹²¹¹=¹¹⁰⁸·</span> <span class='ocrx_word' id='word_1_68' title='bbox 682 1719 841 1790; x_wconf 91' lang='lat' dir='ltr'>dinationi</span> <span class='ocrx_word' id='word_1_69' title='bbox 867 1718 949 1807; x_wconf 90' lang='lat' dir='ltr'>dies,</span> <span class='ocrx_word' id='word_1_70' title='bbox 978 1740 1020 1790; x_wconf 91' lang='lat' dir='ltr'>ea</span> <span class='ocrx_word' id='word_1_71' title='bbox 1047 1727 1158 1790; x_wconf 92' lang='lat' dir='ltr'>tamen</span> <span class='ocrx_word' id='word_1_72' title='bbox 1190 1721 1320 1791; x_wconf 91' lang='lat' dir='ltr'>ratione</span> <span class='ocrx_word' id='word_1_73' title='bbox 1347 1741 1444 1813; x_wconf 89' lang='lat' dir='ltr'>quam</span> <span class='ocrx_word' id='word_1_74' title='bbox 1472 1720 1658 1810; x_wconf 85' lang='lat' dir='ltr'>tetigimus,</span> <span class='ocrx_word' id='word_1_75' title='bbox 1692 1741 1813 1814; x_wconf 90' lang='lat' dir='ltr'>nempe</span> <span class='ocrx_word' id='word_1_76' title='bbox 1842 1727 1879 1789; x_wconf 92' lang='lat' dir='ltr'>ut</span> <span class='ocrx_word' id='word_1_77' title='bbox 1912 1739 1954 1788; x_wconf 89' lang='lat' dir='ltr'>ea</span> <span class='ocrx_word' id='word_1_78' title='bbox 1982 1738 2042 1788; x_wconf 94' lang='lat' dir='ltr'>non</span> 
     </span>
    </p>

    <p class='ocr_par' dir='ltr' id='par_1_4' title="bbox 680 1832 2149 2746">
     <span class='ocr_line' id='line_1_11' title="bbox 680 1832 2043 1930; baseline -0.003 -22"><span class='ocrx_word' id='word_1_79' title='bbox 680 1838 745 1908; x_wconf 92' lang='lat' dir='ltr'>nisi</span> <span class='ocrx_word' id='word_1_80' title='bbox 771 1834 933 1907; x_wconf 89' lang='lat' dir='ltr'>dominica</span> <span class='ocrx_word' id='word_1_81' title='bbox 960 1834 1025 1923; x_wconf 88' lang='lat' dir='ltr'>die,</span> <span class='ocrx_word' id='word_1_82' title='bbox 1058 1834 1241 1908; x_wconf 87' lang='lat' dir='ltr'>secundum</span> <span class='ocrx_word' id='word_1_83' title='bbox 1273 1837 1441 1930; x_wconf 81' lang='lat' dir='ltr'>antiquam</span> <span class='ocrx_word' id='word_1_84' title='bbox 1467 1836 1612 1910; x_wconf 87' lang='lat' dir='ltr'>omniurn</span> <span class='ocrx_word' id='word_1_85' title='bbox 1636 1833 1865 1908; x_wconf 89' lang='lat' dir='ltr'>Ecclesiarum</span> <span class='ocrx_word' id='word_1_86' title='bbox 1901 1832 2043 1928; x_wconf 88' lang='lat' dir='ltr'>discipli-</span> 
     </span>
     <span class='ocr_line' id='line_1_12' title="bbox 680 1948 2043 2041; baseline -0.001 -18"><span class='ocrx_word' id='word_1_87' title='bbox 680 1974 758 2024; x_wconf 87' lang='lat' dir='ltr'>nam</span> <span class='ocrx_word' id='word_1_88' title='bbox 773 1950 1027 2024; x_wconf 88' lang='lat' dir='ltr'>.celebraretur.</span> <span class='ocrx_word' id='word_1_89' title='bbox 1079 1950 1222 2024; x_wconf 84' lang='lat' dir='ltr'>Licebat</span> <span class='ocrx_word' id='word_1_90' title='bbox 1247 1960 1378 2041; x_wconf 87' lang='lat' dir='ltr'>nutem,</span> <span class='ocrx_word' id='word_1_91' title='bbox 1413 1962 1449 2023; x_wconf 92' lang='lat' dir='ltr'>ut</span> <span class='ocrx_word' id='word_1_92' title='bbox 1483 1955 1513 2024; x_wconf 90' lang='lat' dir='ltr'>si</span> <span class='ocrx_word' id='word_1_93' title='bbox 1544 1972 1655 2024; x_wconf 89' lang='lat' dir='ltr'>novus</span> <span class='ocrx_word' id='word_1_94' title='bbox 1689 1951 1815 2024; x_wconf 84' lang='lat' dir='ltr'>electus</span> <span class='ocrx_word' id='word_1_95' title='bbox 1848 1948 1948 2022; x_wconf 92' lang='lat' dir='ltr'>alium</span> <span class='ocrx_word' id='word_1_96' title='bbox 1980 1948 2043 2022; x_wconf 86' lang='lat' dir='ltr'>Or·</span> 
     </span>
     <span class='ocr_line' id='line_1_13' title="bbox 682 2057 2044 2163; baseline -0.001 -25"><span class='ocrx_word' id='word_1_97' title='bbox 682 2057 792 2138; x_wconf 84' lang='lat' dir='ltr'>dinem</span> <span class='ocrx_word' id='word_1_98' title='bbox 824 2088 892 2138; x_wconf 88' lang='lat' dir='ltr'>non</span> <span class='ocrx_word' id='word_1_99' title='bbox 924 2069 1132 2163; x_wconf 79' lang='lat' dir='ltr'>accepisset,</span> <span class='ocrx_word' id='word_1_100' title='bbox 1164 2091 1261 2162; x_wconf 81' lang='lat' dir='ltr'>quiam</span> <span class='ocrx_word' id='word_1_101' title='bbox 1294 2067 1540 2155; x_wconf 86' lang='lat' dir='ltr'>Diaconorum,</span> <span class='ocrx_word' id='word_1_102' title='bbox 1575 2066 1649 2140; x_wconf 91' lang='lat' dir='ltr'>aliis</span> <span class='ocrx_word' id='word_1_103' title='bbox 1680 2065 1798 2140; x_wconf 90' lang='lat' dir='ltr'>diebus</span> <span class='ocrx_word' id='word_1_104' title='bbox 1833 2066 2044 2155; x_wconf 85' lang='lat' dir='ltr'>ordinaretur,</span> 
     </span>
     <span class='ocr_line' id='line_1_14' title="bbox 681 2181 2124 2280; baseline -0.005 -22"><span class='ocrx_word' id='word_1_105' title='bbox 681 2193 820 2258; x_wconf 86' lang='lat' dir='ltr'>servato</span> <span class='ocrx_word' id='word_1_106' title='bbox 847 2192 959 2255; x_wconf 89' lang='lat' dir='ltr'>tamen</span> <span class='ocrx_word' id='word_1_107' title='bbox 984 2186 1179 2274; x_wconf 87' lang='lat' dir='ltr'>interstitio,</span> <span class='ocrx_word' id='word_1_108' title='bbox 1212 2194 1248 2256; x_wconf 94' lang='lat' dir='ltr'>ut</span> <span class='ocrx_word' id='word_1_109' title='bbox 1278 2207 1346 2258; x_wconf 92' lang='lat' dir='ltr'>non</span> <span class='ocrx_word' id='word_1_110' title='bbox 1379 2205 1446 2257; x_wconf 92' lang='lat' dir='ltr'>uno</span> <span class='ocrx_word' id='word_1_111' title='bbox 1477 2185 1664 2280; x_wconf 84' lang='lat' dir='ltr'>eodemque</span> <span class='ocrx_word' id='word_1_112' title='bbox 1701 2182 1865 2277; x_wconf 88' lang='lat' dir='ltr'>duplicem</span> <span class='ocrx_word' id='word_1_113' title='bbox 1905 2181 2044 2256; x_wconf 83' lang='lat' dir='ltr'>Ordina-</span> <span class='ocrx_word' id='word_1_114' title='bbox 2120 2187 2124 2194; x_wconf 87' lang='grc'><em>“</em></span> 
     </span>
     <span class='ocr_line' id='line_1_15' title="bbox 680 2297 2149 2397; baseline -0.003 -24"><span class='ocrx_word' id='word_1_115' title='bbox 680 2303 805 2373; x_wconf 80' lang='lat' dir='ltr'>donem</span> <span class='ocrx_word' id='word_1_116' title='bbox 833 2303 1009 2395; x_wconf 89' lang='lat' dir='ltr'>acciperet</span> <span class='ocrx_word' id='word_1_117' title='bbox 1036 2299 1087 2372; x_wconf 90' lang='lat' dir='ltr'>Ea</span> <span class='ocrx_word' id='word_1_118' title='bbox 1115 2310 1225 2373; x_wconf 88' lang='lat' dir='ltr'>autem</span> <span class='ocrx_word' id='word_1_119' title='bbox 1251 2300 1484 2374; x_wconf 87' lang='lat' dir='ltr'>celebrabatur</span> <span class='ocrx_word' id='word_1_120' title='bbox 1501 2302 1543 2375; x_wconf 90' lang='lat' dir='ltr'>ab</span> <span class='ocrx_word' id='word_1_121' title='bbox 1560 2300 1733 2397; x_wconf 88' lang='lat' dir='ltr'>Episcopo</span> <span class='ocrx_word' id='word_1_122' title='bbox 1760 2304 1909 2391; x_wconf 89' lang='lat' dir='ltr'>seniore,</span> <span class='ocrx_word' id='word_1_123' title='bbox 1937 2298 2045 2371; x_wconf 89' lang='lat' dir='ltr'>eodem</span> <span class='ocrx_word' id='word_1_124' title='bbox 2144 2297 2149 2302; x_wconf 81' lang='grc'><strong>’</strong></span> 
     </span>
     <span class='ocr_line' id='line_1_16' title="bbox 681 2414 2045 2513; baseline -0.001 -24"><span class='ocrx_word' id='word_1_125' title='bbox 681 2416 793 2504; x_wconf 88' lang='lat' dir='ltr'>modo,</span> <span class='ocrx_word' id='word_1_126' title='bbox 820 2427 920 2511; x_wconf 89' lang='lat' dir='ltr'>atque</span> <span class='ocrx_word' id='word_1_127' title='bbox 946 2416 1010 2488; x_wconf 92' lang='lat' dir='ltr'>illis</span> <span class='ocrx_word' id='word_1_128' title='bbox 1036 2418 1117 2511; x_wconf 88' lang='lat' dir='ltr'>ipsis</span> <span class='ocrx_word' id='word_1_129' title='bbox 1144 2414 1301 2512; x_wconf 88' lang='lat' dir='ltr'>precibus</span> <span class='ocrx_word' id='word_1_130' title='bbox 1328 2416 1496 2506; x_wconf 89' lang='lat' dir='ltr'>adhibitis,</span> <span class='ocrx_word' id='word_1_131' title='bbox 1530 2439 1616 2513; x_wconf 81' lang='lat' dir='ltr'>quiae</span> <span class='ocrx_word' id='word_1_132' title='bbox 1643 2421 1677 2489; x_wconf 93' lang='lat' dir='ltr'>in</span> <span class='ocrx_word' id='word_1_133' title='bbox 1703 2422 1869 2490; x_wconf 89' lang='lat' dir='ltr'>communi</span> <span class='ocrx_word' id='word_1_134' title='bbox 1898 2416 2045 2490; x_wconf 87' lang='lat' dir='ltr'>Ordiuum</span> 
     </span>
     <span class='ocr_line' id='line_1_17' title="bbox 682 2531 2045 2628; baseline -0.001 -23"><span class='ocrx_word' id='word_1_135' title='bbox 682 2531 860 2605; x_wconf 86' lang='lat' dir='ltr'>collatione</span> <span class='ocrx_word' id='word_1_136' title='bbox 887 2531 1041 2604; x_wconf 86' lang='lat' dir='ltr'>solebant</span> <span class='ocrx_word' id='word_1_137' title='bbox 1067 2531 1260 2608; x_wconf 80' lang='lat' dir='ltr'>obseruari:</span> <span class='ocrx_word' id='word_1_138' title='bbox 1286 2554 1406 2606; x_wconf 86' lang='lat' dir='ltr'>verum</span> <span class='ocrx_word' id='word_1_139' title='bbox 1431 2532 1601 2627; x_wconf 81' lang='lat' dir='ltr'>singulare</span> <span class='ocrx_word' id='word_1_140' title='bbox 1627 2533 1707 2605; x_wconf 94' lang='lat' dir='ltr'>illud</span> <span class='ocrx_word' id='word_1_141' title='bbox 1721 2545 1805 2622; x_wconf 90' lang='lat' dir='ltr'>erat,</span> <span class='ocrx_word' id='word_1_142' title='bbox 1832 2534 1924 2628; x_wconf 81' lang='lat' dir='ltr'>quod</span> <span class='ocrx_word' id='word_1_143' title='bbox 1939 2552 2045 2606; x_wconf 89' lang='lat' dir='ltr'>omnes</span> 
     </span>
     <span class='ocr_line' id='line_1_18' title="bbox 682 2647 2046 2746; baseline -0.001 -26"><span class='ocrx_word' id='word_1_144' title='bbox 682 2647 843 2744; x_wconf 85' lang='lat' dir='ltr'>Episcopi</span> <span class='ocrx_word' id='word_1_145' title='bbox 869 2647 1016 2736; x_wconf 77' lang='lat' dir='ltr'>aderant</span> <span class='ocrx_word' id='word_1_146' title='bbox 1044 2660 1142 2744; x_wconf 84' lang='lat' dir='ltr'>atque</span> <span class='ocrx_word' id='word_1_147' title='bbox 1168 2652 1203 2720; x_wconf 93' lang='lat' dir='ltr'>in</span> <span class='ocrx_word' id='word_1_148' title='bbox 1229 2671 1344 2723; x_wconf 88' lang='lat' dir='ltr'>corum</span> <span class='ocrx_word' id='word_1_149' title='bbox 1370 2650 1469 2746; x_wconf 91' lang='lat' dir='ltr'>pleno</span> <span class='ocrx_word' id='word_1_150' title='bbox 1503 2672 1685 2742; x_wconf 90' lang='lat' dir='ltr'>consessu,</span> <span class='ocrx_word' id='word_1_151' title='bbox 1719 2650 1762 2723; x_wconf 88' lang='lat' dir='ltr'>ad</span> <span class='ocrx_word' id='word_1_152' title='bbox 1798 2649 1944 2723; x_wconf 87' lang='lat' dir='ltr'>Ordines</span> <span class='ocrx_word' id='word_1_153' title='bbox 1970 2667 2046 2742; x_wconf 88' lang='lat' dir='ltr'>quos</span> 
     </span>
    </p>

    <p class='ocr_par' dir='ltr' id='par_1_5' title="bbox 682 2763 1252 2861">
     <span class='ocr_line' id='line_1_19' title="bbox 682 2763 1252 2861; baseline 0 -24"><span class='ocrx_word' id='word_1_154' title='bbox 682 2785 751 2837; x_wconf 95' lang='lat' dir='ltr'>non</span> <span class='ocrx_word' id='word_1_155' title='bbox 777 2776 954 2861; x_wconf 91' lang='lat' dir='ltr'>receperat</span> <span class='ocrx_word' id='word_1_156' title='bbox 980 2763 1252 2861; x_wconf 89' lang='lat' dir='ltr'>promovebatur.</span> 
     </span>
    </p>

    <p class='ocr_par' dir='ltr' id='par_1_6' title="bbox 357 2881 2199 3214">
     <span class='ocr_line' id='line_1_20' title="bbox 405 2881 2045 2974; baseline 0.003 -27"><span class='ocrx_word' id='word_1_157' title='bbox 405 2894 571 2949; x_wconf 84' lang='lat' dir='ltr'>Consuetudo</span> <span class='ocrx_word' id='word_1_158' title='bbox 592 2903 669 2949; x_wconf 84' lang='lat' dir='ltr'>vetus</span> <span class='ocrx_word' id='word_1_159' title='bbox 785 2881 968 2958; x_wconf 76' lang='lat' dir='ltr'>LXXVIII</span> <span class='ocrx_word' id='word_1_160' title='bbox 1020 2882 1128 2955; x_wconf 84' lang='lat' dir='ltr'><strong>POI&#39;I&#39;O</strong></span> <span class='ocrx_word' id='word_1_161' title='bbox 1168 2884 1396 2956; x_wconf 72' lang='lat' dir='ltr'>venustissima</span> <span class='ocrx_word' id='word_1_162' title='bbox 1436 2881 1642 2955; x_wconf 75' lang='lat' dir='ltr'>consuetudo</span> <span class='ocrx_word' id='word_1_163' title='bbox 1679 2881 1756 2974; x_wconf 83' lang='lat' dir='ltr'>fuit,</span> <span class='ocrx_word' id='word_1_164' title='bbox 1804 2893 1840 2956; x_wconf 91' lang='lat' dir='ltr'>ut</span> <span class='ocrx_word' id='word_1_165' title='bbox 1884 2881 2045 2955; x_wconf 81' lang='lat' dir='ltr'>Ordinah&#39;o</span> 
     </span>
     <span class='ocr_line' id='line_1_21' title="bbox 359 2981 2046 3121; baseline -0.002 -50"><span class='ocrx_word' id='word_1_166' title='bbox 359 2981 495 3121; x_wconf 42' lang='lat' dir='ltr'>ornianus</span> <span class='ocrx_word' id='word_1_167' title='bbox 521 3000 580 3037; x_wconf 64' lang='lat'><strong>‘⁰¹¹¹</strong></span> <span class='ocrx_word' id='word_1_168' title='bbox 602 2982 669 3037; x_wconf 59' lang='lat'>⁸¹⁰·</span> <span class='ocrx_word' id='word_1_169' title='bbox 682 2997 896 3071; x_wconf 89' lang='lat' dir='ltr'>Patriarcbae</span> <span class='ocrx_word' id='word_1_170' title='bbox 920 2997 1151 3071; x_wconf 86' lang='lat' dir='ltr'>Alexandriae</span> <span class='ocrx_word' id='word_1_171' title='bbox 1183 3000 1296 3085; x_wconf 83' lang='lat' dir='ltr'>fieret,</span> <span class='ocrx_word' id='word_1_172' title='bbox 1328 2999 1428 3094; x_wconf 92' lang='lat' dir='ltr'>idque</span> <span class='ocrx_word' id='word_1_173' title='bbox 1453 3001 1582 3074; x_wconf 86' lang='lat' dir='ltr'>merito.</span> <span class='ocrx_word' id='word_1_174' title='bbox 1633 2999 1688 3070; x_wconf 89' lang='lat' dir='ltr'>De</span> <span class='ocrx_word' id='word_1_175' title='bbox 1715 2998 1956 3095; x_wconf 71' lang='lat' dir='ltr'>anhpdon’bus</span> <span class='ocrx_word' id='word_1_176' title='bbox 1979 2998 2046 3069; x_wconf 89' lang='lat' dir='ltr'>Pa·</span> 
     </span>
     <span class='ocr_line' id='line_1_22' title="bbox 357 3082 2199 3214; baseline -0.003 -26"><span class='ocrx_word' id='word_1_177' title='bbox 357 3082 408 3121; x_wconf 66' lang='lat' dir='ltr'>aaa</span> <span class='ocrx_word' id='word_1_178' title='bbox 427 3084 488 3124; x_wconf 58' lang='lat'><strong>&#39;¹⁰⁰&#39;</strong></span> <span class='ocrx_word' id='word_1_179' title='bbox 682 3113 835 3188; x_wconf 85' lang='lat' dir='ltr'>triorchis</span> <span class='ocrx_word' id='word_1_180' title='bbox 862 3125 939 3188; x_wconf 83' lang='grc' dir='ltr'><strong>1111ιο</strong></span> <span class='ocrx_word' id='word_1_181' title='bbox 966 3113 1284 3188; x_wconf 87' lang='lat' dir='ltr'>Muhamedanorum</span> <span class='ocrx_word' id='word_1_182' title='bbox 1309 3125 1461 3211; x_wconf 91' lang='lat' dir='ltr'>tempora</span> <span class='ocrx_word' id='word_1_183' title='bbox 1487 3114 1629 3189; x_wconf 82' lang='lat' dir='ltr'>dubitari</span> <span class='ocrx_word' id='word_1_184' title='bbox 1660 3137 1728 3187; x_wconf 91' lang='lat' dir='ltr'>nou</span> <span class='ocrx_word' id='word_1_185' title='bbox 1757 3123 1884 3211; x_wconf 78' lang='lat' dir='ltr'>potest,</span> <span class='ocrx_word' id='word_1_186' title='bbox 1912 3115 1974 3184; x_wconf 91' lang='lat' dir='ltr'>etsi</span> <span class='ocrx_word' id='word_1_187' title='bbox 1998 3112 2047 3206; x_wconf 83' lang='lat' dir='ltr'>qui</span> <span class='ocrx_word' id='word_1_188' title='bbox 2103 3209 2106 3214; x_wconf 40' lang='lat'><strong>.</strong></span> <span class='ocrx_word' id='word_1_189' title='bbox 2194 3205 2199 3214; x_wconf 37' lang='grc' dir='ltr'>Ι</span> 
     </span>
    </p>

    <p class='ocr_par' dir='ltr' id='par_1_7' title="bbox 680 3230 2046 4610">
     <span class='ocr_line' id='line_1_23' title="bbox 680 3230 2044 3328; baseline -0.003 -25"><span class='ocrx_word' id='word_1_190' title='bbox 680 3233 836 3325; x_wconf 90' lang='lat' dir='ltr'>proxime</span> <span class='ocrx_word' id='word_1_191' title='bbox 861 3230 1089 3325; x_wconf 78' lang='lat' dir='ltr'>BenJaminum</span> <span class='ocrx_word' id='word_1_192' title='bbox 1115 3241 1374 3328; x_wconf 85' lang='lat' dir='ltr'>praecesserunt</span> <span class='ocrx_word' id='word_1_193' title='bbox 1398 3230 1588 3322; x_wconf 86' lang='lat' dir='ltr'>Jacobitae,</span> <span class='ocrx_word' id='word_1_194' title='bbox 1614 3254 1688 3303; x_wconf 93' lang='lat' dir='ltr'>cum</span> <span class='ocrx_word' id='word_1_195' title='bbox 1715 3230 1906 3303; x_wconf 89' lang='lat' dir='ltr'>Orthodoxi</span> <span class='ocrx_word' id='word_1_196' title='bbox 1939 3248 2044 3300; x_wconf 90' lang='lat' dir='ltr'>omnes</span> 
     </span>
     <span class='ocr_line' id='line_1_24' title="bbox 681 3339 2046 3444; baseline -0.003 -27"><span class='ocrx_word' id='word_1_197' title='bbox 681 3345 855 3419; x_wconf 88' lang='lat' dir='ltr'>Ecclesias</span> <span class='ocrx_word' id='word_1_198' title='bbox 881 3346 1110 3419; x_wconf 83' lang='lat' dir='ltr'>Alexandriae</span> <span class='ocrx_word' id='word_1_199' title='bbox 1137 3345 1334 3438; x_wconf 83' lang='lat' dir='ltr'>obtinerent,</span> <span class='ocrx_word' id='word_1_200' title='bbox 1360 3371 1471 3444; x_wconf 87' lang='lat' dir='ltr'>neque</span> <span class='ocrx_word' id='word_1_201' title='bbox 1497 3349 1553 3422; x_wconf 89' lang='lat' dir='ltr'>alii</span> <span class='ocrx_word' id='word_1_202' title='bbox 1579 3370 1660 3422; x_wconf 89' lang='lat' dir='ltr'>suos</span> <span class='ocrx_word' id='word_1_203' title='bbox 1692 3358 1881 3421; x_wconf 89' lang='lat' dir='ltr'>conventus</span> <span class='ocrx_word' id='word_1_204' title='bbox 1914 3350 1948 3418; x_wconf 93' lang='lat' dir='ltr'>iu</span> <span class='ocrx_word' id='word_1_205' title='bbox 1972 3339 2046 3415; x_wconf 85' lang='lat' dir='ltr'>urhe</span> 
     </span>
     <span class='ocr_line' id='line_1_25' title="bbox 683 3459 2046 3560; baseline -0.002 -28"><span class='ocrx_word' id='word_1_206' title='bbox 683 3483 789 3553; x_wconf 86' lang='lat' dir='ltr'>agere</span> <span class='ocrx_word' id='word_1_207' title='bbox 823 3483 886 3559; x_wconf 90' lang='lat' dir='ltr'>per</span> <span class='ocrx_word' id='word_1_208' title='bbox 917 3462 1014 3555; x_wconf 84' lang='lat' dir='ltr'>leges</span> <span class='ocrx_word' id='word_1_209' title='bbox 1049 3465 1285 3560; x_wconf 79' lang='lat' dir='ltr'>Imperatoriae</span> <span class='ocrx_word' id='word_1_210' title='bbox 1319 3468 1528 3553; x_wconf 78' lang='lat' dir='ltr'>sinerentur,</span> <span class='ocrx_word' id='word_1_211' title='bbox 1563 3467 1598 3536; x_wconf 92' lang='lat' dir='ltr'>in</span> <span class='ocrx_word' id='word_1_212' title='bbox 1629 3464 1845 3537; x_wconf 85' lang='lat' dir='ltr'>Monasteriis</span> <span class='ocrx_word' id='word_1_213' title='bbox 1879 3459 2046 3534; x_wconf 87' lang='lat' dir='ltr'>videantur</span> 
     </span>
     <span class='ocr_line' id='line_1_26' title="bbox 682 3572 2046 3676; baseline -0.004 -27"><span class='ocrx_word' id='word_1_214' title='bbox 682 3587 816 3650; x_wconf 89' lang='lat' dir='ltr'>secreto</span> <span class='ocrx_word' id='word_1_215' title='bbox 845 3578 1006 3651; x_wconf 86' lang='lat' dir='ltr'>ordinati:</span> <span class='ocrx_word' id='word_1_216' title='bbox 1035 3602 1156 3676; x_wconf 88' lang='lat' dir='ltr'>nempe</span> <span class='ocrx_word' id='word_1_217' title='bbox 1183 3584 1259 3676; x_wconf 81' lang='lat' dir='ltr'>quuia</span> <span class='ocrx_word' id='word_1_218' title='bbox 1285 3591 1362 3654; x_wconf 89' lang='lat' dir='ltr'>tunc</span> <span class='ocrx_word' id='word_1_219' title='bbox 1387 3584 1573 3654; x_wconf 91' lang='lat' dir='ltr'>necessitas</span> <span class='ocrx_word' id='word_1_220' title='bbox 1601 3601 1768 3653; x_wconf 87' lang='lat' dir='ltr'>excusare</span> <span class='ocrx_word' id='word_1_221' title='bbox 1801 3577 1928 3671; x_wconf 83' lang='lat' dir='ltr'>alege</span> <span class='ocrx_word' id='word_1_222' title='bbox 1953 3572 2046 3646; x_wconf 86' lang='lat' dir='ltr'>vide-</span> 
     </span>
     <span class='ocr_line' id='line_1_27' title="bbox 682 3690 2046 3793; baseline -0.004 -28"><span class='ocrx_word' id='word_1_223' title='bbox 682 3691 789 3766; x_wconf 91' lang='lat' dir='ltr'>batur.</span> <span class='ocrx_word' id='word_1_224' title='bbox 841 3693 966 3767; x_wconf 85' lang='lat' dir='ltr'>Postea</span> <span class='ocrx_word' id='word_1_225' title='bbox 1005 3706 1116 3768; x_wconf 82' lang='grc'><strong>11111100</strong></span> <span class='ocrx_word' id='word_1_226' title='bbox 1148 3719 1195 3768; x_wconf 84' lang='lat' dir='ltr'>ex</span> <span class='ocrx_word' id='word_1_227' title='bbox 1236 3720 1301 3793; x_wconf 81' lang='lat' dir='ltr'>quo</span> <span class='ocrx_word' id='word_1_228' title='bbox 1340 3701 1505 3790; x_wconf 79' lang='lat' dir='ltr'>integram</span> <span class='ocrx_word' id='word_1_229' title='bbox 1539 3696 1717 3770; x_wconf 82' lang='lat' dir='ltr'>Iacobitae</span> <span class='ocrx_word' id='word_1_230' title='bbox 1750 3695 1938 3769; x_wconf 85' lang='lat' dir='ltr'>libertatem</span> <span class='ocrx_word' id='word_1_231' title='bbox 1969 3690 2046 3761; x_wconf 88' lang='lat' dir='ltr'>nacti</span> 
     </span>
     <span class='ocr_line' id='line_1_28' title="bbox 684 3809 2046 3907; baseline -0.006 -23"><span class='ocrx_word' id='word_1_232' title='bbox 684 3821 776 3899; x_wconf 90' lang='lat' dir='ltr'>sunt,</span> <span class='ocrx_word' id='word_1_233' title='bbox 816 3809 1012 3906; x_wconf 86' lang='lat' dir='ltr'>plerumque</span> <span class='ocrx_word' id='word_1_234' title='bbox 1048 3812 1189 3886; x_wconf 89' lang='lat' dir='ltr'>ordinati</span> <span class='ocrx_word' id='word_1_235' title='bbox 1224 3823 1300 3887; x_wconf 90' lang='lat' dir='ltr'>sunt</span> <span class='ocrx_word' id='word_1_236' title='bbox 1330 3813 1581 3906; x_wconf 81' lang='lat' dir='ltr'>Alexandriae,</span> <span class='ocrx_word' id='word_1_237' title='bbox 1614 3817 1649 3885; x_wconf 92' lang='lat' dir='ltr'>in</span> <span class='ocrx_word' id='word_1_238' title='bbox 1687 3812 1843 3886; x_wconf 86' lang='lat' dir='ltr'>Ecclesia</span> <span class='ocrx_word' id='word_1_239' title='bbox 1884 3809 2046 3907; x_wconf 79' lang='lat' dir='ltr'>Aupelioa</span> 
     </span>
     <span class='ocr_line' id='line_1_29' title="bbox 683 3926 2044 4021; baseline -0.001 -23"><span class='ocrx_word' id='word_1_240' title='bbox 683 3926 781 3998; x_wconf 89' lang='lat' dir='ltr'>dieta.</span> <span class='ocrx_word' id='word_1_241' title='bbox 833 3927 883 4000; x_wconf 94' lang='lat' dir='ltr'>lta</span> <span class='ocrx_word' id='word_1_242' title='bbox 910 3928 1051 4000; x_wconf 89' lang='lat' dir='ltr'>ordinati</span> <span class='ocrx_word' id='word_1_243' title='bbox 1077 3929 1194 4002; x_wconf 86' lang='lat' dir='ltr'>Shnon</span> <span class='ocrx_word' id='word_1_244' title='bbox 1219 3928 1322 4002; x_wconf 84' lang='lat' dir='ltr'><strong>XLII.</strong></span> <span class='ocrx_word' id='word_1_245' title='bbox 1375 3930 1571 4003; x_wconf 83' lang='lat' dir='ltr'>Alexander</span> <span class='ocrx_word' id='word_1_246' title='bbox 1603 3931 1678 4021; x_wconf 87' lang='lat' dir='ltr'>ojus</span> <span class='ocrx_word' id='word_1_247' title='bbox 1710 3950 1910 4003; x_wconf 88' lang='lat' dir='ltr'>successor:</span> <span class='ocrx_word' id='word_1_248' title='bbox 1938 3926 2044 3999; x_wconf 86' lang='lat' dir='ltr'>Theo-</span> 
     </span>
     <span class='ocr_line' id='line_1_30' title="bbox 683 4039 2045 4140; baseline -0.004 -24"><span class='ocrx_word' id='word_1_249' title='bbox 683 4043 786 4116; x_wconf 88' lang='lat' dir='ltr'>dorus</span> <span class='ocrx_word' id='word_1_250' title='bbox 811 4042 916 4116; x_wconf 82' lang='lat' dir='ltr'><strong>XLV.</strong></span> <span class='ocrx_word' id='word_1_251' title='bbox 944 4044 1037 4117; x_wconf 85' lang='lat' dir='ltr'>Chail</span> <span class='ocrx_word' id='word_1_252' title='bbox 1063 4045 1183 4118; x_wconf 88' lang='lat' dir='ltr'><strong>XLVI.</strong></span> <span class='ocrx_word' id='word_1_253' title='bbox 1210 4045 1345 4120; x_wconf 88' lang='lat' dir='ltr'>Marcus</span> <span class='ocrx_word' id='word_1_254' title='bbox 1371 4045 1492 4121; x_wconf 83' lang='lat' dir='ltr'><strong>XLIX.</strong></span> <span class='ocrx_word' id='word_1_255' title='bbox 1525 4045 1674 4119; x_wconf 85' lang='lat' dir='ltr'>Iacobus</span> <span class='ocrx_word' id='word_1_256' title='bbox 1700 4056 1778 4140; x_wconf 92' lang='lat' dir='ltr'>post</span> <span class='ocrx_word' id='word_1_257' title='bbox 1809 4067 1905 4118; x_wconf 88' lang='lat' dir='ltr'>eum:</span> <span class='ocrx_word' id='word_1_258' title='bbox 1938 4039 2045 4114; x_wconf 87' lang='lat' dir='ltr'>deiude</span> 
     </span>
     <span class='ocr_line' id='line_1_31' title="bbox 684 4157 2044 4257; baseline -0.004 -26"><span class='ocrx_word' id='word_1_259' title='bbox 684 4158 856 4257; x_wconf 79' lang='lat' dir='ltr'>Yupabus:</span> <span class='ocrx_word' id='word_1_260' title='bbox 890 4160 985 4233; x_wconf 86' lang='lat' dir='ltr'>Chail</span> <span class='ocrx_word' id='word_1_261' title='bbox 1017 4161 1102 4234; x_wconf 90' lang='lat' dir='ltr'><strong>LIII.</strong></span> <span class='ocrx_word' id='word_1_262' title='bbox 1139 4162 1295 4236; x_wconf 87' lang='lat' dir='ltr'>Sauutius</span> <span class='ocrx_word' id='word_1_263' title='bbox 1328 4162 1400 4235; x_wconf 85' lang='lat' dir='ltr'>LV.</span> <span class='ocrx_word' id='word_1_264' title='bbox 1435 4162 1572 4237; x_wconf 90' lang='lat' dir='ltr'>Gabriel</span> <span class='ocrx_word' id='word_1_265' title='bbox 1605 4166 1677 4255; x_wconf 90' lang='lat' dir='ltr'>ejus</span> <span class='ocrx_word' id='word_1_266' title='bbox 1716 4179 1913 4235; x_wconf 86' lang='lat' dir='ltr'>successor:</span> <span class='ocrx_word' id='word_1_267' title='bbox 1946 4157 2044 4229; x_wconf 88' lang='lat' dir='ltr'>hliuas</span> 
     </span>
     <span class='ocr_line' id='line_1_32' title="bbox 684 4274 2044 4375; baseline -0.006 -25"><span class='ocrx_word' id='word_1_268' title='bbox 684 4281 758 4350; x_wconf 87' lang='lat' dir='ltr'>sive</span> <span class='ocrx_word' id='word_1_269' title='bbox 784 4277 924 4351; x_wconf 86' lang='lat' dir='ltr'>ltlennas</span> <span class='ocrx_word' id='word_1_270' title='bbox 949 4278 1038 4350; x_wconf 87' lang='lat' dir='ltr'><strong>LXI.</strong></span> <span class='ocrx_word' id='word_1_271' title='bbox 1063 4277 1233 4375; x_wconf 88' lang='lat' dir='ltr'>Ephraem</span> <span class='ocrx_word' id='word_1_272' title='bbox 1257 4278 1361 4352; x_wconf 86' lang='lat' dir='ltr'><strong>LXII.</strong></span> <span class='ocrx_word' id='word_1_273' title='bbox 1394 4279 1551 4352; x_wconf 87' lang='lat' dir='ltr'>Sanutius</span> <span class='ocrx_word' id='word_1_274' title='bbox 1576 4278 1681 4351; x_wconf 89' lang='lat' dir='ltr'><strong>LXV.</strong></span> <span class='ocrx_word' id='word_1_275' title='bbox 1717 4274 1947 4350; x_wconf 84' lang='lat' dir='ltr'>ChrIstodulus</span> <span class='ocrx_word' id='word_1_276' title='bbox 1980 4274 2044 4363; x_wconf 81' lang='lat' dir='ltr'>ejus</span> 
     </span>
     <span class='ocr_line' id='line_1_33' title="bbox 685 4387 2044 4496; baseline -0.008 -27"><span class='ocrx_word' id='word_1_277' title='bbox 685 4416 872 4483; x_wconf 87' lang='lat' dir='ltr'>successor,</span> <span class='ocrx_word' id='word_1_278' title='bbox 900 4404 935 4467; x_wconf 89' lang='lat' dir='ltr'>et</span> <span class='ocrx_word' id='word_1_279' title='bbox 959 4393 1055 4487; x_wconf 88' lang='lat' dir='ltr'>hujus</span> <span class='ocrx_word' id='word_1_280' title='bbox 1083 4394 1239 4490; x_wconf 74' lang='lat' dir='ltr'>Cynum.</span> <span class='ocrx_word' id='word_1_281' title='bbox 1275 4395 1320 4468; x_wconf 90' lang='lat' dir='ltr'>Et</span> <span class='ocrx_word' id='word_1_282' title='bbox 1344 4394 1492 4496; x_wconf 80' lang='lat' dir='ltr'>tortasse</span> <span class='ocrx_word' id='word_1_283' title='bbox 1518 4395 1562 4468; x_wconf 92' lang='lat' dir='ltr'>de</span> <span class='ocrx_word' id='word_1_284' title='bbox 1588 4395 1662 4468; x_wconf 90' lang='lat' dir='ltr'>aliis</span> <span class='ocrx_word' id='word_1_285' title='bbox 1687 4394 1776 4465; x_wconf 90' lang='lat' dir='ltr'>idem</span> <span class='ocrx_word' id='word_1_286' title='bbox 1802 4387 2044 4465; x_wconf 85' lang='lat' dir='ltr'>existimandum</span> 
     </span>
     <span class='ocr_line' id='line_1_34' title="bbox 685 4509 1692 4610; baseline -0.002 -26"><span class='ocrx_word' id='word_1_287' title='bbox 685 4522 747 4599; x_wconf 87' lang='lat' dir='ltr'>est,</span> <span class='ocrx_word' id='word_1_288' title='bbox 773 4533 848 4582; x_wconf 88' lang='lat' dir='ltr'>cum</span> <span class='ocrx_word' id='word_1_289' title='bbox 875 4510 910 4583; x_wconf 94' lang='lat' dir='ltr'>id</span> <span class='ocrx_word' id='word_1_290' title='bbox 934 4509 1082 4583; x_wconf 87' lang='lat' dir='ltr'>historici</span> <span class='ocrx_word' id='word_1_291' title='bbox 1107 4523 1264 4610; x_wconf 84' lang='lat' dir='ltr'>tanquam</span> <span class='ocrx_word' id='word_1_292' title='bbox 1290 4516 1496 4585; x_wconf 90' lang='lat' dir='ltr'>notissimum</span> <span class='ocrx_word' id='word_1_293' title='bbox 1522 4514 1692 4584; x_wconf 89' lang='lat' dir='ltr'>tacuerint</span> 
     </span>
    </p>

    <p class='ocr_par' dir='ltr' id='par_1_8' title="bbox 685 4617 2043 5191">
     <span class='ocr_line' id='line_1_35' title="bbox 787 4617 2042 4724; baseline -0.008 -25"><span class='ocrx_word' id='word_1_294' title='bbox 787 4626 941 4699; x_wconf 88' lang='lat' dir='ltr'><strong>LXXIX.</strong></span> <span class='ocrx_word' id='word_1_295' title='bbox 968 4628 1113 4699; x_wconf 91' lang='lat' dir='ltr'>Primum</span> <span class='ocrx_word' id='word_1_296' title='bbox 1139 4627 1329 4724; x_wconf 89' lang='lat' dir='ltr'>exemplum</span> <span class='ocrx_word' id='word_1_297' title='bbox 1357 4627 1576 4701; x_wconf 88' lang='lat' dir='ltr'>ordinationis</span> <span class='ocrx_word' id='word_1_298' title='bbox 1604 4638 1702 4699; x_wconf 87' lang='lat' dir='ltr'>extra</span> <span class='ocrx_word' id='word_1_299' title='bbox 1726 4621 1968 4700; x_wconf 83' lang='lat' dir='ltr'>Alexandriam</span> <span class='ocrx_word' id='word_1_300' title='bbox 1991 4617 2042 4690; x_wconf 90' lang='lat' dir='ltr'>la-</span> 
     </span>
     <span class='ocr_line' id='line_1_36' title="bbox 685 4732 2043 4836; baseline -0.003 -20"><span class='ocrx_word' id='word_1_301' title='bbox 685 4755 771 4836; x_wconf 89' lang='lat' dir='ltr'>ctae,</span> <span class='ocrx_word' id='word_1_302' title='bbox 798 4743 978 4818; x_wconf 89' lang='lat' dir='ltr'>secundnm</span> <span class='ocrx_word' id='word_1_303' title='bbox 1004 4743 1184 4817; x_wconf 86' lang='lat' dir='ltr'>historicos</span> <span class='ocrx_word' id='word_1_304' title='bbox 1209 4756 1358 4836; x_wconf 90' lang='lat' dir='ltr'>nostros,</span> <span class='ocrx_word' id='word_1_305' title='bbox 1385 4748 1529 4818; x_wconf 87' lang='lat' dir='ltr'>occurrit</span> <span class='ocrx_word' id='word_1_306' title='bbox 1561 4746 1596 4815; x_wconf 92' lang='lat' dir='ltr'>in</span> <span class='ocrx_word' id='word_1_307' title='bbox 1625 4740 1792 4816; x_wconf 89' lang='lat' dir='ltr'>bliebaele</span> <span class='ocrx_word' id='word_1_308' title='bbox 1821 4738 1971 4812; x_wconf 87' lang='lat' dir='ltr'><strong>LXVIII.</strong></span> <span class='ocrx_word' id='word_1_309' title='bbox 1996 4732 2043 4828; x_wconf 86' lang='lat' dir='ltr'>qui</span> 
     </span>
     <span class='ocr_line' id='line_1_37' title="bbox 686 4848 2042 4957; baseline -0.007 -25"><span class='ocrx_word' id='word_1_310' title='bbox 686 4859 781 4932; x_wconf 84' lang='lat' dir='ltr'>Cella</span> <span class='ocrx_word' id='word_1_311' title='bbox 807 4883 868 4933; x_wconf 93' lang='lat' dir='ltr'>sua</span> <span class='ocrx_word' id='word_1_312' title='bbox 894 4883 1000 4957; x_wconf 92' lang='lat' dir='ltr'>prope</span> <span class='ocrx_word' id='word_1_313' title='bbox 1026 4859 1194 4954; x_wconf 82' lang='lat' dir='ltr'>SInjaram</span> <span class='ocrx_word' id='word_1_314' title='bbox 1218 4861 1366 4934; x_wconf 89' lang='lat' dir='ltr'>inclusus</span> <span class='ocrx_word' id='word_1_315' title='bbox 1393 4859 1509 4953; x_wconf 81' lang='lat' dir='ltr'>egredi</span> <span class='ocrx_word' id='word_1_316' title='bbox 1535 4859 1652 4951; x_wconf 84' lang='lat' dir='ltr'>nobrit,</span> <span class='ocrx_word' id='word_1_317' title='bbox 1678 4863 1869 4956; x_wconf 87' lang='lat' dir='ltr'>priusquam</span> <span class='ocrx_word' id='word_1_318' title='bbox 1895 4848 2042 4950; x_wconf 85' lang='lat' dir='ltr'>Episcopi</span> 
     </span>
     <span class='ocr_line' id='line_1_38' title="bbox 686 4974 2040 5073; baseline -0.007 -25"><span class='ocrx_word' id='word_1_319' title='bbox 686 4999 802 5048; x_wconf 91' lang='lat' dir='ltr'>manus</span> <span class='ocrx_word' id='word_1_320' title='bbox 835 4980 899 5072; x_wconf 90' lang='lat' dir='ltr'>ipsi</span> <span class='ocrx_word' id='word_1_321' title='bbox 930 4980 1184 5073; x_wconf 81' lang='lat' dir='ltr'>imposuissent,</span> <span class='ocrx_word' id='word_1_322' title='bbox 1220 4987 1254 5049; x_wconf 94' lang='lat' dir='ltr'>et</span> <span class='ocrx_word' id='word_1_323' title='bbox 1286 4977 1442 5071; x_wconf 79' lang='lat' dir='ltr'>legitimis</span> <span class='ocrx_word' id='word_1_324' title='bbox 1476 4974 1688 5052; x_wconf 84' lang='lat' dir='ltr'>Orationibus</span> <span class='ocrx_word' id='word_1_325' title='bbox 1723 4975 1945 5073; x_wconf 89' lang='lat' dir='ltr'>pronunciatis</span> <span class='ocrx_word' id='word_1_326' title='bbox 1976 4985 2040 5040; x_wconf 90' lang='lat' dir='ltr'>eum</span> 
     </span>
     <span class='ocr_line' id='line_1_39' title="bbox 688 5082 2041 5191; baseline -0.006 -26"><span class='ocrx_word' id='word_1_327' title='bbox 688 5093 914 5183; x_wconf 89' lang='lat' dir='ltr'>ordinassent,</span> <span class='ocrx_word' id='word_1_328' title='bbox 940 5117 1032 5169; x_wconf 90' lang='lat' dir='ltr'>novo</span> <span class='ocrx_word' id='word_1_329' title='bbox 1060 5118 1144 5168; x_wconf 89' lang='lat' dir='ltr'>sane</span> <span class='ocrx_word' id='word_1_330' title='bbox 1175 5096 1349 5191; x_wconf 90' lang='lat' dir='ltr'>exemplo,</span> <span class='ocrx_word' id='word_1_331' title='bbox 1382 5117 1428 5167; x_wconf 88' lang='lat' dir='ltr'>ex</span> <span class='ocrx_word' id='word_1_332' title='bbox 1461 5117 1528 5189; x_wconf 84' lang='lat' dir='ltr'>quo</span> <span class='ocrx_word' id='word_1_333' title='bbox 1562 5097 1725 5187; x_wconf 75' lang='grc' dir='ltr'><strong>011ςί110111</strong></span> <span class='ocrx_word' id='word_1_334' title='bbox 1756 5091 1868 5165; x_wconf 91' lang='lat' dir='ltr'>habuit</span> <span class='ocrx_word' id='word_1_335' title='bbox 1901 5089 1965 5161; x_wconf 86' lang='lat' dir='ltr'>aba</span> <span class='ocrx_word' id='word_1_336' title='bbox 1992 5082 2041 5154; x_wconf 86' lang='lat' dir='ltr'>di-</span> 
     </span>
    </p>
   </div>
   <div class='ocr_carea' id='block_1_3' title="bbox 0 0 2272 6034">
    <p class='ocr_par' dir='ltr' id='par_1_9' title="bbox 0 0 2272 6034">
     <span class='ocr_line' id='line_1_40' title="bbox 0 0 2272 6034; baseline 0 0"><span class='ocrx_word' id='word_1_337' title='bbox 0 0 2272 6034; x_wconf 95' lang='lat' dir='ltr'> </span> 
     </span>
    </p>
   </div>
  </div>
 </body>
</html>
