<?xml version="1.0" encoding="UTF-8"?>
<!DOCTYPE html PUBLIC "-//W3C//DTD XHTML 1.0 Transitional//EN"
    "http://www.w3.org/TR/xhtml1/DTD/xhtml1-transitional.dtd">
<html xmlns="http://www.w3.org/1999/xhtml" xml:lang="en" lang="en">
 <head>
  <title>
</title>
<meta http-equiv="Content-Type" content="text/html;charset=utf-8" />
  <meta name='ocr-system' content='tesseract 3.04.00' />
  <meta name='ocr-capabilities' content='ocr_page ocr_carea ocr_par ocr_line ocrx_word'/>
</head>
<body>
  <div class='ocr_page' id='page_1' title='image "./liturgiarumorie00unkngoog/liturgiarumorie00unkngoog_1124.png"; bbox 0 0 4525 6034; ppageno 0'>
   <div class='ocr_carea' id='block_1_1' title="bbox 716 575 1584 659">
    <p class='ocr_par' dir='ltr' id='par_1_1' title="bbox 716 575 1584 659">
     <span class='ocr_line' id='line_1_1' title="bbox 716 575 1584 659; baseline 0.008 -8"><span class='ocrx_word' id='word_1_1' title='bbox 716 575 794 651; x_wconf 84' lang='lat'><strong>414</strong></span> <span class='ocrx_word' id='word_1_2' title='bbox 1225 579 1584 659; x_wconf 75' lang='lat' dir='ltr'><strong>transtra</strong></span> 
     </span>
    </p>
   </div>
   <div class='ocr_carea' id='block_1_2' title="bbox 713 764 2192 5068">
    <p class='ocr_par' dir='ltr' id='par_1_2' title="bbox 717 764 2052 1445">
     <span class='ocr_line' id='line_1_2' title="bbox 717 764 2046 871; baseline 0.006 -33"><span class='ocrx_word' id='word_1_3' title='bbox 717 791 737 838; x_wconf 90' lang='lat' dir='ltr'><strong>a</strong></span> <span class='ocrx_word' id='word_1_4' title='bbox 765 764 924 862; x_wconf 88' lang='lat' dir='ltr'><strong>periculis</strong></span> <span class='ocrx_word' id='word_1_5' title='bbox 950 776 986 839; x_wconf 91' lang='lat' dir='ltr'><strong>et</strong></span> <span class='ocrx_word' id='word_1_6' title='bbox 1010 765 1300 864; x_wconf 74' lang='lat' dir='ltr'>persecutoribus,</span> <span class='ocrx_word' id='word_1_7' title='bbox 1327 790 1347 840; x_wconf 88' lang='lat' dir='ltr'><strong>a</strong></span> <span class='ocrx_word' id='word_1_8' title='bbox 1374 765 1471 840; x_wconf 90' lang='lat' dir='ltr'><strong>bellis</strong></span> <span class='ocrx_word' id='word_1_9' title='bbox 1499 778 1534 841; x_wconf 90' lang='lat' dir='ltr'><strong>et</strong></span> <span class='ocrx_word' id='word_1_10' title='bbox 1559 769 1649 842; x_wconf 89' lang='lat' dir='ltr'><strong>duris</strong></span> <span class='ocrx_word' id='word_1_11' title='bbox 1675 772 1931 867; x_wconf 78' lang='lat' dir='ltr'><strong>captivitatibus:</strong></span> <span class='ocrx_word' id='word_1_12' title='bbox 1957 799 2046 871; x_wconf 88' lang='lat' dir='ltr'><strong>apo-</strong></span> 
     </span>
     <span class='ocr_line' id='line_1_3' title="bbox 718 867 2049 980; baseline 0.008 -26"><span class='ocrx_word' id='word_1_13' title='bbox 718 867 961 980; x_wconf 80' lang='lat' dir='ltr'><strong>pulis&#39;absque</strong></span> <span class='ocrx_word' id='word_1_14' title='bbox 988 882 1236 972; x_wconf 74' lang='lat' dir='ltr'><strong>misericordia,</strong></span> <span class='ocrx_word' id='word_1_15' title='bbox 1268 894 1302 956; x_wconf 93' lang='lat' dir='ltr'><strong>et</strong></span> <span class='ocrx_word' id='word_1_16' title='bbox 1333 887 1453 957; x_wconf 90' lang='lat' dir='ltr'><strong>timore</strong></span> <span class='ocrx_word' id='word_1_17' title='bbox 1488 895 1544 957; x_wconf 90' lang='lat' dir='ltr'><strong>tuo</strong></span> <span class='ocrx_word' id='word_1_18' title='bbox 1577 886 1757 976; x_wconf 89' lang='lat' dir='ltr'><strong>destitutis,</strong></span> <span class='ocrx_word' id='word_1_19' title='bbox 1789 899 1824 959; x_wconf 90' lang='lat' dir='ltr'><strong>et</strong></span> <span class='ocrx_word' id='word_1_20' title='bbox 1857 887 1896 960; x_wconf 82' lang='lat' dir='ltr'><strong>ab</strong></span> <span class='ocrx_word' id='word_1_21' title='bbox 1927 893 2049 965; x_wconf 86' lang='lat' dir='ltr'><strong>omnibns</strong></span> 
     </span>
     <span class='ocr_line' id='line_1_4' title="bbox 718 998 2052 1100; baseline 0.007 -31"><span class='ocrx_word' id='word_1_22' title='bbox 718 998 794 1088; x_wconf 90' lang='lat' dir='ltr'><strong>illis,</strong></span> <span class='ocrx_word' id='word_1_23' title='bbox 822 1020 907 1094; x_wconf 89' lang='lat' dir='ltr'><strong>quae</strong></span> <span class='ocrx_word' id='word_1_24' title='bbox 933 1009 1071 1096; x_wconf 92' lang='lat' dir='ltr'><strong>propter</strong></span> <span class='ocrx_word' id='word_1_25' title='bbox 1096 1011 1237 1096; x_wconf 90' lang='lat' dir='ltr'><strong>peccata</strong></span> <span class='ocrx_word' id='word_1_26' title='bbox 1263 1012 1379 1072; x_wconf 87' lang='lat' dir='ltr'><strong>nostra</strong></span> <span class='ocrx_word' id='word_1_27' title='bbox 1408 1024 1427 1072; x_wconf 88' lang='lat' dir='ltr'><strong>a</strong></span> <span class='ocrx_word' id='word_1_28' title='bbox 1453 1010 1486 1073; x_wconf 85' lang='lat' dir='ltr'><strong>te</strong></span> <span class='ocrx_word' id='word_1_29' title='bbox 1513 999 1611 1073; x_wconf 91' lang='lat' dir='ltr'><strong>nobis</strong></span> <span class='ocrx_word' id='word_1_30' title='bbox 1637 1005 1867 1077; x_wconf 80' lang='lat' dir='ltr'><strong>immittumtrn:</strong></span> <span class='ocrx_word' id='word_1_31' title='bbox 1893 1006 2052 1100; x_wconf 72' lang='lat' dir='ltr'><strong>quinaliu-</strong></span> 
     </span>
     <span class='ocr_line' id='line_1_5' title="bbox 718 1116 2051 1215; baseline 0.005 -27"><span class='ocrx_word' id='word_1_32' title='bbox 718 1126 772 1188; x_wconf 91' lang='lat' dir='ltr'><strong>tor</strong></span> <span class='ocrx_word' id='word_1_33' title='bbox 798 1120 941 1190; x_wconf 89' lang='lat' dir='ltr'><strong>omnium</strong></span> <span class='ocrx_word' id='word_1_34' title='bbox 967 1126 1002 1189; x_wconf 88' lang='lat' dir='ltr'><strong>tu</strong></span> <span class='ocrx_word' id='word_1_35' title='bbox 1030 1139 1085 1206; x_wconf 88' lang='lat' dir='ltr'><strong>es,</strong></span> <span class='ocrx_word' id='word_1_36' title='bbox 1112 1128 1147 1189; x_wconf 91' lang='lat' dir='ltr'><strong>et</strong></span> <span class='ocrx_word' id='word_1_37' title='bbox 1173 1116 1323 1189; x_wconf 89' lang='lat' dir='ltr'><strong>salvator</strong></span> <span class='ocrx_word' id='word_1_38' title='bbox 1349 1121 1492 1190; x_wconf 89' lang='lat' dir='ltr'><strong>omnium</strong></span> <span class='ocrx_word' id='word_1_39' title='bbox 1519 1122 1575 1213; x_wconf 87' lang='lat' dir='ltr'><strong>qni</strong></span> <span class='ocrx_word' id='word_1_40' title='bbox 1600 1122 1760 1193; x_wconf 84' lang='lat' dir='ltr'><strong>invocant</strong></span> <span class='ocrx_word' id='word_1_41' title='bbox 1786 1130 1836 1191; x_wconf 90' lang='lat' dir='ltr'><strong>te:</strong></span> <span class='ocrx_word' id='word_1_42' title='bbox 1862 1119 1974 1215; x_wconf 80' lang='lat' dir='ltr'><strong>tibique</strong></span> <span class='ocrx_word' id='word_1_43' title='bbox 1988 1123 2051 1213; x_wconf 81' lang='lat' dir='ltr'><strong>glo-</strong></span> 
     </span>
     <span class='ocr_line' id='line_1_6' title="bbox 718 1233 2052 1333; baseline 0.006 -31"><span class='ocrx_word' id='word_1_44' title='bbox 718 1235 802 1303; x_wconf 91' lang='lat' dir='ltr'><strong>riam</strong></span> <span class='ocrx_word' id='word_1_45' title='bbox 828 1244 862 1306; x_wconf 86' lang='lat' dir='ltr'><strong>et</strong></span> <span class='ocrx_word' id='word_1_46' title='bbox 887 1237 1068 1326; x_wconf 83' lang='lat' dir='ltr'><strong>gratiarum</strong></span> <span class='ocrx_word' id='word_1_47' title='bbox 1095 1235 1259 1305; x_wconf 86' lang='lat' dir='ltr'><strong>actionem</strong></span> <span class='ocrx_word' id='word_1_48' title='bbox 1285 1233 1462 1321; x_wconf 78' lang='lat' dir='ltr'><strong>oderimus,</strong></span> <span class='ocrx_word' id='word_1_49' title='bbox 1491 1244 1525 1305; x_wconf 91' lang='lat' dir='ltr'><strong>et</strong></span> <span class='ocrx_word' id='word_1_50' title='bbox 1550 1239 1721 1328; x_wconf 84' lang='lat' dir='ltr'><strong>unigenito</strong></span> <span class='ocrx_word' id='word_1_51' title='bbox 1745 1236 1829 1310; x_wconf 89' lang='lat' dir='ltr'><strong>Filio</strong></span> <span class='ocrx_word' id='word_1_52' title='bbox 1852 1246 1920 1324; x_wconf 90' lang='lat' dir='ltr'><strong>tuo,</strong></span> <span class='ocrx_word' id='word_1_53' title='bbox 1944 1247 1973 1309; x_wconf 88' lang='lat' dir='ltr'><strong>ct</strong></span> <span class='ocrx_word' id='word_1_54' title='bbox 1987 1239 2052 1333; x_wconf 87' lang='lat' dir='ltr'><strong>Spi-</strong></span> 
     </span>
     <span class='ocr_line' id='line_1_7' title="bbox 718 1352 1466 1445; baseline 0 -25"><span class='ocrx_word' id='word_1_55' title='bbox 718 1352 795 1421; x_wconf 90' lang='lat' dir='ltr'><strong>ritui</strong></span> <span class='ocrx_word' id='word_1_56' title='bbox 821 1357 938 1424; x_wconf 89' lang='lat' dir='ltr'><strong>sancto</strong></span> <span class='ocrx_word' id='word_1_57' title='bbox 966 1361 1022 1422; x_wconf 93' lang='lat' dir='ltr'><strong>tuo</strong></span> <span class='ocrx_word' id='word_1_58' title='bbox 1049 1372 1136 1421; x_wconf 89' lang='lat' dir='ltr'><strong>nunc</strong></span> <span class='ocrx_word' id='word_1_59' title='bbox 1162 1361 1197 1422; x_wconf 92' lang='lat' dir='ltr'><strong>ct</strong></span> <span class='ocrx_word' id='word_1_60' title='bbox 1223 1371 1377 1445; x_wconf 88' lang='lat' dir='ltr'><strong>semper,</strong></span> <span class='ocrx_word' id='word_1_61' title='bbox 1404 1360 1466 1421; x_wconf 86' lang='lat' dir='ltr'><strong>etc.</strong></span> 
     </span>
    </p>

    <p class='ocr_par' dir='ltr' id='par_1_3' title="bbox 717 1464 2055 1912">
     <span class='ocr_line' id='line_1_8' title="bbox 822 1464 2054 1563; baseline 0.002 -27"><span class='ocrx_word' id='word_1_62' title='bbox 822 1464 998 1538; x_wconf 76' lang='lat' dir='ltr'><strong>Sacerdos</strong></span> <span class='ocrx_word' id='word_1_63' title='bbox 1022 1467 1214 1537; x_wconf 78' lang='lat' dir='ltr'><strong>inclinatas.</strong></span> <span class='ocrx_word' id='word_1_64' title='bbox 1246 1467 1318 1538; x_wconf 93' lang='lat' dir='ltr'><strong>lras</strong></span> <span class='ocrx_word' id='word_1_65' title='bbox 1343 1466 1475 1558; x_wconf 84' lang='lat' dir='ltr'><strong>Regum</strong></span> <span class='ocrx_word' id='word_1_66' title='bbox 1494 1471 1688 1563; x_wconf 88' lang='lat' dir='ltr'><strong>comprime,</strong></span> <span class='ocrx_word' id='word_1_67' title='bbox 1707 1469 1787 1541; x_wconf 86' lang='lat' dir='ltr'><strong>Rex</strong></span> <span class='ocrx_word' id='word_1_68' title='bbox 1805 1469 1944 1561; x_wconf 82' lang='lat' dir='ltr'><strong>Regum,</strong></span> <span class='ocrx_word' id='word_1_69' title='bbox 1959 1473 2054 1540; x_wconf 86' lang='lat' dir='ltr'><strong>incn-</strong></span> 
     </span>
     <span class='ocr_line' id='line_1_9' title="bbox 718 1581 2055 1681; baseline 0.004 -28"><span class='ocrx_word' id='word_1_70' title='bbox 718 1583 833 1654; x_wconf 91' lang='lat' dir='ltr'><strong>siones</strong></span> <span class='ocrx_word' id='word_1_71' title='bbox 851 1582 1068 1677; x_wconf 84' lang='lat' dir='ltr'><strong>praedonum,</strong></span> <span class='ocrx_word' id='word_1_72' title='bbox 1083 1581 1171 1654; x_wconf 88' lang='lat' dir='ltr'><strong>bella</strong></span> <span class='ocrx_word' id='word_1_73' title='bbox 1185 1593 1219 1654; x_wconf 89' lang='lat' dir='ltr'><strong>ct</strong></span> <span class='ocrx_word' id='word_1_74' title='bbox 1228 1582 1409 1655; x_wconf 87' lang='lat' dir='ltr'><strong>seditiones</strong></span> <span class='ocrx_word' id='word_1_75' title='bbox 1425 1605 1614 1681; x_wconf 87' lang='lat' dir='ltr'><strong>compesce.</strong></span> <span class='ocrx_word' id='word_1_76' title='bbox 1629 1584 1827 1680; x_wconf 86' lang='lat' dir='ltr'><strong>Superbiam</strong></span> <span class='ocrx_word' id='word_1_77' title='bbox 1842 1585 2055 1658; x_wconf 90' lang='lat' dir='ltr'><strong>haereticomn</strong></span> 
     </span>
     <span class='ocr_line' id='line_1_10' title="bbox 717 1695 2055 1797; baseline 0.004 -29"><span class='ocrx_word' id='word_1_78' title='bbox 717 1697 875 1793; x_wconf 87' lang='lat' dir='ltr'><strong>deprime.</strong></span> <span class='ocrx_word' id='word_1_79' title='bbox 901 1699 1048 1772; x_wconf 83' lang='lat' dir='ltr'><strong>Decreta</strong></span> <span class='ocrx_word' id='word_1_80' title='bbox 1065 1702 1239 1794; x_wconf 84' lang='lat' dir='ltr'><strong>aequitatis</strong></span> <span class='ocrx_word' id='word_1_81' title='bbox 1256 1699 1420 1772; x_wconf 91' lang='lat' dir='ltr'><strong>adversus</strong></span> <span class='ocrx_word' id='word_1_82' title='bbox 1436 1722 1500 1774; x_wconf 90' lang='lat' dir='ltr'><strong>nos</strong></span> <span class='ocrx_word' id='word_1_83' title='bbox 1513 1700 1655 1797; x_wconf 87' lang='lat' dir='ltr'><strong>prolata,</strong></span> <span class='ocrx_word' id='word_1_84' title='bbox 1669 1700 1858 1794; x_wconf 72' lang='lat' dir='ltr'><strong>benignitas</strong></span> <span class='ocrx_word' id='word_1_85' title='bbox 1869 1695 1925 1773; x_wconf 73' lang='lat' dir='ltr'><strong>&#39;tua</strong></span> <span class='ocrx_word' id='word_1_86' title='bbox 1935 1713 2055 1797; x_wconf 84' lang='lat' dir='ltr'><strong>superet,</strong></span> 
     </span>
     <span class='ocr_line' id='line_1_11' title="bbox 717 1815 1627 1912; baseline 0.003 -27"><span class='ocrx_word' id='word_1_87' title='bbox 717 1825 752 1886; x_wconf 87' lang='lat' dir='ltr'><strong>et</strong></span> <span class='ocrx_word' id='word_1_88' title='bbox 778 1826 954 1889; x_wconf 89' lang='lat' dir='ltr'><strong>convertat</strong></span> <span class='ocrx_word' id='word_1_89' title='bbox 979 1820 1013 1889; x_wconf 92' lang='lat' dir='ltr'><strong>in</strong></span> <span class='ocrx_word' id='word_1_90' title='bbox 1040 1815 1305 1912; x_wconf 85' lang='lat' dir='ltr'><strong>tranquillitatem</strong></span> <span class='ocrx_word' id='word_1_91' title='bbox 1333 1815 1514 1889; x_wconf 87' lang='lat' dir='ltr'><strong>dulcedinis</strong></span> <span class='ocrx_word' id='word_1_92' title='bbox 1540 1826 1627 1889; x_wconf 87' lang='lat' dir='ltr'><strong>tuae.</strong></span> 
     </span>
    </p>

    <p class='ocr_par' dir='ltr' id='par_1_4' title="bbox 714 1931 2192 3293">
     <span class='ocr_line' id='line_1_12' title="bbox 821 1931 2056 2030; baseline 0.002 -25"><span class='ocrx_word' id='word_1_93' title='bbox 821 1931 971 2006; x_wconf 67' lang='grc' dir='ltr'><em>Εἰααω</em></span> <span class='ocrx_word' id='word_1_94' title='bbox 994 1956 1120 2005; x_wconf 87' lang='lat' dir='ltr'><strong>aecem.</strong></span> <span class='ocrx_word' id='word_1_95' title='bbox 1174 1932 1297 2005; x_wconf 88' lang='lat' dir='ltr'><strong>Libera</strong></span> <span class='ocrx_word' id='word_1_96' title='bbox 1324 1943 1358 2004; x_wconf 93' lang='lat' dir='ltr'><strong>et</strong></span> <span class='ocrx_word' id='word_1_97' title='bbox 1393 1932 1489 2005; x_wconf 88' lang='lat' dir='ltr'><strong>salva</strong></span> <span class='ocrx_word' id='word_1_98' title='bbox 1521 1954 1604 2023; x_wconf 87' lang='lat' dir='ltr'><strong>nos,</strong></span> <span class='ocrx_word' id='word_1_99' title='bbox 1636 1943 1670 2006; x_wconf 88' lang='lat' dir='ltr'><strong>tu</strong></span> <span class='ocrx_word' id='word_1_100' title='bbox 1706 1937 1761 2030; x_wconf 90' lang='lat' dir='ltr'><strong>qui</strong></span> <span class='ocrx_word' id='word_1_101' title='bbox 1794 1938 1936 2005; x_wconf 90' lang='lat' dir='ltr'><strong>omnium</strong></span> <span class='ocrx_word' id='word_1_102' title='bbox 1966 1958 2056 2008; x_wconf 87' lang='lat' dir='ltr'><strong>curan</strong></span> 
     </span>
     <span class='ocr_line' id='line_1_13' title="bbox 716 2047 2057 2146; baseline -0.001 -23"><span class='ocrx_word' id='word_1_103' title='bbox 716 2047 827 2144; x_wconf 82' lang='lat' dir='ltr'><strong>geris,</strong></span> <span class='ocrx_word' id='word_1_104' title='bbox 861 2050 902 2123; x_wconf 89' lang='lat' dir='ltr'><strong>ab</strong></span> <span class='ocrx_word' id='word_1_105' title='bbox 931 2049 1084 2123; x_wconf 87' lang='lat' dir='ltr'><strong>omnibus</strong></span> <span class='ocrx_word' id='word_1_106' title='bbox 1114 2052 1276 2143; x_wconf 81' lang='lat' dir='ltr'><strong>angustiis</strong></span> <span class='ocrx_word' id='word_1_107' title='bbox 1310 2060 1344 2121; x_wconf 91' lang='lat' dir='ltr'><strong>et</strong></span> <span class='ocrx_word' id='word_1_108' title='bbox 1375 2048 1632 2124; x_wconf 88' lang='lat' dir='ltr'><strong>rebellionibus:</strong></span> <span class='ocrx_word' id='word_1_109' title='bbox 1660 2048 1702 2123; x_wconf 89' lang='lat' dir='ltr'><strong>ab</strong></span> <span class='ocrx_word' id='word_1_110' title='bbox 1735 2054 1824 2123; x_wconf 94' lang='lat' dir='ltr'><strong>omni</strong></span> <span class='ocrx_word' id='word_1_111' title='bbox 1854 2055 2057 2146; x_wconf 87' lang='lat' dir='ltr'><strong>persecutione</strong></span> 
     </span>
     <span class='ocr_line' id='line_1_14' title="bbox 717 2165 2059 2264; baseline -0.001 -25"><span class='ocrx_word' id='word_1_112' title='bbox 717 2179 752 2239; x_wconf 90' lang='lat' dir='ltr'><strong>et</strong></span> <span class='ocrx_word' id='word_1_113' title='bbox 784 2168 986 2264; x_wconf 87' lang='lat' dir='ltr'><strong>pestilentia:</strong></span> <span class='ocrx_word' id='word_1_114' title='bbox 1020 2165 1063 2239; x_wconf 88' lang='lat' dir='ltr'><strong>ab</strong></span> <span class='ocrx_word' id='word_1_115' title='bbox 1099 2170 1189 2239; x_wconf 92' lang='lat' dir='ltr'><strong>omni</strong></span> <span class='ocrx_word' id='word_1_116' title='bbox 1224 2165 1337 2258; x_wconf 84' lang='lat' dir='ltr'><strong>gladio</strong></span> <span class='ocrx_word' id='word_1_117' title='bbox 1372 2177 1406 2239; x_wconf 86' lang='lat' dir='ltr'><strong>et</strong></span> <span class='ocrx_word' id='word_1_118' title='bbox 1440 2166 1544 2239; x_wconf 85' lang='lat' dir='ltr'><strong>fame:</strong></span> <span class='ocrx_word' id='word_1_119' title='bbox 1581 2166 1624 2239; x_wconf 90' lang='lat' dir='ltr'><strong>ab</strong></span> <span class='ocrx_word' id='word_1_120' title='bbox 1661 2170 1751 2239; x_wconf 91' lang='lat' dir='ltr'><strong>omni</strong></span> <span class='ocrx_word' id='word_1_121' title='bbox 1785 2169 2004 2254; x_wconf 77' lang='lat' dir='ltr'><strong>contentione,</strong></span> <span class='ocrx_word' id='word_1_122' title='bbox 2033 2178 2059 2238; x_wconf 91' lang='lat' dir='ltr'><strong>et</strong></span> 
     </span>
     <span class='ocr_line' id='line_1_15' title="bbox 717 2281 2059 2381; baseline -0.004 -25"><span class='ocrx_word' id='word_1_123' title='bbox 717 2287 926 2381; x_wconf 86' lang='lat' dir='ltr'><strong>captivitate:</strong></span> <span class='ocrx_word' id='word_1_124' title='bbox 953 2284 1006 2357; x_wconf 72' lang='lat' dir='ltr'><strong>ab⁴</strong></span> <span class='ocrx_word' id='word_1_125' title='bbox 1023 2286 1111 2357; x_wconf 91' lang='lat' dir='ltr'><strong>omni</strong></span> <span class='ocrx_word' id='word_1_126' title='bbox 1138 2282 1227 2356; x_wconf 91' lang='lat' dir='ltr'><strong>bello</strong></span> <span class='ocrx_word' id='word_1_127' title='bbox 1255 2293 1289 2355; x_wconf 91' lang='lat' dir='ltr'><strong>et</strong></span> <span class='ocrx_word' id='word_1_128' title='bbox 1316 2283 1590 2378; x_wconf 89' lang='lat' dir='ltr'><strong>depraedatione:</strong></span> <span class='ocrx_word' id='word_1_129' title='bbox 1618 2281 1660 2355; x_wconf 91' lang='lat' dir='ltr'><strong>ab</strong></span> <span class='ocrx_word' id='word_1_130' title='bbox 1688 2286 1777 2356; x_wconf 91' lang='lat' dir='ltr'><strong>omni</strong></span> <span class='ocrx_word' id='word_1_131' title='bbox 1802 2282 1943 2377; x_wconf 85' lang='lat' dir='ltr'><strong>deniqne</strong></span> <span class='ocrx_word' id='word_1_132' title='bbox 1962 2284 2059 2354; x_wconf 79' lang='lat' dir='ltr'><strong>insulta</strong></span> 
     </span>
     <span class='ocr_line' id='line_1_16' title="bbox 717 2399 2059 2495; baseline -0.004 -23"><span class='ocrx_word' id='word_1_133' title='bbox 717 2412 752 2473; x_wconf 88' lang='lat' dir='ltr'><strong>et</strong></span> <span class='ocrx_word' id='word_1_134' title='bbox 786 2400 946 2475; x_wconf 82' lang='lat' dir='ltr'><strong>effusione</strong></span> <span class='ocrx_word' id='word_1_135' title='bbox 979 2404 1170 2494; x_wconf 81' lang='lat' dir='ltr'><strong>sanguinis,</strong></span> <span class='ocrx_word' id='word_1_136' title='bbox 1206 2422 1251 2472; x_wconf 86' lang='lat' dir='ltr'><strong>ex</strong></span> <span class='ocrx_word' id='word_1_137' title='bbox 1284 2399 1348 2473; x_wconf 91' lang='lat' dir='ltr'><strong>illis</strong></span> <span class='ocrx_word' id='word_1_138' title='bbox 1380 2399 1511 2495; x_wconf 91' lang='lat' dir='ltr'><strong>populis</strong></span> <span class='ocrx_word' id='word_1_139' title='bbox 1545 2399 1721 2471; x_wconf 88' lang='lat' dir='ltr'><strong>metuenda</strong></span> <span class='ocrx_word' id='word_1_140' title='bbox 1757 2403 1813 2495; x_wconf 89' lang='lat' dir='ltr'><strong>qni</strong></span> <span class='ocrx_word' id='word_1_141' title='bbox 1840 2399 1938 2470; x_wconf 88' lang='lat' dir='ltr'><strong>alieni</strong></span> <span class='ocrx_word' id='word_1_142' title='bbox 1961 2407 2059 2470; x_wconf 85' lang='lat' dir='ltr'><strong>sunta</strong></span> 
     </span>
     <span class='ocr_line' id='line_1_17' title="bbox 715 2515 2060 2613; baseline -0.006 -23"><span class='ocrx_word' id='word_1_143' title='bbox 715 2522 836 2591; x_wconf 89' lang='lat' dir='ltr'><strong>timore</strong></span> <span class='ocrx_word' id='word_1_144' title='bbox 861 2527 928 2592; x_wconf 88' lang='lat' dir='ltr'><strong>tuo.</strong></span> <span class='ocrx_word' id='word_1_145' title='bbox 981 2517 1035 2589; x_wconf 90' lang='lat' dir='ltr'><strong>Ne</strong></span> <span class='ocrx_word' id='word_1_146' title='bbox 1068 2539 1192 2610; x_wconf 80' lang='lat' dir='ltr'><strong>arguas</strong></span> <span class='ocrx_word' id='word_1_147' title='bbox 1218 2515 1276 2588; x_wconf 92' lang='lat' dir='ltr'><strong>vel</strong></span> <span class='ocrx_word' id='word_1_148' title='bbox 1302 2519 1465 2613; x_wconf 88' lang='lat' dir='ltr'><strong>corripias</strong></span> <span class='ocrx_word' id='word_1_149' title='bbox 1492 2539 1554 2590; x_wconf 91' lang='lat' dir='ltr'><strong>nos</strong></span> <span class='ocrx_word' id='word_1_150' title='bbox 1580 2519 1615 2587; x_wconf 90' lang='lat' dir='ltr'><strong>ia</strong></span> <span class='ocrx_word' id='word_1_151' title='bbox 1640 2516 1754 2589; x_wconf 85' lang='lat' dir='ltr'><strong>furore</strong></span> <span class='ocrx_word' id='word_1_152' title='bbox 1781 2527 1815 2587; x_wconf 90' lang='lat' dir='ltr'><strong>et</strong></span> <span class='ocrx_word' id='word_1_153' title='bbox 1847 2518 1915 2603; x_wconf 86' lang='lat' dir='ltr'><strong>ira,</strong></span> <span class='ocrx_word' id='word_1_154' title='bbox 1945 2524 2060 2610; x_wconf 85' lang='lat' dir='ltr'><strong>propter</strong></span> 
     </span>
     <span class='ocr_line' id='line_1_18' title="bbox 715 2632 2061 2730; baseline -0.007 -23"><span class='ocrx_word' id='word_1_155' title='bbox 715 2635 953 2708; x_wconf 90' lang='lat' dir='ltr'><strong>multitudinem</strong></span> <span class='ocrx_word' id='word_1_156' title='bbox 979 2644 1194 2730; x_wconf 90' lang='lat' dir='ltr'><strong>peccatorum</strong></span> <span class='ocrx_word' id='word_1_157' title='bbox 1220 2644 1421 2723; x_wconf 90' lang='lat' dir='ltr'><strong>nostrorum,</strong></span> <span class='ocrx_word' id='word_1_158' title='bbox 1448 2632 1509 2705; x_wconf 89' lang='lat' dir='ltr'><strong>sed</strong></span> <span class='ocrx_word' id='word_1_159' title='bbox 1535 2633 1765 2706; x_wconf 89' lang='lat' dir='ltr'><strong>misericordia</strong></span> <span class='ocrx_word' id='word_1_160' title='bbox 1793 2632 1977 2704; x_wconf 89' lang='lat' dir='ltr'><strong>etlenitatc</strong></span> <span class='ocrx_word' id='word_1_161' title='bbox 1995 2632 2061 2704; x_wconf 85' lang='lat' dir='ltr'><strong>satia</strong></span> 
     </span>
     <span class='ocr_line' id='line_1_19' title="bbox 714 2747 2061 2847; baseline -0.005 -24"><span class='ocrx_word' id='word_1_162' title='bbox 714 2774 791 2843; x_wconf 85' lang='lat' dir='ltr'><strong>nos,</strong></span> <span class='ocrx_word' id='word_1_163' title='bbox 818 2762 852 2824; x_wconf 87' lang='lat' dir='ltr'><strong>et</strong></span> <span class='ocrx_word' id='word_1_164' title='bbox 877 2754 962 2825; x_wconf 90' lang='lat' dir='ltr'><strong>sicut</strong></span> <span class='ocrx_word' id='word_1_165' title='bbox 987 2760 1082 2847; x_wconf 89' lang='lat' dir='ltr'><strong>pater</strong></span> <span class='ocrx_word' id='word_1_166' title='bbox 1108 2751 1249 2844; x_wconf 83' lang='lat' dir='ltr'><strong>diligens</strong></span> <span class='ocrx_word' id='word_1_167' title='bbox 1275 2750 1380 2838; x_wconf 89' lang='lat' dir='ltr'><strong>lilios,</strong></span> <span class='ocrx_word' id='word_1_168' title='bbox 1412 2748 1550 2846; x_wconf 88' lang='lat' dir='ltr'><strong>posside</strong></span> <span class='ocrx_word' id='word_1_169' title='bbox 1580 2772 1661 2824; x_wconf 92' lang='lat' dir='ltr'><strong>nos:</strong></span> <span class='ocrx_word' id='word_1_170' title='bbox 1693 2753 1768 2845; x_wconf 88' lang='lat' dir='ltr'><strong>quia</strong></span> <span class='ocrx_word' id='word_1_171' title='bbox 1800 2768 1872 2820; x_wconf 93' lang='lat' dir='ltr'><strong>non</strong></span> <span class='ocrx_word' id='word_1_172' title='bbox 1905 2760 1955 2821; x_wconf 88' lang='lat' dir='ltr'><strong>est</strong></span> <span class='ocrx_word' id='word_1_173' title='bbox 1982 2747 2061 2820; x_wconf 88' lang='lat' dir='ltr'><strong>nobis</strong></span> 
     </span>
     <span class='ocr_line' id='line_1_20' title="bbox 716 2865 2192 2968; baseline -0.005 -27"><span class='ocrx_word' id='word_1_174' title='bbox 716 2871 810 2941; x_wconf 90' lang='lat' dir='ltr'><strong>Dens</strong></span> <span class='ocrx_word' id='word_1_175' title='bbox 837 2868 921 2941; x_wconf 90' lang='lat' dir='ltr'><strong>alius</strong></span> <span class='ocrx_word' id='word_1_176' title='bbox 947 2878 1082 2964; x_wconf 88' lang='lat' dir='ltr'><strong>praeter</strong></span> <span class='ocrx_word' id='word_1_177' title='bbox 1108 2878 1157 2958; x_wconf 88' lang='lat' dir='ltr'><strong>te,</strong></span> <span class='ocrx_word' id='word_1_178' title='bbox 1191 2869 1285 2959; x_wconf 90' lang='lat' dir='ltr'><strong>cnjus</strong></span> <span class='ocrx_word' id='word_1_179' title='bbox 1311 2866 1476 2940; x_wconf 88' lang='lat' dir='ltr'><strong>beneficio</strong></span> <span class='ocrx_word' id='word_1_180' title='bbox 1503 2865 1641 2939; x_wconf 87' lang='lat' dir='ltr'><strong>salutem</strong></span> <span class='ocrx_word' id='word_1_181' title='bbox 1674 2888 1936 2962; x_wconf 82' lang='lat' dir='ltr'><strong>consequamur3</strong></span> <span class='ocrx_word' id='word_1_182' title='bbox 1964 2884 2061 2936; x_wconf 91' lang='lat' dir='ltr'><strong>vernn</strong></span> <span class='ocrx_word' id='word_1_183' title='bbox 2191 2949 2192 2968; x_wconf 12' lang='grc' dir='ltr'>ἵ</span> 
     </span>
     <span class='ocr_line' id='line_1_21' title="bbox 717 2978 2192 3080; baseline -0.006 -24"><span class='ocrx_word' id='word_1_184' title='bbox 717 2985 760 3056; x_wconf 91' lang='lat' dir='ltr'><strong>ad</strong></span> <span class='ocrx_word' id='word_1_185' title='bbox 786 2995 819 3057; x_wconf 90' lang='lat' dir='ltr'><strong>te</strong></span> <span class='ocrx_word' id='word_1_186' title='bbox 843 2982 948 3057; x_wconf 88' lang='lat' dir='ltr'><strong>levati</strong></span> <span class='ocrx_word' id='word_1_187' title='bbox 975 2993 1050 3057; x_wconf 90' lang='lat' dir='ltr'><strong>sunt</strong></span> <span class='ocrx_word' id='word_1_188' title='bbox 1076 2983 1164 3057; x_wconf 91' lang='lat' dir='ltr'><strong>oculi</strong></span> <span class='ocrx_word' id='word_1_189' title='bbox 1189 2986 1296 3057; x_wconf 91' lang='lat' dir='ltr'><strong>nostri</strong></span> <span class='ocrx_word' id='word_1_190' title='bbox 1321 2992 1356 3055; x_wconf 93' lang='lat' dir='ltr'><strong>et</strong></span> <span class='ocrx_word' id='word_1_191' title='bbox 1381 2983 1482 3055; x_wconf 89' lang='lat' dir='ltr'><strong>corda</strong></span> <span class='ocrx_word' id='word_1_192' title='bbox 1508 2992 1639 3072; x_wconf 85' lang='lat' dir='ltr'><strong>nostra,</strong></span> <span class='ocrx_word' id='word_1_193' title='bbox 1673 2995 1707 3055; x_wconf 90' lang='lat' dir='ltr'><strong>et</strong></span> <span class='ocrx_word' id='word_1_194' title='bbox 1741 2982 1799 3056; x_wconf 90' lang='lat' dir='ltr'><strong>tibi</strong></span> <span class='ocrx_word' id='word_1_195' title='bbox 1825 2982 1967 3080; x_wconf 80' lang='lat' dir='ltr'><strong>hymnos</strong></span> <span class='ocrx_word' id='word_1_196' title='bbox 1991 2978 2062 3052; x_wconf 86' lang='lat' dir='ltr'><strong>ode-</strong></span> <span class='ocrx_word' id='word_1_197' title='bbox 2191 3055 2192 3058; x_wconf 8' lang='grc' dir='ltr'><strong>Ἴ</strong></span> 
     </span>
     <span class='ocr_line' id='line_1_22' title="bbox 716 3096 2062 3196; baseline -0.004 -24"><span class='ocrx_word' id='word_1_198' title='bbox 716 3105 829 3190; x_wconf 79' lang='lat' dir='ltr'><strong>mmus,</strong></span> <span class='ocrx_word' id='word_1_199' title='bbox 856 3113 890 3174; x_wconf 95' lang='lat' dir='ltr'><strong>et</strong></span> <span class='ocrx_word' id='word_1_200' title='bbox 915 3105 1085 3194; x_wconf 59' lang='lat' dir='ltr'><strong>namenito</strong></span> <span class='ocrx_word' id='word_1_201' title='bbox 1112 3100 1197 3173; x_wconf 86' lang='lat' dir='ltr'><strong>Fdio</strong></span> <span class='ocrx_word' id='word_1_202' title='bbox 1224 3109 1293 3190; x_wconf 88' lang='lat' dir='ltr'><strong>tuo,</strong></span> <span class='ocrx_word' id='word_1_203' title='bbox 1320 3109 1354 3171; x_wconf 88' lang='lat' dir='ltr'><strong>et</strong></span> <span class='ocrx_word' id='word_1_204' title='bbox 1380 3100 1515 3196; x_wconf 86' lang='lat' dir='ltr'><strong>Spiritui</strong></span> <span class='ocrx_word' id='word_1_205' title='bbox 1542 3103 1751 3174; x_wconf 86' lang='lat' dir='ltr'><strong>sanctissimo</strong></span> <span class='ocrx_word' id='word_1_206' title='bbox 1768 3110 1837 3190; x_wconf 89' lang='lat' dir='ltr'><strong>tuo,</strong></span> <span class='ocrx_word' id='word_1_207' title='bbox 1865 3099 1966 3188; x_wconf 88' lang='lat' dir='ltr'><strong>bono,</strong></span> <span class='ocrx_word' id='word_1_208' title='bbox 1990 3096 2062 3170; x_wconf 91' lang='lat' dir='ltr'><strong>ado-</strong></span> 
     </span>
     <span class='ocr_line' id='line_1_23' title="bbox 714 3219 1099 3293; baseline -0.008 -1"><span class='ocrx_word' id='word_1_209' title='bbox 714 3219 819 3292; x_wconf 84' lang='lat' dir='ltr'><strong>rando</strong></span> <span class='ocrx_word' id='word_1_210' title='bbox 847 3229 881 3292; x_wconf 90' lang='lat' dir='ltr'><strong>et</strong></span> <span class='ocrx_word' id='word_1_211' title='bbox 908 3219 1099 3293; x_wconf 87' lang='lat' dir='ltr'><strong>vivificanti.</strong></span> 
     </span>
    </p>

    <p class='ocr_par' dir='ltr' id='par_1_5' title="bbox 714 3328 2062 3785">
     <span class='ocr_line' id='line_1_24' title="bbox 817 3328 2062 3422; baseline -0.006 -13"><span class='ocrx_word' id='word_1_212' title='bbox 817 3337 992 3411; x_wconf 84' lang='lat' dir='ltr'><strong>Sacerdos</strong></span> <span class='ocrx_word' id='word_1_213' title='bbox 1018 3337 1208 3409; x_wconf 78' lang='lat' dir='ltr'><strong>inclinatos.</strong></span> <span class='ocrx_word' id='word_1_214' title='bbox 1251 3335 1420 3408; x_wconf 85' lang='lat' dir='ltr'><strong>Memento</strong></span> <span class='ocrx_word' id='word_1_215' title='bbox 1447 3333 1600 3421; x_wconf 89' lang='lat' dir='ltr'><strong>Domine,</strong></span> <span class='ocrx_word' id='word_1_216' title='bbox 1628 3336 1772 3422; x_wconf 87' lang='lat' dir='ltr'><strong>omnium</strong></span> <span class='ocrx_word' id='word_1_217' title='bbox 1799 3328 2062 3420; x_wconf 81' lang='lat' dir='ltr'><strong>sanctorumqui</strong></span> 
     </span>
     <span class='ocr_line' id='line_1_25' title="bbox 715 3445 2062 3550; baseline -0.009 -25"><span class='ocrx_word' id='word_1_218' title='bbox 715 3477 735 3525; x_wconf 91' lang='lat' dir='ltr'><strong>a</strong></span> <span class='ocrx_word' id='word_1_219' title='bbox 762 3456 900 3528; x_wconf 89' lang='lat' dir='ltr'><strong>saeculo</strong></span> <span class='ocrx_word' id='word_1_220' title='bbox 927 3455 986 3528; x_wconf 90' lang='lat' dir='ltr'><strong>tibi</strong></span> <span class='ocrx_word' id='word_1_221' title='bbox 1011 3453 1218 3550; x_wconf 89' lang='lat' dir='ltr'><strong>placuerunt,</strong></span> <span class='ocrx_word' id='word_1_222' title='bbox 1245 3449 1286 3524; x_wconf 92' lang='lat' dir='ltr'><strong>ab</strong></span> <span class='ocrx_word' id='word_1_223' title='bbox 1313 3450 1423 3526; x_wconf 88' lang='lat' dir='ltr'><strong>Adam</strong></span> <span class='ocrx_word' id='word_1_224' title='bbox 1450 3463 1483 3523; x_wconf 89' lang='lat' dir='ltr'><strong>et</strong></span> <span class='ocrx_word' id='word_1_225' title='bbox 1508 3448 1616 3538; x_wconf 86' lang='lat' dir='ltr'><strong>Abel,</strong></span> <span class='ocrx_word' id='word_1_226' title='bbox 1648 3448 1690 3521; x_wconf 91' lang='lat' dir='ltr'><strong>ad</strong></span> <span class='ocrx_word' id='word_1_227' title='bbox 1722 3448 1808 3519; x_wconf 89' lang='lat' dir='ltr'><strong>hanc</strong></span> <span class='ocrx_word' id='word_1_228' title='bbox 1840 3469 1947 3542; x_wconf 88' lang='lat' dir='ltr'><strong>nsque</strong></span> <span class='ocrx_word' id='word_1_229' title='bbox 1977 3445 2062 3529; x_wconf 88' lang='lat' dir='ltr'><strong>diem;</strong></span> 
     </span>
     <span class='ocr_line' id='line_1_26' title="bbox 714 3563 2062 3668; baseline -0.007 -26"><span class='ocrx_word' id='word_1_230' title='bbox 714 3576 913 3668; x_wconf 89' lang='lat' dir='ltr'><strong>praesertim</strong></span> <span class='ocrx_word' id='word_1_231' title='bbox 939 3594 1026 3645; x_wconf 94' lang='lat' dir='ltr'><strong>vero</strong></span> <span class='ocrx_word' id='word_1_232' title='bbox 1053 3581 1191 3643; x_wconf 91' lang='lat' dir='ltr'><strong>sanctae</strong></span> <span class='ocrx_word' id='word_1_233' title='bbox 1225 3571 1395 3662; x_wconf 85' lang='lat' dir='ltr'><strong>genitricis</strong></span> <span class='ocrx_word' id='word_1_234' title='bbox 1431 3568 1495 3639; x_wconf 89' lang='lat' dir='ltr'><strong>Dei</strong></span> <span class='ocrx_word' id='word_1_235' title='bbox 1520 3565 1664 3654; x_wconf 87' lang='lat' dir='ltr'><strong>Mariae,</strong></span> <span class='ocrx_word' id='word_1_236' title='bbox 1698 3564 1859 3637; x_wconf 85' lang='lat' dir='ltr'><strong>lobannis</strong></span> <span class='ocrx_word' id='word_1_237' title='bbox 1895 3563 2062 3659; x_wconf 84' lang='lat' dir='ltr'><strong>praeconis,</strong></span> 
     </span>
     <span class='ocr_line' id='line_1_27' title="bbox 715 3681 1979 3785; baseline -0.009 -26"><span class='ocrx_word' id='word_1_238' title='bbox 715 3699 749 3759; x_wconf 90' lang='lat' dir='ltr'><strong>et</strong></span> <span class='ocrx_word' id='word_1_239' title='bbox 774 3689 956 3785; x_wconf 90' lang='lat' dir='ltr'><strong>Baptistae,</strong></span> <span class='ocrx_word' id='word_1_240' title='bbox 983 3688 1142 3783; x_wconf 83' lang='lat' dir='ltr'><strong>Stephani</strong></span> <span class='ocrx_word' id='word_1_241' title='bbox 1167 3688 1325 3783; x_wconf 92' lang='lat' dir='ltr'><strong>principis</strong></span> <span class='ocrx_word' id='word_1_242' title='bbox 1351 3684 1576 3756; x_wconf 91' lang='lat' dir='ltr'><strong>Diaconorum</strong></span> <span class='ocrx_word' id='word_1_243' title='bbox 1604 3693 1638 3755; x_wconf 91' lang='lat' dir='ltr'><strong>ct</strong></span> <span class='ocrx_word' id='word_1_244' title='bbox 1663 3684 1759 3777; x_wconf 93' lang='lat' dir='ltr'><strong>primi</strong></span> <span class='ocrx_word' id='word_1_245' title='bbox 1784 3681 1979 3775; x_wconf 74' lang='lat' dir='ltr'><strong>Martyrum.</strong></span> 
     </span>
    </p>

    <p class='ocr_par' dir='ltr' id='par_1_6' title="bbox 713 3792 2065 5068">
     <span class='ocr_line' id='line_1_28' title="bbox 818 3792 2064 3891; baseline -0.01 -16"><span class='ocrx_word' id='word_1_246' title='bbox 818 3804 967 3876; x_wconf 73' lang='lat' dir='ltr'><strong>blecca:</strong></span> <span class='ocrx_word' id='word_1_247' title='bbox 996 3827 1122 3876; x_wconf 79' lang='lat' dir='ltr'><strong>vocem.</strong></span> <span class='ocrx_word' id='word_1_248' title='bbox 1176 3803 1356 3890; x_wconf 86' lang='lat' dir='ltr'><strong>Memento,</strong></span> <span class='ocrx_word' id='word_1_249' title='bbox 1382 3801 1545 3888; x_wconf 86' lang='lat' dir='ltr'><strong>Domine,</strong></span> <span class='ocrx_word' id='word_1_250' title='bbox 1572 3801 1714 3870; x_wconf 92' lang='lat' dir='ltr'><strong>omnium</strong></span> <span class='ocrx_word' id='word_1_251' title='bbox 1749 3798 1804 3891; x_wconf 90' lang='lat' dir='ltr'><strong>qui</strong></span> <span class='ocrx_word' id='word_1_252' title='bbox 1838 3793 1981 3867; x_wconf 90' lang='lat' dir='ltr'><strong>anobis</strong></span> <span class='ocrx_word' id='word_1_253' title='bbox 2003 3792 2064 3862; x_wconf 83' lang='lat' dir='ltr'><strong>dcli</strong></span> 
     </span>
     <span class='ocr_line' id='line_1_29' title="bbox 716 3910 2065 4016; baseline -0.01 -23"><span class='ocrx_word' id='word_1_254' title='bbox 716 3930 800 4009; x_wconf 89' lang='lat' dir='ltr'><strong>sunt,</strong></span> <span class='ocrx_word' id='word_1_255' title='bbox 828 3925 1039 4016; x_wconf 86' lang='lat' dir='ltr'><strong>omniumque</strong></span> <span class='ocrx_word' id='word_1_256' title='bbox 1064 3921 1199 3993; x_wconf 81' lang='lat' dir='ltr'><strong>Petrum</strong></span> <span class='ocrx_word' id='word_1_257' title='bbox 1226 3929 1260 3991; x_wconf 85' lang='lat' dir='ltr'><strong>et</strong></span> <span class='ocrx_word' id='word_1_258' title='bbox 1285 3916 1563 4003; x_wconf 86' lang='lat' dir='ltr'><strong>Patriarcharum,</strong></span> <span class='ocrx_word' id='word_1_259' title='bbox 1589 3919 1718 4011; x_wconf 89' lang='lat' dir='ltr'><strong>piomm</strong></span> <span class='ocrx_word' id='word_1_260' title='bbox 1738 3923 1773 3984; x_wconf 91' lang='lat' dir='ltr'><strong>et</strong></span> <span class='ocrx_word' id='word_1_261' title='bbox 1795 3916 1973 4005; x_wconf 90' lang='lat' dir='ltr'><strong>justorum,</strong></span> <span class='ocrx_word' id='word_1_262' title='bbox 1989 3910 2065 3981; x_wconf 81' lang='lat' dir='ltr'><strong>Pro-</strong></span> 
     </span>
     <span class='ocr_line' id='line_1_30' title="bbox 714 4029 2064 4135; baseline -0.009 -26"><span class='ocrx_word' id='word_1_263' title='bbox 714 4037 885 4135; x_wconf 87' lang='lat' dir='ltr'><strong>phetarum</strong></span> <span class='ocrx_word' id='word_1_264' title='bbox 912 4048 945 4110; x_wconf 90' lang='lat' dir='ltr'><strong>et</strong></span> <span class='ocrx_word' id='word_1_265' title='bbox 970 4037 1223 4134; x_wconf 83' lang='lat' dir='ltr'><strong>Apostolorum,</strong></span> <span class='ocrx_word' id='word_1_266' title='bbox 1250 4035 1531 4123; x_wconf 88' lang='lat' dir='ltr'><strong>Praedicatorum,</strong></span> <span class='ocrx_word' id='word_1_267' title='bbox 1557 4029 1867 4124; x_wconf 84' lang='lat' dir='ltr'><strong>Evangelistarum,</strong></span> <span class='ocrx_word' id='word_1_268' title='bbox 1888 4030 2064 4124; x_wconf 78' lang='lat' dir='ltr'><strong>Martymn,</strong></span> 
     </span>
     <span class='ocr_line' id='line_1_31' title="bbox 717 4148 2063 4244; baseline -0.013 -15"><span class='ocrx_word' id='word_1_269' title='bbox 717 4154 969 4244; x_wconf 79' lang='lat' dir='ltr'><strong>confessorum,</strong></span> <span class='ocrx_word' id='word_1_270' title='bbox 996 4156 1192 4242; x_wconf 85' lang='lat' dir='ltr'><strong>Doctorum,</strong></span> <span class='ocrx_word' id='word_1_271' title='bbox 1216 4152 1548 4243; x_wconf 85' lang='lat' dir='ltr'><strong>Thanmaturgorum,</strong></span> <span class='ocrx_word' id='word_1_272' title='bbox 1575 4148 1749 4240; x_wconf 83' lang='lat' dir='ltr'><strong>Virginum</strong></span> <span class='ocrx_word' id='word_1_273' title='bbox 1766 4155 1967 4234; x_wconf 87' lang='lat' dir='ltr'><strong>sanctarum,</strong></span> <span class='ocrx_word' id='word_1_274' title='bbox 1992 4161 2063 4212; x_wconf 87' lang='lat' dir='ltr'><strong>coc-</strong></span> 
     </span>
     <span class='ocr_line' id='line_1_32' title="bbox 714 4259 2065 4366; baseline -0.014 -22"><span class='ocrx_word' id='word_1_275' title='bbox 714 4270 833 4362; x_wconf 87' lang='lat' dir='ltr'><strong>libum,</strong></span> <span class='ocrx_word' id='word_1_276' title='bbox 856 4276 1089 4366; x_wconf 88' lang='lat' dir='ltr'><strong>jejunantium,</strong></span> <span class='ocrx_word' id='word_1_277' title='bbox 1117 4271 1358 4358; x_wconf 87' lang='lat' dir='ltr'><strong>solitariorum,</strong></span> <span class='ocrx_word' id='word_1_278' title='bbox 1384 4265 1643 4353; x_wconf 88' lang='lat' dir='ltr'><strong>Monachornm,</strong></span> <span class='ocrx_word' id='word_1_279' title='bbox 1668 4261 1879 4355; x_wconf 87' lang='lat' dir='ltr'><strong>fideliumque</strong></span> <span class='ocrx_word' id='word_1_280' title='bbox 1905 4259 2065 4339; x_wconf 88' lang='lat' dir='ltr'><strong>veracium,</strong></span> 
     </span>
     <span class='ocr_line' id='line_1_33' title="bbox 715 4384 2063 4484; baseline -0.01 -24"><span class='ocrx_word' id='word_1_281' title='bbox 715 4397 749 4460; x_wconf 90' lang='lat' dir='ltr'><strong>et</strong></span> <span class='ocrx_word' id='word_1_282' title='bbox 774 4392 918 4462; x_wconf 93' lang='lat' dir='ltr'><strong>omnium</strong></span> <span class='ocrx_word' id='word_1_283' title='bbox 945 4390 1000 4484; x_wconf 88' lang='lat' dir='ltr'><strong>qni</strong></span> <span class='ocrx_word' id='word_1_284' title='bbox 1026 4387 1201 4484; x_wconf 89' lang='lat' dir='ltr'><strong>praeclare</strong></span> <span class='ocrx_word' id='word_1_285' title='bbox 1216 4389 1318 4458; x_wconf 91' lang='lat' dir='ltr'><strong>vitam</strong></span> <span class='ocrx_word' id='word_1_286' title='bbox 1339 4395 1490 4477; x_wconf 84' lang='lat' dir='ltr'><strong>egerunt,</strong></span> <span class='ocrx_word' id='word_1_287' title='bbox 1518 4394 1552 4454; x_wconf 90' lang='lat' dir='ltr'><strong>et</strong></span> <span class='ocrx_word' id='word_1_288' title='bbox 1577 4404 1639 4477; x_wconf 91' lang='lat' dir='ltr'><strong>per</strong></span> <span class='ocrx_word' id='word_1_289' title='bbox 1665 4384 1835 4452; x_wconf 87' lang='lat' dir='ltr'><strong>orationes</strong></span> <span class='ocrx_word' id='word_1_290' title='bbox 1864 4396 1979 4450; x_wconf 89' lang='lat' dir='ltr'><strong>eorum</strong></span> <span class='ocrx_word' id='word_1_291' title='bbox 1994 4391 2063 4468; x_wconf 77' lang='lat' dir='ltr'><strong>per-</strong></span> 
     </span>
     <span class='ocr_line' id='line_1_34' title="bbox 713 4482 2063 4600; baseline -0.014 -25"><span class='ocrx_word' id='word_1_292' title='bbox 713 4504 840 4594; x_wconf 85' lang='lat' dir='ltr'><strong>fectas,</strong></span> <span class='ocrx_word' id='word_1_293' title='bbox 876 4515 909 4577; x_wconf 92' lang='lat' dir='ltr'><strong>et</strong></span> <span class='ocrx_word' id='word_1_294' title='bbox 942 4504 1196 4600; x_wconf 82' lang='lat' dir='ltr'><strong>deprecationes</strong></span> <span class='ocrx_word' id='word_1_295' title='bbox 1224 4500 1466 4599; x_wconf 86' lang='lat' dir='ltr'><strong>acceptabiles,</strong></span> <span class='ocrx_word' id='word_1_296' title='bbox 1501 4504 1616 4595; x_wconf 90' lang='lat' dir='ltr'><strong>aspice</strong></span> <span class='ocrx_word' id='word_1_297' title='bbox 1649 4518 1712 4570; x_wconf 92' lang='lat' dir='ltr'><strong>nos</strong></span> <span class='ocrx_word' id='word_1_298' title='bbox 1739 4493 1836 4568; x_wconf 92' lang='lat' dir='ltr'><strong>oculo</strong></span> <span class='ocrx_word' id='word_1_299' title='bbox 1865 4482 2063 4566; x_wconf 83' lang='lat' dir='ltr'><strong>misericordi,</strong></span> 
     </span>
     <span class='ocr_line' id='line_1_35' title="bbox 715 4608 2064 4718; baseline -0.016 -24"><span class='ocrx_word' id='word_1_300' title='bbox 715 4632 749 4694; x_wconf 81' lang='lat' dir='ltr'><strong>et</strong></span> <span class='ocrx_word' id='word_1_301' title='bbox 762 4623 855 4697; x_wconf 91' lang='lat' dir='ltr'><strong>vultu</strong></span> <span class='ocrx_word' id='word_1_302' title='bbox 881 4621 1021 4718; x_wconf 88' lang='lat' dir='ltr'><strong>pacifico</strong></span> <span class='ocrx_word' id='word_1_303' title='bbox 1049 4631 1084 4692; x_wconf 91' lang='lat' dir='ltr'><strong>et</strong></span> <span class='ocrx_word' id='word_1_304' title='bbox 1111 4618 1268 4711; x_wconf 85' lang='lat' dir='ltr'><strong>benigno.</strong></span> <span class='ocrx_word' id='word_1_305' title='bbox 1308 4618 1464 4711; x_wconf 82' lang='lat' dir='ltr'><strong>Adjnnge</strong></span> <span class='ocrx_word' id='word_1_306' title='bbox 1490 4638 1553 4690; x_wconf 91' lang='lat' dir='ltr'><strong>nos</strong></span> <span class='ocrx_word' id='word_1_307' title='bbox 1581 4613 1730 4688; x_wconf 91' lang='lat' dir='ltr'><strong>coetibus</strong></span> <span class='ocrx_word' id='word_1_308' title='bbox 1749 4622 1783 4684; x_wconf 95' lang='lat' dir='ltr'><strong>et</strong></span> <span class='ocrx_word' id='word_1_309' title='bbox 1796 4608 1967 4685; x_wconf 91' lang='lat' dir='ltr'><strong>ordinibus</strong></span> <span class='ocrx_word' id='word_1_310' title='bbox 1981 4622 2064 4675; x_wconf 89' lang='lat' dir='ltr'><strong>man-</strong></span> 
     </span>
     <span class='ocr_line' id='line_1_36' title="bbox 716 4723 2064 4836; baseline -0.016 -23"><span class='ocrx_word' id='word_1_311' title='bbox 716 4741 932 4836; x_wconf 89' lang='lat' dir='ltr'><strong>sionibusque</strong></span> <span class='ocrx_word' id='word_1_312' title='bbox 968 4737 1161 4809; x_wconf 88' lang='lat' dir='ltr'><strong>dilectorum</strong></span> <span class='ocrx_word' id='word_1_313' title='bbox 1196 4747 1338 4824; x_wconf 89' lang='lat' dir='ltr'><strong>tuorum,</strong></span> <span class='ocrx_word' id='word_1_314' title='bbox 1364 4745 1400 4806; x_wconf 90' lang='lat' dir='ltr'><strong>nt</strong></span> <span class='ocrx_word' id='word_1_315' title='bbox 1423 4731 1500 4806; x_wconf 84' lang='lat' dir='ltr'><strong>cnm</strong></span> <span class='ocrx_word' id='word_1_316' title='bbox 1527 4735 1597 4822; x_wconf 86' lang='lat' dir='ltr'><strong>eis,</strong></span> <span class='ocrx_word' id='word_1_317' title='bbox 1632 4742 1667 4803; x_wconf 87' lang='lat' dir='ltr'><strong>et</strong></span> <span class='ocrx_word' id='word_1_318' title='bbox 1700 4723 1785 4801; x_wconf 87' lang='lat' dir='ltr'><strong>inter</strong></span> <span class='ocrx_word' id='word_1_319' title='bbox 1817 4747 1902 4814; x_wconf 87' lang='lat' dir='ltr'><strong>eos,</strong></span> <span class='ocrx_word' id='word_1_320' title='bbox 1936 4723 2064 4817; x_wconf 74' lang='lat' dir='ltr'><strong>pared</strong></span> 
     </span>
     <span class='ocr_line' id='line_1_37' title="bbox 720 4839 2065 4950; baseline -0.016 -21"><span class='ocrx_word' id='word_1_321' title='bbox 720 4868 859 4946; x_wconf 85' lang='lat' dir='ltr'><strong>sancte,</strong></span> <span class='ocrx_word' id='word_1_322' title='bbox 893 4876 1051 4928; x_wconf 90' lang='lat' dir='ltr'><strong>canamus</strong></span> <span class='ocrx_word' id='word_1_323' title='bbox 1077 4851 1138 4925; x_wconf 95' lang='lat' dir='ltr'><strong>tibi</strong></span> <span class='ocrx_word' id='word_1_324' title='bbox 1163 4852 1306 4950; x_wconf 79' lang='lat' dir='ltr'><strong>hymnos</strong></span> <span class='ocrx_word' id='word_1_325' title='bbox 1331 4855 1553 4939; x_wconf 84' lang='lat' dir='ltr'><strong>incessanter,</strong></span> <span class='ocrx_word' id='word_1_326' title='bbox 1582 4857 1615 4920; x_wconf 91' lang='lat' dir='ltr'><strong>et</strong></span> <span class='ocrx_word' id='word_1_327' title='bbox 1640 4848 1810 4939; x_wconf 82' lang='lat' dir='ltr'><strong>unigenito</strong></span> <span class='ocrx_word' id='word_1_328' title='bbox 1836 4841 1924 4914; x_wconf 89' lang='lat' dir='ltr'><strong>Filio</strong></span> <span class='ocrx_word' id='word_1_329' title='bbox 1950 4839 2065 4924; x_wconf 77' lang='lat' dir='ltr'><strong>tuo,d</strong></span> 
     </span>
     <span class='ocr_line' id='line_1_38' title="bbox 716 4967 1363 5068; baseline -0.006 -24"><span class='ocrx_word' id='word_1_330' title='bbox 716 4970 853 5068; x_wconf 79' lang='lat' dir='ltr'><strong>Spiritui</strong></span> <span class='ocrx_word' id='word_1_331' title='bbox 881 4973 1091 5047; x_wconf 87' lang='lat' dir='ltr'><strong>sanctissimo</strong></span> <span class='ocrx_word' id='word_1_332' title='bbox 1119 4979 1175 5041; x_wconf 93' lang='lat' dir='ltr'><strong>tno</strong></span> <span class='ocrx_word' id='word_1_333' title='bbox 1203 4980 1236 5042; x_wconf 89' lang='lat' dir='ltr'><strong>et</strong></span> <span class='ocrx_word' id='word_1_334' title='bbox 1263 4967 1363 5042; x_wconf 87' lang='lat' dir='ltr'><strong>bono.</strong></span> 
     </span>
    </p>
   </div>
   <div class='ocr_carea' id='block_1_3' title="bbox 0 0 2277 6034">
    <p class='ocr_par' dir='ltr' id='par_1_7' title="bbox 0 0 2277 6034">
     <span class='ocr_line' id='line_1_39' title="bbox 0 0 2277 6034; baseline 0 0"><span class='ocrx_word' id='word_1_335' title='bbox 0 0 2277 6034; x_wconf 95' lang='lat' dir='ltr'><strong> </strong></span> 
     </span>
    </p>
   </div>
  </div>
 </body>
</html>
