4525 6034
682 572 761 647 414
1064 574 1667 653 DEPATRIARCHA

681 783 746 855 que
772 759 949 833 Ecclesiae
975 783 1155 851 consensu,
1183 773 1216 834 et
1242 763 1306 858 ipsi
1333 765 1494 835 convenit
1520 785 1595 834 cum
1621 761 1766 836 diversis
1786 760 1932 851 Notitiis,
1958 763 2053 837 editis

680 885 715 946 et
752 879 997 973 manuscriptis.
1057 875 1185 949 Verum
1220 876 1297 948 illae
1339 876 1486 951 Notitiae
1525 877 1713 951 Dioeeeses
1756 881 1927 951 continent
1969 901 2054 975 quae

681 989 814 1064 Graeco
841 991 1055 1064 Patriarcbae
1082 989 1253 1086 subjectae
1282 1004 1395 1084 erant,
1421 1014 1489 1064 non
1516 1014 1602 1087 quae
1629 992 1836 1081 Jacobitico,
1871 997 1966 1086 cnjus
1993 996 2054 1084 ju-

678 1108 879 1182 risdictionis
921 1106 1033 1203 dispar
1068 1110 1202 1181 omnino
1238 1108 1299 1180 fuit
1333 1111 1430 1181 ratio.
1493 1107 1761 1196 Alexandrinus,
1794 1112 1919 1204 inquit,
1953 1119 2054 1181 totam

678 1222 823 1319 Libyam
850 1222 1058 1319 possidebat,
1086 1235 1120 1296 ει
1145 1221 1357 1318 Aethiopiam
1377 1221 1421 1295 ‘et
1437 1222 1684 1312 Marmaricam,
1710 1247 1817 1319 usqne
1843 1224 1887 1296 ad
1905 1224 2055 1319 Tripolin

678 1338 893 1428 Africanam3
920 1361 984 1410 nec
1010 1361 1078 1411 non
1103 1341 1297 1411 universam
1322 1340 1518 1433 Aegqptum
1544 1350 1579 1411 ει
1604 1337 1826 1412 Palaestinam
1858 1343 1987 1435 ipsam,
2019 1343 2053 1411 in

680 1478 746 1550 qua
774 1463 850 1527 sunt
874 1454 1120 1549 Hierosolyma.
1173 1454 1285 1528 Habet
1318 1457 1430 1549 itaque
1465 1464 1498 1526 et
1528 1458 1602 1551 ipse
1636 1454 1833 1528 Provincias
1868 1460 1985 1528 varias
2021 1465 2053 1527 ει

678 1569 886 1666 llletropoles
913 1570 1082 1643 tredecim.
1137 1569 1184 1641 At
1215 1573 1249 1640 in
1275 1559 1501 1641 lacobitamm
1528 1568 1775 1660 Paniarehatn,
1808 1571 1899 1643 nulla
1930 1571 2053 1665 hujus-

678 1685 769 1760 modi
794 1684 1029 1782 hletropoleon
1056 1688 1180 1759 mentio
1208 1695 1278 1774 est,
1311 1694 1546 1781 praeterquam
1571 1685 1746 1757 Damietae
1778 1698 1811 1759 et
1840 1687 2054 1783 Aethiopiae,

680 1802 723 1873 de
757 1800 875 1897 quibus
909 1801 1036 1872 dicetur
1068 1799 1214 1872 inferius.
1272 1801 1393 1873 Fuisse
1430 1810 1540 1871 lamen
1573 1803 1607 1872 in
1639 1801 1802 1897 Aegypto
1834 1783 2054 1899 Metropoles,

678 1926 815 2013 praeter
841 1915 1038 1989 Notitiarum
1066 1919 1297 2006 autoritatem,
1331 1913 1452 2011 probat
1483 1915 1590 1988 Sacra
1623 1914 1807 1989 Theodosii
1836 1921 1981 2012 junioris
2014 1916 2054 1989 ad

678 2032 899 2122 Dioscorum,
930 2036 963 2103 in
991 2055 1056 2127 qua
1083 2031 1198 2106 scribit
1230 2030 1273 2103 ad
1303 2030 1393 2102 illum
1426 2040 1460 2102 ut
1494 2034 1649 2104 assumtis
1673 2031 1799 2118 ¹decem
1831 2031 2054 2127 Metropolitis

679 2151 735 2244 qui
762 2146 822 2221 sub
851 2152 923 2242 ejus
951 2157 1065 2222 esseut
1090 2149 1269 2237 Dioeeesi,
1305 2157 1372 2220 tum
1400 2146 1516 2218 decem
1544 2146 1617 2221 aliis
1650 2145 1849 2243 Episcopis‚
1885 2146 2055 2243 Ephesum

678 2263 916 2360 proficiscatur.
952 2264 989 2336 In
1016 2262 1316 2360 subscriptionibus
1335 2261 1494 2358 Ephesini
1515 2260 1746 2351 conciliabuli,
1773 2263 1905 2357 aliquae
1925 2265 2054 2358 Aegy-

678 2384 823 2476 ptiorum
849 2380 1092 2476 Episcoporum
1121 2391 1316 2467 occurrunt,
1343 2378 1404 2450 sed
1429 2377 1549 2450 nullius
1582 2400 1656 2449 cunr
1682 2377 1920 2474 Metropolitae
1955 2379 2055 2471 oudo,

681 2500 775 2589 cujus
807 2499 907 2568 etiam
942 2494 1051 2586 nulla,
1090 2495 1180 2590 quod
1214 2498 1374 2583 sciamus,
1414 2497 1576 2567 memoria
1612 2506 1665 2568 est
1704 2492 1792 2589 apud
1825 2494 2055 2568 Athanasium.
2088 2527 2094 2534 ·

678 2609 889 2707 Metropoles
916 2610 1011 2701 illae,
1040 2611 1155 2707 quales
1182 2611 1326 2685 saeculis
1352 2608 1593 2705 posterioribus
1620 2608 1752 2700 brerint,
1778 2631 1844 2681 uno
1871 2620 2056 2705 conspectu

679 2726 820 2819 intelligi
845 2737 956 2823 potest
983 2750 1030 2798 ex
1056 2726 1295 2823 Geograpbiae
1321 2724 1581 2798 Ecclesiasticae
1608 2724 1826 2821 compendio,
1862 2725 1954 2821 quod
1988 2745 2055 2822 po-

661 2849 826 2916 'stremae
854 2841 1077 2915 Conciliorum
1106 2842 1241 2915 editioni
1267 2837 1450 2937 praefixum
1479 2851 1540 2913 est
1601 2935 1604 2941 A

358 3033 365 3046 ο
390 2948 428 3001 ⁰⁰
442 2949 530 3049 Africa
546 2952 573 3005 in
592 2966 667 3022 quum
785 2955 857 3031 CV.
884 2957 1003 3031 Africa
1029 2962 1168 3054 proprie
1194 2957 1293 3049 dicta,
1320 2980 1395 3028 cum
1416 2956 1457 3028 ad
1478 2956 1569 3029 sedis
1587 2955 1762 3029 Romanae
1779 2955 2056 3050 jurusdictionem

353 3050 397 3099 ³⁸¹⁸
414 3036 510 3091 mm
678 3077 861 3171 pertineret
873 3127 884 3162 ‚
913 3097 987 3161 eum
1015 3083 1126 3145 tamen
1156 3074 1280 3145 titulum
1312 3069 1532 3145 Alexandrini
1565 3070 1741 3144 lacobitae
1774 3069 1848 3142 aliis
1881 3073 1955 3143 suis
1991 3068 2055 3142 ad-

673 3195 874 3283 junxemmt,
900 3200 936 3261 ut
963 3211 1002 3262 se
1030 3193 1129 3260 totius
1156 3187 1296 3261 Africae
1322 3186 1534 3260 Patriarchas
1562 3186 1777 3284 appellarent.
1834 3185 1905 3257 Sed
1934 3208 2055 3280 quam·

676 3299 731 3376 vis
748 3304 860 3377 titulus
881 3303 936 3375 ille
956 3307 990 3375 in
1011 3303 1164 3377 omnibus
1185 3305 1280 3379 Actis
1304 3311 1337 3375 et
1356 3304 1588 3390 monumentis,
1616 3324 1755 3397 quorum
1779 3313 1872 3374 certa
1892 3305 2055 3373 autoritas

677 3432 749 3508 est,
775 3442 910 3515 semper
935 3423 1131 3516 reperiatur,
1158 3441 1254 3491 usmn
1281 3418 1355 3493 talis
1383 3421 1569 3490 autoritatis
1596 3421 1629 3488 in
1655 3415 1772 3489 Africa
1791 3415 1867 3490 illos
1885 3415 2055 3503 babuisse,

676 3540 739 3608 vix
767 3533 925 3608 credibile
951 3534 1093 3607 videtur.
1146 3535 1266 3630 Neque
1299 3537 1385 3606 enim
1413 3543 1521 3606 stante
1547 3531 1702 3605 Romano
1728 3533 1873 3627 Mperio
1899 3532 1971 3604 ulla
2000 3531 2057 3604 luit

673 3650 859 3744 jurisdictio
872 3650 1191 3723 ‘Alexandrinorum
1218 3648 1482 3722 Patriarcharum
1515 3651 1549 3719 in
1574 3647 1713 3737 Alrica,
1747 3671 1833 3743 quae
1870 3646 2055 3739 Cartbagi-

677 3768 775 3838 nensi
801 3764 972 3861 Episcopo
999 3764 1157 3860 parebat,
1190 3776 1329 3839 servato
1358 3763 1590 3861 appellationis
1626 3764 1669 3836 ad
1694 3762 1884 3838 Romanum
1908 3762 2055 3836 Pontili·

677 3904 752 3953 cem
779 3881 906 3953 ordine.
959 3882 1143 3975 Postquam
1169 3902 1256 3953 vero
1281 3879 1399 3952 Africa
1428 3904 1448 3952 a
1474 3876 1653 3966 Barbarie,
1686 3877 1880 3968 Wandalis,
1915 3879 2056 3974 ollisque

618 3999 622 4011 '
676 3995 1000 4091 Septentrionalibus
1026 3995 1177 4092 pestibus
1204 4003 1338 4069 vastata
1364 4004 1429 4083 est,
1455 4003 1545 4067 tanta
1570 3994 1632 4067 luit
1656 3992 1884 4067 Ecclesiarum
1909 3994 2054 4066 calam-

675 4120 751 4206 tas,
786 4123 821 4184 ut
851 4134 1018 4207 nunquam
1051 4110 1152 4207 plane
1183 4114 1386 4184 instauratae
1416 4108 1547 4184 hrerint.
1608 4109 1646 4181 Si
1682 4108 1758 4205 quid
1790 4107 2055 4183 Christianomm

675 4236 873 4321 supererat,
900 4229 1071 4321 perierumt
1096 4226 1143 4298 illi
1169 4225 1231 4301 snb
1258 4225 1508 4299 hluhamedanis
1536 4228 1591 4321 qui
1615 4223 1838 4298 Christianam
1862 4224 1966 4297 fidem
1993 4224 2054 4296 dlis

674 4342 710 4411 in
735 4341 931 4434 regionibns
957 4339 1102 4413 funditus
1129 4340 1338 4431 deleverunt,
1365 4339 1451 4413 adeo
1478 4349 1514 4412 ut
1541 4343 1627 4412 inter
1652 4362 1779 4435 paucas
1796 4338 1978 4413 admodum
1997 4339 2053 4410 la-

675 4455 783 4529 milias
803 4450 1013 4554 ‘conservata
1039 4454 1156 4545 luerit,
1183 4477 1287 4551 quas,
1314 4458 1344 4527 si
1369 4454 1535 4529 historicis
1562 4455 1751 4551 Hispanicis
1778 4453 1967 4544 credimus,
1993 4478 2053 4527 re-

676 4574 765 4667 perit
790 4575 824 4643 in
851 4570 1067 4667 expeditione
1094 4591 1155 4643 sua
1179 4570 1341 4642 Africana
1368 4569 1512 4643 Carolus
1538 4569 1581 4642 V.
1608 4568 1853 4665 deplorandas,
1879 4566 2056 4642 florentis-

677 4688 835 4758 simamm
861 4685 1026 4781 quondam
1052 4682 1283 4758 Ecclesiarum
1309 4683 1479 4780 reliquias.
1531 4683 1657 4756 Verum
1690 4684 1738 4756 illi
1769 4705 1834 4756 nec
1864 4682 2056 4779 Episcopos

676 4797 861 4888 habebant,
888 4823 953 4873 nec
978 4799 1172 4889 Ecclesiae,
1199 4809 1256 4871 aut
1282 4803 1311 4873 si
1337 4799 1469 4894 quando
1498 4798 1701 4889 habuemnt,
1732 4807 1769 4869 ut
1795 4798 1857 4872 sub
1886 4796 2054 4891 Gregorio

676 4912 748 4986 VII.
775 4913 933 4988 habuisse
959 4924 1091 4989 constat
1116 4937 1163 4987 ex
1189 4913 1350 5010 Epistolis
1378 4914 1440 4985 22.
1467 4922 1502 4985 et
1528 4914 1587 4986 23.
1621 4912 1697 4986 libri
1724 4912 1757 4985 1.
1792 4912 1834 4983 ad
1869 4911 2053 5004 Carthagi·

676 5050 801 5103 nenses
829 5038 865 5101 ει
890 5030 933 5103 ad
960 5029 1141 5127 cpiarum
1168 5050 1284 5104 eorum
1311 5027 1535 5124 Episcopum,
1569 5038 1637 5101 tmn
1669 5050 1716 5100 ex
1751 5026 1809 5103 19.
1837 5025 1900 5099 20.
1927 5036 1964 5099 ει
1995 5028 2051 5100 21.
