4525 6034
190 1213 194 1216 Ι
271 1093 321 1186 IN
361 1091 623 1185 LITURGIAM
665 1089 887 1184 olosooal
918 1088 1135 1183 EPISGOPI
1176 1089 1521 1186 GORDIAEORUM

810 1298 985 1382 hulla.

515 1585 549 1655 1.
582 1584 749 1655 Dioscori
774 1583 942 1676 Episcopi
967 1581 1106 1653 locatae
1133 1580 1282 1654 Cardoa.

303 1781 361 1876 Da
379 1799 486 1854 autore
509 1790 595 1852 istius
618 1788 773 1870 Liturgiae
795 1786 869 1849 nihil
891 1793 1015 1868 praeter
1037 1804 1149 1850 nomen
1178 1786 1307 1850 seimus:
1338 1786 1394 1851 sed
1418 1787 1586 1851 lacebitam

178 1965 181 1971 ,
212 1897 309 1960 fuisse
337 1878 457 1958 constat
487 1912 528 1956 ex
557 1910 594 1955 eo
620 1891 839 1974 Diptychorum
868 1889 952 1966 loeo,
984 1890 1035 1952 ubi
1064 1890 1208 1952 memoria
1230 1889 1262 1951 ht
1284 1892 1375 1952 trium
1395 1889 1587 1972 Synodomm

213 1996 490 2070 oecumenicamm,
520 1993 637 2055 scilicet
666 1992 790 2054 exclusa
819 1988 1075 2066 calchedonensi,
1105 1991 1155 2052 cui
1182 1987 1462 2072 hlonophysitarum
1484 1997 1587 2054 sectae

213 2096 328 2172 variae,
351 2093 508 2155 anathema
530 2091 682 2169 dixerunt,
707 2109 766 2170 qua
788 2090 819 2152 in
841 2091 1007 2171 pertinacia
1024 2088 1181 2152 Jacohitae
1204 2097 1413 2169 perseverant.

303 2193 388 2267 Quae
411 2192 450 2255 sit
471 2191 573 2254 Insula
595 2199 646 2253 aut
667 2189 827 2252 Peninsula
856 2189 1000 2265 Kardou,
1029 2206 1125 2268 aeque
1149 2189 1312 2251 obscurum
1334 2196 1391 2251 est.
1426 2190 1496 2251 Vox
1518 2191 1589 2270 quti-

215 2294 284 2356 dem
295 2293 424 2355 Kardoa
445 2311 462 2354 a
486 2291 583 2374 Syris,
606 2298 637 2353 et
659 2288 819 2371 aliquando
841 2290 879 2352 ab
901 2288 1053 2351 Ambibus
1075 2296 1221 2370 usurpata
1245 2297 1293 2352 est
1308 2288 1344 2351 ad
1362 2288 1589 2372 significandam

214 2393 386 2457 Montanum
400 2392 480 2455 illam
496 2392 654 2474 regionem
669 2389 831 2452 Armeniae
854 2391 935 2451 circa
957 2396 1087 2452 montem
1109 2389 1231 2467 Ararat,
1253 2388 1305 2451 uhi
1326 2388 1408 2452 Arca
1430 2389 1497 2453 Noe
1520 2399 1590 2472 post

215 2493 356 2556 diluvium
378 2493 569 2573 requiesisse
591 2490 704 2574 legitur
727 2489 883 2552 Geneseos
906 2506 933 2552 c.
956 2489 987 2552 8.
1009 2508 1039 2551 v.
1063 2488 1094 2550 l.
1139 2488 1185 2551 Eo
1213 2488 1282 2552 loco
1313 2487 1448 2552 Onkelos
1470 2498 1588 2555 montes

214 2592 344 2671 Ararat,
374 2593 481 2670 vertit,
510 2599 628 2652 montes
656 2589 805 2662 Ilerdam
835 2605 911 2670 quos
938 2588 1022 2650 multi
1052 2588 1110 2650 viri
1134 2587 1214 2651 docti
1236 2587 1413 2671 Gordyaeos
1434 2589 1589 2671 interpre-

215 2695 330 2755 tantur:
354 2699 385 2755 et
401 2689 629 2753 Carduchosde
644 2688 753 2771 quibus
773 2696 896 2751 veteres
909 2687 1083 2771 Geographi
1103 2688 1303 2769 scripserunt,
1327 2695 1357 2750 et
1380 2706 1457 2769 quos
1480 2686 1590 2751 Curdis

215 2791 365 2874 originem
388 2789 508 2852 dedisse
531 2789 694 2852 verisimile
718 2795 781 2866 est,
809 2788 949 2870 plerique
971 2787 1021 2850 illa
1044 2789 1074 2849 in
1096 2787 1225 2869 regione
1248 2786 1408 2849 collocant.
1446 2787 1588 2861 Quamuis

216 2899 313 2955 autem
329 2875 444 2973 'magna
466 2891 617 2953 nominum
639 2889 762 2951 mutatio
785 2887 879 2971 longo
902 2887 1091 2950 saeculorum
1114 2885 1261 2966 decursu,
1284 2887 1394 2950 limites
1415 2885 1589 2968 Armeniae,

216 2999 247 3054 et
269 2990 434 3052 uicinamm
457 2989 678 3070 provinciamm
699 2986 788 3049 valde
811 2987 991 3064 confuderit,
1013 2987 1270 3069 qualitercumque
1282 2987 1452 3069 appellatae
1466 2987 1589 3067 luerint,

217 3091 454 3154 Christianorum
484 3089 589 3170 plenas
619 3088 689 3151 olim
720 3087 814 3150 luisse
843 3086 910 3149 illas
939 3086 1137 3149 certissimum
1164 3094 1226 3148 ast:
1257 3086 1347 3149 etad
1370 3085 1590 3152 Antiochenam

215 3191 321 3254 sedem
340 3190 543 3270 pertinuisse,
573 3207 635 3252 non
656 3187 745 3250 modo
768 3186 899 3250 Notitiae
920 3193 1061 3264 veteres,
1083 3186 1140 3249 sed
1160 3184 1240 3248 Acta
1261 3184 1476 3249 Ecclesiastico
1497 3187 1589 3250 multe

216 3289 429 3352 demonstrant.
473 3287 503 3350 A
536 3286 820 3350 hluhamedanarum
849 3303 951 3348 rerum
981 3286 1088 3364 initiis,
1123 3303 1191 3348 cum
1221 3285 1310 3367 pauci
1339 3283 1401 3347 illic
1431 3285 1589 3351 admodum

217 3388 387 3452 Orthodoxi
409 3386 517 3450 Graeci
539 3394 747 3468 superessent,
771 3386 840 3467 Syri
862 3385 1016 3448 Jacohitae
1039 3387 1070 3447 in
1093 3404 1146 3448 eas
1169 3384 1267 3464 ellusi,
1290 3383 1438 3448 Catholici
1457 3386 1589 3468 dignita-

215 3496 286 3566 tem,
311 3505 388 3569 quae
412 3486 469 3549 suh
492 3484 659 3549 Justiniano
682 3485 802 3548 videtur
825 3486 968 3561 instituta,
991 3485 1021 3546 in
1044 3503 1135 3547 unum
1157 3503 1197 3546 ex
1219 3484 1380 3567 Episcopis
1397 3483 1588 3551 Antiocheno

215 3588 406 3650 Patriarehae
422 3585 565 3668 subjectis
581 3586 782 3664 contulerunt,
799 3601 887 3667 quem
900 3584 1053 3663 ldasricno
1068 3583 1309 3666 appellaverunt,
1333 3586 1461 3665 ejusque
1484 3583 1589 3649 sedem

217 3688 248 3750 iu
271 3687 346 3750 urbe
370 3685 474 3749 Takrit
496 3687 569 3749 satis
599 3684 730 3762 celebri,
760 3686 987 3748 constituemnt.
1033 3684 1113 3747 Talis
1137 3685 1216 3747 inter
1238 3702 1311 3747 suos
1333 3684 1388 3747 luit
1410 3683 1588 3768 Gregorius,

216 3787 397 3870 cognomine
414 3785 642 3867 Abulfaragius:
665 3785 704 3847 de
726 3803 786 3866 quo
808 3784 896 3865 plura
918 3782 997 3846 dieta
1019 3784 1141 3847 suntin
1164 3784 1426 3847 observationibus
1449 3786 1487 3848 ad
1509 3785 1588 3848 illius

215 3886 391 3969 Liturgiam.
436 3885 469 3948 ln
492 3893 612 3949 vetusto
636 3885 802 3966 exemplari
825 3884 934 3947 dieitur
952 3882 1047 3946 'luisse
1069 3886 1187 3964 primm
1208 3885 1240 3946 ia
1261 3883 1406 3947 Mentem
1427 3884 1588 3947 Armenia:

216 3995 248 4049 et
270 3987 300 4048 in
322 3988 379 4050 ista
401 3986 544 4048 llioeeesi
566 3984 621 4048 luit
643 3993 783 4067 quantum
807 3984 915 4064 eonJici
935 3991 1037 4065 potest
1049 3983 1249 4064 Episcopatus
1271 3984 1323 4046 illa
1336 3983 1470 4046 Cardou.
1493 3983 1589 4057 Quis-

216 4087 284 4168 quis
306 4086 425 4149 tandem
448 4085 499 4148 ille
520 4084 621 4163 tuerit,
644 4084 770 4168 agnosci
792 4083 822 4145 in
845 4084 901 4144 hac
924 4083 989 4164 ejus
1010 4081 1147 4167 Liturgia
1169 4091 1282 4165 potest,
1304 4083 1426 4167 linguae
1444 4083 1587 4164 Syriacae

216 4204 325 4268 magna
353 4187 478 4267 peritia,
509 4191 540 4246 ct
562 4183 748 4268 Theologiae
770 4183 896 4246 facultas
924 4198 986 4244 non
1018 4182 1194 4246 mediocris:
1230 4191 1290 4246 tum
1321 4184 1490 4246 testimonia
1518 4180 1588 4243 lidei
1696 4227 1698 4232 >

216 4284 419 4348 Jacohitamm
442 4284 481 4347 de
502 4303 577 4347 vera
600 4284 739 4365 corporis
762 4291 793 4346 et
814 4282 970 4364 sanguinis
994 4281 1105 4345 Christi
1132 4285 1164 4344 in
1186 4280 1382 4346 Sacmmento
1404 4281 1586 4364 praesentia,

215 4391 277 4446 tam
309 4385 470 4465 perspicua
500 4390 677 4460 occurrunt,
712 4389 744 4444 ut
779 4381 889 4444 nullam
910 4381 1140 4444 Protestantium
1161 4375 1400 4472 παρερμηνείαν
1422 4381 1587 4445 admittant.

215 4483 308 4546 Extat
328 4483 378 4545 illa
401 4484 431 4545 in
452 4482 552 4545 multis
576 4490 606 4546 et
625 4483 753 4564 antiquis
766 4482 939 4559 Codieihus,
962 4480 1003 4542 ita
1024 4487 1058 4542 ut
1080 4480 1118 4544 de
1133 4480 1199 4562 ejus
1223 4482 1302 4564 apud
1317 4480 1472 4545 Jaoohitas
1496 4487 1587 4542 auto-

216 4583 305 4646 ritate
328 4582 472 4646 dubitatio
496 4600 567 4647 esse
589 4583 671 4645 nulla
691 4585 798 4665 possit.

412 4845 447 4916 2.
490 4845 532 4916 ln
559 4868 604 4916 ea
628 4850 729 4916 nocte
756 4867 824 4939 qao
844 4849 992 4938 paratio
1017 4849 1096 4914 crat
1120 4843 1169 4914 ad
1189 4842 1397 4938 potiendam

315 5037 407 5132 Quor
431 5047 540 5112 Graeci
562 5056 593 5111 et
614 5051 711 5114 Latini
732 5052 785 5113 vix
807 5058 838 5113 et
859 5049 1012 5112 rarissime
1035 5045 1190 5128 lecerunt,
1213 5049 1244 5110 in
1265 5048 1357 5113 variis
1381 5021 1455 5132 duas
1478 5048 1587 5113 edide-

218 5161 288 5216 mm
310 5153 469 5237 Litargiis,
498 5161 532 5215 ut
557 5151 652 5216 verba
673 5153 860 5236 Evangelica
880 5152 918 5216 ad
939 5150 1147 5218 Eucharistiae
1169 5152 1385 5224 institutionem
1407 5153 1587 5237 spectantia,
