4525 6034
697 578 771 653 162
1078 579 1207 657 noum
1232 581 1272 657 ΙΝ
1303 580 1510 659 lll'UliGllll
1535 579 1643 658 PETRI
1667 582 1704 659 ll.

694 784 792 827 mmm
813 765 894 846 qnod
911 783 971 845 pro
992 763 1080 828 coto
1098 764 1255 845 trcoqttor
1280 767 1313 829 iu
1335 766 1541 832 remissionem
1564 774 1768 849 peccatorum,
1791 770 1961 832 continuam
1981 786 2054 832 eou-

690 862 802 944 juuctis
825 865 998 945 postremis,
1023 882 1090 927 cum
1112 864 1250 945 Accipite
1276 874 1306 929 et
1327 869 1490 942 comedite,
1519 868 1684 931 orationem
1711 867 1865 944 elleeerit,
1894 870 1946 951 qui
1973 887 2055 931 error

693 963 829 1045 reliquos
852 963 973 1025 codices
997 967 1181 1045 pervaserit:
1204 964 1234 1026 id
1256 967 1369 1048 quippe
1392 965 1480 1029 iacile
1504 966 1643 1029 accidere
1664 975 1799 1049 poterat,
1822 969 1901 1029 inter
1922 965 2054 1028 homines

693 1077 753 1121 non
777 1060 963 1144 'theologiae
987 1063 1087 1142 modo,
1110 1063 1165 1126 sed
1188 1065 1284 1144 ipsius
1313 1066 1434 1146 linguae
1464 1067 1630 1147 imperitos.
1675 1065 1887 1148 coniecturam
1908 1065 1984 1127 hanc
2005 1065 2057 1127 hr-

694 1177 776 1221 marc
798 1169 937 1240 possunt,
961 1164 1081 1226 codices
1104 1180 1165 1224 non
1180 1163 1299 1245 quidem
1314 1165 1402 1227 valde
1415 1165 1539 1246 antiqui,
1562 1165 1617 1228 sed
1633 1167 1711 1247 apud
1724 1168 1818 1249 Syros
1840 1168 1923 1247 ipsos
1945 1163 2067 1246 scripti'

696 1276 754 1319 nec
777 1260 925 1322 emendati
947 1280 965 1323 a
987 1261 1184 1325 Missionariis
1207 1271 1238 1325 et
1267 1265 1462 1340 censoribus,
1493 1283 1559 1327 cum
1582 1268 1703 1328 uomina
1729 1266 1951 1329 haereticorum
1983 1266 2058 1326 iuter

694 1364 815 1420 sanctos
837 1359 981 1440 reserant,
1005 1371 1035 1424 et
1057 1363 1115 1425 alia
1139 1363 1310 1426 contineant
1340 1383 1402 1427 non
1425 1383 1531 1446 pauca,
1555 1383 1632 1446 quae
1657 1365 1819 1429 Catholicis
1849 1364 1971 1446 probari
2000 1382 2056 1427 nou

693 1459 821 1537 possint.
867 1460 986 1523 lllorum
1005 1462 1148 1542 iudicium
1170 1465 1197 1525 si
1219 1462 1278 1525 tale
1301 1461 1417 1543 luisset,
1441 1465 1530 1546 quale
1552 1467 1723 1546 suspicatus
1746 1473 1794 1528 est
1814 1465 1944 1528 Dandini
1964 1465 2058 1527 inter·

694 1574 777 1637 pres,
801 1557 839 1620 de
862 1560 997 1640 ejusdem
1020 1562 1081 1624 loci
1103 1561 1313 1625 emendatione
1343 1582 1448 1645 parum
1471 1562 1598 1627 luissent
1621 1566 1750 1629 solliciti.
1793 1563 1855 1626 lmo
1885 1583 1976 1627 unum
2004 1566 2058 1627 ha·

692 1654 809 1719 buimus
832 1676 892 1721 uon
916 1660 1033 1724 intimae
1063 1663 1220 1723 vetustatis
1249 1663 1279 1723 in
1307 1680 1366 1742 quo
1395 1663 1491 1726 verba
1519 1663 1569 1726 illa
1597 1665 1785 1740 referuntur,
1814 1664 2056 1746 quemadmodum

693 1754 744 1817 illa
767 1757 962 1821 inversione
985 1764 1203 1842 expressimus.
1249 1761 1389 1824 lntoctam
1419 1765 1448 1825 in
1478 1763 1543 1826 aliis
1568 1763 1722 1828 'codicibus
1745 1766 1930 1827 remansisse
1953 1782 1991 1826 eo
2013 1764 2058 1826 la·

694 1856 779 1919 cilius
803 1857 867 1934 luit,
891 1860 972 1940 quod
995 1860 1097 1923 rarior
1115 1861 1202 1923 istius
1224 1860 1380 1943 liturgiae
1401 1881 1475 1926 usus
1499 1872 1555 1927 est.

1091 2156 1125 2227 3.
1166 2157 1343 2228 invocatio
1371 2157 1522 2251 Spiritum
1547 2162 1668 2229 sancti.

791 2363 941 2442 Foauunx
969 2375 1045 2440 haec
1075 2387 1106 2441 ut
1130 2398 1196 2442 earn
1224 2382 1472 2462 interpretatione
1501 2387 1605 2443 nostra
1635 2379 1858 2459 expressimus,
1889 2378 2003 2462 legitur
2030 2379 2059 2440 iu

694 2477 856 2542 Codicibus
879 2479 1014 2543 omnibus
1037 2481 1110 2545 hlss.
1134 2501 1261 2564 quorum
1284 2485 1383 2548 nullus
1406 2503 1482 2561 eam,
1505 2491 1595 2565 prout
1617 2484 1647 2545 in
1670 2483 1801 2546 editione
1823 2482 1957 2546 Romana
1979 2482 2059 2566 legi·

692 2587 752 2658 tur,
776 2589 1003 2661 repraesentat:
1032 2599 1141 2664 nempe
1171 2591 1204 2645 ut
1225 2584 1373 2648 adventus
1401 2593 1431 2648 et
1461 2584 1583 2665 illapsus
1615 2583 1743 2664 Spiritus
1776 2584 1873 2645 sancti
1900 2582 1938 2646 ad
1965 2580 2058 2644 solum

692 2678 820 2743 fructum
851 2682 1055 2762 perceptionis
1084 2683 1291 2748 Eucharistiae
1320 2686 1479 2767 pertineat.
1540 2683 1625 2757 Quae
1652 2682 1690 2745 de
1720 2681 1941 2766 significatione
1969 2683 2057 2764 ipsius

694 2778 848 2842 Orationis
872 2780 931 2843 dici
952 2781 1062 2861 solent,
1085 2800 1123 2845 ea
1153 2802 1220 2846 eum
1250 2784 1350 2847 fusius
1375 2786 1405 2847 in
1428 2784 1506 2847 notis
1529 2781 1567 2843 ad
1588 2782 1738 2865 liturgias
1766 2781 1866 2845 Basilii
1896 2781 2056 2863 Copticam,

694 2886 725 2942 et
748 2879 900 2960 Syriacam
922 2879 1028 2943 iacobi
1051 2886 1295 2963 exposuerimus,
1317 2901 1469 2966 reponere
1497 2900 1626 2944 necesse
1653 2900 1714 2944 non
1741 2888 1798 2944 est.
1848 2879 1936 2953 Quod
1965 2889 2058 2943 autem

692 2978 880 3058 paucissimis
903 2980 1004 3042 verbis
1027 2979 1179 3046 lnvocatio
1203 2985 1232 3046 in
1261 2982 1318 3045 hac
1340 2983 1476 3066 liturgia
1500 2988 1633 3058 constet,
1666 2998 1732 3042 cum
1755 2982 1785 3043 in
1807 2979 1962 3062 plerisque
1985 2981 2057 3056 aliis,

694 3078 822 3140 maxime
844 3081 1023 3143 recentioris
1045 3081 1123 3160 aevi,
1148 3082 1239 3167 longe
1270 3082 1406 3163 pluribus
1428 3081 1556 3162 exprimi
1578 3079 1685 3156 soleat,
1707 3079 1905 3161 simplicitatis
1928 3087 1959 3141 et
1982 3080 2058 3142 anti-

694 3178 815 3257 quitatis
838 3186 1045 3262 argumentum
1069 3190 1125 3260 est,
1149 3180 1278 3245 tortasse
1300 3199 1361 3244 non
1384 3180 1642 3244 contemnendum.

1007 3477 1042 3548 tt
1069 3478 1237 3550 Memento
1264 3478 1411 3550 Domine
1437 3478 1568 3573 Regum
1592 3475 1750 3568 fideliam.

809 3683 902 3763 luuun
926 3714 1047 3779 quoque
1070 3698 1209 3762 indicium
1240 3707 1298 3779 est,
1321 3701 1392 3763 licet
1424 3718 1484 3761 non
1517 3698 1606 3779 plane
1636 3704 1749 3759 certum
1778 3692 1964 3772 vetustatis,
1985 3712 2052 3775 quae

697 3797 933 3862 Christianorum
955 3801 1170 3884 Imperatorum
1193 3804 1377 3885 temporibus
1400 3802 1533 3884 aequalis
1556 3802 1603 3864 sit.
1648 3799 1755 3879 Neque
1778 3806 1848 3859 tuno
1871 3797 1958 3860 aliter
1980 3797 2051 3861 orari

696 3906 816 3979 poterat
838 3908 888 3962 aut
911 3899 1040 3964 debebat
1061 3920 1119 3982 pro
1143 3901 1200 3965 illis
1223 3903 1407 3984 principibus
1436 3904 1486 3983 qui
1509 3901 1706 3965 Christianam
1733 3897 1914 3978 religionem
1936 3897 2051 3978 prolite-

696 3999 814 4065 bantur.
858 4000 998 4062 Attamen
1021 4004 1166 4064 remansit
1188 4002 1219 4063 in
1241 4001 1342 4064 multis
1365 4002 1585 4064 recentioribus
1605 3998 1749 4082 liturgiis
1773 3999 1894 4077 antiqua
1918 3999 1973 4060 ista
1994 3996 2050 4060 ior-

695 4098 790 4175 mula,
826 4118 865 4161 ex
902 4101 1118 4163 consuetudine
1149 4109 1267 4164 vetusta
1304 4104 1403 4184 potius
1431 4121 1519 4183 quam
1548 4120 1587 4162 ex
1617 4098 1694 4161 malo
1724 4096 1865 4176 consilio,
1897 4097 1978 4179 quod
2004 4094 2048 4158 sub

695 4197 836 4262 barbaris
859 4199 985 4262 dominis
1009 4201 1175 4265 consultori
1197 4203 1358 4282 pessimum
1380 4221 1450 4264 esse
1473 4202 1628 4282 potuisset.

783 4299 909 4380 Reliqua
931 4299 1002 4362 nihil
1026 4299 1136 4363 habent
1159 4300 1363 4380 obscuritatis,
1398 4309 1448 4363 aut
1471 4301 1603 4385 indigent
1632 4316 1712 4361 novo
1744 4296 1964 4361 Commentario
1991 4312 2046 4356 cun

696 4397 844 4478 pleraque
867 4398 1016 4481 explicata
1039 4401 1099 4462 sint
1121 4400 1158 4463 ad
1180 4400 1287 4464 iacobi
1309 4401 1482 4485 liturgiam.
