4525 6034
637 591 710 666 122
1149 536 1508 664 urrunnun

632 778 776 875 Spiritu,
802 799 889 851 nunc
908 788 942 851 et
959 798 1109 875 semper,
1125 777 1207 849 etin
1222 796 1307 849 sae-
1350 800 1444 869 ποιῳ
1468 795 1538 845 σου
1561 766 1760 865 πνεύματι,
1782 775 1853 846 νῦν
1881 767 1943 844 και
1972 766 2027 845 ἀεὶ

633 883 708 955 cula
735 880 953 958 saeculorum.
1349 902 1412 952 και
1401 873 1476 960 ’τις
1491 871 1575 960 ταις
1595 877 1728 960 αἰῶνας
1743 880 1819 950 τῶν
1834 871 1990 950 αιαινιον.

684 1004 846 1098 Populea.
898 1001 1020 1075 Amen.
1221 1064 1231 1081 ,
1400 996 1559 1084 ὉΛαός.
1584 991 1706 1093 Ἀμὴν

684 1123 869 1197 Sacerdos.
923 1122 998 1194 Pax
1024 1118 1186 1194 omnibus.
1401 1116 1577 1219 ὈἹιριύς.
1614 1112 1750 1217 Εἰρήνη
1774 1120 1895 1194 πᾶσιν.

686 1243 848 1337 Populus.
899 1241 944 1315 Et
970 1244 1097 1338 spiritui
1122 1250 1191 1313 tuo
1400 1236 1559 1325 ὉΛαός.
1585 1234 1661 1311 Καὶ
1675 1263 1728 1333 τῳ
1747 1232 1925 1331 πνεύματι
1946 1260 2024 1310 σου.

687 1364 875 1436 Diaconos.
929 1364 1032 1436 Orate
1067 1383 1128 1459 pro
1154 1362 1249 1458 Papa
1274 1369 1309 1432 et
1397 1357 1624 1445 ὉΔιακονος.
1658 1353 1958 1455 Προςιύξασθες
1934 1360 2024 1456 υαιρ

632 1466 815 1565 Episcopo,
1350 1487 1418 1536 του
1401 1455 1839 1535 Πάπακαιιτιισκότιου.

634 1690 772 1766 eleison.
824 1643 932 1787 Nuria
959 1688 1098 1762 eleison.
1350 1685 1503 1782 ἐλέησον.
1534 1680 1648 1784 Κύριε
1662 1688 1816 1783 ἐλέησον.

895 1861 1042 1919 διιστᾶσι.
1612 1848 1757 1920 ‘0‘122v2we'e

685 1983 883 2055 Dominator
896 1981 1059 2067 Domine,
1084 1978 1179 2052 Deus
1193 1982 1308 2052 omni-
1403 1978 1567 2050 Δέσποτα
1583 1969 1683 2072 κύριε
1698 2002 1719 2047 ο
1708 1969 1867 2063 “da63,
1845 2002 1866 2046 ο
1882 2002 2026 2107 τίαντο-

636 2094 777 2182 potens,
802 2086 904 2158 Pater
929 2083 1082 2171 Domini,
1108 2092 1143 2155 et
1166 2082 1247 2176 Dei,
1274 2091 1310 2155 et
1352 2074 1517 2209 κροιτωρ,
1537 2076 1560 2151 6
1582 2073 1700 2176 πατὴρ
1722 2086 1790 2151 τοῦ
1812 2076 1942 2175 κυρίου
1962 2077 2026 2153 και

635 2190 830 2263 Servatoris
847 2189 953 2260 nostri
973 2187 1055 2259 Jesu
1069 2185 1208 2276 Christi,
1223 2208 1309 2282 pre·
1351 2185 1445 2257 θεοῦ
1455 2179 1515 2256 και
1526 2176 1913 2280 σωτῆροςὴμῶνιησού
1922 2188 2024 2282 Χρι-

634 2315 748 2365 οοιιιιιι·
774 2301 810 2364 οι
843 2288 1060 2364 obsecramus
1092 2299 1146 2381 te,
1179 2289 1311 2362 humani
1352 2290 1455 2376 στοῦ,
1481 2282 1641 2381 δεόμεθα
1662 2282 1723 2358 καὶ
1746 2290 2026 2415 παρακαλοῦμεν

634 2397 771 2489 generis
798 2402 946 2483 amator,
972 2390 1080 2484 boue,
1106 2403 1143 2465 ut
1159 2396 1310 2467 sanetis-
1353 2414 1393 2464 σε
1409 2386 1662 2489 φιλάνθραιιε,
1677 2384 1810 2488 οἶγαθέ,
1826 2386 1893 2466 τὸν
1876 2387 2026 2515 ἄγαι-

635 2502 753 2574 simum
787 2505 822 2570 et
857 2497 1083 2571 beatissimum
1115 2496 1311 2569 Pontificem
1353 2520 1464 2569 τατον
1486 2521 1546 2567 και
1561 2489 1841 2623 μακαριώτατον
1863 2490 2026 2592 ἀρχιερέα

635 2612 786 2677 nostrum
812 2599 993 2695 PapamN.
1020 2609 1055 2671 οι
1071 2598 1310 2672 Reverendis-
1353 2596 1460 2693 ἡμῶν
1475 2593 1613 2671 Πάπαν
1629 2596 1688 2672 A‘.
1710 2593 1770 2670 και
1785 2593 1852 2672 τὸν
1867 2595 2027 2672 ‹inmita-

636 2711 754 2781 simum
784 2704 990 2801 Episcopum
1029 2702 1071 2775 N.
1111 2724 1309 2776 conserves
1351 2729 1418 2777 τον
1426 2696 1685 2776 ιπισκοττονΔ
1695 2706 1894 2798 συντηρῶν.
1920 2707 2028 2777 Συν-

637 2808 815 2883 Conserva
840 2806 939 2880 nobis
972 2828 1033 2881 eos
1070 2811 1165 2879 annis
1199 2806 1309 2880 multis
1351 2801 1510 2903 τήρησον
1525 2802 1615 2900 ἡμῖν
1628 2800 1759 2887 αὐτούς
1775 2806 1865 2878 ι’τισι
1881 2810 2028 2888 πολλοῖς
2081 2854 2084 2861 -

633 2912 793 3011 pacifice,
819 2909 1059 3032 periungentes
1090 2920 1208 2984 sancto
1244 2932 1309 2982 sa·
1352 2911 1545 3041 εἰρηνικῶς,
1553 2904 1833 2990 ἐκτελοῦντας“
1793 2937 1858 3006 ιην
1871 2936 1944 2982 vno
1956 2933 2027 2982 σου

635 3016 785 3088 cerdotio
812 3039 833 3087 a
859 3025 893 3087 te
908 3016 990 3109 ipsis
1004 3013 1219 3103 concredito,
1246 3036 1310 3085 se·
1352 3016 1678 3141 ε’μπιττιστευμενηγ
1707 3010 1816 3112 ἁγίαν
1848 3008 2027 3142 ἀρχιερω-

636 3119 777 3192 cundum
803 3127 953 3192 sanctam
979 3126 1014 3189 et
1031 3116 1164 3190 beatam
1181 3116 1309 3189 volun·
1352 3112 1481 3241 σύγνγν,
1506 3142 1598 3190 κατα
1624 3113 1667 3189 cd
1692 3114 1799 3214 ἅγιον
1824 3114 1885 3190 και
1901 3113 2027 3211 μακά-

635 3231 737 3295 tntem
752 3232 862 3310 tuam,
889 3220 1029 3294 verbum
1050 3224 1202 3294 veritatis
1217 3230 1310 3293 recte
1353 3216 1436 3347 ριόν
1460 3243 1529 3293 σου
1551 3221 1709 3316 ιε’,λημα
1730 3216 2028 3346 ὀρθοτογιοτϊντας

637 3326 888 3420 dispensantes,
914 3347 989 3396 cum
1009 3322 1161 3398 omnibus
1180 3323 1310 3397 Ortho-
1351 3319 1604 3449 τὸνλόγον
1561 3350 1621 3420 της
1636 3320 1818 3419 ἀλριειας,
1829 3321 1900 3399 σιν
1914 3330 2029 3399 πᾶσιν

637 3429 738 3502 doxis
757 3427 1201 3525 Episcopis,Presbyteris,
1220 3428 1310 3499 Dia·
1353 3423 1606 3525 ὀρθοιόξοις
1587 3424 1802 3516 στισκόττοις,
1825 3429 2029 3525 πρεσβυτέ-

638 3535 754 3620 conis,
806 3529 1045 3620 subdiaconis,
1096 3530 1310 3620 Lectoribus,
1355 3560 1443 3632 ροις,
1452 3527 1645 3619 διακόνοις,
1659 3527 1958 3619 ὑποιιακόνοις,
1933 3559 2029 3606 ανα-

639 3632 860 3721 Cantortbus,
897 3643 931 3707 et
963 3634 1077 3724 laicis,
1112 3658 1187 3707 cum
1222 3637 1313 3708 omni
1354 3633 1550 3735 γνώσταις,
1575 3630 1728 3731 ψάλταις
1748 3662 1786 3707 τε
1802 3660 1863 3709 και
1854 3633 2028 3724 ’λαικοῖς,

637 3735 838 3835 plenitudine
864 3748 1002 3809 sanctae
1028 3748 1063 3809 et
1093 3736 1197 3811 solius
1231 3741 1312 3811 uui-
1355 3736 1426 3814 σιν
1440 3736 1549 3814 παντὶ
1564 3766 1617 3833 τῳ
1602 3734 2029 3840 πληρώματιτῆςοιγιας

637 3839 781 3915 versalis
806 3838 1000 3929 Ecclesiae,
1031 3863 1151 3935 pacem
1184 3852 1218 3914 et
1243 3864 1308 3916 sa·
1355 3841 1416 3916 καὶ
1427 3841 1541 3938 μόνης
1555 3812 1753 3972 καθολικῆς
1765 3841 2005 3938 ἐκκλησίας,
1975 3871 2028 3915 ει-

637 3947 773 4016 numum
782 3953 816 4015 et
824 3943 1004 4016 salutem
973 3965 1022 4016 ers
1031 3943 1190 4036 largiens
1216 3944 1308 4017 Pre-
1351 3942 1464 4075 ρήγην
1472 3943 1533 4019 και
1542 3943 1751 4044 υγιαανκαι
1765 3942 2030 4073 σαντηριαγαύ-

638 4070 696 4121 ces
723 4054 990 4135 truncorum,
1018 4070 1101 4143 quas
1126 4047 1308 4144 pronubis
1350 4045 1679 4177 τοῖςχαριζόμενος.
1710 4045 1884 4133 ngdd’
1846 4046 2029 4146 ιυχαςαύ-

639 4150 799 4242 offerunt,
825 4159 936 4223 etnos
952 4173 1015 4246 pro
1030 4153 1134 4246 ipsis,
1161 4150 1308 4244 admitte,
1353 4180 1449 4242 των,
1473 4150 1514 4235 ἃς
1529 4158 1697 4228 ποιοῦσιν
1717 4151 1845 4252 ὑπὲρε
1823 4181 1945 4249 ημοιν,
1967 4150 2028 4226 και

638 4255 803 4345 Domine,
836 4253 879 4326 ad
910 4264 1059 4328 sanctum
1090 4265 1124 4326 et
1149 4254 1377 4345 coeleste,⁸
1354 4266 1453 4386 appuis
1466 4255 1555 4354 ὑπὲρ
1568 4253 1691 4331 αυτῶν
1690 4253 1960 4355 ,πρόςιεξαι’
1915 4285 2028 4355 κυριε,

637 4356 866 4451 rationaleque
892 4355 997 4430 altare
1022 4368 1122 4430 tuum.
1172 4359 1313 4432 Omnem
1355 4389 1401 4445 εις
1412 4388 1455 4433 το
1464 4386 1584 4459 αγιον
1592 4387 1653 4434 και
1643 4357 1889 4485 ’ἐπουράνιον
1898 4388 1958 4435 και
1948 4359 2030 4435 λο-
2135 4359 2141 4387 ⁸

639 4460 986 4533 nutemndversarium
999 4472 1138 4534 sanctae
1152 4461 1312 4535 tuaeEc-
1355 4459 1470 4591 γικόν
1473 4487 1543 4538 σου
1556 4460 1831 4562 θυσιαστήριον.
1848 4461 2030 4540 naturate

638 4564 764 4637 clesiae
789 4563 930 4659 pedibus
955 4586 1070 4638 eorum
1087 4568 1154 4638 cito
1175 4564 1313 4658 subjice.
1356 4563 1598 4665 εχθροντης
1575 4594 1677 4696 αγιας
1685 4592 1754 4642 σου
1766 4569 2030 4665 ἕκκλησιαςκα-

640 4665 758 4740 Gratia
785 4675 820 4740 et
845 4667 1114 4742 miserationibus
1147 4679 1182 4741 et
1211 4667 1314 4741 beni-
1358 4667 1610 4752 cenezaeos
1586 4668 1657 4746 end
1671 4698 1757 4755 τους
1777 4668 1955 4756 πόδας’
1907 4679 2030 4747 αυταιν

640 4775 768 4863 gnitate
800 4773 960 4864 unigeniti
990 4770 1065 4843 Filii
1097 4775 1164 4863 tui,
1208 4773 1316 4844 Etata
1360 4777 1400 4851 ἐν
1414 4771 1527 4870 τάχει,
1540 4771 1664 4873 χάριτι
1680 4773 1740 4849 καὶ
1757 4777 1954 4902 οἰκτιρμρῖς
1970 4773 2031 4850 καὶ

641 4896 746 4962 eece,
781 4875 850 4947 Per
880 4898 977 4996 quem
1004 4884 1140 4948 etcum
1165 4899 1231 4972 quo
1258 4876 1318 4949 tibi
1360 4880 1623 4979 φιλανθρονιιᾳ
1639 4885 1706 4953 τοῦ
1721 4907 1796 4975 μον
1842 4886 1940 4965 ενοῦς
1962 4904 2032 4954 σου

627 4976 752 5068 'gloria
781 4987 814 5049 et
842 4980 1033 5075 imperium,
1060 5002 1135 5051 cum
1169 4981 1317 5055 sanctis-
1359 4982 1450 5058 υἱοῦ.
1487 4983 1664 5110 ’Expulsus
1708 4979 1757 5057 dt
1782 5012 1845 5111 pv,
1862 5010 1923 5058 και
1913 4979 2032 5080 ’ραι

642 5081 748 5170 simo,
781 5089 816 5152 et
840 5080 931 5155 bono
959 5092 993 5155 et
1017 5083 1154 5156 vivifico
1180 5082 1317 5180 Spiritu,
1360 5080 1418 5178 οὗ,
1442 5084 1501 5161 σοι
1523 5117 1546 5187 η
1536 5083 1663 5167 δόξα
1678 5085 1739 5163 και
1754 5085 1797 5162 τὸ
1813 5084 1942 5189 κράτος
1962 5112 2034 5165 συν
