4525 6034
701 562 751 635 30
902 552 906 563 '
1207 558 1564 636 LITURGIA

700 760 867 821 errantem
893 746 1082 835 reduceret,
1108 768 1153 818 ne
1180 756 1316 819 avertas
1342 744 1460 818 faciem
1488 757 1577 820 tuem
1604 746 1753 838 anobis,
1780 748 1855 822 dum
1869 750 2041 824 sacrificium

412 863 562 935 *Aerem
590 867 621 920 1¹·
638 864 765 939 “loboc
791 864 990 962 spirituale*
1016 875 1050 936 et
1076 867 1280 935 incruentum
1308 861 1533 937 celebramus:
1559 887 1628 937 non
1655 868 1742 937 enim
1757 867 1903 957 justitiae
1925 879 2042 940 nosses

379 949 476 1008 muse.
510 952 636 1009 Terribile
662 960 690 1006 et

378 1040 545 1123 inemsqsnm.

700 980 904 1067 confidimus,
931 979 992 1052 sed
1017 980 1268 1053 misericordiae
1294 991 1380 1051 tuae.
1422 980 1652 1075 Deprecamur
1677 1003 1761 1074 ergo
1789 994 1823 1055 et
1850 982 2041 1057 obsecramus

699 1098 906 1170 clementiam
932 1106 1034 1185 tuem,
1060 1119 1103 1168 ne
1129 1097 1161 1167 in
1185 1096 1343 1188 judicium
1370 1098 1412 1168 sit
1428 1095 1552 1192 populo
1580 1108 1646 1185 tuo,
1665 1097 1861 1193 Mysterium
1886 1096 2043 1194 boc,quod

698 1217 877 1287 institutum
902 1211 1000 1286 nobis
1028 1224 1080 1285 est
1106 1211 1149 1284 ad
1175 1213 1334 1284 salutem:
1361 1210 1422 1284 sed
1448 1212 1490 1283 ad
1516 1216 1648 1285 veniam
1675 1226 1907 1309 peccatorum,
1936 1217 2043 1288 remis-

700 1335 827 1406 sionem
855 1312 1136 1425 insipieutisrum,
1169 1340 1204 1401 et
1238 1327 1280 1399 ad
1313 1332 1439 1420 gratias
1472 1328 1531 1402 tibi
1560 1328 1775 1403 referendas:
1811 1354 1874 1427 per
1910 1336 2043 1423 gratiam

699 1446 981 1536 misericordiam,
1014 1457 1048 1518 et
1074 1466 1223 1518 amorem
1257 1466 1341 1537 erga
1365 1444 1515 1519 homines
1540 1448 1702 1540 unigeniti
1727 1445 1784 1518 filii
1810 1450 1857 1520 tui
1882 1469 2045 1542 perquem

700 1577 833 1638 etcum
861 1586 926 1658 quc
953 1574 986 1636 te
1012 1562 1108 1635 decet
1134 1561 1252 1654 gloria.

802 1678 962 1773 Populus.
989 1678 1108 1750 Amen.

801 1796 988 1868 Dracones.
1014 1795 1103 1867 Date
1128 1815 1247 1889 pacem
1274 1796 1499 1889 unusquisque
1524 1796 1679 1890 proximo
1707 1818 1782 1885 suo,
1807 1798 1842 1866 in
1867 1799 1997 1869 caritate
2017 1806 2045 1868 et

690 1912 780 2002 lide,
816 1935 901 2008 quae
931 1910 1008 1984 Deo
1043 1921 1205 2007 acceptae
1236 1914 1309 1983 sint.
1361 1909 1459 1983 Vade
1493 1912 1528 1981 in
1559 1933 1645 2006 pace
1678 1910 1849 1985 Sacerdos
1880 1911 2042 2007 praeclare.

698 2030 831 2103 Stemus
858 2027 1016 2100 decenter
1041 2038 1189 2117 orentes,
1214 2037 1429 2099 stemuscum
1454 2030 1573 2100 timore
1595 2038 1630 2100 et
1655 2038 1813 2115 tremore,
1839 2037 1960 2099 stemus
1982 2047 2044 2096 cun

698 2145 860 2219 modestia
887 2156 922 2218 et
947 2145 1137 2217 sanctitate:
1164 2144 1242 2238 quia
1268 2165 1349 2215 ecce
1376 2141 1502 2217 oblatio
1527 2142 1678 2233 infertur,
1705 2154 1740 2216 et
1755 2144 1914 2235 majestas
1940 2144 2043 2215 exori-

698 2273 760 2334 tur.
786 2260 916 2333 Januae
938 2259 1024 2335 coeli
1046 2263 1248 2355 aperiuntur,
1275 2270 1310 2332 et
1323 2259 1465 2355 Spiritus
1492 2268 1626 2333 sancus
1652 2258 1823 2333 descendit
1855 2280 1952 2354 super
1973 2257 2044 2330 brec

698 2381 859 2474 mysteria
885 2387 1013 2465 sancta,
1039 2387 1074 2449 et
1098 2374 1251 2449 illabitur.
1282 2375 1320 2448 ln
1346 2375 1422 2448 loco
1448 2377 1576 2448 timoris
1603 2387 1636 2448 et
1662 2378 1815 2449 tremoris
1843 2376 2043 2462 consistimus,

699 2507 833 2568 etcum
860 2490 1035 2567 Cherubim
1063 2503 1097 2564 et
1123 2491 1297 2589 Seraphim
1323 2495 1582 2564 circumstamns.
1616 2491 1753 2569 Fratres
1781 2503 1815 2564 et
1842 2492 1932 2564 Socii
1956 2491 2043 2583 Vigi-

698 2610 766 2683 lum
791 2619 825 2681 et
849 2607 1057 2699 Angelorum
1083 2606 1164 2681 laeti
1191 2630 1315 2696 sumus,
1342 2619 1376 2681 et
1407 2609 1623 2680 ministerium
1654 2609 1740 2701 ignis
1768 2617 1802 2679 et
1828 2609 1958 2702 spiritus
1982 2629 2043 2678 cun

697 2726 762 2800 illis
790 2746 974 2820 operemur.
1000 2722 1117 2797 Nullus
1143 2746 1245 2820 porro
1271 2724 1392 2816 ligatus
1419 2727 1474 2812 sit,
1501 2726 1555 2819 qui
1582 2724 1704 2797 audeat
1721 2721 1887 2796 accedere
1912 2722 1953 2794 ad
1975 2743 2043 2816 mp-

698 2845 800 2916 steria
826 2840 921 2931 baec,
949 2843 1024 2935 quia
1049 2840 1162 2913 velum
1188 2839 1322 2932 tollitur,
1348 2850 1383 2912 et
1408 2843 1517 2932 gratis
1533 2839 1722 2930 demittitur,
1747 2839 2042 2932 misericordiaeque

699 2952 905 3030 effunduntur
938 2979 1039 3053 super
1068 2979 1349 3053 unumquemque,
1385 2959 1441 3052 qui
1475 2967 1550 3030 orat
1579 2960 1613 3028 in
1650 2955 1752 3030 corde
1785 2978 1873 3052 puro
1906 2966 1939 3027 et
1969 2976 2041 3029 cun-

699 3077 837 3150 scientia
862 3073 961 3147 bona.

798 3189 973 3263 Sacerdos
999 3191 1111 3261 elevat
1135 3189 1242 3260 celum
1268 3195 1303 3260 et
1328 3195 1383 3260 ter
1404 3188 1564 3283 poprium
1590 3212 1693 3260 cruce
1718 3192 1846 3281 siqrut,
1873 3187 2002 3259 dmers:
2200 3253 2201 3270 ,

800 3303 930 3380 Caritas
957 3306 1078 3397 Patris,
1104 3308 1213 3399 gretia
1239 3305 1326 3397 Filii,
1352 3316 1387 3377 et
1412 3307 1663 3379 communicatio
1685 3305 1826 3402 Spiritus
1856 3303 2066 3393 sanctisint·
2200 3289 2201 3310 *

696 3446 772 3496 cum
797 3421 947 3496 omnibus
973 3422 1080 3498 nobis.
1224 3488 1227 3494 .

797 3539 958 3632 Populus.
985 3539 1103 3611 Amen.

763 3698 768 3711 ·
797 3653 981 3728 Sacerdos.
1007 3655 1146 3728 Sursum
1173 3653 1285 3728 corda.

798 3770 958 3864 Papum.
983 3770 1153 3844 Habemus
1180 3770 1222 3843 ad
1247 3770 1433 3844 Dominum.

797 3886 982 3959 Sacerdos.
1009 3888 1142 3961 Gratias
1169 3909 1308 3980 agamus
1333 3888 1476 3962 Domino
1501 3886 1577 3961 Deo
1603 3896 1728 3961 nostro.

797 4003 959 4097 Populus.
985 4002 1129 4096 Dignum
1155 4014 1189 4075 et
1211 4005 1335 4096 justum
1361 4013 1421 4077 est

797 4119 972 4192 Sacerdos
996 4119 1187 4191 inclinatos.
1213 4118 1307 4191 Vere
1332 4118 1467 4212 dignum
1493 4130 1527 4192 et
1549 4120 1672 4212 justum
1689 4128 1753 4211 est,
1780 4119 1906 4193 decens
1931 4130 1962 4192 et
1984 4115 2037 4187 de-

694 4235 810 4327 bitum,
835 4246 871 4307 nt
896 4245 930 4307 te
954 4233 1140 4321 laudemus,
1166 4245 1200 4308 te
1225 4234 1474 4327 benedicamus,
1499 4248 1534 4310 te
1564 4234 1783 4326 celebremus,
1811 4248 1846 4309 te
1873 4234 2037 4314 adoreon,

694 4352 754 4427 tibi
780 4354 906 4445 gratias
933 4374 1091 4444 agamus,
1117 4349 1178 4425 tibi
1204 4351 1313 4448 opifici
1344 4355 1449 4426 omnis
1476 4361 1662 4443 creaturae,
1687 4349 1829 4426 visibilis
1856 4364 1912 4425 aut
1935 4349 2038 4421 iurisi-

694 4470 779 4543 bilis.
806 4467 854 4539 Et
879 4467 1016 4538 eleours
1047 4490 1172 4539 recens
1225 4469 1331 4554 Quem
1364 4466 1499 4541 laudant
1530 4468 1660 4543 coelum
1692 4480 1727 4541 et
1757 4469 1846 4541 coeli
1877 4467 2037 4547 coelorum,

695 4587 869 4680 omnisque
903 4586 1072 4656 exercitus
1104 4606 1220 4658 eorum
1253 4582 1306 4658 sol
1340 4595 1374 4658 et
1403 4584 1480 4658 luna
1515 4596 1550 4658 et
1583 4607 1681 4660 omne
1720 4583 1889 4658 stellarum
1923 4598 2037 4675 agmen,

694 4711 784 4774 terre
810 4710 845 4772 et
869 4689 973 4772 maria
999 4709 1033 4772 et
1059 4703 1169 4773 omnia
1195 4723 1281 4796 quae
1307 4704 1341 4773 in
1368 4703 1417 4774 eis
1449 4713 1539 4777 sunt:
1569 4701 1758 4775 Jerusalem
1784 4699 1953 4786 coelestis,
1975 4696 2036 4768 lic·

696 4813 798 4889 clesia
827 4817 1122 4913 primogenitorum
1162 4816 1402 4914 descriptorum
1443 4820 1478 4891 in
1510 4819 1633 4893 coelis:
1664 4806 1807 4911 Angeli,
1841 4809 2036 4906 Archangeli

694 4930 915 5029 Principatus,
941 4932 1145 5023 Poteststes,
1172 4933 1779 5027 Throni,1)ominationes,virmtes
1810 4933 1986 5018 coelestes,
2008 4933 2036 4995 el

696 5047 817 5121 mundo
844 5052 1034 5147 superiores
1062 5053 1230 5125 exercitus
1262 5051 1371 5144 coeli,
1401 5049 1579 5126 Cherubim
1610 5048 1728 5147 quibus
1763 5049 1851 5126 oculi
1882 5047 1981 5137 multi,
2007 5048 2036 5112 sl
