4525 6034
336 600 386 675 DE
401 598 658 677 lllURGlllRllll
675 599 929 679 utrumnum
947 600 1098 680 ORlGlllll
1110 606 1159 682 ET
1175 604 1427 695 amouimus.
1465 606 1597 679 XXVII

228 785 310 857 ferat
339 783 501 858 abnorme
534 786 577 857 de
608 785 724 859 Basilii
760 784 1061 883 Gbr'psostomiquc
1092 789 1253 882 Liturgiis
1284 791 1471 883 judicium?
1503 792 1594 867 Illius

228 900 386 974 Gmecam
422 901 589 975 invidiose
623 910 798 998 comparat
832 924 908 975 cum
950 926 992 976 ea
1033 928 1133 1000 quam
1166 905 1227 979 sub
1264 906 1385 979 eodem
1419 908 1514 982 titulo
1548 933 1595 982 ex

226 1017 363 1114 Syrima
389 1019 503 1110 lingua
531 1040 733 1090 conversam
758 1017 917 1090 Andreas
938 1018 1067 1093 Masius
1095 1020 1217 1112 edidit,
1248 1025 1343 1114 cujus
1370 1028 1593 1097 testimonirmr

226 1132 339 1223 refert,
365 1142 401 1205 ut
427 1133 584 1205 ostendat
609 1138 707 1206 istum
723 1132 890 1224 Graecae,
922 1143 1080 1230 tanquam
1098 1135 1334 1231 simpliciorem
1359 1149 1397 1209 et
1423 1144 1596 1212 vetustio-

224 1271 311 1337 rem,
351 1248 478 1321 debere
503 1247 677 1345 praeferri.
726 1250 943 1346 Quantopere
969 1251 1112 1324 blasium
1134 1277 1194 1326 sua
1211 1256 1405 1345 conjectura
1427 1252 1597 1344 lelellerit,

224 1363 345 1437 etalio
372 1365 450 1437 loco
478 1364 635 1456 diximus,
661 1373 695 1436 et
720 1369 755 1436 in
778 1364 1034 1440 Commentariis
1062 1367 1105 1440 ad
1129 1368 1301 1461 Litmgias
1329 1370 1492 1466 Syriacas
1519 1374 1595 1442 sin-

179 1543 191 1559 .
222 1480 379 1572 gulariter
405 1502 625 1577 exponemus.
652 1481 742 1552 Inter
767 1481 887 1555 multas
916 1505 999 1576 quas
1030 1482 1155 1555 babent
1180 1484 1272 1581 Syri,
1299 1484 1425 1557 Basilio
1459 1484 1595 1556 adscri-

221 1606 306 1691 ptam
332 1596 455 1668 nullum
483 1604 684 1695 agnoscunt,
709 1606 746 1668 ut
770 1606 863 1693 patet
890 1621 936 1669 ex
962 1598 1071 1672 multis
1109 1604 1255 1694 optimae
1280 1609 1383 1671 notae
1411 1600 1593 1673 codicibus.

219 1711 375 1805 laquem
401 1709 529 1784 Masius
557 1711 807 1806 interpretando
836 1724 971 1786 secunus
998 1724 1062 1806 est,
1090 1739 1111 1786 a
1139 1715 1283 1809 quodam
1311 1715 1444 1787 advena
1462 1716 1594 1789 Sacer-

221 1825 295 1899 dote
321 1836 494 1923 acceptus,
521 1827 641 1917 nullas,
669 1850 752 1922 quas
779 1831 853 1922 ipse
879 1829 1065 1923 protulerit,
1093 1834 1295 1924 antiquitatis
1312 1840 1411 1903 notas
1437 1830 1592 1903 babebat.

218 1942 317 2035 Igitur
343 1963 412 2013 non
437 1941 562 2015 frustra
593 1945 757 2037 suspicari
788 1965 967 2038 possumus
994 1944 1083 2016 idem
1111 1945 1153 2016 de
1174 1950 1263 2035 ista,
1298 1944 1388 2040 quod
1422 1942 1465 2016 de
1499 1946 1592 2018 Petri

219 2057 349 2130 Graeca
367 2057 539 2149 'Liturgim
567 2079 651 2151 opus
677 2056 783 2130 fuisse
809 2058 890 2154 Syri
917 2064 973 2154 qui
1009 2059 1153 2155 aliquam
1180 2059 1316 2133 alterius
1349 2058 1431 2131 tituli
1465 2059 1593 2135 Basilio

217 2177 434 2269 inscripserit,
461 2182 496 2244 et
521 2172 672 2244 fraudem
700 2173 811 2246 blasio
838 2172 968 2266 lecerit,
995 2180 1072 2249 viro
1100 2175 1308 2266 doctissimo,
1342 2175 1403 2249 sed
1430 2179 1464 2246 in
1489 2179 1592 2251 rebus

185 2330 189 2334 -
218 2288 433 2361 Orientalium
457 2287 711 2361 'Ecclesiasticis
746 2310 814 2362 non
850 2294 931 2364 satis
966 2296 1171 2364 exercitato:
1208 2291 1332 2365 similes
1367 2293 1490 2387 quippe
1523 2313 1592 2364 co-

218 2403 309 2478 dices
344 2405 466 2477 multos
498 2405 642 2478 vidimus
677 2406 719 2478 ab
757 2405 898 2502 advenis
932 2405 1158 2481 Orientalibus
1191 2406 1286 2480 salsis
1322 2408 1591 2502 inscriptionibus

218 2530 362 2594 ornatos.
402 2520 584 2592 Praeterea
617 2542 684 2591 non
716 2524 824 2594 minus
850 2520 1069 2596 hallucinatus
1097 2533 1150 2596 est
1175 2523 1303 2595 blasius
1337 2526 1372 2593 in
1405 2545 1592 2618 compara-

216 2639 303 2707 tione
332 2634 488 2707 Graecae
526 2657 599 2707 cum
627 2635 772 2732 Syriaca
805 2636 991 2730 biturgiae,
1026 2639 1102 2709 dum
1129 2640 1330 2711 brevitatem
1369 2641 1463 2711 istius
1498 2642 1590 2709 anti-

217 2754 346 2844 quitatis
374 2750 529 2823 indicium
557 2774 635 2822 esse
658 2751 831 2842 judicavit.
879 2752 966 2825 Nam
993 2776 1091 2849 quam
1117 2758 1282 2847 integram
1307 2753 1414 2827 luisse
1441 2753 1591 2844 credidit,

214 2865 364 2959 Litmgia
391 2866 549 2962 Syriaca,
576 2866 618 2938 ab
648 2866 764 2939 osculo
791 2870 886 2963 pacis
913 2872 1038 2964 incipit,
1065 2880 1166 2965 atquc
1182 2871 1268 2942 adeo
1295 2869 1437 2941 mediam
1464 2880 1589 2941 tantum

214 2991 340 3077 partem
368 2980 470 3053 oflicii
495 2981 609 3070 habet,
637 2981 725 3076 quod
751 2986 784 3053 in
812 2983 945 3056 Graeca
972 2989 1137 3076 integrum
1165 2995 1232 3058 est:
1261 3009 1347 3080 quae
1383 2984 1493 3057 omnia
1520 2983 1589 3055 Ri-

214 3107 293 3170 veto
320 3096 467 3169 inaudita
495 3106 599 3168 erant.

315 3213 499 3286 Praeterea
533 3234 609 3283 cum
645 3210 811 3284 Graecam
845 3213 980 3305 Basilii,
1007 3223 1043 3286 ut
1074 3213 1213 3287 alteram
1250 3215 1485 3313 Chrysostomi
1518 3220 1587 3288 im·
1618 3228 1804 3298 Argumentum
1821 3247 1913 3285 exva-

213 3339 339 3423 pugnat
373 3349 420 3398 ex
453 3330 617 3399 varietate
650 3327 911 3422 exemplarium,
946 3329 1034 3401 idem
1066 3334 1200 3403 omnino
1234 3337 1421 3423 committit,
1456 3356 1497 3405 ao
1533 3334 1588 3427 qui
1602 3318 1694 3454 {³}ssoe
1730 3317 1912 3386 ‘¹⁰⁰¹P¹⁸‘⁵¹¹¹¹¹

214 3442 461 3536 Gregorianum
488 3442 673 3531 Cononem,
701 3466 767 3537 quo
794 3443 899 3536 vulgo
928 3448 1067 3535 utimur,
1100 3450 1308 3543 suppositum
1339 3446 1445 3520 fuisse
1472 3449 1589 3541 vellet,
1614 3418 1684 3454 ure.

214 3558 302 3654 quod
342 3562 375 3629 in
409 3561 514 3631 vanis
546 3558 719 3630 codicibus
756 3570 947 3631 sanctorum
974 3565 1130 3653 nomina,
1163 3563 1415 3659 Imperatorum,
1441 3564 1588 3659 Regum,

213 3687 267 3747 aut
292 3673 552 3771 Episcoporum,
581 3678 636 3769 qui
663 3677 772 3745 serius
795 3679 955 3747 vixemmt
981 3681 1199 3772 reperiantur.
1226 3677 1375 3773 Utraque
1402 3679 1470 3769 illa,
1499 3682 1588 3776 quod

213 3802 308 3864 extra
337 3788 471 3862 dubium
498 3800 562 3878 est,
589 3800 768 3885 usurpatur
794 3794 827 3861 in
856 3790 988 3863 Graeca
1015 3791 1170 3865 Ecclesia
1198 3795 1240 3866 ab
1275 3799 1370 3871 annis
1396 3794 1471 3890 plus
1498 3796 1588 3870 mille

212 3903 379 3978 ducentis:
407 3916 507 4000 atque
534 3904 611 3976 inde
638 3908 802 3996 originem
829 3904 1016 3979 babuerunt
1048 3908 1146 3980 leves
1179 3909 1303 4004 aliquot
1330 3910 1587 4007 discrepantiae,

210 4021 243 4090 in
268 4021 427 4116 precibus
454 4022 731 4116 praeparatoriis,
759 4031 816 4091 aut
842 4025 875 4092 in
903 4022 976 4096 aliis
1004 4024 1221 4122 orationibus.
1262 4026 1435 4111 Quaedam
1462 4051 1587 4102 exem-

210 4135 315 4230 plaria
344 4137 611 4210 caeremoniales
638 4137 790 4209 rubricas
818 4135 953 4227 babent,
981 4161 1074 4233 quae.
1094 4143 1127 4210 in
1155 4140 1228 4213 aliis
1263 4164 1331 4214 non
1357 4147 1584 4238 reperiuntur:

211 4262 243 4323 at
270 4251 411 4344 abcujus
438 4257 596 4324 momenti
622 4250 802 4325 discrimen
828 4256 863 4323 in
891 4253 955 4326 illis
983 4255 1134 4350 partibus
1162 4279 1249 4350 quae
1272 4257 1444 4330 Cononem
1465 4282 1586 4333 sacrae

211 4370 352 4439 actionis
380 4372 596 4458 constituunt,
621 4391 689 4441 non
715 4371 891 4463 reperitur.
938 4368 1024 4454 Quid
1052 4375 1139 4442 emm
1167 4376 1196 4444 si
1222 4375 1256 4443 in
1282 4396 1400 4468 pamm
1427 4384 1585 4446 accurate

211 4486 368 4580 scriptum
404 4483 557 4555 codicem
588 4482 751 4556 Erasmus
785 4483 910 4573 incidit,
943 4495 1000 4555 aut
1030 4489 1060 4557 is
1098 4490 1152 4581 qui
1189 4492 1312 4582 primus
1351 4511 1426 4559 eam
1464 4488 1585 4562 Latine

209 4597 373 4673 transtulit
399 4599 466 4671 alio
493 4622 573 4672 usus
602 4600 683 4673 est?
709 4600 787 4672 Non
814 4621 860 4670 ex
887 4598 1007 4672 talibus
1035 4603 1283 4697 exemplaribus
1315 4602 1481 4698 petendae
1508 4615 1585 4676 sunt

209 4710 322 4785 Basilii
350 4725 384 4785 et
410 4714 647 4811 chrysostomi
663 4716 850 4808 liturgiae,
878 4713 938 4787 sed
959 4738 1005 4787 ex
1028 4713 1248 4808 Graecarum,
1276 4741 1362 4813 quae
1380 4718 1452 4792 ibis
1479 4731 1583 4792 utun-

210 4836 277 4919 tur,
319 4827 549 4905 Ecclesiarum
591 4816 781 4919 tabulariis3
827 4853 903 4901 cum
938 4835 1008 4906 etsi
1041 4843 1234 4905 sanctorum
1275 4832 1407 4905 illorum
1449 4840 1583 4909 nomina

209 4943 417 5037 praeierant,
452 4945 630 5020 Ecclesiae
666 4970 800 5044 quoque
828 4944 1002 5037 Graecae,
1037 4970 1123 5042 quae
1157 4946 1222 5019 illis
1256 4947 1299 5021 ad
1332 4948 1449 5022 altaria
1483 4957 1584 5024 utitur

210 5064 405 5134 sententiam
433 5072 468 5135 et
493 5064 601 5137 verba
629 5068 828 5139 contineant.
855 5062 913 5134 At
930 5084 1017 5157 quae
1031 5067 1215 5138 varicmtes
1244 5069 1430 5161 scripturae
1456 5070 1489 5138 in
1516 5088 1584 5139 eo·
1647 5128 1649 5137 .

1314 5181 1339 5251 4
1352 5181 1374 5222 st
