4525 6034
584 623 636 699 lb
653 622 859 700 thUllGlAll
875 621 1068 700 obruerit
1084 623 1114 700 S.
1130 624 1276 700 BASlhll.
1545 623 1617 698 185

245 808 364 868 sionem
386 808 506 886 penitus
529 808 733 887 sustulerunt,
756 815 788 870 ut
812 807 907 871 fusius
930 807 1000 870 alibi
1023 808 1193 890 expositum
1220 816 1282 871 est:
1307 817 1338 872 et
1360 809 1411 871 illo
1433 807 1621 872 Alexandri-

244 923 314 966 nam
337 905 440 967 sedem
464 915 650 988 occupante,
673 906 802 969 hlichael
825 908 1024 970 Damiateusis
1054 907 1230 989 opuseulum
1261 907 1487 970 insulsissimum
1517 907 1619 987 edidit,

244 1004 330 1085 quod
359 1011 457 1067 tamen
484 1026 524 1068 ex
554 1015 639 1088 parte
673 1014 827 1068 servatum
857 1013 904 1067 est
939 1007 969 1067 in
998 1006 1186 1069 Collectioue
1218 1007 1372 1070 Canonum
1401 1006 1619 1086 Alexandrina,

241 1103 445 1186 laudaturque
468 1106 505 1167 ah
528 1105 726 1183 Ahulhireat,
750 1114 780 1167 et
801 1105 919 1168 Autore
943 1104 1094 1167 scientiae
1116 1106 1359 1169 Ecclesiastieae.
1404 1105 1523 1169 Summa
1544 1124 1620 1169 vero

241 1220 347 1266 novae
370 1203 450 1266 illius
472 1203 628 1267 doctrinae
650 1204 726 1266 haec
748 1203 821 1283 luit,
846 1203 996 1267 Christum
1018 1206 1153 1267 vetuisse
1175 1223 1214 1266 ne
1237 1208 1397 1288 magistros
1424 1204 1511 1267 nohis
1542 1223 1621 1267 con-

242 1305 440 1366 stitueremus
463 1312 706 1384 superterram,
730 1321 797 1366 cum
819 1321 897 1365 unus
921 1304 986 1383 ipse
1009 1305 1048 1366 sit
1070 1304 1215 1387 magister
1226 1312 1347 1368 noster:
1370 1324 1470 1386 neque
1487 1305 1621 1368 hlarcum

242 1403 406 1466 Ecclesiae
428 1402 655 1466 Alexandrinae
678 1401 888 1480 fundatorem,
917 1403 1014 1465 simile
1043 1403 1203 1485 quidquam
1233 1404 1406 1467 instituisse.
1451 1405 1620 1483 Mennim,

241 1503 368 1584 vulgari
389 1504 469 1564 inter
492 1502 677 1566 Christianos
692 1501 864 1585 Aegyptios
886 1520 958 1579 usu,
983 1501 1177 1565 Sacerdotem
1201 1520 1219 1564 a
1241 1504 1426 1584 poenitentia
1456 1521 1511 1565 seu
1535 1500 1621 1565 Con-

240 1601 431 1664 lessionibus
453 1600 621 1685 significat,
644 1621 733 1683 quem
756 1602 864 1664 Graeci
891 1593 1119 1679 Πνευματικόν
1147 1609 1267 1664 vocant.
1328 1600 1404 1675 Ouia
1434 1620 1528 1683 porro
1558 1621 1621 1665 vox

242 1700 356 1762 eadem
379 1702 409 1762 in
430 1697 561 1763 Arabica
583 1700 743 1784 Evangelii
766 1702 907 1763 versione
938 1708 1123 1782 usurpatur,
1154 1701 1210 1764 alia
1240 1703 1360 1765 omnino
1390 1701 1620 1784 significatione,

241 1818 283 1861 ex
309 1790 491 1881 ὁμωνυμίᾳ,
514 1800 689 1880 praeclarus
718 1800 767 1863 ille
784 1801 892 1864 doctor
914 1809 1123 1882 argumentum
1152 1801 1351 1863 firmissimum
1378 1791 1498 1864 haberi'
1513 1801 1622 1863 existi·

240 1902 360 1977 mavit,
383 1899 421 1961 ad
445 1899 639 1961 evertendam
661 1899 905 1981 poenitentialem
928 1918 1045 1964 omnem
1069 1900 1265 1981 disciplinam.
1293 1899 1428 1981 Cumque
1450 1899 1621 1977 favitorum,

240 2009 275 2063 ut
301 1999 375 2063 olim
398 1998 509 2061 dictum
532 2005 595 2077 est,
623 2000 695 2101 sqtis
717 1999 844 2076 haheat,
868 2000 918 2081 qui
940 2009 1025 2062 reete
1048 1999 1135 2077 iacit,
1163 1999 1267 2081 plures
1290 1998 1387 2061 adhuc
1410 2000 1539 2078 hahent,
1571 1999 1622 2079 qui

240 2099 461 2182 peccatoribus
484 2097 561 2159 male
583 2098 760 2179 palpantur:
784 2107 815 2161 et
838 2118 912 2161 sane
935 2099 1042 2162 multos
1065 2099 1236 2162 habuerunt
1259 2098 1366 2162 nelarii
1388 2098 1431 2161 illi
1450 2099 1620 2175 Antistites,

240 2219 347 2282 neque
370 2201 449 2261 enim
472 2214 561 2261 error
583 2197 634 2259 ille
657 2197 745 2278 plane
769 2197 904 2261 sublatus
935 2207 990 2260 est.
1043 2197 1104 2261 Sed
1134 2197 1172 2261 de
1202 2199 1250 2262 illa
1282 2199 1475 2261 innovatione
1504 2196 1622 2260 dicetur

242 2301 336 2376 alibi;
361 2300 471 2380 etjam
494 2297 636 2359 nonnulla
660 2296 738 2360 dicta
762 2299 885 2360 suntin
908 2297 1040 2360 llistoria
1062 2298 1265 2363 Patriarchali.
1310 2297 1414 2380 ltaque
1436 2317 1477 2360 ex
1491 2298 1621 2378 pessima

240 2399 293 2461 illa
318 2398 505 2461 institutione
529 2398 611 2469 multi
633 2399 807 2460 existimare
831 2405 1010 2481 coeperunt,
1034 2397 1175 2461 sufficere
1195 2398 1232 2461 ad
1247 2399 1396 2478 expianda
1416 2405 1554 2478 peccata,
1576 2404 1620 2474 ut,

138 2504 139 2507 ’
242 2516 315 2560 cum
338 2495 490 2561 Sacerdos
513 2495 695 2558 thuribulum
718 2496 944 2575 circumferret,
967 2497 1241 2578 inclamareturque
1264 2517 1280 2560 a
1304 2497 1419 2579 populo
1433 2497 1527 2580 limite
1546 2498 1622 2559 elei·

241 2617 313 2669 son,
332 2597 537 2678 adjicerentur
550 2595 625 2658 haee
647 2597 742 2658 verba
765 2604 834 2677 post
856 2595 946 2676 illud,
969 2595 1098 2658 Domine
1119 2599 1265 2658 miserere
1289 2596 1369 2677 quod
1385 2596 1517 2659 Arabice
1541 2614 1620 2677 quo-

241 2716 304 2777 que
328 2696 438 2757 dicitur
459 2694 619 2757 multoties.
665 2695 792 2775 Suscipe
813 2695 942 2757 Domine
969 2696 1027 2758 hoc
1054 2697 1226 2774 incensum,
1256 2697 1337 2777 qnod
1363 2695 1489 2778 offermr
1517 2697 1573 2759 tibi
1599 2717 1621 2759 u

240 2794 414 2857 Sacerdote
436 2801 486 2855 tuo
505 2813 565 2874 pro
584 2796 865 2874 peccatisnostris.
896 2794 980 2857 Tunc
1003 2796 1211 2876 unusquisque
1234 2797 1332 2858 animo
1356 2797 1519 2859 revolvens
1541 2814 1620 2876 pee-

243 2901 315 2954 cata
338 2910 408 2970 sua,
432 2911 469 2954 ea
492 2902 613 2956 secreto
635 2911 738 2956 coram
760 2894 826 2957 Deo
850 2894 1064 2972 confitebatur,
1088 2902 1179 2976 atque
1202 2896 1242 2957 ita
1266 2894 1317 2957 illa
1332 2896 1390 2958 sibi
1404 2896 1513 2958 remitti
1527 2895 1618 2957 stulte

241 2992 465 3057 existimabant.
510 2991 616 3074 Neque
640 2992 700 3055 illic
723 2996 857 3056 constitit
877 2995 1070 3074 superstitio:
1093 2992 1149 3056 sed
1171 2994 1290 3056 tandem
1312 2993 1433 3058 luerunt
1453 2996 1503 3076 qui
1518 2995 1618 3075 posito

242 3110 351 3156 eoram
372 3110 407 3154 se
438 3092 588 3155 thuribulo
616 3092 711 3170 domi,
743 3091 857 3174 ahsque
886 3093 1058 3156 Sacerdotis
1084 3095 1269 3174 ministerio,
1297 3093 1365 3157 thus
1393 3095 1560 3178 injicientes
1588 3100 1620 3155 et

241 3192 329 3255 fumo
352 3200 477 3273 peecata
500 3211 556 3255 sua
585 3193 863 3271 immurmurantes,
893 3192 944 3255 illa
972 3192 1028 3256 sihi
1055 3193 1145 3274 plene
1173 3194 1298 3256 remissa
1327 3194 1502 3257 crederent:
1537 3191 1618 3274 quod

241 3292 281 3355 ab
306 3290 505 3372 Aethiopibus
533 3291 644 3355 iactum
669 3300 801 3355 testatur
829 3291 1002 3370 Ahuselah,
1037 3300 1068 3356 et
1097 3312 1114 3355 a
1144 3274 1333 3357 Nestorianis
1360 3292 1617 3357 hlalaharensihus

239 3390 378 3453 Historia
400 3390 502 3455 Alexii
523 3392 649 3455 Menesii
672 3391 801 3454 Goensis
822 3391 1065 3474 Archiepiscopi.
1088 3392 1172 3455 lllam
1192 3391 1318 3455 brevem
1340 3392 1494 3456 formulam
1518 3410 1618 3477 agno-

242 3490 353 3554 scendi
374 3510 409 3554 se
430 3500 609 3572 peccatores
632 3509 735 3554 coram
756 3490 840 3570 Deo,
864 3490 1091 3570 Confessionem
1112 3500 1316 3569 vocaverunt;
1347 3491 1386 3554 de
1408 3509 1467 3573 qua
1489 3491 1617 3574 intelligi

241 3598 368 3671 oportet
390 3609 468 3671 quae
491 3600 657 3673 sequuntur
678 3592 737 3655 hoc
758 3591 827 3654 loco
856 3597 916 3652 tam
943 3593 975 3653 iu
996 3590 1106 3654 Rituali
1129 3590 1295 3669 Gabrielis,
1329 3609 1418 3673 quam
1445 3591 1475 3653 in
1504 3589 1617 3654 Codice

240 3688 344 3771 Regio
365 3692 543 3771 recentiori,
566 3692 597 3754 in
619 3709 679 3773 quo
701 3692 778 3755 ritus
801 3699 943 3754 accurate
976 3691 1235 3773 praescribuntur.
1280 3692 1351 3754 Post
1377 3690 1618 3755 benedictionem

242 3787 281 3849 ad
307 3788 389 3851 Pauli
411 3790 611 3871 Epistularum
633 3791 809 3871 lectionem,
842 3793 975 3854 occurrit
1004 3792 1079 3853 haec
1107 3790 1238 3853 rubrica.
1292 3791 1455 3872 Postquam
1488 3793 1621 3872 suscepit

240 3888 401 3952 Sacerdos
424 3890 650 3970 Confessionem
668 3893 790 3972 popuii,
811 3894 948 3972 reditque
965 3910 1032 3953 eum
1054 3893 1196 3967 incenso,
1224 3892 1363 3952 escendit
1383 3892 1426 3953 ad
1446 3892 1560 3968 adare,
1590 3899 1621 3954 et

243 4006 413 4050 convenis
440 3988 483 4049 ad
510 3988 679 4067 Orientem,
707 3994 790 4055 dicit.
840 3991 924 4053 Deris
950 3992 1003 4071 qni
1030 3991 1191 4069 suscepisti
1219 3988 1446 4068 Cortfcssionem
1473 3989 1619 4054 Latronis

243 4106 340 4166 super
362 4085 488 4148 Cnrcem
507 4089 692 4169 pluriorem,
721 4093 841 4171 suscipe
862 4092 905 4153 ad
933 4098 962 4151 te
992 4087 1218 4168 Confessionem
1243 4091 1350 4170 populi
1377 4091 1437 4168 tui,
1467 4098 1498 4152 et
1520 4109 1618 4170 perce

242 4188 308 4247 illis
331 4189 431 4248 omine
447 4196 579 4267 peccato
600 4209 720 4266 eornm,
739 4197 867 4271 propter
886 4209 995 4252 nomen
1016 4196 1098 4251 mum
1119 4196 1257 4250 sanetum
1279 4190 1360 4269 qnod
1376 4191 1548 4252 invocatum
1572 4197 1618 4250 est

243 4306 340 4366 super
362 4306 423 4351 eos.
467 4289 562 4352 Porro
585 4289 661 4352 haec
682 4289 853 4354 benedictio
875 4307 936 4353 non
958 4289 1070 4373 legitur
1093 4290 1122 4350 in
1140 4288 1356 4370 antiquioribus
1370 4289 1535 4366 codicibus,
1557 4305 1617 4348 ne-

243 4404 307 4467 qne
330 4386 414 4449 istius
436 4385 642 4453 Confessionis
665 4391 777 4454 mentio
799 4391 831 4452 in
852 4389 909 4452 illis
933 4396 988 4452 cst.
1033 4387 1108 4452 Cum
1135 4396 1235 4451 tamen
1261 4388 1340 4452 illius
1362 4388 1530 4451 meminerit
1557 4387 1617 4449 hli-

244 4485 336 4549 chael
358 4486 555 4551 Damiatensis
585 4492 635 4571 qui
666 4491 723 4553 sub
746 4490 850 4554 hlarco
879 4490 940 4553 lilio
964 4490 1077 4551 Zaraae
1108 4487 1261 4552 scrihebat
1283 4504 1361 4550 anno
1385 4489 1509 4550 circiter
1529 4486 1556 4550 J.
1580 4485 1615 4552 C.

245 4584 343 4648 1171.
367 4588 516 4668 antiquam
538 4590 782 4671 superstitionem
805 4608 875 4652 esse
897 4596 1037 4670 oportet:
1066 4589 1120 4651 sed
1150 4588 1242 4651 nihilo
1265 4589 1361 4650 minus
1391 4606 1408 4649 a
1441 4588 1539 4649 veteri
1568 4585 1617 4647 di-

244 4685 373 4767 sciplina
396 4688 458 4750 abit
479 4688 664 4770 longissime.
709 4688 844 4751 Rituales
868 4707 988 4770 quoque
1011 4689 1138 4751 vetustis
1165 4688 1280 4770 aliquot
1309 4686 1531 4766 exemplaribus
1560 4684 1617 4746 ad-

184 4865 188 4877 ,
240 4786 341 4867 juncti
363 4786 442 4849 illius
465 4806 526 4850 non
548 4790 756 4853 meminerunt.

332 4885 504 4969 Antequam
532 4890 588 4951 ista
622 4889 661 4952 de
689 4889 775 4952 thure
805 4896 876 4951 note
905 4888 1041 4963 liniatur,
1071 4885 1297 4949 observabimus
1326 4884 1405 4967 apud
1428 4882 1563 4964 Coptitas
1585 4891 1616 4946 et
1689 4899 1772 4961 Quale
1807 4904 1937 4957 incenium

247 4984 324 5046 alios
345 4984 440 5050 ferme
463 5006 568 5052 omnes
591 4987 761 5052 Orientales
785 4987 989 5067 Christianos,
1017 4985 1112 5049 thuris
1141 4985 1211 5048 loco
1240 4984 1350 5048 diversi
1377 4984 1501 5068 generis
1529 4983 1616 5046 suih-
1628 4996 1753 5055 usurpent
1767 4985 1919 5042 Orientales.

249 5092 349 5147 menta
372 5086 526 5169 adhiberi,
550 5089 656 5171 quihus
679 5088 749 5151 illae
777 5095 886 5172 gentes
913 5104 1098 5171 magnopere
1128 5084 1327 5149 delectantur:
1357 5086 1534 5166 praesertim
1564 5082 1615 5146 uhi

1337 5200 1411 5276 39*
