4525 6034
543 608 747 691 memsuis
773 611 1038 690 PATRIARGHAE
1064 613 1304 692 ANTIOCHENI.
1532 615 1607 694 2141

234 797 499 870 misericordiam
530 805 620 870 tuam
653 799 796 889 ignosce
829 794 928 887 mibi,
960 807 996 871 et
1026 821 1088 895 per
1127 798 1338 876 dementiam
1369 810 1459 873 mam
1489 804 1613 878 munda

231 933 305 983 ma:
333 922 433 1008 atquc
459 912 646 987 oblationes
672 915 755 986 istas
783 913 954 986 senonica
980 913 1226 1011 perspiritum
1253 925 1343 990 mum
1370 928 1531 1006 sanetum,
1553 924 1611 1015 qui

235 1026 384 1121 neutralis
411 1040 463 1102 est
488 1026 547 1100 tibi
571 1029 666 1101 Deus
692 1029 804 1117 Pater,
830 1037 866 1100 et
891 1028 976 1103 Filio
1003 1039 1060 1103 tuo
1088 1033 1272 1123 unigenito,
1299 1031 1481 1106 secundum
1514 1034 1610 1107 divi-

231 1144 385 1230 nitatem,
414 1142 651 1231 snbstantiam,
686 1152 838 1216 naturam
871 1153 905 1215 et
937 1144 1205 1220 dominationem.
1257 1146 1336 1243 Ipse
1370 1147 1539 1239 adveniat,
1575 1160 1610 1224 ct

107 1246 118 1257 ’
231 1255 404 1347 illabatur,
446 1267 481 1330 et
514 1280 576 1355 per
608 1256 895 1332 obumbrationem
930 1281 1046 1347 mam,
1077 1260 1229 1357 perficiat
1261 1262 1347 1335 haec
1385 1274 1607 1356 sacramenta,

230 1394 356 1468 corpus
386 1385 423 1446 et
454 1375 652 1467 sangrum
683 1375 845 1466 unigeniti
879 1373 954 1450 Filii
979 1377 1042 1462 tui,
1079 1386 1113 1448 et
1146 1399 1209 1473 par
1234 1399 1277 1450 ea
1302 1379 1447 1454 Domine
1471 1382 1607 1457 veniam
1658 1365 1666 1378 ⁸

229 1498 455 1584 consequautr
480 1510 569 1581 grex
594 1497 669 1563 tuus
696 1487 863 1585 spiritalis.

335 1605 525 1676 Diacomtr.
578 1602 692 1678 Orate.

333 1718 520 1791 Sacerdos.
572 1717 706 1794 Exaudi
732 1742 796 1793 nae.

336 1834 497 1928 Populea
548 1834 655 1931 Kyrie
682 1835 822 1910 eleison.

334 1949 511 2021 Medos
534 1950 674 2024 eloam
698 1973 825 2022 aaran.
877 1949 995 2023 Viator
1021 1958 1056 2023 et
1080 1953 1257 2026 victoriam
1288 1962 1486 2047 praestans,
1519 1974 1604 2027 sau-

231 2072 304 2135 ctm
339 2073 373 2136 at
408 2064 633 2138 sanctificator
666 2065 809 2162 Spiritus
845 2076 993 2154 sanctus,
1026 2069 1100 2162 ipse
1135 2090 1197 2163 per
1229 2065 1536 2158 obumbrationem,
1571 2079 1606 2141 et

231 2177 382 2274 illapsum
409 2202 516 2270 suum,
542 2203 663 2276 panem
690 2181 822 2276 quidem
847 2185 947 2255 istum
971 2180 1073 2258 iaciat
1099 2204 1223 2279 corpus
1247 2181 1370 2260 Christi
1398 2184 1461 2255 Dei
1486 2185 1603 2258 nostri.

264 2367 270 2386 ,
334 2296 498 2389 Papulae.
550 2297 671 2368 Amen.

334 2409 519 2483 aaaron.
571 2410 616 2483 ua
652 2410 790 2488 cuam
830 2411 936 2503 nunc,
976 2414 1174 2506 sanguen
1214 2410 1338 2486 cusa
1374 2413 1460 2503 nor,
1497 2396 1604 2495 Reae

230 2529 346 2599 nostn‘.

330 2641 496 2735 Popata.
548 2641 669 2718 Amen.

332 2756 518 2828 Sacerdos.
571 2756 615 2829 Ut
648 2755 801 2831 omnibus
835 2779 877 2830 ea
911 2755 1171 2853 accipientibus,
1204 2766 1239 2829 et
1273 2755 1602 2845 communiaaadbus,

227 2873 294 2945 sint
319 2873 440 2968 pignus
467 2871 583 2946 salutis
611 2872 783 2946 advitam
810 2881 990 2946 aeternam.

329 2987 495 3080 Populus.
544 2989 667 3063 Amen.

331 3099 508 3174 &cnam
541 3103 734 3176 indicatae.
786 3102 971 3198 Propterea
1007 3103 1177 3178 oderimus
1211 3101 1270 3175 tibi
1309 3101 1507 3176 sacrificium
1539 3101 1605 3175 boc

229 3217 412 3313 spirituale,
439 3217 621 3291 secundnm
648 3216 831 3292 doctrinam
856 3218 992 3290 Domini
1017 3221 1142 3306 nostri,
1168 3237 1231 3313 pro
1258 3219 1418 3292 universa
1448 3215 1604 3291 Ecclesia

229 3342 356 3420 sancta,
382 3353 445 3428 pro
471 3333 669 3408 Pastoribus
695 3332 915 3423 orthodoxis,
942 3336 999 3426 qui
1024 3331 1217 3428 pascendae
1242 3330 1353 3408 eidem
1377 3342 1513 3422 vacam,
1540 3354 1604 3428 pro

227 3445 380 3540 Regibus
406 3446 579 3536 fidelibus,
612 3471 675 3545 pro
703 3450 894 3522 cassatione
920 3446 1104 3536 bellorum,
1143 3469 1206 3542 pro
1233 3449 1442 3544 peregrinis,
1475 3456 1510 3516 et
1535 3444 1604 3517 ad-

228 3566 339 3652 venis,
366 3572 401 3635 et
425 3584 489 3659 pro
518 3563 672 3637 omnibus
698 3563 763 3637 illis
790 3566 847 3657 qui
871 3566 1031 3636 invocant
1056 3584 1180 3636 nomen
1207 3572 1297 3636 tuum
1323 3571 1483 3650 sancum,
1510 3561 1603 3633 Deus

227 3688 355 3768 noster,
381 3688 417 3750 ut
443 3676 644 3769 adjuventur
675 3701 736 3776 per
768 3680 910 3771 gratiam
944 3689 1053 3767 tuam,
1087 3689 1122 3752 et
1153 3680 1330 3753 visitentur
1361 3699 1423 3773 par
1455 3679 1603 3752 misera-

227 3797 353 3867 tionem
379 3803 479 3866 tuam

331 3908 484 3980 Blesum
515 3930 641 3980 cacan.
689 3904 829 3981 Robora
855 3915 890 3979 et
915 3906 1088 3997 confirma,
1113 3908 1271 3996 Domine,
1297 3905 1488 3982 Ecclesiam
1513 3915 1603 3979 mam

228 4034 378 4097 sanctam
412 4046 511 4118 quam
544 4025 750 4119 acquisivisti
785 4045 831 4095 ex
857 4020 1037 4114 gentibus,
1072 4030 1107 4094 at
1142 4021 1282 4098 salvasti
1313 4045 1375 4119 per
1407 4025 1603 4114 sanguinem

226 4141 388 4231 unigeniti
413 4138 489 4210 Filii
514 4141 570 4210 tui.
624 4140 814 4211 Praeserva
841 4160 916 4211 eam
944 4135 986 4209 ab
1014 4135 1166 4212 omnibus
1189 4138 1386 4214 haeresibus
1412 4139 1602 4234 perversis:

229 4253 361 4349 depelle
388 4250 430 4327 ab
459 4275 500 4325 ea
526 4251 641 4328 bostas
669 4252 821 4327 occultos
848 4264 883 4326 et
908 4250 1119 4328 manifestos:
1147 4274 1327 4349 compesce
1354 4253 1396 4327 ab
1416 4275 1460 4326 aa
1486 4255 1603 4343 virgas

230 4391 346 4443 omnes
372 4367 495 4443 furoris
522 4378 557 4440 et
581 4366 813 4457 rebellionum,
839 4370 939 4440 visita
967 4390 1042 4440 eam
1068 4389 1131 4463 par
1157 4370 1299 4461 gratiam
1325 4378 1434 4455 tuam,
1468 4377 1502 4439 et
1532 4364 1603 4438 be·

229 4484 328 4558 nodia
354 4483 442 4556 illam
469 4484 610 4557 dextera
627 4494 683 4558 tua
710 4485 944 4580 omnipotenti:
971 4482 1085 4558 habita
1111 4505 1305 4579 supeream
1330 4481 1603 4569 misericorditer,

229 4610 264 4671 et
288 4618 351 4695 per
377 4602 621 4696 protectionem
646 4601 790 4695 pomum
816 4597 943 4671 brachii
974 4602 1042 4687 tui,
1076 4608 1113 4672 ut
1143 4596 1270 4691 gaudio
1307 4597 1396 4693 quod
1431 4601 1465 4669 in
1491 4608 1524 4669 ta
1552 4606 1604 4670 est

229 4715 412 4792 afficiantur
443 4715 500 4788 dlii
532 4718 619 4808 eius,
645 4736 820 4809 romaque
845 4735 990 4803 suaves,
1022 4725 1057 4786 at
1086 4725 1203 4807 gratas
1237 4716 1420 4806 mannum
1453 4715 1603 4788 aciones

227 4829 379 4904 referant
404 4828 475 4919 tibi,
502 4839 537 4902 et
561 4829 648 4903 Filio
675 4840 732 4904 tuo
759 4832 931 4920 unigenito
957 4839 992 4902 et
1017 4829 1156 4926 Spiritui
1182 4839 1299 4904 sanato
1325 4837 1392 4902 tuo

331 4945 493 5039 Populea.
546 4946 666 5020 nmen.
