4525 6034
476 609 488 620 -
605 570 635 646 S.
670 565 864 647 tentiis
902 569 1237 647 Pntulnttdtinu.
1307 568 1310 573 ’
1528 571 1603 646 475

229 778 313 828 unus
340 757 446 842 Deus,
472 778 539 827 una
566 755 762 842 substantia,
789 776 854 826 una
881 766 1014 827 natura:
1048 779 1116 829 nou
1149 759 1236 827 enim
1268 778 1424 830 mensura
1458 757 1601 830 conclu-

105 888 114 897 ·
232 872 317 943 ditur
343 875 502 944 sanctitas
530 882 599 959 tua,
626 892 736 965 neque
762 869 861 941 linem
887 869 987 942 babet
1019 894 1113 944 mare
1140 871 1391 948 misericordiae
1426 883 1516 943 tuae:
1549 874 1605 967 qui
1715 896 1719 904 ’

230 1010 294 1082 pro
321 985 428 1057 salute
461 995 576 1058 nostra
609 987 814 1076 unigenitum
848 983 967 1056 Filium
1000 997 1089 1058 tuum
1121 989 1237 1058 misisti
1273 990 1306 1056 in
1338 987 1513 1077 mundum,
1550 991 1605 1081 qui

146 1157 152 1170 .
223 1101 378 1174 salvavit
403 1101 480 1189 no‘s,
508 1111 542 1172 et
568 1100 610 1171 ad
636 1103 738 1170 vitam
767 1099 900 1171 beatam
926 1105 1092 1173 convertit
1118 1123 1192 1174 nos,

335 1215 487 1286 Eleoone
515 1238 641 1286 oocem.
693 1215 771 1308 lpse
818 1216 904 1285 enim
942 1212 1104 1287 Dominus
1140 1224 1256 1286 noster
1295 1217 1395 1288 lesus
1437 1214 1603 1299 Christus,

232 1354 307 1403 cum
335 1352 416 1402 mox
443 1330 584 1402 luturum
612 1341 715 1417 esset,
742 1340 777 1401 ut
802 1333 990 1425 susciperet
1022 1342 1163 1403 mortem
1195 1330 1416 1403 voluntariam
1443 1353 1506 1425 pro
1533 1353 1603 1402 uo-

196 1444 282 1529 ,bis
314 1445 566 1541 peccatoribus,
598 1427 684 1541 ipse*
704 1448 834 1539 peccati
865 1465 1011 1539 expers,
1048 1448 1179 1541 accepit
1212 1468 1331 1541 panem
1359 1469 1462 1541 super
1487 1468 1605 1520 manus

231 1584 310 1634 suas
337 1570 473 1634 sanctas
501 1570 535 1631 ct
560 1558 800 1647 immaculatas,
828 1563 1028 1654 aspexitque
1055 1559 1096 1631 ad
1124 1571 1169 1648 te,
1195 1562 1290 1632 Deus
1315 1563 1429 1652 Pater,
1458 1573 1491 1634 et
1516 1584 1604 1654 gra-

232 1680 294 1748 tias
322 1698 442 1767 agcns,
468 1682 488 1757 †
516 1675 706 1762 benedixit,
733 1681 753 1756 †
780 1674 1017 1763 sanctificavit,
1044 1681 1064 1756 †
1090 1674 1210 1767 fregit,
1248 1675 1403 1770 deditque
1435 1677 1603 1772 discipulis

232 1796 300 1863 suis
327 1800 361 1862 et
386 1795 547 1885 mysterio
577 1813 639 1863 suo
666 1789 842 1877 initiandis,
869 1790 999 1860 dicens:
1032 1792 1207 1885 Accipite,
1235 1789 1430 1862 manducate
1466 1814 1512 1862 ex
1545 1813 1603 1862 eo:

230 1907 304 1979 lloc
331 1916 383 1978 est
410 1927 532 2000 corpus
559 1929 689 1995 meum,
725 1905 815 1999 quod
849 1926 913 1999 pro
941 1904 1041 1977 vobis
1069 1915 1103 1976 et
1128 1926 1191 2000 pro
1218 1904 1326 1977 multis
1360 1904 1542 1999 frangitur,
1570 1916 1604 1977 et
1642 1987 1644 1992 .

231 2021 326 2093 datur
353 2022 396 2093 ad
423 2024 646 2116 expiationem
674 2020 881 2108 delictorum,
908 2021 1138 2093 remissionem
1166 2028 1398 2114 peccatorum,
1432 2032 1466 2093 et
1502 2025 1604 2094 vitem

231 2148 410 2209 aeternam.

332 2251 494 2344 Populus.
525 2252 667 2334 Amen.

334 2366 519 2438 Sacerdos.
572 2366 622 2436 lta
655 2369 754 2437 etiam
791 2375 824 2436 et
856 2364 995 2436 calicem
1029 2387 1126 2459 quem
1163 2367 1342 2436 miscuerat
1377 2386 1423 2434 ex
1459 2366 1537 2436 vino
1571 2375 1605 2435 ct

231 2504 333 2576 aqua,
361 2486 487 2574 gratias
515 2502 634 2573 agens,
660 2487 681 2562 †
707 2479 889 2567 benedixit,
915 2486 936 2561 †
962 2478 1192 2568 sanctificavit,
1218 2485 1239 2561 †
1266 2478 1421 2572 deditque
1448 2478 1601 2573 discipu-¹

163 2657 166 2662 ,
230 2595 271 2668 lis
298 2600 366 2669 suis
393 2600 536 2686 sanctis,
569 2604 602 2666 et
630 2594 727 2667 dixit:
758 2595 821 2665 Hic
855 2604 906 2665 cst
939 2596 1076 2686 sanguis
1111 2615 1222 2664 meus:
1255 2595 1396 2688 accipite
1431 2602 1465 2664 et
1499 2592 1603 2664 bibite

231 2735 276 2783 cx
304 2733 346 2783 eo
374 2735 440 2786 vos
468 2734 602 2784 omnes:
637 2708 689 2781 bic
725 2709 899 2782 effunditur
932 2731 995 2805 pro
1029 2708 1139 2780 mundi
1175 2711 1263 2795 vita,
1298 2709 1339 2779 ad
1376 2710 1602 2804 expiationem

117 2922 125 2929 Ι
229 2825 445 2907 delictorum,
472 2830 702 2899 remissionem
729 2836 961 2923 peccatorum,
989 2836 1022 2897 et
1048 2828 1150 2898 vitam
1179 2836 1359 2897 aeternam.

333 2943 496 3037 Populos.
539 2944 670 3028 Amen.

333 3057 517 3128 Sacerdos.
559 3056 603 3131 Et
630 3059 762 3152 quaudo
788 3060 1001 3130 ministerium
1028 3055 1092 3127 boc
1118 3058 1309 3152 mysticum,
1336 3055 1514 3127 secundum
1534 3055 1603 3128 do-

230 3176 367 3244 ctrinam
395 3196 504 3244 mcam
530 3173 743 3273 perficietis,
764 3173 805 3244 ad
832 3172 973 3246 salutem
999 3174 1089 3243 vitae
1114 3179 1270 3256 vestrae,
1304 3192 1490 3265 panemque
1516 3169 1603 3243 bunc

230 3288 480 3377 manducabitis,
508 3299 541 3359 et
568 3288 707 3360 calicem
733 3283 818 3360 bunc
843 3285 977 3374 bibetis,
1004 3294 1144 3356 mortem
1167 3307 1276 3355 meam
1294 3281 1545 3372 annunciabitis,
1570 3295 1603 3355 et

227 3408 508 3476 resurrectionem
535 3426 642 3475 meam
670 3400 926 3491 confitebimini,
952 3399 1061 3472 donec
1087 3401 1230 3470 veniam.

332 3518 495 3612 Populus.
548 3516 667 3590 Mortis
694 3529 781 3606 tuae,
811 3528 874 3591 etc.

332 3634 516 3705 Sacerdos.
569 3633 664 3704 iuste
691 3643 724 3703 et
750 3630 879 3727 absque
906 3629 1071 3718 molestia,
1100 3621 1291 3700 universam
1319 3629 1603 3723 dispensationem

228 3760 316 3821 tuam
344 3750 522 3822 salutarem
549 3751 582 3817 in
610 3769 712 3819 carne
738 3769 800 3842 pro
828 3746 925 3819 nobis
952 3765 1265 3830 commemoramus,
1293 3741 1480 3814 oVerbum
1493 3741 1602 3815 Deus:

133 3949 139 3956 .
229 3874 263 3935 ct
289 3863 480 3948 adoramus,
507 3861 663 3951 Domine,
689 3864 896 3934 nativitatem
917 3871 1016 3949 tuam,
1043 3858 1267 3950 glorificamus
1286 3855 1485 3953 baptismum
1502 3867 1603 3944 tunm,

229 3979 423 4051 confitemur
449 3980 628 4071 passiones
656 3987 738 4065 tuas,
765 3975 991 4049 benedicimus
1019 3973 1220 4068 sepulturam
1244 3982 1343 4062 tuam,
1370 3972 1602 4068 praedicamus

229 4098 509 4166 resurrectionem
532 4100 630 4180 tuam,
656 4103 690 4164 et
711 4090 897 4163 exaltamus
917 4093 1150 4161 ascensionem
1166 4098 1268 4175 tuam,
1294 4098 1328 4159 ct
1343 4086 1601 4183 procumbentes

227 4211 261 4279 in
288 4207 391 4279 iacies
417 4219 552 4280 nostras
582 4231 684 4303 super
711 4217 854 4294 terram,
883 4203 1048 4275 credimus
1076 4205 1262 4274 sessionem
1288 4211 1379 4274 tuam
1406 4201 1448 4271 ad
1476 4200 1602 4271 dexte-

229 4345 298 4394 ram
327 4323 390 4394 Dei
416 4323 536 4396 Patris.
585 4324 708 4394 lterum
735 4324 834 4393 etiam
863 4319 1039 4392 adventum
1069 4329 1157 4389 tuum
1185 4317 1366 4388 secundum
1392 4336 1604 4387 commemo-

231 4459 362 4524 ramus,
400 4437 580 4510 terribilem
614 4436 724 4524 illum,
758 4435 958 4531 plenumque
992 4444 1136 4505 tremore
1170 4441 1204 4503 et
1230 4443 1378 4521 terrore,
1413 4427 1543 4524 quando
1571 4431 1605 4498 in

230 4552 337 4646 gloria
370 4555 530 4623 exoriens
565 4551 753 4624 terribiliter
783 4548 983 4646 apparebis,
1024 4549 1155 4643 quando
1183 4545 1307 4637 Angeli
1343 4570 1361 4616 a
1395 4546 1518 4637 judicio
1549 4555 1603 4613 tuo

231 4670 497 4752 contremiscent,
525 4677 559 4738 et
585 4665 788 4757 Archangeli
815 4668 939 4759 pariter
966 4671 1123 4735 trement:
1152 4662 1284 4757 quaudo
1313 4680 1428 4731 omnes
1454 4657 1604 4730 homiues

231 4786 263 4852 in
291 4782 378 4853 luctu
394 4792 440 4852 et
467 4780 584 4854 dolore
611 4783 810 4864 consistent,
845 4789 879 4850 et
912 4778 952 4850 ad
982 4777 1140 4870 judicium
1166 4773 1406 4847 formidandum
1434 4782 1467 4843 et
1494 4795 1603 4844 seve-

232 4920 304 4967 rum
332 4918 370 4967 se
396 4883 661 4992 praeparabunt:
690 4894 821 4989 quaudo
850 4892 983 4967 sedebis
1011 4915 1112 4987 super
1146 4890 1297 4962 thronum
1330 4887 1534 4976 flammeum,
1572 4894 1605 4956 et

211 5009 364 5082 'stabunt
390 5034 504 5083 coram
533 5023 566 5083 te
594 5011 705 5084 decies
732 5009 820 5079 mille
845 5007 1055 5099 Angelorum
1083 5005 1271 5101 myriades,
1305 5013 1337 5075 et
1368 5003 1486 5075 millies
1513 5000 1602 5073 mille

283 5149 369 5191 remus
385 5150 409 5190 u.
1347 5121 1396 5191 63
