4525 6034
607 593 666 669 nn
697 590 916 670 nusuoau
945 590 1213 670 urnuncmu.
1525 541 1601 669 aaa

228 773 324 839 simile
336 780 396 836 est:
419 774 485 837 sive
499 793 568 838 enm
582 794 672 858 quem
688 777 776 859 primi
797 776 877 840 illius
900 784 1004 840 sectae
1017 776 1190 855 Antistltes,
1212 782 1373 858 postquam
1395 778 1603 842 secessionem

228 874 267 937 ab
297 873 436 936 Ecclesia
465 873 618 953 lecerunt,
648 878 711 939 suis
741 875 921 958 sequacibus
951 877 1183 954 ordinaverunt,
1214 875 1296 956 quod
1325 876 1447 961 longius
1479 898 1496 942 a
1525 897 1602 942 uero

228 973 338 1037 abesse
361 972 492 1039 videtur.
535 975 611 1038 Nam
633 976 811 1040 Haereticos
834 983 970 1038 veterum
993 975 1196 1053 sacculorum,
1218 976 1245 1038 si
1268 994 1323 1040 eos
1346 979 1529 1060 excipimus,
1551 980 1604 1059 qui

228 1072 389 1136 Christiani
412 1074 471 1138 dici
492 1076 546 1137 uix
568 1083 713 1158 possunt,
740 1074 876 1138 uidemus
907 1075 1084 1158 disciplinae
1112 1073 1288 1138 adhaesisse
1308 1093 1371 1139 non
1393 1077 1490 1140 minus
1514 1095 1603 1158 quam

111 1207 117 1220 =
228 1172 442 1251 orthodoxos,
472 1176 561 1236 etiam
589 1194 656 1238 cum
684 1175 721 1238 ab
744 1175 881 1239 Ecclesia
903 1176 1101 1251 recederent,
1129 1174 1159 1237 in
1183 1173 1241 1237 illis
1263 1193 1343 1255 quae
1365 1175 1453 1240 iidem
1475 1185 1603 1259 specta-

226 1272 314 1337 bant:
333 1273 484 1355 jactantes
506 1275 623 1337 interea
645 1275 783 1338 traditam
806 1294 823 1338 a
846 1275 1007 1357 majoribus
1030 1293 1065 1337 se
1086 1273 1165 1336 illam
1187 1292 1331 1336 servare:
1355 1292 1421 1338 cum
1445 1274 1602 1339 Orthodo-

227 1390 286 1436 xos
315 1374 457 1437 novitatis
491 1383 679 1438 accusarent.
731 1375 837 1456 ltaque
868 1375 1058 1455 Nestorium,
1091 1376 1158 1437 sive
1190 1374 1302 1457 primos
1336 1376 1401 1457 ejus
1435 1376 1600 1458 discipulos

227 1490 338 1537 nonam
367 1491 523 1537 sacrorum
551 1469 677 1538 formam
707 1475 871 1538 instituisse
900 1493 961 1538 non
989 1483 1038 1538 est
1065 1474 1245 1538 verisimile:
1275 1474 1330 1537 sed
1353 1493 1411 1538 nec
1432 1477 1499 1558 ipse
1521 1476 1601 1539 illius

227 1570 384 1658 liturgiae
406 1581 494 1637 autor
516 1574 651 1653 videtur,
681 1574 753 1638 licet
782 1593 892 1638 nomen
922 1576 988 1657 ejus
1015 1573 1188 1657 praeferat,
1218 1579 1269 1636 aut
1296 1574 1337 1637 iia
1365 1575 1603 1639 existimaverint

228 1675 394 1753 scriptores
417 1673 531 1756 aliquot
555 1673 737 1754 Nestoriani,
761 1692 889 1756 qnorum
911 1675 941 1736 in
963 1673 1056 1737 rebus
1078 1673 1156 1737 adeo
1178 1680 1314 1736 remotae
1336 1675 1519 1755 antiquitatis
1542 1695 1603 1740 au-

228 1774 335 1836 toritas
363 1774 446 1839 nulla
474 1783 530 1838 est
573 1773 704 1854 Antiqua
735 1782 835 1837 mmen
864 1779 927 1850 est,
956 1781 988 1836 et
1010 1792 1048 1837 eo
1070 1773 1200 1836 maxime
1222 1774 1342 1836 nomine
1366 1775 1602 1839 commendanda

228 1872 310 1953 quod
339 1872 369 1934 in
399 1892 435 1937 ea
465 1855 612 1956 quaedam
640 1880 744 1936 extant
771 1873 884 1937 veteris
907 1869 1256 1955 Constantinopolitanae
1278 1874 1433 1956 Liturgiae
1460 1877 1601 1957 uestigia,

228 1978 261 2034 nt
283 1990 339 2036 suo
362 1972 431 2035 loco
453 1970 633 2036 notabimus.

555 2303 590 2374 2.
625 2302 667 2374 In
691 2302 813 2396 cipitia
836 2302 1027 2374 Doctorum
1054 2303 1276 2376 Graecorum.

329 2498 455 2577 Fusrun
484 2507 562 2570 diem
595 2515 690 2588 agunt
718 2507 908 2578 Nestoriani,
938 2505 1013 2570 laria
1042 2516 1130 2571 sexta
1161 2508 1355 2572 hebdomadis
1387 2511 1509 2592 quintae
1532 2520 1603 2594 post

227 2613 435 2696 Epiphaniam,
458 2611 752 2674 commemorationis
774 2610 939 2673 Doctorum
962 2611 1160 2690 Graecorum,
1183 2613 1234 2693 qui
1256 2620 1326 2675 sunt
1346 2611 1500 2677 Diodorus
1524 2615 1603 2678 'lar-

227 2716 338 2792 sensis,
361 2712 540 2777 Theodorus
562 2701 809 2794 Mopsuestenus,
831 2718 862 2774 et
874 2710 1045 2791 Nestorius,
1069 2721 1101 2774 ut
1124 2712 1266 2776 discimus
1289 2731 1330 2776 ex
1350 2712 1464 2795 insigni
1477 2714 1603 2779 Lectio-

226 2814 313 2877 nario
336 2814 472 2887 Persico,
495 2810 533 2874 ad
554 2829 641 2874 usum
654 2808 892 2875 Christianorum
903 2809 1046 2891 Persidis,
1069 2812 1120 2894 qui
1142 2829 1240 2894 prope
1263 2830 1367 2875 omnes
1380 2813 1603 2878 inNestoriana

226 2912 348 2977 haeresi
374 2921 444 2976 sunt
473 2930 490 2974 a
521 2911 619 2974 multis
649 2910 787 2973 saeculis.
831 2909 947 2993 Nempe
975 2911 1143 2974 doctrinam
1170 2911 1290 2974 illorum
1320 2911 1358 2974 de
1385 2911 1602 2978 lncarnationls

226 3013 389 3095 mysterio,
418 3020 558 3092 tanquam
580 3010 743 3092 antiquitus
765 3018 935 3092 receptam,
964 3018 1070 3075 tenere
1093 3030 1129 3075 se
1151 3012 1340 3094 profitentur.
1384 3013 1458 3076 Earn
1480 3031 1602 3096 quoque

228 3131 246 3175 a
269 3110 386 3175 duobus
415 3110 520 3193 primis
542 3109 714 3174 Nestorium
737 3109 894 3187 didicisse,
924 3129 986 3175 nou
1012 3110 1102 3176 modo
1123 3111 1287 3195 Dionysius
1310 3111 1459 3175 Barsalibi
1480 3114 1603 3195 scripsit

228 3213 261 3275 in
292 3230 388 3294 opere
418 3209 565 3274 adversus
595 3218 709 3274 sectam
738 3209 833 3288 illam,
863 3210 918 3274 sed
945 3210 995 3274 alii
1022 3213 1111 3274 etiam
1139 3212 1191 3293 qni
1212 3211 1347 3275 eamdem
1369 3211 1501 3295 professi
1523 3221 1602 3276 sunt

229 3312 365 3376 Graecos
387 3310 457 3373 illos
479 3318 607 3388 uocant,
631 3310 700 3391 quia
723 3309 840 3372 Graece
861 3310 1065 3392 scripserunt,
1094 3319 1126 3374 et
1146 3310 1315 3374 lloruerunt
1337 3315 1368 3374 in
1390 3311 1449 3374 illis
1472 3313 1604 3376 Provin-

229 3412 299 3489 ciis,
322 3411 374 3474 ubi
397 3409 514 3474 Graeca
537 3410 640 3492 lingua
661 3411 878 3491 usurpabatur:
901 3428 969 3472 curn
991 3410 1087 3492 Syros
1109 3411 1214 3474 Patres
1237 3429 1292 3473 seu
1313 3410 1464 3475 Doctores
1487 3412 1603 3493 appel-

147 3567 149 3574 .
226 3510 302 3591 lent,
326 3529 382 3575 eos
404 3511 456 3592 qul
471 3510 597 3592 Syriaca
619 3509 817 3590 scripserunt,
840 3512 906 3572 sive
928 3510 1061 3573 vinerint
1083 3510 1141 3572 sub
1162 3509 1397 3592 lmperatoribus
1414 3509 1603 3588 Christianis,

228 3611 294 3675 siue
317 3611 374 3673 sub
396 3610 507 3674 ultimis
530 3610 689 3672 Persarum
711 3608 856 3692 Regibus.
879 3610 955 3672 Sunt
977 3616 1076 3671 numm
1091 3609 1196 3673 Patres
1220 3609 1289 3692 Syri
1311 3610 1440 3692 duplicis
1461 3611 1602 3694 generis:

228 3708 318 3791 primi
345 3711 425 3773 enim
454 3709 492 3773 ad
521 3707 723 3772 universalem
752 3707 919 3772 Ecclesiam
948 3708 1116 3791 pertinent,
1146 3717 1177 3772 et
1200 3708 1369 3772 Orthodoxi
1399 3709 1540 3788 luerunt,
1569 3718 1604 3772 ut

228 3807 376 3890 Ephrem,
405 3808 539 3872 Jacobus
561 3808 724 3872 Nisibenus
747 3808 865 3884 etalii,
898 3825 975 3890 qnos
998 3806 1055 3870 sibi
1085 3807 1266 3889 attribuunt,
1297 3828 1359 3873 uon
1386 3810 1484 3872 minus
1514 3827 1602 3891 quam

228 3914 275 3971 tot
303 3917 424 3972 sanctos
454 3905 658 3990 Ctesiphontis
686 3915 718 3971 et
746 3907 902 3971 Seleuciae
931 3908 1118 3990 Episcopos,
1147 3907 1298 3990 Martyres
1329 3917 1361 3972 et
1390 3908 1602 3980 confessores.

228 4006 327 4071 Alteri
359 4016 519 4091 postquam
552 4009 648 4071 scissa
682 4013 730 4070 est
757 4006 914 4082 Ecclesia,
946 4008 1167 4088 germanissimi
1196 4007 1369 4071 Nestoriani
1398 4007 1537 4086 luerunt,
1570 4017 1604 4072 ut

228 4105 359 4183 Narses,
388 4106 556 4186 Abrabam,
587 4106 762 4171 Hormisdas
784 4114 816 4169 et
837 4106 887 4169 alii
908 4105 992 4169 multi
1015 4106 1054 4169 de
1076 4105 1184 4187 qulbus
1207 4115 1290 4171 extat
1311 4108 1474 4171 Decretum
1496 4108 1603 4171 Diam-

229 4208 369 4287 perensis
392 4206 523 4289 synodi,
553 4214 586 4271 ut
616 4208 758 4271 memoria
781 4224 887 4269 eorum
910 4224 950 4269 ex
970 4205 1128 4288 Diptpchis
1151 4207 1287 4283 tollatnr;
1317 4209 1452 4288 menonis
1483 4209 1602 4272 nomina

229 4308 457 4389 corruptissima
480 4307 550 4370 sint.
596 4308 742 4389 Syrorum
764 4307 884 4369 latrum
906 4305 1015 4368 lesmm
1037 4305 1211 4369 celebratur
1232 4306 1309 4371 leria
1331 4315 1419 4370 sexta
1440 4315 1512 4390 post
1525 4307 1603 4389 Epi·

229 4405 381 4488 phaniam,
404 4426 446 4470 ex
466 4407 575 4471 codem
597 4407 805 4482 Lectionari03
828 4405 908 4488 quod
931 4405 1125 4469 obseruatum
1148 4425 1270 4488 quoque
1291 4416 1341 4471 est
1363 4426 1380 4470 a
1402 4406 1514 4470 Fausto
1526 4408 1603 4471 Nai-
1648 4414 1755 4487 msto
1768 4433 1796 4487 p
1813 4414 1858 4471 20.

229 4524 306 4569 rono
328 4506 485 4570 Naronita.

633 4803 669 4874 3.
712 4802 834 4874 Oratio
860 4806 941 4871 unte
967 4800 1111 4900 Altera,
1138 4807 1205 4874 eto.

322 4993 415 5072 Hanc
444 5007 566 5070 rubrica
600 5007 691 5070 multa
718 5007 830 5070 omissa
858 5023 927 5069 esse
954 5005 1119 5087 significat,
1149 5024 1248 5086 eaque
1275 5024 1316 5069 ex
1344 5006 1441 5088 prima
1465 5005 1602 5091 liturgia

231 5110 295 5194 peti
317 5109 439 5191 debent,
462 5108 657 5193 qnaeCanon
678 5109 863 5192 reliquarum
885 5114 943 5190 est,
966 5127 1033 5173 cum
1055 5108 1156 5173 statim
1177 5116 1319 5173 occurrat
1340 5108 1501 5193 praelatio,
1522 5129 1602 5195 quae
