4525 6034
666 605 743 678 200
1134 603 1571 683 COMMENTARIUS

665 791 853 851 cantissimos
877 808 947 852 esse
970 789 1105 852 dubitare
1127 807 1188 852 non
1216 808 1390 869 possumus.
1440 789 1536 852 Unum
1569 789 1713 853 babemus
1745 791 1879 860 codicem
1907 811 1946 854 ex
1975 812 2037 875 quo

664 890 806 951 excusari
828 889 1015 970 aliquatenus
1038 907 1131 970 posse
1155 890 1326 966 videretur,
1350 897 1381 952 et
1403 890 1429 951 is
1453 889 1706 955 astCollectionIs
1722 891 1879 954 Canobum
1897 892 2037 974 Coptita-

663 1006 729 1050 rum
752 974 969 1070 amplissimae,
992 991 1023 1050 In
1046 1007 1105 1070 quo
1128 989 1241 1071 legitur
1254 988 1442 1070 Symbolum,
1467 1008 1534 1051 oum
1546 988 1699 1052 additione
1713 990 1885 1067 verborum,
1907 994 2035 1074 pilioqtae.

663 1088 776 1150 Verum
799 1096 922 1152 annotat
944 1088 1031 1151 simul
1054 1090 1203 1171 scriptor,
1227 1089 1299 1152 illud
1323 1106 1394 1151 esse
1416 1089 1583 1151 secundum
1605 1089 1792 1152 Francorum
1806 1090 1953 1168 CodIces3
1976 1112 2037 1175 qua

663 1185 730 1249 sola
759 1194 830 1250 nota
866 1195 1012 1266 testatur,
1046 1189 1152 1251 eadem
1179 1191 1273 1253 verba
1304 1210 1322 1254 a
1355 1191 1552 1272 popularibus
1585 1193 1648 1254 suis
1680 1190 1857 1256 Christianis
1890 1193 2035 1276 ignorari.

661 1287 802 1349 Attamen
824 1286 894 1349 ltcet
915 1307 952 1350 ea
974 1289 1013 1350 sit
1035 1287 1232 1351 Orientalium
1256 1291 1375 1371 opinio,
1399 1294 1428 1354 in
1451 1308 1507 1353 sua
1529 1291 1691 1354 traditione
1713 1291 1852 1369 lundata,
1882 1293 1962 1374 quod
1984 1293 2036 1353 ni-

660 1386 702 1448 bil
725 1386 868 1467 Symbola
891 1388 1088 1469 adjiciendum
1111 1389 1167 1464 sit,
1191 1390 1334 1471 Ignorant
1351 1398 1448 1453 tamea
1471 1392 1689 1454 contentiosam
1711 1390 1791 1454 illam
1806 1411 1923 1455 omnem
1935 1391 2036 1454 Oroe-

662 1505 767 1548 corum
789 1487 992 1568 posteriorum
1015 1488 1053 1550 de
1076 1488 1135 1550 boc
1158 1498 1336 1572 argumento
1361 1490 1576 1574 TbeologIam,
1606 1490 1801 1572 breviterque
1824 1490 1980 1555 admodum
2002 1492 2033 1552 in

662 1604 699 1648 ea
722 1588 834 1649 versati
858 1594 936 1649 sunt.

395 1683 492 1737 liorem
527 1693 652 1744 recitandi
750 1686 891 1760 Quamvis
915 1693 1013 1748 autem
1036 1686 1170 1767 Symboli
1193 1688 1273 1750 inter
1295 1707 1382 1752 sacra
1404 1690 1548 1771 mysteria
1569 1690 1706 1752 recitatio
1729 1706 1790 1751 non
1819 1690 1856 1751 ab
1877 1691 1959 1752 initio
1981 1691 2032 1752 in-

337 1769 502 1870 tartiturgta
525 1777 650 1875 spirbott,
664 1788 767 1849 stituta
790 1785 889 1866 luerit,
914 1786 1012 1849 statim
1035 1794 1196 1866 postquam
1218 1788 1283 1869 ejus
1308 1787 1434 1851 formula
1456 1789 1486 1849 in
1509 1789 1643 1851 Nicaeno
1663 1788 1799 1852 Concilio
1821 1788 1950 1852 stabilita
1973 1797 2032 1868 est,

336 1853 480 1959 ⁰¹¹⁰J¹¹⁸¹⁰⁵
519 1859 829 1959 ,Nititsscommunts
858 1892 956 1948 tamen
986 1884 1182 1947 Orientalium
1211 1887 1329 1950 traditio
1369 1887 1451 1949 illum
1479 1887 1625 1951 recitandi
1658 1905 1773 1950 morem
1802 1886 1861 1950 illis
1894 1888 2031 1950 Patribus

335 1941 453 1999 mmm
468 1947 615 2000 ’ΝΜ
662 1986 805 2047 attribuit.
829 1983 877 2046 Isa
899 1983 917 2044 l.
940 1984 1035 2046 Zaraa
1055 1984 1193 2048 lacobita
1215 1988 1341 2068 insIgnis
1366 1986 1551 2070 theologus,
1575 1988 1615 2049 ita
1637 1986 1743 2048 scribit
1769 1986 1800 2047 in
1823 1988 1970 2067 opusculo
1993 1987 2032 2050 de

662 2082 813 2146 Conciliis.
835 2083 1061 2163 Praeceperant
1072 2082 1258 2148 CCCXVIII.
1281 2086 1392 2148 Patres
1403 2094 1437 2148 ot
1447 2088 1529 2148 iatam
1537 2087 1610 2166 fidet
1620 2085 1791 2169 spatotm
1803 2088 1987 2146 recitaretur
1999 2087 2031 2145 in

659 2183 742 2243 omni
754 2182 895 2264 Liturqia
907 2191 937 2245 et
949 2185 1097 2259 motione,
1109 2191 1199 2265 utque
1215 2186 1290 2247 illud
1304 2187 1473 2247 ediscerent
1483 2188 1545 2247 oiri
1554 2184 1749 2264 etsoemiaue,
1762 2188 1892 2265 juvenes
1904 2192 1935 2245 et
1945 2202 2032 2246 amaea

658 2283 743 2343 servi
755 2290 786 2344 et
798 2302 901 2344 omnes
914 2284 1028 2361 fideles,
1041 2284 1171 2363 ilbtdque
1178 2286 1325 2346 memorio
1340 2291 1483 2360 tenerent,
1495 2286 1578 2346 atad
1584 2292 1666 2345 stata
1676 2287 1847 2346 orationum
1859 2285 2032 2346 ἀίυὺιαηωι

657 2389 688 2442 et
707 2384 949 2463 vespertilionem
971 2384 1194 2461 temporaillad
1214 2386 1387 2447 recitarent.
1404 2383 1588 2445 Ebnassalus
1612 2384 1642 2444 in
1665 2382 1820 2446 Canonum
1843 2381 2029 2445 Collectione

658 2499 724 2562 cap.
749 2480 798 2543 tt.
822 2481 978 2543 Ilecitetea
998 2479 1170 2563 Smnbolmo
1195 2484 1269 2562 fidei
1297 2482 1472 2544 Catholicae
1499 2486 1532 2545 ia
1559 2484 1641 2544 omni
1668 2484 1827 2544 matiam:
1849 2481 1927 2543 alter
1949 2500 2030 2562 quo-

656 2598 716 2661 que
739 2579 923 2643 Ebnassalus
946 2580 976 2640 in
997 2581 1155 2661 priapriis
1178 2580 1247 2644 Iidei
1271 2601 1337 2663 cap.
1360 2581 1390 2646 9.
1413 2580 1492 2644 idem
1515 2581 1614 2659 docet,
1637 2590 1670 2643 ut
1686 2583 1774 2645 etiam
1788 2580 1920 2657 Severus
1936 2598 2028 2661 opere

656 2679 695 2739 de
718 2680 847 2761 synodis
870 2687 901 2741 et
924 2678 1077 2759 symbolo.
1099 2679 1258 2743 Ebneltaib
1281 2680 1480 2743 Nestorianus
1495 2681 1637 2744 Tractatu
1660 2681 1699 2743 de
1721 2681 1940 2743 incarnatione.
1962 2680 2028 2741 Pa-

655 2788 717 2841 tres
738 2781 790 2859 qni
808 2779 881 2858 fidet
891 2776 1272 2862 OrtltodoeaeSpmbolum
1294 2781 1461 2859 ediderant,
1476 2783 1599 2861 janam
1613 2782 1733 2843 utillud
1753 2782 1919 2841 meaaoriae
1939 2799 2029 2840 maa-

656 2880 818 2953 doremas;
840 2887 929 2959 atque
950 2879 1025 2940 illud
1044 2881 1077 2940 ia
1099 2881 1182 2941 omni
1209 2881 1348 2942 orotioae
1377 2889 1418 2943 et·
1434 2880 1576 2960 Limrpiu
1604 2882 1812 2943 recitaremus.
1858 2878 1901 2941 Ita
1924 2896 2027 2941 omncs

654 2980 783 3059 passim:
814 2996 914 3058 aeque
943 2978 1022 3040 enim
1054 2978 1084 3040 in
1117 2979 1247 3060 antiquis
1280 2979 1448 3063 originibus
1477 2978 1700 3042 Ecclesiasticis
1730 2978 1892 3059 quidquam
1919 2980 2026 3057 sciunt,

653 3085 777 3159 praeter
806 3096 993 3140 communem
1022 3085 1054 3139 et
1081 3078 1275 3160 discipliuae,
1307 3097 1394 3160 quam
1424 3079 1519 3144 oculis
1550 3078 1731 3158 observant,
1754 3078 1941 3142 contemnem
1962 3085 2027 3138 tra-

653 3176 805 3239 ditionem.
841 3177 884 3240 Ita
911 3175 997 3239 lacile
1028 3176 1223 3240 crediderunt
1250 3180 1406 3240 recitatum
1433 3178 1528 3240 luisse
1557 3177 1729 3260 Symbolum
1754 3178 1815 3258 jam
1842 3195 1859 3238 a
1886 3176 2024 3238 Nicaenis

652 3278 849 3358 temporibus,
873 3278 942 3356 qula
965 3295 982 3339 a
1006 3275 1203 3340 schismatum
1225 3279 1316 3341 initiis
1339 3287 1390 3341 aut
1410 3279 1542 3357 circiter,
1566 3279 1632 3341 tatis
1661 3285 1727 3340 erat
1748 3278 1933 3340 Graecorum
1949 3292 2025 3337 eou-

652 3377 791 3441 suetudo.
816 3377 994 3439 Theodorus
1018 3375 1115 3439 lector
1137 3394 1216 3439 anno
1238 3378 1303 3439 DX.
1327 3376 1727 3441 TimotheumPatriarcbam
1750 3379 1893 3441 statuisse
1911 3375 2025 3453 scribit,

653 3487 685 3537 ut
706 3496 763 3558 per
784 3476 919 3560 singulas
943 3477 1079 3558 Synaxes
1093 3479 1285 3540 recitaretur:
1309 3496 1409 3558 neque
1432 3478 1636 3558 antIquiorum
1658 3474 2023 3561 temporumautoritates

653 3583 756 3638 certae
779 3582 960 3657 suppetunt:
982 3594 1051 3638 nam
1073 3595 1151 3656 quae
1174 3596 1214 3639 ex
1235 3576 1319 3639 latsIs
1342 3576 1552 3639 Decretalibus
1581 3575 1786 3654 adducuntur,
1816 3574 1926 3637 nullius
1957 3592 2024 3635 mo-

652 3675 743 3735 menti
765 3682 845 3737 sont.
888 3674 1008 3737 Petrum
1038 3675 1229 3757 Gnapbeum,
1252 3675 1441 3757 Nicephoros
1471 3677 1678 3737 recitationem
1702 3674 1835 3758 Symboli
1857 3674 2022 3736 instituisse

653 3774 773 3836 scribit:
808 3781 839 3835 et
856 3772 935 3836 'inda
958 3772 1037 3837 lorte
1069 3776 1244 3856 conjectura
1275 3793 1335 3838 non
1370 3775 1570 3837 inverisimilis
1600 3775 1670 3836 duci
1696 3782 1815 3856 potest,
1846 3773 2021 3836 Haereticos

652 3874 737 3955 prius
760 3874 933 3954 incoepisse
956 3893 1043 3955 quam
1066 3875 1270 3938 Ortbodoxos
1293 3875 1367 3938 Nam
1389 3875 1553 3937 Nicaenum
1576 3874 1741 3937 Concilium
1771 3892 1893 3954 semper
1914 3873 1945 3934 in
1968 3890 2021 3935 ore

653 3973 773 4053 babent,
797 3976 882 4054 quasi
905 3972 1024 4037 illorum
1048 3976 1230 4038 novitatibus
1254 3975 1413 4057 quidquam
1436 3974 1580 4055 praesidii
1602 3975 1639 4037 ab
1662 3974 1712 4035 illo
1735 3971 1905 4036 accederet.
1941 3971 2023 4033 Sane

652 4075 752 4135 serias
773 4075 893 4135 omnirm
916 4079 947 4134 et
965 4093 1026 4135 non
1047 4078 1109 4139 nisi
1124 4084 1200 4155 poet
1219 4094 1331 4137 annom
1352 4074 1391 4135 M.
1414 4073 1493 4138 XIV.
1518 4075 1572 4135 snb
1595 4071 1758 4135 Benedicta
1787 4070 1863 4135 VIII.
1907 4072 2021 4133 Romae

651 4176 751 4253 coepit
771 4173 894 4236 cantori
914 4172 1094 4254 Syrnbolam,
1117 4182 1148 4236 et
1167 4176 1237 4236 ideo
1258 4194 1315 4236 aec
1336 4176 1368 4236 in
1390 4172 1505 4235 Ordine
1525 4173 1674 4247 Romano,
1696 4190 1752 4233 aec
1773 4173 1806 4232 io
1823 4172 1939 4249 priscis
1959 4169 2020 4231 Su·

651 4274 1051 4353 cromentoramcodicibas,
1074 4294 1130 4336 nec
1142 4277 1225 4354 opud
1244 4273 1444 4348 Amolariom,
1466 4272 1635 4348 Alaricum,
1657 4271 1827 4348 Monam,
1842 4269 2018 4350 Remipiam,

651 4379 682 4433 et
702 4374 781 4434 alios
801 4377 854 4454 qui
874 4382 945 4436 onte
961 4376 1156 4455 praedictam
1169 4392 1291 4441 ,onnam
1312 4374 1470 4435 Oenoanda
1498 4372 1612 4434 Missae
1640 4370 1786 4433 Ordinem
1808 4370 2019 4448 eapmnonmt,

648 4470 710 4530 allo
732 4470 867 4552 Symboli
885 4475 995 4534 mentio
1016 4475 1179 4553 reperitur,
1202 4491 1269 4534 cam
1291 4478 1391 4533 tamen
1412 4472 1503 4533 multo
1533 4478 1603 4532 ante
1624 4472 1657 4531 in
1677 4469 1842 4549 Hispania,
1871 4469 1971 4530 Gallio
1992 4475 2021 4528 et

361 4576 455 4661 denam
473 4579 565 4648 deep.
579 4580 595 4632 t.
609 4583 636 4634 2.
650 4569 814 4632 Carmania
837 4580 1020 4635 cantaretur.
1044 4572 1145 4634 Verba
1167 4580 1236 4634 sunt
1260 4570 1427 4633 Cardinalis
1449 4571 1542 4647 Bona,
1566 4568 1646 4650 apud
1669 4586 1757 4649 quem
1786 4568 1874 4650 plura
1901 4568 1939 4630 de
1962 4567 2019 4630 boc

324 4676 350 4711 ⁰·
364 4664 391 4715 8.
649 4670 709 4731 ritu
731 4670 837 4753 legere
860 4673 988 4752 quisque
1011 4672 1132 4752 poterit,
1156 4680 1189 4733 ut
1211 4672 1300 4734 etiam
1322 4670 1402 4753 apud
1432 4670 1591 4751 Hugonem
1619 4668 1795 4731 llenardum
1822 4670 1852 4730 in
1874 4667 1960 4731 Notis
1982 4665 2019 4730 ad

651 4770 874 4833 Sacramentale
898 4772 1125 4855 Gregorianum.
1150 4770 1276 4833 Concilii
1299 4770 1435 4833 Toletani
1458 4770 1505 4832 III.
1528 4787 1576 4832 an.
1599 4769 1636 4831 Ι).
1657 4768 1818 4832 LXXXIX.
1842 4768 1934 4830 babiti
1957 4767 2017 4830 Ca-

648 4886 710 4932 non
734 4868 768 4933 II.
792 4871 822 4931 in
844 4891 879 4933 re
902 4872 1031 4933 obscura
1053 4872 1155 4933 lumen
1176 4871 1334 4953 praeferre
1356 4871 1476 4933 videtur
1497 4871 1675 4932 maximum:
1702 4868 1739 4931 to
1755 4887 1815 4949 per
1837 4887 1940 4931 omnes
1954 4867 2016 4929 Ec-

649 4968 760 5029 clesiae
780 4968 947 5049 Hispaniae
968 4971 1017 5031 cel
1037 4971 1222 5046 Callaeciae,
1244 4971 1406 5031 demendam
1426 4969 1559 5049 smmum
1581 4968 1788 5030 Ecclesiaaum
1810 4966 2016 5041 Orientalium,

648 5065 780 5130 Concilii
801 5068 1127 5150 Cmastontiaopolitani
1146 5068 1317 5152 Synebolom
1338 5070 1410 5149 fidei
1430 5070 1584 5132 recitata.
1628 5068 1694 5130 lam
1723 5068 1816 5149 igitur
1846 5077 1915 5130 ante
1938 5066 2015 5128 illam
