4525 6034
569 600 620 676 in
654 600 948 679 nicanoris
984 601 1262 682 strideas.
1556 606 1603 681 ot
1649 568 1656 583 ’

230 780 311 861 quud
333 782 530 863 praecipuum
551 790 582 845 et
604 783 807 846 sanemarium
834 801 905 848 esse
935 785 1143 849 demonstrant
1172 785 1285 849 calices
1315 796 1346 851 et
1375 789 1477 853 discus
1507 791 1537 854 in
1567 810 1605 854 eo

229 880 396 962 designati:
426 880 500 943 nihil
529 882 625 945 shnile
649 883 678 945 in
702 882 776 961 alio,
805 883 885 945 iuter
913 885 994 965 quod
1023 892 1056 948 et
1084 886 1212 947 alterurn
1239 885 1406 967 pinguntur
1435 887 1605 968 ordinandi,

228 980 315 1060 quasi
337 979 520 1043 accedentes
542 980 581 1043 ad
602 981 714 1056 altare;
736 998 839 1045 coram
862 999 923 1062 quo
945 989 1005 1045 stat
1025 982 1197 1065 Episcopus
1218 983 1390 1048 Ordinatur.
1433 986 1489 1050 Est
1510 1005 1605 1068 porro

226 1078 303 1141 ritus
324 1079 389 1155 ille,
411 1079 597 1143 Graecorum
618 1069 747 1163 μεγάλη
770 1069 905 1158 alendos,
929 1099 1018 1161 quem
1041 1080 1198 1163 captiuo,
1222 1082 1403 1165 Aethiopes,
1426 1093 1456 1148 et
1477 1086 1528 1149 alii
1549 1106 1606 1149 re·
1706 1068 1718 1092 ⁶

225 1176 333 1253 tinent,
356 1186 390 1240 ut
411 1178 522 1240 dictum
545 1179 645 1240 estin
668 1177 890 1241 Commentario
913 1180 951 1242 ad
973 1182 1098 1261 primam
1119 1181 1295 1263 liturgiam.

312 1276 409 1358 lgitur
438 1294 518 1357 quae
545 1278 576 1338 in
606 1295 644 1340 ea
665 1284 752 1358 parte
775 1277 918 1359 legimns,
947 1280 1186 1360 quamprimum
1216 1279 1360 1343 Ordinem
1388 1297 1444 1342 seu
1468 1277 1603 1342 Olllcium

225 1383 336 1438 vocant
358 1376 389 1437 in
412 1373 526 1438 Codice
550 1375 744 1453 colbertino,
767 1384 800 1438 ut
822 1378 852 1438 ia
875 1377 1017 1457 eoquod
1041 1377 1134 1439 edidit
1155 1377 1360 1457 Boderianus,
1389 1380 1430 1441 ita
1460 1378 1603 1440 videntur

225 1474 418 1554 accipienda,
449 1481 482 1537 ut
511 1475 547 1536 ad
577 1475 735 1537 Protbesin
764 1492 821 1537 seu
843 1475 948 1539 Altare
978 1477 1092 1554 nrinnS,
1123 1476 1270 1558 pleraque
1300 1478 1381 1542 fiant.
1427 1476 1461 1540 ld
1483 1477 1604 1559 quidem

225 1591 287 1635 non
310 1572 450 1635 distincte
472 1574 689 1654 praescribitur
710 1575 741 1635 in
763 1573 935 1637 Olllciorum
957 1575 1105 1651 rubricis,
1134 1575 1189 1637 sed
1211 1575 1281 1638 illae
1306 1595 1427 1658 qnoque
1450 1576 1523 1638 nihil
1546 1575 1604 1639 he-

225 1671 309 1749 bent,
332 1671 413 1752 quod
436 1672 583 1735 adversus
607 1671 686 1734 banc
707 1671 889 1754 hypothesin
919 1674 994 1736 trahi
1025 1681 1135 1756 queat,
1167 1682 1197 1762 et
1225 1674 1276 1737 illa
1297 1674 1439 1739 fundatur
1460 1675 1492 1736 in
1515 1693 1603 1737 corn-

225 1772 308 1833 muni
335 1770 507 1852 disciplina,
534 1788 596 1832 non
624 1790 660 1833 ea
690 1772 779 1837 modo
811 1791 900 1854 quarn
923 1773 1032 1854 Graeci
1055 1774 1237 1851 observant,
1268 1773 1323 1835 sed
1351 1792 1391 1849 ee
1410 1774 1500 1837 etiam
1523 1792 1601 1855 quae

224 1870 310 1949 Syris
332 1868 486 1933 larniliaris
507 1870 572 1947 luit,
594 1877 628 1932 ut
650 1871 736 1933 testis
758 1878 806 1934 cst
827 1872 990 1953 Dionysius
1013 1871 1172 1934 Barsalihi.

312 1968 410 2031 Potuit
432 1987 554 2050 quoque
576 1969 686 2050 aliquid
702 1970 877 2033 sanationis
899 1972 1042 2052 accipere
1064 1970 1230 2034 secundum
1245 1970 1383 2034 diversas
1395 1970 1602 2034 Ecclesiarum

224 2068 460 2131 consuetudines
483 2066 559 2131 haec
587 2069 795 2130 caeremonia:
819 2076 849 2130 et
877 2068 986 2133 alicubi
1015 2070 1113 2132 statim
1144 2069 1182 2131 ad
1211 2068 1305 2132 altare
1333 2071 1492 2150 proposita
1521 2070 1601 2133 dona

223 2162 334 2228 luisse:
358 2166 430 2228 alibi
451 2175 632 2248 praeparata
655 2169 685 2230 in
708 2166 854 2231 Prothesi.
900 2166 1027 2248 Graeci,
1058 2188 1099 2231 ex
1129 2186 1258 2250 quorum
1287 2167 1396 2229 ritibus
1427 2167 1599 2230 Orientales

223 2282 328 2327 omnes
351 2266 401 2328 alii
423 2266 643 2346 produxerunt,
666 2284 775 2348 panem
804 2268 1059 2348 consecrandum,
1083 2275 1114 2330 ct
1142 2266 1288 2352 ampullas
1314 2273 1411 2329 tectas
1442 2266 1479 2328 sd
1502 2265 1598 2327 altare

223 2362 378 2442 deferunt,
408 2371 439 2428 et
468 2366 499 2427 in
520 2364 607 2428 altari
643 2366 676 2429 lit
706 2366 791 2446 panis
821 2366 851 2427 in
881 2366 1045 2446 particulas
1075 2365 1170 2448 prima
1204 2365 1325 2427 divisio:
1354 2371 1415 2427 tum
1444 2366 1545 2428 virum
1568 2371 1599 2426 et

223 2480 301 2543 aqua
322 2463 410 2526 calici
432 2463 644 2527 infunduntur:
669 2472 759 2546 atque
781 2465 824 2527 ita
845 2461 933 2527 lacile
956 2464 1083 2547 intelligi
1111 2473 1228 2546 potest,
1258 2463 1421 2527 illationem
1443 2464 1521 2527 banc
1543 2480 1598 2525 seu

222 2563 459 2643 propositionem
482 2562 547 2626 lieri
569 2566 599 2626 in
623 2563 718 2639 altari,
739 2571 899 2644 postquam
921 2564 1130 2627 caeremoniae
1153 2563 1374 2644 praecedentes
1404 2562 1501 2627 iactae
1528 2567 1598 2625 sunt

222 2660 251 2722 in
274 2660 422 2739 Protbesi‚
444 2670 475 2724 et
496 2656 652 2749 περίοδος
673 2665 740 2725 sive
761 2664 922 2743 processio
944 2665 1056 2727 circum
1080 2663 1185 2725 altare.

307 2760 385 2822 Vela
407 2770 505 2823 autern
528 2762 647 2839 calicis,
669 2771 702 2825 ut
725 2761 850 2839 Graeci,
880 2765 920 2825 ita
950 2761 1120 2826 Orientales
1150 2760 1238 2842 plura
1268 2761 1388 2824 babent.
1432 2760 1598 2842 Anapbora
1636 2762 1921 2819 teracotcoeonn-

221 2858 286 2921 sive
310 2858 442 2923 Arabica
465 2871 546 2929 ituit
568 2861 707 2941 Noapltir
727 2879 820 2924 unum
850 2861 1035 2944 appellatur:
1066 2860 1146 2923 aliud
1170 2860 1307 2944 generali
1335 2861 1455 2923 nomine
1478 2871 1597 2931 nouit)
1610 2856 1661 2905 ¹⁸⁰·

226 2957 345 3020 Velam:
366 2960 396 3021 in
418 2959 529 3024 Rituali
555 2960 715 3023 Boderianl
738 2971 818 3035 nutv
841 2977 919 3040 quac
949 2977 1013 3024 vox
1041 2978 1109 3022 curn
1143 2960 1267 3041 proprie
1297 2960 1406 3023 nubem
1434 2961 1596 3044 significet,

220 3056 371 3120 hocloco
393 3059 493 3122 velum
515 3060 587 3122 illud
610 3061 705 3141 majus
727 3060 887 3144 significat,
911 3079 972 3141 qno
996 3060 1112 3139 discus,
1136 3060 1234 3135 calix,
1262 3067 1293 3121 et
1315 3060 1434 3141 reliqua
1456 3059 1523 3123 vela
1547 3069 1598 3125 te-

219 3163 348 3237 guntur,
373 3158 454 3238 quod
476 3159 584 3222 cedem
610 3160 700 3222 modo
728 3159 836 3223 Graeci
859 3153 1012 3244 Νεφέλην
1034 3166 1160 3236 vocant,
1192 3166 1223 3220 et
1244 3145 1353 3244 Ἀἑραε
1377 3177 1445 3221 narn
1469 3168 1597 3241 utraque

220 3274 282 3320 rex
311 3256 430 3320 videtur
460 3277 529 3322 esse
559 3249 767 3336 ἰσοδὺναμος.
812 3258 854 3321 At
879 3259 937 3321 ista
964 3258 1083 3320 nomina
1119 3256 1244 3320 Graecis
1272 3276 1332 3321 nen
1361 3265 1421 3319 tam
1455 3267 1598 3320 accurate

219 3355 416 3434 respondent,
449 3363 483 3418 ut
505 3359 556 3437 qui
578 3359 743 3441 singularis
765 3358 885 3421 illorum
908 3375 982 3420 usus
1005 3357 1106 3435 suerit,
1129 3356 1219 3419 facile
1242 3358 1281 3419 sit
1303 3357 1475 3440 designare.
1521 3358 1598 3420 lllud

219 3454 308 3517 modo
331 3455 466 3534 subiciet,
488 3458 585 3537 primo
608 3458 678 3520 velo
702 3457 836 3535 calicem,
859 3456 995 3520 secundo
1018 3463 1112 3518 totum
1136 3454 1267 3533 discum,
1288 3457 1320 3519 in
1343 3475 1404 3537 que
1427 3457 1507 3520 calix
1528 3475 1595 3520 cum

218 3571 298 3635 pane
321 3555 531 3617 consecrando
554 3556 711 3638 depositus
734 3563 799 3635 est,
822 3558 961 3638 contegi:
989 3555 1092 3618 ultimo
1122 3555 1289 3618 secundum
1317 3556 1409 3634 illud,
1439 3564 1596 3635 totumque

218 3670 338 3715 sacrum
360 3654 566 3719 ministerium.
611 3655 774 3735 Anaphara
797 3656 902 3719 eadem
924 3656 1147 3736 significatione
1169 3661 1313 3736 usurpata
1337 3656 1449 3737 legitur
1471 3656 1501 3718 in
1525 3654 1593 3715 Tri·

218 3751 289 3814 odio
313 3752 343 3816 2.
367 3753 457 3815 Feria
478 3751 500 3814 l.
525 3754 720 3816 hebdomadis
739 3755 932 3835 jejuniorum,
956 3755 987 3816 in
1009 3754 1175 3836 Lychnico,
1194 3762 1225 3817 et
1247 3756 1277 3817 in
1301 3755 1417 3836 'l'ypico
1441 3754 1472 3818 S.
1497 3754 1595 3817 Sabae

218 3869 246 3911 c.
270 3850 322 3915 30.
365 3844 463 3960 Αἱρεῖ
483 3845 521 3914 δὲ
544 3842 562 3913 ὁ
583 3842 692 3935 ἱερεύς
711 3842 755 3915 τὰ
778 3842 979 3931 καλύμματα
1006 3839 1070 3914 τῶν
1092 3841 1208 3935 ἁγίων,
1236 3850 1293 3915 καὶ
1321 3840 1479 3929 σκεπάζει
1509 3841 1596 3915 αὐτοὶ

216 3940 303 4027 μετὰ
324 3947 384 4033 τῆς
405 3949 574 4035 cosmopeia
602 3940 675 4036 ἤτοι
702 3949 762 4015 τοῦ
790 3940 898 4036 ἀέρος.
940 3951 1052 4031 dissert
1079 3952 1237 4015 Sacerdos
1266 3955 1420 4017 uelamina
1449 3971 1470 4013 c
1492 3953 1597 4015 sacris

217 4052 369 4131 mysteriis
394 4057 424 4111 ct
450 4051 505 4111 etta
532 4052 605 4130 tcpit
632 4051 798 4130 Armphorc
834 4053 900 4113 aiae
925 4050 1015 4114 Aere.
1060 4050 1190 4115 Additur
1220 4053 1250 4114 in
1274 4041 1389 4134 lypico
1418 4038 1505 4112 οὕτω
1532 4038 1597 4135 γάρ

216 4134 380 4211 εἰώθασιν
393 4135 504 4211 καλεῖν
517 4135 642 4212 abab
656 4149 726 4222 τοῖς
739 4138 975 4234 Ἱεροσολύμων
988 4144 1130 4234 μέρεσιν.
1155 4150 1204 4211 lto
1221 4153 1299 4212 eninr
1316 4169 1355 4211 eo
1370 4167 1485 4211 vocare
1500 4149 1598 4209 solent

217 4247 404 4327 inpartibus
425 4248 722 4331 Hierosolymitum's:
745 4266 855 4329 nempe
876 4247 1074 4328 Anepboram
1096 4249 1262 4330 appellare,
1278 4247 1359 4329 quod
1373 4247 1482 4310 Graeci
1494 4246 1597 4309 dicunt

216 4346 345 4408 Aerem:
367 4365 435 4409 narn
459 4346 612 4428 liturgiae
634 4347 778 4429 Syriacae
801 4365 879 4427 quae
907 4346 947 4408 ad
969 4346 1271 4428 hierosolymitanam
1293 4346 1399 4410 Jacohi
1427 4363 1596 4426 expressae

216 4452 298 4523 snat,
323 4463 359 4507 ea
381 4447 493 4527 psssim
522 4464 599 4509 voce
621 4454 763 4523 utuntur,
794 4464 811 4507 a
835 4446 961 4507 Graecis
989 4452 1131 4524 accepta:
1153 4445 1245 4508 Acris
1275 4454 1326 4509 aut
1356 4445 1480 4507 alterius
1515 4440 1593 4525 quae

215 4538 338 4628 νεφέλῃ
361 4544 531 4625 repondeat
555 4547 654 4608 rarior
676 4547 797 4608 omnino
820 4563 893 4607 usus
916 4551 972 4606 est.

305 4643 389 4705 Haec
411 4662 506 4725 porro
528 4644 567 4708 de
589 4647 685 4726 prima
706 4644 757 4706 illa
780 4661 935 4706 muncrum
956 4643 1233 4707 Eucharisticorunr
1255 4643 1421 4722 oblatione,
1445 4661 1500 4705 seu
1523 4642 1594 4705 illa·
1658 4643 1800 4697 Diversitas
1823 4647 1849 4697 ia
1866 4648 1918 4698 ritu

216 4744 310 4816 tione,
334 4744 481 4806 subiciunt
504 4744 542 4806 ad
564 4743 783 4806 conciliandam
805 4743 976 4806 obelorum
999 4743 1117 4806 illorum
1147 4743 1186 4806 de
1209 4743 1318 4824 quibus
1341 4745 1457 4825 agitur,
1489 4741 1594 4803 diver-
1606 4729 1727 4830 illationis
1742 4733 1816 4798 panis
1828 4738 1854 4784 et
1870 4748 1917 4783 ει·

216 4843 348 4918 sitatem,
371 4860 449 4923 quae
471 4843 568 4925 raajor
589 4851 718 4924 apparet
739 4859 828 4924 quam
849 4860 884 4904 re
906 4859 981 4904 vera
1003 4843 1050 4904 sit.
1086 4841 1160 4904 Cum
1191 4843 1270 4905 enirn
1296 4843 1328 4904 in
1356 4841 1415 4904 illis
1438 4844 1593 4904 orationes
1606 4816 1662 4869 ¹¹⁰¹³
1680 4832 1772 4887 “¹¹3⁰‘'
1792 4827 1838 4870 ⁰³⁸·

215 4941 331 5004 similes
354 4943 424 5018 sint,
447 4942 568 5005 exiliis
592 4960 653 5023 qno
676 4943 736 5005 ritu
759 4940 951 5018 dicerentur,
974 4949 1005 5004 et
1027 4942 1056 5003 in
1080 4954 1141 5022 qua
1163 4942 1354 5004 caeremonia
1384 4941 1510 5021 intelligi
1533 4959 1594 5021 poe

214 5048 286 5104 test.
332 5039 486 5113 Quaedam
517 5042 546 5103 in
569 5059 630 5104 uno
654 5044 844 5121 omittuntur,
872 5059 950 5122 quae
973 5039 1115 5122 leguntur
1137 5041 1167 5102 in
1191 5040 1272 5104 aliis:
1302 5059 1409 5103 verum
1437 5042 1592 5104 orationes

1300 5157 1386 5229 11*
