4525 6034
365 604 412 680 llll
427 603 685 680 lllURGIARUll
698 600 953 678 ORlEll'ldllllll
968 599 1120 679 ORldIllll
1134 602 1184 678 ΕΤ
1196 602 1445 680 AUTORllATE.
1477 601 1642 676 XXXVII

275 784 403 880 relegati
429 798 507 860 sunt
532 790 566 859 in
593 787 794 875 Sardiniam,
820 786 910 861 unde
936 809 1024 860 anno
1050 787 1158 859 DXll.
1188 792 1337 862 restituta
1365 790 1542 877 Africanis
1558 789 1636 863 Ec·

272 901 372 975 clesiis
406 902 449 977 ab
481 903 652 975 llilderico
684 902 843 974 Homerici
874 900 941 974 filio
976 925 1079 998 pace,
1112 908 1244 976 reversi
1278 916 1363 981 sunt
1420 906 1525 979 Paulo
1558 921 1638 1006 post

270 1011 346 1090 liter
369 1020 427 1093 ille
452 1021 596 1116 scriptus
631 1029 703 1107 est,
738 1021 772 1089 iu
808 1020 903 1109 eujus
933 1029 1055 1091 octavo
1082 1021 1193 1114 capite
1218 1019 1302 1092 haec
1328 1020 1493 1115 leguntur.
1545 1023 1637 1095 Hinc

269 1135 362 1206 etima
387 1137 508 1208 beatas
533 1135 687 1207 Basilius
712 1134 949 1205 Caesarianis
959 1133 1161 1228 Epiacopos,
1189 1139 1225 1206 io
1253 1136 1419 1208 Oratione
1443 1142 1539 1210 socri
1563 1139 1636 1211 At·

270 1246 355 1339 torte,
383 1277 482 1348 puoso
504 1273 597 1346 pene
621 1253 799 1322 unicam
820 1254 1020 1344 frequentat
1036 1250 1169 1338 Oriens,
1196 1254 1288 1322 inter
1314 1259 1476 1324 coelao:
1518 1255 1636 1345 Dono,

269 1353 377 1462 uuus,
411 1370 561 1441 Domine
593 1370 751 1437 numm
784 1372 820 1437 et
849 1371 1083 1436 amenum:
1123 1365 1248 1454 molor,
1282 1390 1496 1461 quaeamus,
1529 1369 1638 1440 donoc

269 1471 379 1572 loen,
407 1484 576 1556 bonosio
602 1481 756 1553 bonitate
787 1501 972 1567 commo,
1007 1485 1122 1552 omnio
1148 1486 1236 1553 enim
1258 1489 1376 1576 poter,
1412 1506 1477 1555 nec
1503 1491 1555 1555 ert
1580 1487 1638 1579 poi

273 1598 479 1669 ⁰⁰otrodioot
504 1597 585 1685 tidi,
618 1621 693 1667 euos
719 1601 807 1668 onim
837 1599 987 1671 colueris
1011 1597 1137 1688 colcos,
1164 1599 1332 1670 elnoldo
1357 1603 1488 1672 resistit
1511 1599 1637 1672 volun-

275 1696 331 1773 ‘ssli
354 1718 440 1786 tuoe.
492 1711 663 1785 Laudatus
690 1722 743 1785 est
766 1716 796 1784 is
821 1713 915 1788 locus
943 1739 962 1787 a
989 1713 1159 1811 plerisque
1171 1711 1367 1806 Theologis,
1393 1714 1637 1788 nobilioribus·

275 1821 504 2003 ἓῖιθήιίοἰε,
540 1827 824 1923 observatumque
858 1828 953 1901 simul
989 1840 1061 1919 est,
1096 1853 1138 1902 ea
1165 1827 1274 1900 verba
1299 1852 1409 1924 neque
1436 1832 1470 1901 in
1497 1830 1636 1903 Graecis

352 1949 380 2010 c'
558 1966 577 2015 r
741 1967 762 2015 a
793 1949 804 2015 i
934 1947 942 1962 ‘
1124 1947 1174 2015 ai
1234 1948 1242 1963 '
1340 1967 1358 2015 r
1606 1950 1613 1966 ⁸

269 1946 442 2139 cillicssdls
467 1944 1133 2156 ll'dllrultlurllellwpraencipilmslelrtelrtidlc
1146 1954 1639 2156 Βρέτειῗῒιᾞθῖιῗὲδίιάᾞαὲ

242 2118 404 2250 ''40on
429 2203 450 2250 a
477 2175 580 2247 Petro
601 2175 767 2264 Diacono,
792 2185 827 2247 et
851 2176 988 2271 reliquis
1012 2175 1177 2249 adversus
1202 2175 1459 2268 Pelagianorum
1480 2177 1638 2272 reliquias

195 2277 435 2383 ffi'tatam,
460 2293 607 2363 maximo
633 2289 826 2386 speculat,
861 2294 895 2362 in
922 2289 1056 2363 Graeco
1085 2299 1177 2362 textu
1204 2288 1337 2384 legitur,
1362 2288 1447 2375 τούς
1472 2288 1640 2392 ἅγαθοῦς

180 2407 204 2475 iv
253 2415 381 2502 τῇ
405 2404 611 2510 ἆγαθότητι
638 2403 872 2505 dompnum,
897 2404 982 2491 τούς
1009 2403 1191 2502 πονηρούς
1216 2402 1383 2507 ἀγαθούς
1408 2408 1574 2504 ποίησον,
1600 2413 1640 2484 ἐν

185 2524 481 2623 two-edrard
495 2548 573 2599 σου.
596 2533 679 2597 utet
697 2528 731 2595 in
743 2527 851 2597 veteri
873 2526 1031 2597 versione
1046 2522 1179 2613 Latina,
1195 2523 1314 2595 Bonos
1329 2526 1365 2595 io
1380 2522 1534 2595 bonitate
1549 2546 1641 2596 ooo-

188 2640 352 2709 ffl'va
366 2672 382 2714 .·
397 2643 505 2714 molor
522 2641 630 2713 donor
640 2645 712 2734 soc,
728 2643 764 2712 io
780 2639 933 2711 bonitate
946 2644 1015 2710 too.
1046 2637 1097 2710 Ea
1116 2639 1190 2712 sola
1205 2637 1366 2735 particula
1378 2641 1461 2711 viris
1478 2638 1640 2714 doctissi-

192 2733 265 2807 llS
296 2771 408 2831 non
424 2756 619 2845 observata,
635 2755 809 2828 dimovere
824 2777 884 2828 eos
899 2758 1150 2851 apraecipitata
1162 2777 1305 2827 censura
1323 2753 1509 2829 debuisset:
1522 2776 1640 2828 omnes

201 2852 357 2961 cuim,
379 2877 480 2946 etiam
493 2894 632 2966 quorum
646 2869 816 2964 diligentia
831 2873 949 2942 merito
963 2870 1223 2959 commendatur,
1237 2880 1451 2963 negaverunt
1464 2892 1505 2942 ea
1519 2869 1640 2957 verba,

205 2980 337 3090 QG
362 2990 486 3062 Petrus
502 2987 674 3060 Diaconos
692 2986 863 3079 allegavit,
882 2988 917 3058 in
934 2985 1101 3058 Basilicus
1113 2986 1264 3078 Liturgia
1284 2988 1433 3081 reperiri.
1468 2985 1549 3057 Inde
1564 2995 1641 3058 sta-

206 3076 299 3160 llffl
324 3103 585 3193 judicaverunt,
609 3124 677 3174 non
699 3105 898 3198 pervenisse
917 3100 1007 3174 illam
1031 3102 1073 3173 ad
1089 3122 1165 3190 uos,
1190 3103 1254 3173 nisi
1276 3099 1377 3173 valde
1395 3100 1641 3195 interpolatam:

238 3213 373 3306 ltaque
396 3222 485 3292 enno
508 3221 634 3291 inventi
649 3228 725 3289 sunt
743 3220 798 3313 qui
817 3217 859 3289 ad
882 3215 996 3289 Goarii
1013 3219 1212 3289 sententiam
1228 3215 1438 3287 accederent.
1472 3215 1642 3312 Isquippe

266 3314 343 3403 lum
367 3339 473 3408 vitam
498 3333 612 3409 Basilii
638 3335 742 3426 vulgo
769 3331 1001 3428 Amphilochio
1028 3331 1240 3427 adscriptam,
1269 3341 1303 3403 ut
1328 3332 1511 3423 legitimum
1537 3343 1642 3405 auto-

278 3445 321 3515 ris
343 3453 432 3542 an‘us
458 3471 579 3521 nomen
605 3447 754 3544 praefert
780 3470 882 3543 opus,
918 3447 1099 3520 defendere
1125 3447 1311 3544 pertendit,
1338 3447 1502 3547 duplicem
1528 3446 1571 3519 ab
1598 3468 1641 3518 eo

281 3559 451 3658 liturgiam
476 3567 695 3660 compositam
729 3562 834 3635 luisse
869 3567 1054 3659 suspicatus
1081 3574 1152 3652 est,
1186 3585 1272 3658 quae
1298 3565 1492 3654 conjectura
1518 3561 1642 3635 nullum
1658 3579 1711 3633 rut.
1727 3577 1968 3648 uepooroer.

279 3680 470 3753 iuhistoria
503 3690 559 3751 aut
591 3681 734 3773 antiquis
769 3681 989 3753 monumentis
1025 3677 1273 3750 dundamentum
1306 3675 1425 3766 hahet,
1460 3681 1643 3773 meritoque

272 3796 411 3892 explosa
438 3805 499 3867 est.
551 3794 599 3867 At
624 3797 745 3887 negari
771 3816 838 3866 non
864 3804 987 3889 potest,
1014 3797 1102 3890 quin·
1117 3793 1173 3866 illa
1195 3816 1281 3888 quae
1301 3793 1484 3882 retulimus,
1512 3816 1553 3864 ea
1570 3796 1645 3887 ipsa

266 3919 342 4001 slot,
372 3934 459 4007 quae
486 3910 605 3984 Petrus
622 3909 792 3982 Diaconus
815 3914 939 3982 citavit.
994 3909 1091 3997 Quod
1118 3913 1147 3984 si
1173 3909 1300 4004 reliqua
1327 3930 1395 3981 nou
1422 3909 1540 3982 eodem
1567 3909 1644 3982 loco

261 4030 491 4125 reperiuntur,
517 4024 710 4122 probabiles
745 4024 864 4097 adduci
900 4028 1047 4099 rationes
1082 4036 1238 4121 possunt,
1273 4047 1332 4095 otu
1366 4029 1495 4098 etiamsi
1520 4028 1566 4096 ita
1592 4027 1646 4111 sit,

256 4168 332 4220 non
349 4143 474 4214 idcirco
488 4151 599 4213 umen
619 4149 808 4236 suspectum
822 4143 895 4233 ejus
907 4144 1129 4215 testimonium
1148 4163 1226 4216 esse
1246 4139 1376 4213 debeat.
1430 4140 1517 4213 Nam
1542 4161 1646 4236 saepe

256 4262 470 4336 observatur
503 4256 545 4327 ab
580 4260 741 4352 antiquis,
776 4279 862 4352 <puae
895 4258 1041 4350 allegant
1067 4260 1111 4329 ita
1137 4256 1259 4328 referri
1285 4267 1321 4329 ut
1346 4256 1453 4330 verba
1479 4258 1553 4351 ipsa
1579 4277 1648 4327 non

257 4401 306 4452 eo
338 4374 458 4449 ordine
485 4396 551 4468 quo
579 4378 753 4445 extantia
780 4372 874 4445 libris
901 4372 988 4445 unde
1014 4373 1187 4469 depromta
1215 4383 1302 4463 sunt,
1328 4376 1475 4445 recitent.
1530 4368 1647 4442 Oratio

258 4495 306 4565 de
337 4513 404 4586 qua
429 4492 540 4583 agitur
565 4493 709 4562 occurrit
735 4493 821 4562 inter
846 4490 965 4563 multas
991 4490 1074 4561 alias
1101 4512 1189 4584 quae
1216 4484 1470 4585 αΜνήσθητι,
1489 4508 1550 4559 seu
1565 4487 1647 4557 Me-

260 4614 382 4680 mento
413 4608 588 4702 incipiunt:
625 4616 724 4700 atquc
759 4628 800 4676 ea
834 4609 962 4676 ratione
995 4614 1122 4676 certum
1156 4614 1209 4676 est
1241 4602 1505 4699 quodammodo,
1541 4608 1648 4699 prima

268 4723 455 4795 testimonii
479 4719 604 4792 verba:
631 4720 737 4792 Dono
761 4722 909 4793 Domine
934 4724 1091 4793 virtutem
1117 4727 1154 4791 et
1179 4728 1341 4806 tutamen,
1370 4741 1416 4790 ex
1443 4717 1648 4792 orationihus

271 4840 378 4932 petita
405 4858 498 4926 esse,
524 4835 581 4907 ubi
606 4835 798 4931 frequenter
824 4847 1020 4928 occurrunt,
1051 4846 1108 4909 aut
1134 4836 1198 4909 alia
1224 4857 1311 4930 quae
1336 4834 1423 4906 idem
1450 4834 1649 4927 significant,

274 4973 340 5023 non
366 4955 475 5025 minus
502 4974 600 5046 quam
627 4954 661 5022 in
688 4950 838 5024 onmibus
865 4955 1102 5047 cujuscumque
1127 4953 1263 5045 linguae
1289 4951 1413 5024 Officiis
1440 4951 1649 5023 Sacramen-

274 5065 406 5140 talibus.
467 5065 590 5140 Ultima
625 5066 734 5142 verba
768 5090 814 5140 ex
848 5067 914 5141 alio
948 5090 1081 5164 quoque
1114 5065 1193 5140 loco
1228 5069 1331 5162 petita
1363 5066 1545 5141 verisimile
1578 5074 1650 5140 est:
