4525 6034
710 553 763 626 44
924 552 1103 630 cnutum
1121 552 1152 629 S.
1171 549 1308 628 Juoomt
1326 549 1513 628 APOSTOLI
1532 552 1690 630 mutunus
1705 551 1852 630 DOMINI.

709 741 785 832 guis
812 742 970 832 unigeniti
997 738 1053 809 filii
1080 740 1145 826 tui,
1173 762 1235 834 per
1262 761 1360 835 quem
1380 747 1414 810 et
1434 762 1508 810 cum
1528 760 1593 833 quo
1608 748 1641 810 te
1664 739 1778 830 decet,
1805 740 1916 832 gloria
1933 750 1966 811 et
1979 739 2054 812 bouur

709 878 785 928 cum
811 856 936 951 Spiritu
962 866 1019 928 tuo
1047 866 1176 928 sancto.

812 1006 913 1076 Panis
940 1005 1099 1076 coelestis
1127 1004 1281 1092 Christe,
1309 1008 1365 1099 qai
1390 1003 1576 1076 bummiliatus
1604 1003 1689 1075 adeo
1718 1026 1774 1095 es,
1801 1014 1837 1076 ut
1863 1026 1969 1078 esses·
1987 1005 2052 1078 nubis

708 1121 802 1192 cibus
831 1122 885 1214 qui
911 1142 980 1191 non
1006 1125 1110 1216 perit:
1139 1143 1181 1191 me
1209 1119 1315 1192 iacias
1342 1124 1435 1192 utin
1463 1120 1609 1191 adventu
1636 1129 1692 1191 tuo
1715 1120 1862 1192 secundo
1886 1120 2051 1192 devoremur

709 1233 750 1306 ab
779 1238 858 1327 igne
885 1234 1142 1327 inextinguibili:
1172 1245 1205 1306 et
1231 1234 1416 1308 referemus
1444 1234 1502 1306 tibi
1527 1234 1677 1325 laudem,
1705 1247 1769 1307 etr„
1798 1237 1946 1307 Benedic
1974 1240 2051 1307 omui-

707 1349 770 1423 bus
797 1349 895 1423 nobis
910 1373 1117 1439 „conserva
1145 1374 1261 1424 ommes
1287 1374 1367 1423 nos:
1396 1373 1555 1423 succurre
1578 1349 1676 1422 nobis
1693 1350 1861 1423 ommibus:
1888 1355 2050 1423 viamm'tue

708 1476 743 1540 et
775 1465 891 1539 salutis
925 1465 1115 1539 demonstra
1150 1465 1265 1539 nobis:
1302 1469 1602 1562 miserationesque
1639 1476 1715 1539 tuae
1751 1478 1785 1539 et
1819 1466 1992 1540 clementia
2016 1480 2049 1539 tua

708 1585 774 1655 sint
800 1602 902 1677 super
928 1602 991 1653 nos
1019 1603 1146 1654 ommes.
1200 1583 1337 1654 Fratres
1365 1603 1497 1677 quoque
1523 1592 1676 1671 nostros,
1703 1586 1759 1677 qmi
1785 1584 1889 1675 longe
1906 1596 1989 1672 sunt,
2007 1607 2049 1654 cu·

707 1697 813 1772 stodi:
842 1719 902 1770 eos
931 1700 1046 1791 quiin
1074 1702 1229 1792 proximo
1257 1708 1349 1786 sunt,
1377 1702 1504 1769 instrue
1521 1696 1669 1769 doctrina
1691 1698 1873 1787 sufficienti,
1902 1721 2048 1793 omnesque

706 1813 821 1889 fideles
847 1816 1019 1908 utriusque
1047 1836 1169 1902 sexus,
1198 1816 1253 1909 qui
1268 1816 1447 1910 participes
1463 1813 1595 1889 fuerunt
1611 1814 1706 1907 hujus
1722 1814 1971 1906 Eucharistiae,
1992 1837 2047 1911 pue

706 1928 813 2019 illata,
842 1928 974 2018 oblata,
1002 1939 1037 2001 et
1062 1933 1235 2026 proposita
1264 1940 1333 2023 est,
1361 1953 1463 2025 smper
1490 1931 1595 2002 altare
1622 1930 1685 2002 boc
1713 1941 1872 2003 sanctum.
1909 1932 1993 2004 Deus
2012 1932 2046 2025 q‘

706 2048 853 2141 suscepit
880 2045 1068 2118 oblationes
1095 2048 1227 2141 piorum
1253 2049 1460 2141 antiquorum
1487 2045 1675 2139 Abrabam,
1702 2048 1798 2119 Isaac
1818 2058 1851 2119 et
1869 2047 1983 2134 Jacob,
1997 2050 2045 2141 ipse

676 2164 867 2257 ‘suscipiat
894 2159 1080 2234 oblationes
1109 2171 1261 2251 vestras,
1289 2170 1370 2234 vota
1397 2164 1722 2257 vestra„primitias
1759 2172 1792 2234 et
1828 2162 1972 2235 decimas
2000 2183 2045 2231 ue·

707 2289 812 2352 smus:
839 2287 990 2373 praestet
1016 2299 1150 2372 quoque
1176 2279 1326 2373 requiem
1353 2287 1387 2348 et
1412 2282 1605 2350 memoriam
1624 2276 1747 2351 bonam
1767 2277 1931 2352 defunctis
1949 2279 2044 2362 vestris,

706 2414 867 2487 spemque
894 2391 1101 2465 benedictam
1130 2402 1164 2464 et
1190 2392 1378 2465 custodiam
1403 2393 1595 2465 viventibus
1627 2391 1744 2465 mobis:
1777 2417 1839 2489 per
1871 2395 2044 2489 precationes

707 2511 822 2580 matris
850 2511 943 2581 vitae
969 2512 1142 2602 genitricis
1169 2510 1233 2580 Dei
1258 2508 1405 2595 Mariae,
1434 2519 1468 2580 et
1494 2512 1639 2581 omnium
1666 2520 1857 2583 sanctorum
1883 2513 1916 2582 in
1938 2506 2045 2582 suenda

706 2626 825 2697 Amen
