4525 6034
685 567 766 645 440
1192 567 1555 645 LITURGIA

790 754 977 827 Sacerdos.
1029 756 1198 850 Perpetuo
1225 756 1576 827 commemorationes
1602 753 1689 827 banc
1721 755 1838 827 mortis
1863 763 1897 827 et
1921 754 2049 829 Resur-

685 872 845 944 rectionis
872 891 970 942 meae
996 869 1139 957 iacietis,
1166 869 1275 942 donec
1301 871 1446 941 veniam.

790 984 953 1078 Populus.
1005 983 1127 1057 lllortis
1154 994 1244 1073 tuae,
1269 984 1423 1055 Domina.

789 1099 975 1173 Sacerdos.
1029 1099 1143 1173 Oculis
1178 1121 1263 1192 ergo
1297 1102 1480 1172 animorum
1520 1108 1707 1173 nostrorum
1738 1102 1901 1203 intuentes
1931 1110 1966 1172 et
1996 1106 2052 1173 vi-

686 1214 804 1288 dentes
836 1219 997 1312 mysteria
1031 1215 1289 1312 dispensationis
1321 1226 1400 1287 tuae
1435 1225 1574 1311 propter
1599 1237 1682 1303 nos,
1717 1239 1738 1288 o
1772 1215 1920 1289 Verbum
1952 1218 2052 1307 Dens,

686 1330 865 1404 adoramus
899 1331 1051 1404 eamdem
1084 1331 1265 1404 adstarem
1296 1329 1596 1426 dispensationem:
1628 1330 1821 1403 confitemur
1854 1333 2052 1404 nativitatmr

684 1455 787 1534 tuam,
815 1456 849 1518 et
875 1456 981 1519 ortum
1009 1456 1114 1518 tnrrm:
1142 1445 1337 1518 conliternru
1362 1449 1540 1542 passiones
1565 1454 1639 1520 tuas
1666 1456 1701 1518 et
1718 1447 1921 1542 sepulturam
1947 1458 2052 1537 tuam,

685 1560 912 1652 glorificamus
935 1561 1229 1635 Resurrectionem
1257 1569 1366 1652 tuam,
1401 1572 1436 1633 et
1462 1560 1652 1634 extollimus
1678 1563 1922 1635 Ascensiorrem
1948 1574 2052 1652 tuam3

684 1673 912 1747 benedicimus
939 1686 1079 1772 propter
1105 1680 1294 1751 sessionem
1320 1687 1411 1750 tuam
1438 1676 1480 1750 ad
1508 1677 1682 1749 dextoram
1707 1690 1900 1773 paternam,
1926 1688 1962 1748 et
1986 1700 2051 1748 ex-

688 1801 861 1886 pectamus
889 1791 1067 1864 adrentum
1094 1801 1185 1864 tunm
1212 1791 1403 1865 secundani.
1442 1792 1568 1865 Verum
1594 1814 1753 1885 rogamus
1781 1804 1815 1865 et
1840 1794 2052 1889 deprecamur

683 1915 719 1976 te
744 1916 781 1977 ut
807 1904 938 2000 quaudo
965 1911 1085 1980 venies
1112 1930 1187 1980 cum
1214 1908 1321 2000 gloria
1348 1918 1417 1997 tua,
1443 1917 1478 1978 ct
1504 1909 1683 2004 apparebis
1707 1907 1896 1997 nmnifeate,
1922 1914 2051 1981 omnia-

685 2041 750 2115 que
781 2021 1025 2113 congregabis,
1051 2041 1120 2093 aon
1153 2022 1358 2095 condemnes
1390 2044 1454 2095 nos
1490 2023 1587 2094 simul
1618 2046 1695 2095 cum
1727 2024 1792 2096 nus
1832 2028 1888 2119 qui
1923 2035 1958 2096 te
1992 2046 2050 2096 non

683 2146 863 2221 noverunt,
890 2158 1000 2232 neque
1025 2138 1165 2233 perdas,
1192 2161 1266 2209 cum
1293 2141 1334 2210 iis
1362 2142 1417 2233 qui
1444 2135 1502 2210 tibi
1529 2160 1597 2211 non
1624 2137 1860 2210 adhaeserunt:
1893 2139 1955 2212 sed
1988 2163 2050 2235 pc—

683 2253 750 2323 tins
777 2254 939 2324 miserere
965 2256 1084 2344 nostri,
1111 2256 1188 2348 quia
1213 2274 1338 2325 nornen
1365 2262 1455 2325 tuum
1481 2275 1639 2346 magnum
1659 2257 1850 2326 invocatum
1876 2266 1930 2327 est
1957 2277 2051 2351 super

682 2386 757 2437 nos.
811 2363 942 2440 Scimus
970 2388 1064 2455 sanc,
1092 2372 1170 2462 quia
1196 2370 1424 2464 peccavimus,
1452 2380 1486 2440 et
1512 2379 1548 2439 te
1572 2390 1656 2440 vere
1678 2369 1721 2439 ad
1746 2369 1951 2440 iracundiam
1971 2392 2051 2464 pro-

682 2482 900 2553 vocavimus:
935 2503 1046 2576 neque
1071 2482 1163 2575 digai
1190 2503 1303 2556 sumus
1329 2483 1560 2557 misericordia
1592 2495 1659 2555 tua.
1711 2484 1839 2557 Verum
1871 2507 1935 2579 per
1971 2507 2050 2580 pas·

683 2594 813 2667 sionem
839 2604 941 2685 mam,
966 2597 1121 2685 Domine,
1148 2593 1211 2693 per·
1236 2619 1369 2670 crucem
1396 2607 1431 2670 et
1455 2609 1597 2672 mortem
1622 2609 1711 2671 tumn
1736 2608 1876 2694 propter
1901 2623 1984 2690 nos,
2012 2623 2050 2672 nc

683 2729 768 2800 agas
798 2708 975 2782 nobiscum
1000 2711 1275 2807 quemadmodum
1308 2718 1507 2787 meruimus:
1539 2735 1583 2785 ne
1614 2714 1726 2788 coms
1758 2736 1822 2788 nos
1855 2715 2049 2788 cruciatibus

683 2820 812 2917 absquo
838 2825 1085 2916 misericordia,
1119 2849 1230 2921 neque
1265 2831 1357 2921 juste
1388 2826 1554 2901 retribuas
1586 2827 1693 2902 nobis.
1745 2830 1943 2903 Recordare
1976 2833 2049 2905 Do·

682 2940 771 3008 mine
798 2940 886 3034 quod
913 2952 947 3013 te
974 2940 1122 3015 coniessi
1149 2963 1282 3034 sumus,
1314 2954 1349 3015 et
1379 2944 1570 3018 adnomen
1596 2945 1931 3038 rumconiugimus.
1983 2948 2049 3020 lli-

682 3073 817 3143 screre,
850 3076 973 3150 parce,
1013 3067 1049 3128 et
1082 3057 1179 3131 salva
1220 3062 1519 3151 congregationem
1552 3059 1758 3133 adorantium
1791 3071 1824 3134 te
1857 3086 1879 3133 a
1911 3064 2049 3136 tenebris

682 3169 928 3261 exterioribus,
955 3193 974 3243 a
1001 3170 1081 3244 lletu
1107 3183 1142 3245 et
1174 3173 1319 3246 stridore
1346 3174 1506 3264 dentium,
1539 3178 1615 3270 qnia
1649 3198 1718 3248 uon
1749 3187 1802 3248 est
1832 3176 1932 3250 nobis
1963 3182 2048 3252 Deus

681 3283 766 3356 alius
794 3295 930 3379 practer
956 3296 1002 3376 tc,
1029 3288 1073 3359 ad
1099 3309 1198 3382 vem
1223 3287 1328 3362 levati
1354 3301 1430 3363 sunt
1456 3290 1542 3363 oculi
1568 3294 1687 3380 nocui,
1713 3301 1749 3364 ut
1773 3292 1964 3367 confitearis
1981 3319 2048 3380 nos,

681 3408 716 3469 et
742 3401 823 3470 oriri
845 3398 967 3491 jubeas
993 3402 1105 3474 lumen
1131 3402 1243 3475 vultus
1270 3408 1317 3476 tui
1344 3427 1445 3501 super
1469 3427 1546 3496 ncs,
1572 3417 1608 3478 et
1632 3429 1736 3503 snper
1761 3405 1951 3481 Ecclesiam
1967 3421 2049 3481 taam

679 3513 886 3608 redemptam
912 3520 1076 3608 sanguine
1102 3527 1160 3589 tuo
1175 3522 1342 3613 pretioso,
1370 3543 1457 3617 quae
1472 3544 1562 3595 voce
1586 3544 1710 3615 magna
1725 3523 1847 3596 clamat
1872 3526 1915 3597 ad
1942 3536 1995 3615 te,
2019 3536 2049 3597 et

681 3626 724 3698 ad
749 3628 893 3700 Patrem.
910 3642 1010 3720 tuum,
1038 3632 1163 3705 dcens.

783 3744 947 3837 Populus.
999 3747 1174 3821 lllserere.

785 3857 971 3932 Sacerdos.
1024 3863 1098 3937 Nos
1126 3887 1270 3960 quoque.

785 3973 948 4066 Populus.
1002 3979 1053 4049 'l’e
1079 3979 1316 4071 glorificamus.

784 4089 975 4164 Diaconos.
1027 4093 1135 4179 Quam
1162 4095 1306 4167 timenda
1333 4106 1387 4167 est
1411 4094 1496 4168 baec
1520 4095 1612 4168 bara.

819 4361 998 4437 Sacerdos
1024 4367 1209 4438 inclinatus
1235 4370 1320 4439 dtctt
1345 4370 1600 4441 Iooocoiiooem
1624 4368 1777 4463 Spiritus
1801 4376 1924 4444 sancti.

786 4546 904 4622 Clamo
932 4552 975 4624 ad
1002 4564 1036 4627 te
1061 4556 1167 4644 Deus,
1195 4554 1297 4629 corde
1324 4556 1464 4646 aliecto,
1491 4568 1524 4629 et
1555 4558 1653 4630 oculo
1686 4558 1951 4634 lacrimabundo:
1980 4565 2045 4632 mi-

679 4681 798 4735 serere
824 4668 890 4735 mei
916 4672 1147 4761 pergratiam
1168 4680 1269 4758 tuam,
1296 4682 1330 4742 et
1355 4694 1464 4766 purga
1485 4695 1539 4744 me
1565 4673 1811 4746 arnoltitudine
1837 4678 2044 4770 imquitatunt,

679 4798 765 4870 quae
792 4800 853 4873 per
880 4786 1102 4872 cogitationes
1129 4793 1262 4880 turpes,
1289 4795 1345 4857 aut
1372 4809 1479 4881 opera
1506 4790 1617 4882 iniqua
1649 4812 1742 4876 mea,
1776 4790 1939 4863 infirmam
1971 4793 2044 4860 ani-

677 4913 766 4962 mam
792 4916 902 4965 meam
928 4898 1103 4971 maculant.
1145 4900 1247 4992 Rogo
1276 4911 1308 4972 te
1334 4903 1478 4975 Domine
1504 4902 1603 4998 plene
1629 4904 1872 4994 misericordia,
1899 4928 1942 4976 na
1961 4927 2043 5001 pro·

675 5014 751 5099 pter
784 5020 924 5102 peccata
956 5035 1054 5107 mea,
1085 5016 1202 5111 prives
1229 5040 1283 5089 mc
1315 5022 1424 5110 gratia
1460 5030 1516 5091 tua
1547 5021 1582 5090 in
1607 5018 1674 5092 boc
1698 5030 1867 5116 ternpore,
1901 5020 1959 5096 sed
1985 5039 2043 5114 per
