4525 6034
450 592 500 668 DE
511 590 754 669 comininum
764 590 1111 669 musmouutonuu
1123 591 1318 670 mutuus
1369 626 1373 635 ·
1423 590 1588 665 LXXXV

215 801 302 875 0000
320 777 486 877 Syriacae
511 778 589 853 lons
615 788 650 852 et
675 781 774 872 origo
801 786 864 872 est,
889 801 958 852 non
983 787 1020 852 01
1045 783 1079 852 10
1104 779 1198 855 libris
1225 754 1386 871 00010101,
1412 783 1446 852 10
1470 782 1583 857 literas

211 899 313 968 missa
332 906 396 985 est,
423 895 486 970 sed
500 895 589 991 qnod
608 918 649 968 ea
667 902 840 967 uterentur
865 917 982 970 omnes
1000 919 1107 992 prope
1126 896 1452 995 Hierosolymitanae
1470 898 1584 974 11100-

210 1036 332 1089 caseos
363 1013 550 1087 Ecclesiae.
616 1012 712 1087 Illam
741 1032 845 1110 porro
872 1034 942 1086 non
975 1016 1085 1086 uisam
1115 1039 1136 1086 a
1167 1013 1369 1088 Balsamone
1402 1016 1584 1089 verisimile

208 1134 345 1204 omnino
374 1142 438 1221 est,
462 1153 543 1204 uam
568 1132 598 1204 si
623 1128 776 1219 vidisset,
802 1131 838 1200 in
863 1151 905 1200 00
933 1132 1130 1221 agnovisset
1156 1130 1274 1227 procul
1302 1132 1584 1208 1101100οω0110-

208 1252 327 1322 simam
354 1270 527 1322 sacramm
551 1270 691 1344 precum
715 1246 870 1337 iamiam,
896 1268 984 1340 0000
1008 1245 1125 1321 Basilii
1147 1247 1334 1322 etJoannis
1350 1249 1585 1346 chrysostomi

207 1363 379 1457 Linirgias
413 1364 539 1460 aliquot
569 1362 715 1439 saeculis
748 1360 970 1435 antecederet
1011 1363 1083 1436 -De
1118 1386 1160 1436 ea
1192 1386 1278 1459 0000
1311 1364 1418 1438 blanci
1454 1365 1583 1458 dicitur,

206 1504 275 1554 non
303 1485 411 1554 minus
437 1480 629 1577 expeditum
655 1488 741 1571 erat,
768 1481 857 1552 scire
884 1500 958 1551 eam
983 1481 1016 1550 in
1043 1478 1274 1552 Alexandrina
1296 1482 1455 1557 Dioecesi
1471 1483 1583 1556 locum

206 1599 367 1673 babuisse
392 1601 587 1694 antiquitus,
621 1597 709 1693 quod
737 1597 877 1689 originis
902 1595 1123 1690 Apostolicae
1150 1600 1369 1671 certissimum
1396 1625 1582 1696 argumen-

205 1726 274 1788 tum
301 1713 373 1787 init
426 1713 495 1788 Sed
523 1714 604 1788 abiit
627 1713 806 1787 Balsamon
832 1715 866 1783 in
893 1710 958 1784 alia
985 1715 1109 1803 omnia,
1135 1736 1256 1812 nempe
1281 1714 1437 1811 probavit
1462 1720 1582 1794 Jacobi

207 1842 240 1904 et
264 1831 375 1904 blanci
400 1829 569 1924 biturgias
594 1852 663 1903 non
689 1851 768 1903 esse
793 1832 829 1901 in
855 1849 1025 1901 sacrarum
1050 1828 1294 1925 scripturarum
1326 1831 1480 1907 canone:
1512 1858 1581 1907 na-

206 1951 331 2021 minem
362 1970 449 2021 vero
479 1946 544 2019 buc
575 1968 682 2041 usque
713 1948 836 2020 scimus
863 1943 948 2016 adeo
976 1945 1175 2042 desipuisse,
1201 1948 1330 2021 011010
1356 1949 1433 2044 quid
1459 1954 1583 2023 existi-

128 2070 131 2081 '
205 2073 327 2135 maret
377 2063 464 2135 Nam
489 2066 518 2136 si
544 2064 751 2160 praescripta
777 2064 811 2132 in
838 2059 1582 2160 011ου0111000018011010100001011101010
1691 2156 1697 2169 „

206 2179 361 2269 baberet,
386 2178 617 2252 Eucharistiae
643 2176 865 2251 celebrandae
898 2177 1006 2259 iorma
1038 2181 1259 2274 reperiretur,
1292 2202 1369 2254 eam
1394 2185 1488 2278 sequi
1513 2206 1583 2256 no·

207 2317 311 2369 cesse
335 2295 436 2384 foret,
461 2318 571 2390 neque
596 2298 714 2367 variae
745 2292 903 2386 luissent,
932 2296 1001 2386 jam
1029 2288 1049 2365 a
1078 2296 1193 2391 primis
1219 2294 1395 2371 Ecclesiae
1426 2301 1582 2392 saeculis,
1713 2286 1719 2298 ⁸

206 2434 383 2486 sacronim
409 2411 597 2485 ciliciomm
622 2408 787 2484 formulae
812 2419 847 2482 01
872 2412 1061 2501 orationes,
1088 2433 1226 2505 quarum
1251 2422 1361 2486 emen
1394 2414 1583 2489 discrimine

206 2551 375 2625 nunqnam
402 2531 510 2601 unitas
536 2526 732 2617 Ecclesiae,
764 2525 823 2597 001
852 2525 973 2598 leviter
1003 2524 1134 2598 turbata
1170 2537 1231 2599 est
1283 2526 1384 2603 Falsa
1415 2534 1514 2627 igitur
1546 2543 1582 2606 et

206 2648 316 2718 100010
341 2645 397 2717 illa
423 2646 509 2717 ratio
536 2653 600 2736 est,
628 2667 714 2739 0000
739 2664 808 2715 000
833 2639 933 2714 modo
960 2641 1066 2713 Marci
1092 2652 1127 2714 01
1152 2642 1271 2716 Jacobi
1296 2639 1485 2740 Litargias,
1519 2649 1581 2723 sed

206 2761 322 2834 Basilii
349 2770 384 2833 01
409 2759 643 2858 chrysostomi
666 2782 735 2832 non
760 2761 866 2831 miuus
893 2746 1027 2847 0001111,
1053 2761 1083 2832 si
1109 2759 1248 2832 valeret
1302 2761 1388 2849 Quid
1412 2767 1509 2854 enim,
1537 2788 1581 2837 00

208 2888 283 2951 0010
311 2876 470 2950 basilium
496 2886 531 2949 01
557 2875 834 2973 chrysostomum
858 2873 1008 2966 Liturgia
1038 2896 1106 2947 uon
1140 2876 1238 2949 erat?
1270 2878 1346 2964 Quo
1382 2883 1480 2952 etiam
1503 2883 1580 2973 jure

207 2993 319 3086 legem
351 2993 397 3064 1111
429 3013 599 3065 sacmrum
632 2992 768 3087 reliquis
799 2987 983 3080 Ecclesiis,
1026 3012 1112 3085 0000
1153 2992 1196 3064 01
1228 3015 1266 3066 00
1300 3017 1368 3067 000
1400 2995 1581 3070 attinebant

208 3113 469 3199 constituissent,
495 3131 570 3181 cum
596 3108 638 3180 de
665 3105 791 3181 duabus
818 3107 882 3179 illis
909 3128 991 3200 quas
1018 3107 1109 3180 solas
1135 3106 1310 3183 Ecclesiae
1337 3112 1579 3185 constantino-

208 3227 375 3323 politanae
390 3226 546 3320 exemplo
561 3229 716 3320 usurpari
744 3222 868 3296 dehere
885 3221 1066 3315 contendit,
1092 3246 1202 3321 neque
1223 3224 1340 3299 canon
1360 3228 1445 3302 ullus
1472 3238 1577 3319 extet,

209 3363 318 3438 00000
343 3351 524 3438 perpetuus
551 3341 687 3414 aliarum
714 3339 757 3412 de
782 3338 847 3414 illis
874 3338 917 3411 ad
943 3339 1060 3412 altaria
1087 3340 1168 3414 solis
1195 3342 1400 3436 adhibendis,
1426 3366 1578 3417 consen-

210 3480 264 3531 sus
290 3461 491 3553 reperiatur.
542 3457 591 3529 At
616 3459 767 3553 quamvis
794 3458 925 3550 iniquus
950 3477 1033 3551 prae
1059 3462 1202 3531 caeteris
1223 3481 1306 3551 erga
1323 3459 1460 3533 Latinos
1481 3459 1580 3532 luerit

209 3575 401 3665 balsamon,
426 3596 592 3670 nunquam
618 3584 729 3646 tamen
756 3594 798 3645 eo
825 3594 931 3666 00000
956 3582 1150 3669 provectus,
1177 3584 1213 3647 ut
1238 3598 1299 3649 000
1321 3577 1447 3672 absque
1466 3576 1577 3650 divino

210 3690 374 3764 sacrificio
410 3713 488 3765 esse
522 3690 664 3783 dixerit,
704 3693 780 3786 quia
811 3689 924 3762 Busibi
959 3689 1017 3762 001
1055 3689 1287 3789 chrysostomi
1318 3692 1477 3787 Liturgiis
1510 3716 1579 3767 non

209 3806 394 3879 utebantur.

312 3918 418 3995 XVll.
458 3920 549 3995 Nihil
581 3942 667 3994 vero
699 3924 807 4013 magis
833 3932 950 3995 contra
975 3925 1137 4015 majorum
1170 3923 1342 4021 exempla,
1377 3933 1433 3997 aut
1463 3924 1577 4019 Leges
1632 3926 1899 3997 Consentinopolia.

210 4036 484 4145 Ecclesiasticas,
511 4060 610 4133 00000
635 4040 786 4135 tyrannis
812 4036 868 4109 illa
895 4036 1334 4135 constantinopolitanorum
1359 4041 1577 4116 Patriarcha-
1590 4015 1900 4158 :fflffl‘fflffl

211 4177 299 4246 rum,
334 4177 401 4249 000
431 4154 586 4249 00110011
620 4152 743 4248 011000
783 4152 974 4250 disciplinae
1007 4161 1134 4228 veteris
1167 4156 1246 4248 fuit,
1271 4159 1306 4227 in
1331 4156 1447 4229 ritibus
1472 4158 1575 4252 longo
1588 4187 1760 4240 00000000
1779 4191 1842 4242 000
1856 4190 1902 4257 ju·

211 4272 385 4344 multorum
404 4269 619 4343 'saeculorum
644 4293 708 4343 usn
734 4269 954 4362 confirmatis,
981 4270 1136 4344 abolitum
1162 4274 1351 4365 voluerunt,
1377 4282 1412 4344 ut
1437 4278 1488 4347 sui
1513 4275 1693 4346 re-nssflum·

212 4390 415 4483 ciperentur:
448 4408 534 4481 0000
566 4387 698 4483 quidem
729 4386 787 4458 lex
820 4388 909 4460 nulla
943 4409 1085 4482 unquam
1117 4388 1196 4479 buit,
1231 4388 1292 4462 sed
1325 4411 1484 4461 summum
1506 4392 1575 4481 jus,

212 4504 268 4576 001
294 4526 422 4579 somma
454 4505 564 4598 potius
596 4506 818 4576 recentionnn
842 4502 1107 4578 Patriarcharum
1142 4508 1270 4597 injuria.
1321 4504 1481 4578 Eamdem
1506 4508 1576 4577 vim

214 4616 275 4691 sibi
300 4616 423 4691 iactam
450 4640 554 4714 saepe
582 4618 769 4693 Orientalas
795 4622 860 4716 ipsi
885 4624 991 4718 questi
1017 4612 1114 4711 sunt,
1147 4625 1176 4694 si
1203 4621 1355 4717 quando,
1381 4630 1416 4692 ut
1442 4624 1575 4720 saepius

213 4734 481 4808 inblissionibus
508 4736 638 4827 accidit,
662 4735 813 4810 homiues
839 4739 872 4809 in
899 4740 1087 4834 antiquitate
1101 4737 1339 4810 Ecclesiastico
1353 4760 1469 4833 parum
1487 4760 1575 4812 vor-

201 4852 275 4921 ·sati
299 4852 381 4924 ritus
413 4851 542 4925 illomm
575 4852 702 4927 Latinis
734 4853 981 4929 commutandos
1013 4864 1229 4946 censuerunt,
1260 4853 1379 4927 eadem
1410 4853 1575 4949 dignitatis

214 4962 383 5040 Romanae
422 4968 512 5043 sedis
548 4973 692 5044 ratione:
739 4993 824 5066 qnae
860 4974 890 5044 si
924 4972 1055 5044 valeret
1094 4971 1318 5068 aliquatenus,
1359 4973 1402 5045 ad
1436 4978 1574 5067 veteris,

216 5099 279 5154 non
306 5083 348 5155 ad
373 5107 486 5159 novae
511 5085 642 5160 Romae
668 5087 870 5185 disciplinam
897 5089 1084 5163 imitandam
1100 5088 1323 5187 compelleret.
1374 5089 1457 5165 11101
1474 5095 1574 5186 igitm
