4525 6034
337 572 378 648 ut
397 569 580 649 uuonan
600 569 825 649 Gilllllllhlllll
843 571 928 649 Situ
942 571 1150 648 LITURGlAll
1167 569 1437 649 AETHIOPIOAM.
1506 570 1582 647 505

203 756 336 838 spondet
358 757 488 819 orationi
509 755 718 837 Aethiopicae.
763 753 838 817 Abit
859 762 958 817 tamen
980 756 1093 838 aliquot
1115 755 1192 819 locis
1213 756 1254 851 ab
1276 773 1312 818 ea
1337 754 1582 837 quarnLudolius
1630 775 1659 829 t.
1677 775 1703 828 3.
1722 774 1768 828 No.
1787 777 1831 828 37.

202 856 333 918 inseruit
357 855 578 920 Commentario
601 874 657 919 suo
680 855 718 918 ad
740 854 904 917 Historiam
925 854 1144 938 Aethiopicam.
1181 855 1300 918 Summa
1322 855 1448 918 eruditis
1471 855 1584 921 nolo..

201 940 362 1040 γλώηοις
383 956 537 1018 temeritas
560 962 664 1018 nostra
688 952 848 1032 videbitur,
871 953 999 1017 hominis
1021 956 1052 1017 in
1067 973 1104 1017 aa
1119 954 1224 1035 lingua
1239 962 1298 1016 tarn
1313 955 1583 1034 praeclarcmeriti

202 1057 377 1118 versionem
401 1054 616 1118 emendandam
645 1054 813 1135 suscipere.
859 1054 971 1116 Verum
1001 1055 1058 1116 nisi
1087 1054 1285 1116 vehementer
1311 1052 1458 1132 labimur,
1488 1057 1583 1141 longe

201 1157 301 1236 major
326 1156 477 1216 temeritas
500 1153 569 1231 luit,
599 1173 640 1216 ex
668 1152 783 1236 regulis
807 1152 1029 1232 Grammaticis,
1059 1171 1184 1234 ιιιιιιιιιιιι
1206 1152 1273 1233 ipse
1295 1151 1473 1234 plerumque
1496 1164 1584 1221 autor

143 1322 145 1327 ,
200 1253 266 1331 luit,
292 1263 326 1316 et
348 1271 422 1334 quas
444 1252 645 1334 Aethiopibus
667 1254 741 1332 ipsis
763 1253 898 1334 ignorari
920 1270 1035 1335 negare
1057 1271 1119 1316 non
1142 1253 1309 1334 potuisset,
1336 1269 1373 1314 ea
1395 1252 1427 1314 in
1450 1253 1583 1336 Symbo-

200 1353 262 1415 lum
286 1352 360 1416 iidei
383 1352 594 1431 introducere,
625 1370 704 1432 qnae
734 1351 911 1414 Christianis
939 1351 1063 1414 auribus
1089 1351 1222 1414 inaudita
1249 1350 1309 1412 huc
1331 1368 1429 1432 usque
1451 1350 1582 1418 inerunt.

201 1452 277 1526 Quis
303 1455 384 1515 eninr
406 1470 536 1534 unquam
559 1452 671 1514 audivit
693 1452 772 1513 inter
802 1450 944 1513 attributa
973 1450 1047 1527 Dei,
1079 1449 1153 1513 illud
1182 1449 1390 1525 Ludolfinum‚
1421 1454 1473 1532 qui
1501 1454 1586 1515 uidet

200 1555 307 1615 onmia
333 1559 362 1613 et
381 1553 482 1614 cidere·
501 1570 562 1613 non
580 1558 697 1631 potest,
727 1552 906 1630 praesertim
928 1567 996 1612 cum
1017 1549 1090 1612 illud
1113 1553 1216 1613 onmia
1237 1551 1267 1613 in
1291 1550 1472 1631 Aethiopico
1495 1558 1582 1614 textu

89 1725 101 1743 θ
199 1669 262 1713 non
286 1651 419 1733 legatur.
461 1649 535 1711 Erat
557 1667 632 1712 sane
660 1650 835 1711 neccssaria
864 1649 915 1711 illa
943 1666 1020 1724 vox,
1050 1656 1084 1711 ut
1113 1651 1263 1711 sententia
1292 1649 1359 1712 Deo
1388 1651 1582 1713 conveniret:

200 1769 269 1813 nam
294 1749 435 1831 Angelus
458 1749 541 1811 videt
563 1757 595 1811 et
616 1766 678 1811 non
699 1747 834 1811 videtur:
856 1749 916 1811 imo
940 1749 1038 1810 anima
1059 1747 1142 1810 videt
1165 1755 1195 1809 et
1217 1766 1278 1810 non
1302 1749 1430 1813 videtur.
1462 1749 1582 1822 Quanto

199 1848 323 1912 iacilius
346 1848 400 1910 luit
424 1865 611 1930 agnoscere,
634 1847 685 1910 vel
708 1847 848 1909 omissam
871 1847 1034 1926 htcrulam,
1058 1865 1136 1928 quae
1158 1848 1310 1929 passivam
1332 1847 1583 1931 significationem

200 1949 391 2031 designaret,
414 1947 464 2009 vel
487 1949 611 2028 primam
633 1963 740 2010 vocem
763 1946 869 2009 eadem
885 1947 1105 2030 significatione
1124 1965 1194 2010 esse
1207 1947 1421 2029 accipiendam.
1453 1946 1583 2009 Omissio

199 2066 296 2129 porro
321 2049 410 2110 unius
440 2046 547 2109 literae
568 2046 658 2109 facile
681 2047 711 2109 in
734 2046 939 2128 suspicionem
960 2046 1066 2109 venire
1088 2046 1188 2128 potuit
1216 2049 1298 2109 cirea
1320 2045 1484 2109 Romanam
1514 2045 1583 2109 edi-

199 2150 335 2225 tionem,
367 2164 444 2226 quae
468 2146 584 2208 mendis
608 2145 839 2228 typographicis
862 2152 975 2208 scatet:
998 2164 1067 2209 nam
1090 2165 1157 2209 cam
1179 2145 1275 2209 solam
1297 2142 1443 2208 Ludollus
1465 2163 1583 2208 consu·

199 2248 297 2311 luisse
322 2245 459 2324 videtur,
483 2263 551 2307 curn
574 2244 718 2307 codicem
740 2247 974 2325 manuscriptum
997 2244 1110 2307 nullum
1132 2246 1205 2308 citet
1226 2245 1409 2309 nominatim.
1455 2244 1530 2306 Tum
1553 2245 1584 2306 in

198 2364 293 2409 unum
318 2344 425 2422 Deum,
448 2342 597 2423 Οριίηιιιιιι
618 2346 784 2405 monium
806 2344 855 2406 cni
876 2344 958 2407 bono
980 2345 1135 2406 inseritur.

286 2444 334 2506 Et
355 2444 443 2505 bomo
462 2441 568 2521 [octus
590 2450 637 2504 eat
656 2462 678 2503 α
706 2442 822 2522 Spiritu
843 2452 961 2505 sancto.
1005 2443 1101 2506 Nemo
1130 2450 1268 2506 vetennn
1299 2449 1351 2506 ant
1379 2441 1584 2504 recentiorum

199 2545 241 2607 ita
270 2542 395 2605 locutus
426 2548 482 2604 est.
525 2540 602 2603 Nam
631 2539 774 2622 Spiritum
809 2549 946 2604 sanctum
976 2558 1089 2623 corpus
1119 2543 1223 2605 Verbo
1256 2543 1330 2618 Dei,
1361 2561 1401 2603 err
1429 2560 1522 2604 carne
1552 2549 1584 2605 et

200 2644 357 2727 sanguine
386 2640 420 2705 B.
450 2641 585 2724 Virginis
615 2638 781 2718 formasse,
816 2643 847 2703 in
878 2661 938 2724 qno
970 2641 1048 2704 filius
1082 2649 1219 2712 naturam
1246 2642 1402 2704 humanam
1431 2642 1582 2722 assumsit,

201 2742 373 2806 communis
395 2740 611 2818 lacobitarum,
635 2741 826 2820 omniumque
847 2741 1086 2805 Christianorum
1108 2741 1306 2805 Orientalium
1329 2740 1496 2825 Theologia
1519 2748 1583 2804 est:

200 2842 300 2905 Deum
333 2840 484 2918 Verbum,
515 2858 638 2903 aunem
667 2847 718 2902 ant
747 2840 895 2903 hominem
925 2840 1037 2904 iactum
1059 2860 1077 2903 a
1098 2840 1212 2923 Spiritu
1233 2848 1357 2919 sancto,
1385 2857 1474 2903 nemo
1497 2840 1586 2919 dinc,

200 2958 303 3022 neque
328 2940 388 3019 ipsi
409 2937 588 3020 Aethiopes,
612 2956 679 3001 cnm
701 2938 851 3021 particula
872 2942 969 3025 magis
991 2941 1030 3003 de
1052 2959 1141 3022 quam
1163 2960 1185 3003 a
1206 2940 1366 3022 significet.

290 3038 356 3104 Sed
378 3038 450 3100 illud
472 3039 691 3102 intolerandum
714 3038 796 3122 quod
819 3040 969 3122 sequitur:
1000 3058 1068 3103 curn
1090 3060 1131 3103 ex
1154 3041 1272 3103 Graeco
1294 3038 1455 3121 Symbola,
1484 3039 1583 3101 omni-

200 3141 323 3221 busque
346 3139 537 3203 versionibus
561 3139 780 3216 Orientalibus,
808 3140 904 3203 verba
925 3139 991 3219 illa,
1021 3139 1063 3203 Et
1082 3140 1172 3202 bomo
1192 3139 1296 3218 soctan
1318 3145 1376 3215 est,
1400 3155 1467 3199 cunr
1489 3155 1583 3219 prae·

201 3237 385 3302 cedentibus
409 3239 642 3322 conjungantur,
664 3248 698 3302 nt
719 3239 895 3302 necessario
918 3240 985 3302 lieri
1007 3238 1116 3318 debet,
1140 3256 1194 3301 cur
1216 3258 1253 3301 ea
1276 3237 1465 3318 separaverit
1486 3239 1584 3300 inter-

201 3357 294 3419 pres,
330 3354 453 3401 causam
483 3338 598 3401 habere
628 3338 740 3401 nullam
769 3338 877 3420 potnit.
923 3336 1065 3418 Sequitur
1092 3337 1128 3399 ln
1155 3339 1255 3400 cirum
1282 3338 1394 3415 eruut,
1423 3355 1484 3418 quo
1511 3335 1585 3400 nihil

203 3436 386 3513 absurdius;
408 3438 449 3499 ita
473 3439 553 3500 eninr
575 3437 659 3518 loqui
680 3455 853 3518 possumus,
876 3436 915 3499 de
938 3436 1132 3500 adolescente
1156 3439 1207 3520 qui
1224 3436 1412 3519 pubertatem
1425 3455 1584 3518 egressus,

203 3538 233 3599 in
264 3538 352 3600 viros
382 3536 608 3611 transcribitur,
642 3555 742 3616 neque
772 3536 803 3599 id
833 3538 976 3600 convenit
1008 3536 1225 3600 incarnationis
1260 3538 1416 3618 mysterio.
1469 3535 1584 3599 Vocem

204 3635 420 3718 Aethiopicam
442 3636 509 3716 ipse
531 3632 676 3698 Ludolius
699 3637 730 3697 in
752 3635 866 3699 Lexico
888 3653 945 3699 suo
968 3654 1038 3718 per,
1062 3638 1151 3699 bomo
1171 3636 1274 3716 form
1296 3643 1356 3711 est,
1379 3642 1464 3698 recte
1486 3637 1585 3699 inter-

203 3743 345 3816 pretatus
369 3742 426 3813 est,
449 3741 482 3796 ut
505 3742 574 3798 ante
597 3735 678 3796 illum
700 3734 837 3798 fecerant
859 3736 910 3816 qui
933 3734 1104 3823 Symbolum
1127 3735 1207 3798 idem
1229 3735 1410 3817 Aethiopica
1434 3735 1584 3799 etLatine

204 3835 370 3898 ediderunt
382 3834 530 3896 Nisselius
546 3842 577 3897 et
591 3835 728 3897 Petreus.
757 3833 923 3915 Aethiopes
946 3844 1168 3917 expresserunt
1190 3822 1354 3918 σάρκωσιν
1370 3844 1400 3898 et
1413 3824 1584 3922 ἕνανθρώ-

203 3955 252 4017 πη
273 3948 337 3995 σιν.
383 3934 415 3997 Si
438 3933 531 4015 igitur
553 3932 689 3995 eamdem
711 3932 846 3995 Latinam
869 3953 977 3998 vocem
999 3943 1143 4017 repetere
1165 3953 1227 3998 non
1250 3934 1405 4016 placebat,
1438 3954 1496 3997 nec
1518 3937 1585 4016 pri-

204 4053 296 4111 mam,
321 4038 356 4094 ut
378 4032 444 4110 alii,
467 4050 525 4114 per
547 4031 728 4095 lacernatus
750 4041 796 4095 eat
817 4035 1029 4115 interpretari,
1053 4036 1120 4117 quia
1145 4035 1173 4097 id
1196 4034 1300 4117 lingua
1322 4033 1500 4117 Aethiopica
1523 4051 1585 4097 non
1675 4060 1679 4067 ¹

205 4132 395 4213 patiebatur,
427 4140 457 4194 at
479 4149 602 4209 novam,
621 4150 680 4194 nec
703 4133 848 4214 mysterio
872 4137 1103 4197 convenientem
1132 4133 1242 4217 lugere
1272 4132 1402 4196 debebat
1430 4133 1506 4196 fidus
1536 4135 1585 4196 iu-

205 4240 341 4313 terpres.

296 4326 330 4391 ln
360 4329 487 4392 articulo
518 4332 569 4412 qui
597 4330 635 4394 de
665 4331 777 4411 Spiritu
801 4330 912 4395 Sancto
941 4340 989 4395 est
1011 4332 1072 4408 Oroi
1092 4353 1133 4394 ec
1154 4332 1249 4393 Patre
1271 4332 1404 4413 Filioque
1421 4333 1586 4412 processit,

204 4445 268 4492 non
293 4428 411 4490 melius.
455 4429 530 4491 Nam
553 4433 611 4492 etsi
632 4429 800 4512 Aethiopes
824 4440 857 4494 ut
878 4431 1008 4494 llebraci
1030 4439 1062 4494 et
1082 4430 1204 4494 Arabes
1227 4440 1344 4511 tempus
1366 4448 1529 4512 praesens,
1553 4439 1587 4494 ut

206 4530 402 4591 Grammatici
414 4528 588 4609 loquuntur,
612 4548 674 4592 non
696 4529 839 4593 habeant:
863 4538 894 4594 at
916 4530 989 4593 illud
1012 4548 1105 4612 saepe
1129 4531 1584 4612 exprimuntperpraeteritum',

205 4647 263 4691 seu
287 4631 413 4710 primam
435 4628 524 4692 verbi
545 4629 690 4692 radicem:
720 4638 752 4693 et
781 4649 855 4694 sane
885 4632 1033 4694 sententia
1062 4648 1099 4693 eo
1129 4630 1227 4709 ducit,
1257 4640 1291 4693 ut
1320 4631 1360 4693 ita
1388 4631 1584 4715 intelligatur.

205 4729 306 4791 Nemo
329 4736 428 4791 autern
452 4729 490 4792 de
509 4728 622 4811 Spiritu
644 4737 749 4793 sancto
772 4730 911 4811 loquens,
934 4733 1163 4812 processionem
1187 4730 1225 4794 ad
1248 4733 1444 4812 praeteritum
1466 4739 1585 4810 tempus

208 4828 402 4907 determinat,
424 4836 475 4891 aut
496 4828 557 4891 nlla
579 4828 717 4891 Ecclesia
739 4848 870 4910 unquam
893 4832 1016 4893 cecinit:
1040 4830 1101 4906 Qui
1113 4851 1155 4894 ea
1168 4831 1264 4893 Putre
1275 4831 1409 4912 Filioque
1418 4830 1586 4911 processit:

206 4930 368 5009 processio
391 4930 469 4990 enim
492 4936 615 4991 aeterna
637 4935 693 4992 est.
