4525 6034
460 562 491 640 S.
543 564 743 640 tutti
794 564 1022 640 PAPAE
1074 562 1365 642 ROblltlll.
1522 563 1599 637 227

331 748 492 843 Populus.
544 749 664 824 Arnen.

330 863 519 936 Diaconos.
572 863 707 938 Stemus
733 863 902 937 decenter.

330 979 492 1073 Populus.
545 978 800 1052 Misericordiae
824 979 901 1053 Dei.

331 1094 515 1167 saccum
569 1092 711 1167 Caritas.

332 1209 494 1303 Populus.
546 1208 701 1281 Etcum.

332 1323 516 1396 Sacerdos.
570 1323 709 1397 Sursum
736 1323 849 1396 corda.
961 1321 966 1326 ’

331 1439 493 1534 Populus.
545 1438 717 1511 Habemus
743 1439 786 1512 ad
812 1439 1000 1511 Dominum.
1105 1477 1109 1482 ·

330 1555 514 1627 Sacerdos.
568 1554 701 1628 Gratias
728 1575 868 1647 agamus
895 1557 1049 1628 Domino.

330 1670 491 1764 Populus.
543 1670 690 1761 Dignum
715 1680 750 1741 et
771 1674 896 1763 justum
923 1680 985 1744 est
1156 1730 1165 1746 .

330 1784 506 1857 Sacerdos
532 1786 724 1857 inclinatae.
777 1786 871 1857 Vere
897 1786 1032 1879 dignum
1059 1799 1094 1860 et
1114 1792 1239 1882 justum
1267 1798 1334 1877 est,
1360 1797 1396 1858 nt
1422 1790 1600 1862 adoremus

224 1909 261 1971 et
294 1898 467 1974 laudemus
502 1901 636 1972 Patrem
672 1911 706 1972 et
739 1900 876 1989 Filium,
918 1913 953 1974 et
983 1903 1142 1998 Spiritum
1177 1913 1326 1976 sanctum
1361 1924 1461 1974 unum
1491 1901 1602 1974 Deum

223 2036 353 2088 verum.

331 2132 483 2203 Blesum
508 2154 633 2204 vocem.
686 2132 741 2205 Ad
774 2130 905 2204 laudem
937 2153 1058 2228 nempe
1093 2137 1208 2226 magni
1241 2132 1375 2205 decoris
1406 2134 1454 2203 tui
1479 2130 1602 2205 inoda-

225 2244 315 2336 bitis,
341 2269 410 2319 non
437 2246 598 2320 sufficiunt
624 2268 741 2319 omnes
768 2246 945 2319 rationales
973 2257 1168 2336 creaturae,
1201 2271 1277 2321 cum
1309 2245 1504 2320 abscondite
1537 2269 1602 2320 su·

225 2365 342 2458 perior
369 2363 510 2434 sitlans
536 2374 593 2435 tua
620 2363 772 2436 omnibus
800 2365 925 2434 naturis
959 2362 1144 2437 visibilibus
1177 2373 1234 2436 aut
1265 2360 1500 2436 invisibilibus:
1538 2362 1604 2449 Qui

227 2476 364 2568 dignum
395 2476 504 2551 iecisti
539 2479 698 2574 populum
726 2488 814 2551 tuum
841 2478 992 2566 fidelem,
1019 2490 1135 2551 sancte
1163 2502 1238 2551 curn
1264 2475 1443 2549 Cherubim
1470 2488 1504 2550 et
1529 2478 1602 2550 Se-

225 2592 355 2689 raphim
388 2593 544 2666 laudandi
577 2594 780 2667 divinitatem
815 2604 903 2666 tuam
928 2593 1148 2683 ineffabilem,
1182 2596 1380 2690 praesertim
1416 2615 1501 2664 vero
1537 2592 1603 2666 boo

226 2718 380 2804 tempore
407 2709 504 2781 simul
530 2721 565 2782 et
590 2709 793 2803 generaliter
825 2709 983 2806 hymnum
1017 2710 1107 2782 illum
1140 2709 1342 2798 coelestem,
1378 2708 1602 2781 laudationem

225 2822 316 2895 illam
344 2836 395 2897 ter
421 2835 583 2916 sanctam,
609 2825 806 2921 praeclarae
833 2828 999 2916 majestati
1026 2836 1104 2898 tuae
1130 2826 1266 2898 divinae
1293 2825 1508 2898 concinentes
1524 2821 1602 2894 cla-

227 2950 330 3028 mant,
358 2940 586 3013 vociferantur
612 2954 646 3013 et
672 2942 793 3014 dicunt.

333 3054 493 3148 Populus.
546 3057 700 3129 Sanctus.

333 3169 508 3242 Sacerdos
540 3173 731 3244 inclinatus.
785 3173 929 3245 Sanctus
967 3173 1061 3243 Dens
1096 3173 1199 3243 Pater
1234 3174 1453 3266 omnipotens.
1507 3169 1602 3241 San·

227 3296 301 3358 ctus
328 3285 432 3360 Filius
460 3296 533 3359 turos
560 3291 748 3380 unigenitus
775 3287 936 3374 Dominus
972 3298 1088 3360 noster
1113 3286 1215 3358 lesus
1244 3285 1403 3360 Christus.
1457 3285 1602 3357 Sanctus

227 3402 372 3498 Spiritus
399 3413 473 3474 tuus
500 3412 644 3475 sauctus.
699 3402 944 3495 Magnificentia
971 3412 1027 3474 tua
1055 3411 1117 3489 est,
1145 3401 1234 3497 quod
1267 3400 1395 3496 absque
1428 3399 1494 3472 ulla
1521 3422 1601 3472 mu-

226 3521 353 3590 tatione
380 3520 570 3590 incarnatus
598 3529 651 3592 est
676 3522 865 3611 unigenitus
892 3517 995 3590 Filius
1022 3529 1116 3604 tuus,
1151 3541 1197 3589 ex
1223 3517 1364 3610 Virgine
1391 3527 1528 3603 sancta,
1569 3524 1603 3585 et

225 3632 370 3728 perfecit
396 3638 506 3705 omnia
534 3656 637 3728 opera
670 3657 730 3706 sua
756 3644 863 3722 recte,
890 3643 923 3705 et
948 3655 1010 3729 per
1036 3634 1214 3728 passiones
1242 3654 1321 3704 suas
1348 3641 1483 3705 sanctas
1508 3631 1602 3704 libe-

225 3751 317 3820 ravit
343 3770 403 3821 eos
430 3752 545 3843 quiin
571 3748 661 3821 illum
689 3748 907 3821 crediderunt.

332 3865 484 3936 Eteonos
508 3887 634 3936 vocem.
687 3866 840 3960 Vespera
868 3863 924 3934 illa
950 3873 1139 3959 postrema,
1167 3886 1232 3958 qua
1259 3862 1436 3935 traditurus
1465 3871 1537 3934 erat
1563 3884 1603 3935 se

225 3983 348 4074 ipsum,
375 4002 437 4075 pro
463 3983 533 4051 vita
562 3991 596 4052 et
624 3980 731 4053 salute
758 3980 879 4067 mundi,
908 3983 1038 4075 accepit
1063 4002 1184 4076 panem
1203 3983 1236 4051 in
1262 4002 1379 4051 manus
1409 4000 1487 4051 suas
1514 3999 1601 4050 san-

225 4105 298 4168 ctas
325 4097 354 4183 †
380 4107 414 4167 et
440 4094 625 4183 benedixit,
657 4097 686 4183 †
718 4105 751 4167 et
785 4095 888 4188 fregit
919 4097 948 4183 †
982 4094 1137 4190 deditque
1173 4094 1343 4190 discipulis
1376 4099 1444 4167 suis
1478 4097 1602 4167 sanctis

225 4210 351 4283 dicens.
403 4212 558 4306 Accipite
583 4209 779 4283 manducate
806 4233 852 4282 err
879 4232 931 4283 ec.
986 4211 1060 4282 Hoc
1090 4221 1143 4282 est
1176 4230 1299 4306 corpus
1333 4231 1462 4297 meum,
1494 4212 1603 4304 ipsum

227 4324 317 4419 quod
352 4348 414 4420 pro
447 4324 568 4415 vobis,
600 4337 634 4397 et
668 4348 730 4422 pro
758 4327 866 4398 multis
893 4326 988 4398 datur
1014 4329 1048 4396 ln
1074 4328 1301 4420 expiationem
1328 4324 1541 4413 debetorum,
1568 4332 1603 4393 et

225 4444 459 4512 remissionem
487 4451 700 4536 peccatorum
729 4451 763 4512 et
789 4444 891 4513 vitam
918 4451 1098 4513 aeternam.

324 4554 492 4648 Populus.
548 4558 669 4630 Amen.

331 4670 516 4742 Sacerdos.
569 4670 727 4744 Similiter
753 4673 853 4744 etiam
880 4682 914 4742 et
940 4693 1042 4766 super
1068 4669 1206 4743 calicem
1224 4671 1353 4762 gratias
1386 4673 1455 4761 egit
1479 4671 1507 4757 †
1533 4668 1601 4740 be-

225 4784 367 4876 nedixit,
393 4788 422 4874 †
448 4788 683 4876 sanctificavit,
715 4790 742 4875 †
777 4786 932 4882 deditque
964 4786 1130 4882 discipulis
1165 4788 1234 4858 suls
1266 4784 1443 4881 Apostolis
1476 4788 1601 4858 sanctis

226 4900 353 4974 dicens.
405 4903 561 4998 Accipite
592 4901 695 4975 bibite
722 4925 767 4974 ex
803 4926 845 4975 eo
872 4925 938 4976 vos
970 4923 1096 4974 omnes.
1149 4901 1212 4973 Hic
1247 4910 1299 4972 est
1334 4902 1472 4991 sangaris
1505 4921 1601 4973 meus

278 5040 401 5083 ronasn.
1346 5015 1395 5090 32
