4525 6034
348 2437 454 2491 Praeter
469 2446 523 2490 tres
539 2437 657 2507 sugam

348 2525 433 2577 nullae
467 2531 554 2577 extant
589 2521 658 2592 apud

240 2624 243 2633 ·
348 2607 470 2680 copones.

278 4606 282 4616 .
353 4561 455 4616 Desilit
470 4562 591 4632 Litargiis
602 4562 656 4618 B·-

350 4648 407 4701 silio
430 4649 569 4717 adscriptis.

670 538 744 613 154
1171 536 1612 616 COMMENTARIUS
1671 644 1675 651 .
1735 596 1737 599 -

666 726 833 788 auriensem
853 723 1053 805 Episcopum,
1072 741 1224 805 personae
1244 722 1349 785 Patris
1370 726 1579 805 omnipotetem
1596 726 1764 807 prosapiae
1781 726 1894 788 dicata
1915 724 2035 788 Securu-

666 825 708 887 da
730 834 776 887 est
789 823 930 904 Eiturpia
952 826 1051 887 sancti
1071 824 1229 905 Greporii,
1251 823 1446 903 mnpdariter
1465 832 1606 904 spectans
1625 844 1786 905 personam
1801 825 1872 887 Filii
1890 826 2037 905 mipetiti

665 932 696 987 et
716 925 848 1000 aeterni,
871 941 949 1005 quae
971 931 1183 986 commemorat
1203 924 1268 1002 aas
1288 921 1544 1001 tmamanonem,
1569 922 1818 1004 Omdpicionem
1845 924 2035 1000 Passionem,

665 1023 871 1104 sepultum,
894 1023 1151 1085 Resurrectionem
1173 1040 1195 1083 a
1215 1022 1358 1097 mmuh,
1379 1019 1593 1085 Ascensionem
1614 1024 1658 1085 ad
1678 1023 1797 1100 metor,
1819 1032 1850 1086 et
1867 1023 2036 1087 Ademtum

666 1124 732 1202 eires
753 1123 796 1184 ad
808 1123 1009 1202 judicandam
1029 1123 1117 1184 oioos
1138 1129 1168 1182 et
1188 1128 1339 1182 mortuos:
1361 1127 1391 1183 et
1410 1121 1470 1183 loe
1490 1131 1560 1184 sumt
1579 1123 1698 1204 quidem
1715 1123 1795 1185 duae
1806 1125 1936 1204 priores.
1959 1122 2035 1185 Ter-

667 1224 711 1285 tia
733 1229 779 1284 est
798 1221 939 1302 Eiturpia
958 1220 991 1285 S.
1017 1219 1122 1304 Cprilli
1142 1220 1185 1281 ad
1205 1218 1310 1282 Patris
1329 1238 1444 1300 quoqne
1461 1238 1624 1300 personam
1643 1223 1806 1302 praecipue
1827 1231 1977 1302 spectm
2001 1224 2036 1284 in

666 1341 725 1403 qrto
747 1340 815 1382 eam
836 1340 913 1401 quae
934 1339 956 1382 a
976 1319 1095 1382 Baalio
1114 1319 1203 1399 sacta
1224 1326 1271 1381 est
1290 1319 1441 1396 imitatur,
1464 1320 1545 1400 qood
1562 1322 1685 1401 proprie
1705 1322 1856 1401 respiciat
1871 1339 2035 1401 persortam

665 1421 779 1483 Patris.
830 1420 887 1482 liis
916 1419 1013 1482 trihus
1038 1419 1187 1500 Linapiis
1210 1418 1400 1499 politanum
1426 1418 1591 1496 insistitur,
1623 1428 1654 1482 et
1683 1420 1723 1482 dc
1750 1421 1812 1482 illis
1839 1423 2034 1497 mmmm,

666 1521 787 1584 amasis
808 1520 878 1582 aliis
899 1538 977 1601 quae
998 1521 1031 1580 in
1051 1518 1192 1581 Ecclesia
1214 1524 1449 1594 canerentur,
1471 1526 1501 1580 et
1520 1519 1679 1581 duodecim
1700 1520 1841 1582 dicmur
1863 1539 1937 1583 esse.
1969 1520 2034 1583 Ga-

666 1619 743 1683 briel
765 1619 842 1681 filius
866 1617 1170 1709 sustentatricem
1191 1616 1415 1680 Alexandrinus
1436 1615 1526 1682 LXX.
1554 1618 1583 1680 in
1608 1617 1876 1682 Constitutionihus
1899 1619 2035 1701 Synodi-

666 1721 710 1782 cis
733 1718 771 1781 de
793 1718 900 1781 iisdem
921 1719 963 1781 ila
984 1718 1126 1799 loquitur.
1170 1717 1312 1779 Peruenit
1332 1717 1376 1778 ad
1400 1717 1637 1780 mediocritatem
1657 1727 1794 1780 nostram
1815 1738 1882 1781 estc
1902 1721 2035 1783 norand-

666 1819 714 1882 los
735 1839 775 1881 ec
796 1817 968 1881 Provinciis
988 1816 1102 1894 Solid,
1124 1817 1189 1880 siae
1212 1815 1386 1891 thebaidis,
1414 1818 1466 1897 qai
1490 1815 1646 1899 Liluryias
1667 1817 1830 1894 celebrent,
1859 1819 1898 1880 de
1926 1819 2034 1900 aalma

667 1919 913 1994 controvertitur,
936 1918 1132 1999 diversasque
1154 1935 1176 1978 a
1197 1915 1294 1978 tribur
1314 1918 1409 1992 nolis,
1430 1935 1535 1997 nempe
1555 1916 1696 1998 Litarpia
1709 1916 1880 1995 S.Basilii,
1901 1926 1932 1980 ci
1952 1920 2036 1982 too-

667 2016 723 2080 bus
744 2018 815 2080 aliis
836 2018 938 2080 sancti
958 2016 1098 2098 Greporii
1118 2024 1149 2078 el
1168 2015 1200 2077 S.
1225 2013 1337 2098 Oprilli.
1359 2015 1548 2077 Prohibitum
1569 2025 1616 2078 est
1636 2024 1736 2078 aulem
1756 2035 1778 2079 a
1798 2016 1887 2079 nohis
1902 2017 1958 2080 aab
1975 2038 2036 2081 ea-

668 2117 946 2179 conunrmicationis
964 2134 1082 2196 poetro,
1107 2136 1146 2177 ne
1167 2116 1324 2197 qaisquam
1344 2116 1389 2176 ita
1407 2113 1523 2193 famul,
1553 2116 1649 2178 donec
1676 2117 1721 2178 ad
1748 2114 1860 2179 Cottam
1889 2115 2036 2179 Palmar-

668 2215 783 2277 chalem
803 2218 936 2291 venuit,
959 2222 988 2277 et
1008 2214 1165 2295 Litoryiae
1186 2233 1263 2296 quos
1283 2212 1374 2276 labet
1395 2215 1588 2276 examinatae
1606 2213 1728 2293 fuerint.
1756 2213 1934 2278 Abulhircat
1955 2217 2036 2279 inter

669 2315 726 2377 alia
748 2315 850 2378 Basilii
872 2333 968 2397 opera
989 2315 1116 2396 primum
1137 2322 1279 2377 recenset
1300 2314 1471 2395 Einapiam
1491 2315 1535 2376 ad
1555 2315 1738 2378 commanda
1759 2317 1910 2398 myster-ua.

752 2432 880 2510 ,Praeter
900 2430 966 2493 illas
988 2429 1087 2493 nullae
1110 2429 1221 2493 dudum
1243 2437 1348 2494 extant
1370 2430 1449 2512 apud
1472 2428 1629 2513 Coptilas,
1656 2439 1707 2493 aul
1736 2433 1762 2495 si
1790 2438 1896 2495 emant
1921 2430 2035 2494 nullum

670 2534 701 2595 in
722 2530 869 2594 Ecclesiis
890 2548 977 2593 mum
999 2529 1127 2608 hahent,
1156 2529 1267 2592 nullam
1298 2531 1497 2594 autoritatem.
1546 2532 1677 2596 Severus
1705 2530 1973 2595 Aschmoninensis
2002 2531 2035 2594 in

670 2633 743 2695 Vita
760 2631 841 2694 Petri
862 2630 967 2713 Moggi
989 2630 1067 2692 inter
1089 2628 1147 2691 alia
1169 2645 1263 2710 opera
1285 2631 1323 2693 ah
1345 2647 1383 2693 eo
1406 2631 1535 2711 mapa,
1563 2630 1728 2716 Liturgiam
1746 2639 1902 2710 recenset,
1925 2629 1982 2694 sed
1994 2629 2035 2694 dc

670 2749 708 2795 ea
729 2730 803 2793 nihil
824 2729 904 2812 apud
925 2727 1000 2791 ahos
1022 2735 1147 2791 autores
1169 2726 1290 2811 legitur.
1333 2729 1379 2793 Eo
1407 2731 1526 2793 nomine
1549 2730 1629 2794 Petri
1657 2749 1745 2794 unam
1773 2749 1843 2795 esse
1866 2750 1884 2794 a
1906 2729 2036 2812 Coptitis

670 2837 843 2912 mupatam
864 2828 986 2910 scripsit
1007 2827 1190 2891 Athanasius
1212 2827 1375 2891 Eischerus
1389 2829 1421 2891 in
1439 2826 1593 2893 Prodromi
1608 2831 1655 2892 sui
1673 2829 1791 2911 Coptici
1811 2829 2035 2912 supplemento,

670 2930 726 2996 sed
749 2948 837 3012 quam
858 2935 958 2991 tamen
979 2945 1068 2991 nemo
1091 2927 1180 2991 vidit:
1203 2945 1303 3009 neque
1325 2946 1430 2991 verum
1452 2936 1500 2991 eat
1521 2929 1601 2991 illam
1622 2930 1762 3018 usurpari
1785 2929 1822 2992 ad
1844 2929 1947 2992 altaris
1974 2927 2034 2989 mi-

668 3032 802 3094 nisteria.
846 3016 953 3109 Neque
974 3027 1070 3110 magis
1092 3026 1290 3103 credendum,
1318 3026 1398 3109 quod
1428 3029 1458 3090 in
1486 3029 1592 3092 eodem
1620 3029 1786 3092 Prodromo
1815 3029 1945 3113 legitur,
1974 3046 2035 3091 ex-

669 3135 736 3193 tare
756 3131 788 3192 in
809 3129 953 3192 Vaticana
975 3127 1161 3190 Bibliotheca
1183 3127 1346 3209 Litargiam
1369 3128 1523 3210 Copticam
1545 3131 1642 3192 sancti
1664 3129 1780 3210 Marci,
1808 3130 1835 3193 si
1863 3131 1930 3211 quis
1957 3128 2034 3191 haec

669 3230 765 3292 verba
787 3228 824 3292 de
849 3227 995 3311 singulari
1018 3235 1050 3290 et
1071 3225 1108 3289 ah
1131 3225 1197 3290 aliis
1219 3225 1315 3290 trihus
1336 3225 1456 3291 diversa
1478 3228 1671 3313 intelligenda
1694 3229 1809 3293 credat.
1853 3230 1912 3292 Par
1933 3226 2034 3291 codex

670 3336 755 3392 extat
781 3329 813 3391 in
840 3326 952 3411 Regia,
983 3345 1052 3390 cum
1078 3325 1173 3388 Marci
1194 3326 1332 3391 nomine:
1355 3327 1409 3390 sed
1431 3330 1497 3409 ipsa
1520 3336 1568 3390 est
1590 3327 1695 3410 Cyrilli
1717 3329 1909 3410 interpolala;
1932 3345 2032 3408 mam,

669 3436 702 3492 ut
724 3447 765 3491 ex
785 3427 963 3499 hhulbircat
985 3426 1143 3506 discimus,
1167 3426 1286 3508 qudam
1307 3426 1410 3489 Marco
1439 3426 1619 3492 tribuebant.
1672 3428 1821 3491 statatum
1848 3434 1909 3504 est,
1938 3426 2034 3508 inquit

669 3529 772 3609 operis
795 3527 841 3590 sui
864 3544 929 3608 cap.
946 3525 999 3591 29.
1021 3528 1055 3589 in
1074 3526 1216 3589 Ecclesia
1230 3525 1356 3607 Coptica
1377 3534 1440 3589 tres
1457 3526 1612 3608 Litaryias
1632 3529 1785 3609 usurpari.
1809 3527 1875 3590 llna
1896 3534 1942 3588 est
1956 3544 2033 3608 quoe

666 3649 725 3710 per
746 3647 849 3690 onnus
861 3628 974 3707 jejunii
993 3628 1076 3704 dies,
1105 3635 1136 3689 et
1160 3628 1240 3690 alios
1266 3634 1355 3689 cotra
1367 3628 1515 3706 jepimiam
1542 3635 1723 3707 usurpatur,
1753 3628 1868 3690 scitica
1894 3624 2033 3705 aaron

670 3727 702 3789 S
723 3727 835 3789 Basilii
853 3727 1000 3807 Episcopi
1020 3725 1194 3789 Caesareae
1216 3725 1438 3807 Cappadociae.
1480 3725 1622 3823 Secundo
1642 3744 1732 3807 mam
1742 3724 1882 3809 Aeppplii
1902 3743 2033 3788 maun

669 3836 777 3890 cernat
796 3845 944 3908 usupare
964 3834 1078 3889 mam
1094 3846 1154 3907 per
1175 3826 1436 3908 quadrupesimalc
1448 3827 1612 3905 jejunium,
1634 3834 1665 3889 et
1684 3844 1814 3888 masan
1836 3824 1966 3900 Colica,
1988 3830 2035 3886 est

669 3924 810 4007 Lihupia
837 3926 937 3989 Marci
962 3944 1052 4007 paam
1076 3926 1208 4006 perfecit
1237 3925 1376 4009 opilia.
1421 3925 1519 3988 Tertia
1545 3927 1674 4007 propria
1695 3934 1741 3989 est
1761 3926 1868 3989 dahas
1886 3926 2033 4006 festorum

669 4027 855 4101 dioinonuu,
878 4034 909 4088 et
927 4026 1061 4088 lactitmc
1081 4044 1160 4107 quac
1181 4034 1228 4088 est
1247 4025 1388 4106 Eitarpia
1409 4024 1442 4087 S.
1464 4024 1615 4107 Greporii.
1665 4027 1696 4091 Si
1724 4024 1795 4106 quid
1818 4026 1899 4089 dubii
1921 4042 2032 4107 super·

669 4131 753 4188 osset
782 4124 909 4189 solvitur
938 4125 1097 4187 autoritate
1120 4123 1235 4187 codicis
1256 4122 1405 4190 nisan.
1420 4123 1455 4188 R.
1477 4124 1586 4189 Graeci
1608 4134 1638 4190 et
1654 4124 1796 4205 Arabici,
1818 4127 1850 4188 in
1872 4143 1931 4207 quo
1955 4124 2032 4187 duae

668 4226 787 4306 priores
811 4230 915 4288 extant
935 4224 1037 4287 Basilii
1060 4231 1091 4287 et
1108 4222 1252 4306 Gregorii
1274 4225 1405 4291 nomine.
1432 4224 1535 4288 'l'ertia
1557 4226 1660 4301 deest3
1682 4226 1738 4289 sed
1759 4243 1837 4307 quae
1855 4225 1951 4289 hiarci
1972 4240 2032 4286 no-

667 4325 747 4387 mine
770 4323 849 4388 edita
872 4331 919 4386 est
941 4340 959 4385 a
980 4323 1097 4387 loanne
1121 4343 1139 4386 a
1162 4323 1194 4390 S.
1216 4322 1340 4388 Andrea
1362 4325 1480 4389 Graece
1506 4333 1537 4389 et
1562 4323 1684 4407 Latine,
1713 4344 1750 4388 sa
1778 4327 1846 4408 ipsa
1878 4332 1927 4389 est
1953 4341 2031 4406 quae

668 4422 773 4506 cyrilli
794 4423 911 4486 tilulum
932 4423 1023 4486 habet
1043 4422 1075 4487 in
1097 4424 1231 4506 Copticis
1254 4422 1424 4490 codicibus.

755 4538 829 4605 Cum
857 4547 956 4604 autem
979 4539 1009 4605 S.
1041 4539 1144 4604 Basilii
1173 4543 1292 4604 nomine
1321 4541 1398 4606 aliae
1428 4549 1531 4605 extem
1565 4541 1694 4606 diversis
1725 4540 1836 4625 linguis
1865 4539 2031 4624 Liturgiac,

670 4641 741 4724 quid
767 4641 837 4705 illae
864 4643 943 4705 inter
969 4659 1184 4705 secommune
1205 4640 1335 4705 habeant
1357 4640 1566 4724 explicandum
1589 4648 1645 4705 est.
1676 4641 1838 4704 Notissima
1859 4658 1934 4721 prae
1957 4657 2032 4703 cae-

669 4742 744 4805 teris
767 4748 798 4804 et
820 4742 1023 4822 antiquissima
1045 4742 1168 4805 censeri
1189 4740 1280 4804 debet
1301 4740 1434 4823 Graeca,
1458 4759 1546 4823 quam
1557 4740 1665 4804 Graeci
1688 4740 1758 4805 olim
1779 4741 1811 4803 in
1825 4739 2032 4804 Patriarchatn

669 4839 1019 4925 Constantinopolitano,
1046 4849 1079 4904 ut
1101 4848 1131 4904 el
1154 4840 1279 4905 alteram
1307 4841 1514 4924 chrysostomi
1545 4847 1784 4924 usurpaverunt,
1814 4858 1893 4903 nunc
1919 4841 2030 4922 ubique

669 4950 831 5022 usurpant,
855 4960 1040 5023 quacumque
1062 4948 1146 5023 patet
1168 4959 1272 5004 eorum
1294 4941 1441 5007 Ecclesia.
1483 4940 1619 5005 Alteram
1645 4942 1799 5024 Syriacam
1827 4939 1933 5003 Latine
1963 4940 2032 5002 adi-

670 5038 713 5103 dit
733 5043 780 5104 vir
802 5041 989 5107 doctissimus
1011 5041 1152 5107 Andreas
1173 5042 1302 5135 Masius,
1328 5040 1383 5105 sed
1406 5061 1483 5126 quae
1504 5044 1536 5106 in
1557 5041 1655 5106 mullis
1678 5043 1807 5123 optimae
1828 5048 1919 5104 nolae
1943 5039 2031 5125 codi7
