4525 6034
632 565 690 640 hl)
724 563 943 642 NESTORII
972 565 1233 643 ltnuaolnu.
1546 566 1620 642 641

248 757 295 812 tur
325 767 386 830 quo
418 750 477 812 dici
517 750 611 828 solet,
650 750 716 813 sive
752 749 914 813 verborum
946 759 977 813 et
1004 751 1173 815 sententiae
1208 751 1384 829 similitudo,
1419 752 1555 836 quamvis
1589 754 1623 815 in
1740 823 1746 839 δ

246 849 344 931 prima
365 850 502 931 liturgia
524 867 584 912 nou
607 857 691 912 extet
713 867 751 911 eo
773 850 841 930 ipso
872 849 956 928 loco,
987 850 1043 913 sed
1074 858 1233 931 antequam
1261 851 1500 934 pronunciantur
1525 851 1620 914 verha

248 948 359 1012 Christi
382 951 617 1028 consecratoria,
640 949 895 1030 paucioribusque
918 949 1019 1012 verbis
1043 951 1242 1017 contineatur.
1287 950 1373 1014 Unde
1395 950 1536 1013 concludi
1558 970 1620 1013 non

246 1055 486 1129 temcrcpotest,
501 1048 672 1113 Orientales
688 1049 1057 1131 quamvislnvocationem
1079 1050 1245 1113 secundum
1269 1050 1434 1132 simplicem
1456 1050 1621 1113 verborum

247 1167 355 1212 sonum
368 1149 548 1232 intelligant,
570 1157 755 1228 nontamen,
780 1149 860 1230 quod
882 1149 976 1232 vulgo
999 1150 1072 1211 viris
1096 1148 1193 1212 doctis
1216 1150 1265 1212 alii
1286 1157 1459 1238 suaserunt,
1481 1169 1548 1212 earn
1570 1158 1623 1212 aut

248 1248 369 1311 omnino
398 1250 617 1327 necessariam,
648 1255 699 1312 aut
727 1249 822 1311 solam
845 1248 1028 1312 effectricem
1058 1250 1298 1313 consecrationis
1324 1268 1512 1332 agnoscere,
1541 1250 1623 1330 quod

248 1347 317 1410 alibi
347 1345 516 1410 accuratius
544 1351 750 1430 exposuimus.
797 1349 909 1410 Verum
939 1347 970 1411 id
999 1347 1194 1432 singulariter
1224 1348 1280 1413 hac
1307 1350 1336 1411 in
1360 1348 1486 1411 formula
1510 1348 1622 1411 obser-

249 1444 379 1508 uandum
393 1454 450 1527 est,
468 1447 550 1528 quod
565 1449 631 1512 sola
646 1450 725 1510 inter
747 1455 805 1510 tam
828 1447 935 1510 multas
959 1448 1032 1511 alias
1056 1449 1131 1510 haec
1154 1449 1250 1512 verha
1271 1456 1490 1530 repraesentet,
1515 1457 1622 1511 mans-

247 1554 379 1608 mutoata
401 1565 438 1608 ec
460 1555 504 1623 ιε,
532 1556 562 1608 et
590 1549 799 1626 sanctificante
822 1566 880 1627 per
902 1550 1106 1628 operationem
1127 1547 1261 1627 Spiritus
1282 1550 1399 1610 sancti:
1427 1534 1623 1627 μεταβαλών

246 1643 293 1724 τῷ
314 1635 479 1724 πνεύματί
501 1663 562 1708 σου
583 1644 629 1728 aqi
652 1637 749 1729 ἁγίῳ,
782 1666 859 1728 quae
882 1647 1027 1731 leguntur
1048 1651 1078 1710 in
1101 1646 1218 1709 Graeca
1241 1647 1377 1729 liturgia
1401 1647 1621 1728 Chrysostomi.

247 1743 351 1808 Statim
374 1763 449 1807 sero
473 1746 720 1824 urcundumest,
751 1747 847 1827 Syros
874 1746 947 1809 illud
969 1746 1096 1809 verbum
1116 1731 1328 1828 μεταβαλών,
1356 1746 1436 1827 quod
1464 1747 1622 1828 praeteriti

246 1843 468 1924 significatione
488 1847 677 1909 recentiores
696 1845 780 1907 multi
799 1845 1026 1927 intelligendum
1042 1865 1110 1909 esse
1125 1845 1321 1924 contendunt,
1343 1845 1431 1909 aliter
1453 1849 1620 1927 accepisse,

246 1962 314 2005 cum
337 1963 395 2025 per
416 1947 605 2027 participium
629 1946 847 2026 expresserint,
872 1946 1067 2027 caparticula
1087 1946 1327 2024 determinatum,
1351 1963 1430 2025 quae
1451 1948 1621 2026 praesentis

245 2045 390 2123 temporis
414 2044 658 2107 characteristica
681 2052 744 2107 est:
770 2045 912 2108 Acristos
935 2062 1030 2126 porro
1053 2046 1177 2126 Syriaca
1198 2045 1301 2127 lingua
1323 2045 1453 2128 ignorat.
1498 2046 1621 2128 lusigne

246 2160 368 2223 quoque
392 2163 449 2205 uec
472 2144 593 2207 duhium
605 2144 681 2207 haec
695 2143 823 2208 formula
839 2145 972 2208 continet
985 2146 1170 2226 antiquitatis
1184 2146 1269 2206 istius
1284 2144 1450 2225 liturgiae,
1473 2144 1621 2226 simulque

246 2242 371 2322 originis
391 2244 535 2325 ‚ejusdem
563 2244 715 2308 indicium.
766 2245 840 2307 Nam
867 2234 1065 2324 μεταβαλών
1092 2246 1122 2306 in
1153 2244 1218 2307 sola
1249 2243 1456 2325 chrysostomi
1484 2244 1620 2326 liturgia

245 2341 371 2424 legitur:
402 2363 438 2405 ea
469 2351 566 2405 autem
597 2352 661 2406 erat
690 2342 1040 2426 Constantinopolitanae
1062 2344 1220 2406 Ecclesiae
1249 2361 1336 2423 quam
1359 2343 1516 2405 Nestorius
1539 2343 1620 2405 obti-

244 2448 362 2520 nuerat,
385 2445 520 2524 propria.
571 2444 639 2505 Non
661 2444 789 2506 inaniter
811 2444 903 2527 igitur
926 2445 991 2520 ejus
1013 2445 1133 2506 nomine
1157 2442 1294 2526 liturgia
1315 2443 1508 2524 designatur,
1539 2458 1617 2521 qnae

246 2549 362 2603 certum
392 2549 423 2604 et
453 2542 637 2623 singularem
666 2544 757 2606 hahet
785 2542 944 2605 Ecclesiae
973 2544 1021 2606 cui
1050 2543 1221 2625 Episcopus
1244 2541 1398 2605 ordinatus
1420 2540 1521 2604 suerat
1543 2539 1619 2602 cha-

244 2650 407 2716 racterem,
435 2642 486 2722 qui
515 2642 540 2705 si
570 2642 606 2704 ah
630 2661 669 2706 eo
691 2644 835 2724 scriptam
857 2642 935 2705 illam
959 2661 1029 2705 esse
1052 2660 1112 2705 non
1135 2642 1225 2723 plane
1249 2641 1448 2713 demonstrat;
1479 2648 1577 2702 tamen
1601 2656 1619 2700 a

243 2743 348 2824 primis
379 2744 444 2824 ejus
467 2741 622 2823 discipulis
646 2744 696 2823 qni
721 2741 982 2822 Constantinopoli
1005 2739 1158 2824 fugerant,
1181 2748 1393 2803 conservatum
1416 2739 1510 2802 luisse
1532 2739 1619 2801 veri-

244 2841 339 2903 simile
363 2844 483 2903 omnino
514 2850 577 2918 est,
608 2840 687 2904 unde
716 2841 909 2903 confirmatur
930 2839 1084 2923 liturgiae
1107 2840 1186 2902 illius
1209 2841 1378 2921 antiquitas.
1424 2838 1497 2901 Eam
1519 2846 1618 2901 tamen

244 2940 318 3002 duas
349 2941 422 3003 alias
455 2957 515 3001 non
538 2957 687 3019 superare
714 2940 785 3002 inde
815 2947 948 3018 constat,
978 2940 1058 3021 quod
1088 2940 1174 3018 illae,
1205 2942 1300 3021 prima
1330 2941 1509 3021 praesertim
1540 2945 1619 3019 qua'e

242 3039 461 3120 Apostolorum
489 3039 613 3116 dicitur,
645 3040 673 3101 iu
703 3039 883 3119 quotidianis
912 3039 1021 3103 Officiis
1044 3048 1243 3122 usurpantur3
1273 3040 1368 3103 altera
1391 3039 1482 3102 certis
1506 3046 1618 3101 tantum

244 3138 367 3202 dicbus:
390 3140 470 3202 unde
493 3140 691 3202 vetustiorem
713 3140 839 3219 primam
862 3157 931 3201 esse
955 3143 1092 3221 apparet,
1116 3158 1183 3202 cum
1205 3147 1239 3201 nt
1257 3156 1329 3201 mox
1342 3138 1451 3201 dictum
1475 3147 1522 3201 est
1543 3154 1617 3200 usus

144 3231 147 3250 '
244 3239 433 3319 quotidianus
457 3247 529 3302 nota
550 3241 589 3302 sit
611 3239 794 3320 antiquitatis
817 3239 993 3301 certissima.

329 3339 377 3400 Ex
398 3339 450 3401 illa
473 3347 571 3401 autem
595 3338 741 3420 particula
764 3338 967 3401 invocationis
991 3338 1119 3420 Spiritus
1142 3339 1255 3414 sancti,
1277 3337 1475 3399 firmissimum
1498 3333 1617 3395 ducitur

243 3438 390 3502 adversus
418 3440 623 3502 Protestantes
653 3446 860 3522 argumentum
888 3438 926 3501 de
955 3437 1014 3501 lide
1036 3438 1286 3501 Nestorianorum
1313 3438 1393 3498 circa
1416 3453 1519 3497 ueram
1541 3451 1616 3495 rea-

242 3537 362 3619 lemque
386 3539 662 3601 transmutationem
685 3537 903 3601 elemeutorum
924 3538 955 3599 in
979 3555 1089 3618 corpus
1105 3536 1216 3600 Christi
1232 3544 1263 3599 et
1278 3537 1465 3616 sauguinem.
1495 3533 1615 3613 Quippe

243 3635 366 3716 Syriaca
394 3656 456 3701 vox
485 3655 587 3700 veram
619 3636 910 3699 transformationem
940 3636 1103 3719 significat:
1134 3636 1199 3699 lieri
1223 3645 1321 3699 autem
1345 3634 1423 3697 illam
1446 3639 1616 3716 agnoscunt
1682 3697 1685 3701 ,

241 3736 459 3818 perspiritum
481 3744 632 3800 sanctum:
656 3738 715 3800 hoc
738 3745 786 3799 est
807 3737 949 3800 divinitus
973 3744 1003 3799 et
1025 3753 1141 3799 summo
1163 3735 1323 3808 miraculo;
1345 3752 1406 3796 non
1429 3742 1461 3795 ut
1484 3735 1514 3794 in
1536 3731 1615 3794 tide-

241 3834 476 3916 lesadveniens,
499 3835 599 3914 iaciat,
623 3844 655 3898 ut
678 3843 859 3899 convertant
881 3836 1048 3918 perfidem
1071 3836 1221 3899 elementa
1244 3837 1274 3896 in
1297 3851 1409 3914 corpus
1432 3841 1463 3895 et
1486 3833 1615 3913 sangui-

241 3954 310 3997 nem
323 3936 444 4014 Christi,
468 3935 545 3999 adeo
568 3945 600 3998 ut
614 3936 753 4013 medium,
777 3937 858 4016 quod
874 3935 966 4019 vulgo
979 3936 1186 3998 Protestantes
1201 3935 1312 4011 dicunt,
1335 3952 1395 4015 qun
1418 3934 1616 4014 accipiuntur,

241 4034 316 4120 fides
347 4036 402 4098 sit:
433 4037 488 4098 sed
517 4044 550 4098 ut
578 4038 645 4118 ipse
680 4037 810 4116 Spiritus
845 4044 968 4098 sanctus
1010 4035 1114 4098 alliciat
1148 4034 1227 4097 dona
1259 4034 1415 4115 proposita
1446 4040 1536 4113 atquc
1565 4029 1616 4093 illa

240 4142 431 4214 transmutet,
462 4143 495 4197 ut
523 4136 603 4198 aliud
626 4135 697 4198 fiant
720 4153 809 4216 quam
831 4136 911 4217 quod
934 4135 1091 4209 videntur3
1122 4142 1153 4196 et
1175 4134 1255 4214 quod
1279 4134 1363 4214 prius
1386 4130 1515 4194 fuerant.
1559 4127 1613 4189 llla

139 4278 146 4286 .
240 4252 316 4296 vero
346 4235 482 4297 miraculi
515 4234 604 4314 plena
633 4235 770 4317 operatio
799 4243 940 4298 accurate
971 4236 1003 4296 in
1033 4234 1140 4297 eadem
1170 4232 1307 4296 oratioue
1337 4230 1545 4313 distinguitur,
1575 4225 1613 4287 ah
1705 4265 1707 4270 -

241 4333 335 4395 altera
357 4334 455 4416 gratia
476 4353 564 4414 quam
586 4334 724 4398 Ecclesia
752 4333 900 4415 postulat,
930 4354 1008 4416 quae
1037 4342 1084 4397 est
1113 4340 1147 4395 ut
1176 4333 1379 4410 Eucharistia‚
1409 4333 1450 4392 sit
1476 4327 1614 4391 omnihus

240 4433 457 4512 accipientibus
479 4435 522 4494 ud
541 4436 636 4496 citum
658 4443 831 4511 catonum,
852 4444 909 4499 etc.
939 4433 1015 4498 adeo
1042 4441 1075 4495 ut
1097 4432 1147 4494 vel
1170 4432 1239 4494 inde
1262 4430 1450 4494 manifestum
1472 4429 1511 4490 sit
1534 4426 1613 4488 Bes-

241 4533 408 4611 sarionem,
432 4532 597 4596 mundium
619 4541 650 4596 et
672 4534 825 4615 reliquos,
854 4535 905 4615 qui
933 4533 971 4597 ad
998 4533 1126 4596 fructum
1150 4551 1190 4594 ex
1212 4532 1407 4611 susceptione
1430 4525 1614 4592 Sacramenti

241 4632 479 4713 percipiendum,
503 4640 596 4696 totam
618 4634 820 4698 invocationis
843 4634 1020 4697 sententiam
1043 4630 1153 4694 reterri
1175 4629 1291 4708 volunt,
1313 4628 1484 4692 testimonio
1499 4625 1615 4689 Nesto·

240 4732 403 4812 rianorum,
425 4735 477 4814 qui
498 4733 555 4796 hac
577 4734 606 4795 in
629 4742 715 4815 parte
738 4732 885 4797 haeretici
907 4751 968 4796 oon
991 4739 1070 4810 sunt,
1092 4748 1221 4810 prorsus
1243 4727 1350 4792 refelli.
