4525 6034
405 2614 564 2685 Argumenta
578 2616 697 2682 specioso

389 2718 421 2755 ex
439 2702 559 2771 neglectu
579 2700 697 2768 discipli-

387 2802 437 2841 nae
466 2791 534 2840 circa
567 2785 697 2838 Euchari-

386 2877 461 2927 stiam
484 2891 545 2927 usus
558 2882 597 2926 est
616 2871 696 2925 Clau·

387 2960 453 3017 dius.

711 535 822 609 LXIV
1236 541 1621 619 DISSERTATIO

710 726 855 799 tollenda
883 730 1013 823 penitus
1037 728 1280 821 judicaverunt,
1306 750 1370 801 uec
1387 738 1496 800 tamen
1512 726 1663 801 omnibus
1680 728 1922 802 satisfecerunt.
1948 730 2071 823 Agno-

710 852 832 916 verunt
857 848 956 936 igitur
981 866 1136 937 magnam
1161 844 1277 918 ritibus
1304 854 1338 915 et
1363 848 1582 918 caeremoniis
1608 848 1721 919 inesse
1733 850 1801 918 vim
1827 847 1871 919 ad
1897 870 1939 918 ca
1965 851 2071 941 signi-

709 960 851 1049 licanda,
879 983 965 1055 quae
980 963 1069 1032 circa
1088 960 1186 1033 fidem
1214 959 1335 1056 alirprid
1362 959 1570 1035 obscuritatis
1596 960 1723 1034 babere
1738 962 1950 1036 viderentur:
1975 966 2071 1037 multo

710 1081 818 1169 magis
854 1099 927 1147 cum
962 1099 1030 1149 non
1064 1076 1237 1168 obscuris,
1272 1088 1328 1150 aut
1361 1078 1540 1169 ambiguis,
1567 1076 1628 1150 sed
1652 1081 1837 1173 perspicuis
1866 1077 1982 1153 verbis
2009 1082 2071 1152 ad-

706 1195 899 1286 junguntur,
927 1193 1036 1288 qualia
1063 1203 1139 1265 sunt
1165 1217 1206 1265 ea
1233 1198 1343 1266 omnia
1369 1191 1486 1289 quibus
1508 1196 1677 1265 orationes
1696 1192 1890 1286 Litungicae
1917 1206 2070 1268 constant.

709 1309 798 1382 Nam
825 1333 897 1380 cum
925 1309 969 1382 ad
993 1310 1170 1406 populum,
1203 1332 1271 1383 non
1297 1309 1340 1380 ad
1365 1307 1560 1401 Theologos
1595 1307 1687 1382 solos
1714 1308 1940 1405 proferuntur,
1968 1317 2069 1385 statim

710 1429 847 1524 incurrit
872 1429 979 1499 animo
1008 1427 1150 1522 simplex
1175 1450 1240 1498 nec
1265 1425 1414 1498 involuta
1441 1428 1612 1518 sententia,
1639 1448 1737 1520 quam
1761 1424 1919 1498 Ecclesia
1946 1428 2069 1502 Catho-

710 1542 776 1615 lioa
803 1541 908 1617 solam
934 1564 1067 1639 semper
1093 1546 1249 1635 agnovit,
1276 1565 1340 1615 neo
1374 1541 1471 1614 aliam
1497 1540 1709 1632 Nestorium,
1735 1541 1913 1615 Jacobitae
1940 1555 1995 1615 ant
2019 1545 2069 1616 alii

711 1670 847 1732 veteres
881 1659 1039 1731 haeretici
1071 1659 1315 1731 intellexerunt.
1357 1658 1422 1731 Ubi
1454 1679 1540 1730 vero
1573 1657 1689 1730 iisdem
1729 1657 1847 1731 verbis
1884 1660 2069 1756 simpliciter

712 1779 858 1872 acceptis
884 1779 966 1847 ritus
993 1776 1166 1865 accedunt,
1192 1798 1254 1871 per
1279 1796 1363 1870 quos
1390 1773 1586 1866 ambiguitas
1612 1772 1806 1865 verborum,
1833 1778 1862 1847 si
1887 1799 1952 1872 qna
1976 1776 2067 1865 foret,

712 1893 948 1979 discuteretur,
983 1891 1071 1963 aliud
1105 1891 1312 1966 intellexisse
1351 1894 1407 1986 qui
1438 1890 1502 1963 illis
1533 1889 1650 1964 ritibus
1685 1888 1880 1984 utebantur,
1912 1893 1984 1965 ficri
2008 1914 2067 1964 non

709 2018 837 2105 potest:
874 2017 930 2079 aut
963 2008 1081 2080 saltem
1113 2011 1243 2081 ratione
1269 2007 1390 2102 aliqua,
1415 2030 1459 2079 ne
1491 2006 1656 2102 simplices
1684 2006 1927 2103 deciperentur,
1953 2012 2067 2105 provi-
2203 2110 2208 2117 υ

711 2124 846 2198 dissent.
882 2123 919 2196 ld
946 2126 1032 2195 enim
1058 2128 1251 2197 necessario
1276 2122 1552 2212 Protestantibns,
1579 2126 1634 2219 qui
1660 2121 1771 2196 levem
1798 2124 1943 2220 aliquam
1969 2125 2065 2197 disci-

710 2242 821 2338 plinae
846 2244 974 2313 veteris
1000 2240 1151 2313 umbram
1183 2244 1398 2329 retinuerunt,
1423 2238 1607 2312 iaciendum
1633 2237 1706 2330 luit,
1732 2262 1807 2311 cnm
1832 2251 1924 2312 muta
1951 2264 2065 2312 caere-

711 2361 895 2430 moniarmn
929 2360 1026 2449 signa
1067 2380 1142 2429 eam
1178 2379 1274 2453 qnam
1312 2354 1505 2448 abiecerunt
1535 2355 1635 2427 iidem
1672 2358 1705 2426 in
1738 2359 1932 2429 memoriam
1964 2379 2064 2429 revo-

711 2481 834 2545 carent.
1838 2570 1840 2573 v

813 2589 928 2685 Itaque
955 2612 1027 2661 cum
1055 2590 1097 2661 de
1125 2589 1339 2662 Orientalium
1365 2588 1603 2680 Ecclesiamm,
1624 2609 1689 2660 non
1702 2590 1809 2662 mnus
1827 2613 1927 2685 quam
1943 2589 2062 2663 Graece

710 2710 800 2779 circa
833 2705 932 2776 realis
957 2708 1170 2801 praesentiae
1205 2716 1239 2777 et
1268 2704 1638 2779 Transubstantiationis
1674 2704 1857 2777 doctrinam
1895 2706 2061 2779 concordia
2108 2740 2110 2745 ·

710 2823 869 2919 disputari
904 2832 1058 2917 coeptum
1092 2832 1156 2909 est,
1183 2822 1271 2916 quod
1298 2827 1387 2894 serio
1417 2821 1539 2894 iacnmr
1570 2831 1647 2892 ante
1682 2831 1796 2894 nostra
1828 2831 1978 2918 tempora
2008 2825 2061 2894 rix

708 2938 789 3029 brit,
817 2937 967 3011 famosus
1001 2937 1057 3010 ille
1090 2937 1268 3030 Claudius,
1303 2942 1358 3033 qai
1392 2950 1465 3011 arte
1491 2950 1526 3011 et
1559 2942 1694 3031 ingenio
1729 2936 1877 3030 valebat,
1912 2939 2060 3029 doctrina,

711 3058 949 3151 cumprimum
976 3055 1124 3127 scribere
1151 3058 1274 3150 coepit,
1301 3066 1373 3127 erat
1389 3058 1521 3127 omniuo
1539 3054 1710 3144 mediocri,
1736 3054 1925 3148 intelligens
1952 3063 2059 3150 quanta

708 3176 763 3245 vis
790 3192 975 3245 consensus
1010 3170 1096 3244 illius
1124 3175 1269 3243 omnium
1302 3170 1529 3245 Ecclesiarum
1566 3181 1675 3259 esset,
1702 3173 1842 3262 negavit
1867 3170 2060 3267 impudenter

708 3284 843 3381 probari
875 3288 1036 3383 quidpiam
1068 3286 1175 3360 simile
1205 3309 1318 3382 posse.
1377 3289 1583 3382 Argumenta
1618 3286 1734 3382 quibus
1759 3285 1969 3387 παράδοξον
1990 3285 2059 3358 illud

710 3424 802 3474 suum
835 3394 1062 3493 confirmarei,
1096 3402 1186 3474 nulla
1212 3403 1363 3498 protulit:
1394 3407 1423 3478 si
1458 3426 1556 3475 unum
1589 3406 1793 3498 excipimus,
1830 3426 1897 3500 quo
1928 3406 2059 3475 maxime

709 3518 909 3614 triumphare
936 3519 998 3591 sibi
1024 3522 1117 3621 pisus
1145 3529 1208 3611 est,
1233 3518 1469 3612 negligentiam
1497 3519 1624 3592 scilicet
1651 3520 1858 3595 Graecorum
1885 3529 1919 3592 et
1945 3518 2058 3591 Orien-

709 3636 841 3724 talium,
880 3638 914 3706 in
948 3635 1148 3708 celebranda
1182 3647 1237 3708 aut
1270 3636 1438 3710 servanda
1472 3636 1695 3729 Eucharistia:
1735 3650 1770 3711 ut
1805 3641 1948 3710 omnium
1983 3654 2058 3728 qnae

710 3751 1084 3826 'lransnbstantiationis
1118 3753 1217 3825 fidem
1257 3762 1437 3849 sequuntur
1480 3757 1693 3826 omissionem
1728 3765 1784 3826 aut
1818 3754 2057 3846 ignorationem.

712 3869 817 3955 Quam
844 3866 930 3941 falso
956 3867 1041 3941 haec
1067 3868 1277 3941 allirmaverit
1306 3893 1352 3941 ex
1378 3870 1459 3943 solis
1486 3869 1683 3956 itinerariis,
1719 3879 1775 3942 aut
1806 3864 2056 3941 contemtissimis

711 3983 893 4072 autoribus,
920 3984 996 4077 alibi
1022 3985 1196 4081 probatum
1224 3993 1283 4057 est
1319 3985 1444 4057 Vemm
1480 3984 1743 4081 quandoquidem
1776 4007 1911 4059 causam
1944 3984 2057 4054 vicisse

711 4098 944 4189 arbitrabatur,
970 4105 999 4175 si
1026 4101 1099 4173 talis
1126 4110 1229 4191 esset,
1257 4100 1388 4196 qualem
1414 4107 1485 4197 ipse
1511 4102 1617 4192 linxit,
1644 4100 1858 4174 Orientalium
1885 4097 2055 4194 disciplina,

710 4216 775 4289 hoo
801 4225 854 4290 est
878 4217 977 4307 nulla,
1005 4221 1211 4291 autoritatem
1238 4240 1410 4291 sacrorum
1435 4217 1566 4290 Rituum
1592 4220 1741 4290 incantus
1755 4228 1790 4288 et
1815 4220 1936 4289 invitus
1954 4232 2055 4305 agno·

710 4337 768 4405 vit
795 4333 949 4406 Nondum
975 4333 1140 4429 explicata
1167 4338 1247 4417 satis
1274 4344 1348 4408 erat
1372 4334 1457 4406 illius
1476 4337 1725 4407 controversiae
1750 4355 1841 4429 pars,
1869 4354 1942 4404 cum
1959 4328 2054 4402 Clan-

711 4449 783 4521 dius
810 4450 940 4544 gloriae
972 4459 1075 4541 satur,
1111 4473 1131 4521 a
1167 4450 1342 4523 scribendo
1378 4454 1585 4547 conquievit:
1618 4461 1717 4547 atque
1744 4451 1829 4522 adeo
1855 4446 2053 4545 probationes

711 4587 756 4636 ex
782 4564 911 4639 Ritibus
937 4569 1072 4662 petitae,
1099 4569 1242 4638 intactae
1267 4565 1330 4638 hnc
1356 4589 1462 4661 usqne
1486 4576 1747 4663 permanserunt.
1774 4567 1875 4638 Pauci
1901 4565 1970 4655 ejus
1995 4557 2052 4630 ad-

710 4683 883 4755 miratores
917 4693 972 4755 aut
1006 4682 1174 4777 discipuli,
1210 4706 1307 4777 pram
1342 4683 1594 4780 disputationem
1626 4682 1852 4779 imperfectum
1877 4679 2053 4772 retinent

712 4798 900 4889 attigerunt,
932 4822 1053 4894 nempe
1084 4821 1159 4869 cum
1191 4810 1385 4891 argumenta
1418 4822 1463 4871 ex
1487 4800 1584 4873 Actis
1611 4810 1645 4873 et
1668 4798 1828 4896 Epistolis
1861 4821 1905 4870 ex
1931 4792 2052 4865 Oriente

712 4917 913 4987 transmissis
940 4926 973 4987 et
999 4937 1085 5010 quae
1110 4910 1184 4987 111⁰.
1211 4915 1379 4987 volumine
1405 4919 1611 4989 continentur
1636 4918 1750 5012 petita,
1777 4924 1930 4987 evertere
1954 4903 2050 4980 conati

713 5039 797 5102 sunt.
823 5029 1022 5106 Fredcricus
1048 5029 1179 5126 quidem
1204 5030 1421 5128 Spanbemins
1436 5032 1597 5106 Actorum
1623 5032 1765 5106 illorum·
1779 5033 1978 5104 autoritatem
1990 5024 2049 5093 in·
2116 5083 2122 5095 .
