4525 6034
448 617 478 697 S.
510 617 682 697 Jloottt
716 618 933 698 EPlSGDPl
966 620 1314 735 tortonensis
1342 636 1393 699 uc.
1541 622 1614 699 361

237 807 390 881 cilientur
416 810 467 880 ira
492 806 694 894 laborantes,
722 807 940 881 concilientur
966 809 1045 883 odio
1072 812 1202 906 perciti,
1230 808 1500 905 tranquillitatem
1526 835 1617 885 con-

238 933 419 1020 sequantur
444 926 598 1019 inquieti,
624 923 789 996 laetentur
823 946 885 1021 per
917 924 996 998 illud
1028 928 1224 1019 angustiati,
1252 928 1515 1002 consolationem
1550 929 1617 1001 ha-

236 1039 338 1113 beant
363 1040 529 1133 lugentes,
556 1048 754 1111 recreentur
780 1045 947 1136 oppressi,
975 1051 1135 1114 sanentur
1155 1041 1292 1132 infirmi,
1318 1052 1355 1115 ut
1380 1066 1426 1116 ex
1453 1042 1617 1133 omnibus,

236 1167 271 1229 et
296 1160 329 1228 in
349 1155 500 1228 omnibus
520 1166 555 1228 et
571 1167 710 1252 propter
731 1162 842 1229 omnia
864 1156 1050 1231 referamus
1072 1157 1130 1230 tibi
1151 1159 1292 1251 gloriam
1316 1169 1350 1232 et
1367 1160 1616 1252 exaltationem,

238 1284 273 1345 et
298 1276 469 1365 unigenito
496 1272 583 1346 Filio
610 1282 667 1345 tuo
694 1282 729 1344 et
754 1272 890 1369 Spiritui
916 1284 973 1348 tuo
999 1278 1221 1349 sanctissimo.

343 1389 504 1483 Populea.
557 1391 679 1485 Amen

341 1505 518 1578 Sacerdos
543 1507 738 1578 inclinatus.
795 1505 971 1579 Ollarimus
991 1506 1050 1580 tibi
1071 1508 1216 1581 Domine
1235 1508 1431 1581 sacrificium
1452 1509 1517 1582 hoc
1537 1521 1613 1582 tre-

236 1622 390 1694 mendum
418 1633 452 1695 et
478 1627 702 1712 incruentum,
728 1644 791 1717 pro
817 1620 971 1695 Ecclesia
1000 1632 1057 1695 tua
1083 1635 1200 1696 sancta
1234 1623 1423 1713 Catholica,
1453 1628 1487 1698 iu
1523 1631 1614 1703 omni

235 1736 313 1812 loco
342 1738 469 1812 diffusa.
524 1737 693 1812 Confirma
720 1762 797 1811 eam
822 1743 856 1810 iu
881 1739 947 1811 lide
974 1737 1184 1829 Drtlrodoxa‚
1213 1763 1387 1815 amaeam
1415 1742 1510 1817 donis
1527 1743 1612 1841 Spi-

235 1858 318 1927 ritus
347 1860 463 1928 sancti.
516 1856 686 1928 Memento
713 1857 857 1928 Domine
884 1854 1060 1929 Pastorum
1096 1866 1130 1927 et
1157 1858 1341 1930 Doctorum
1371 1857 1477 1948 illius,
1502 1883 1612 1955 prae-

235 1974 334 2068 cipue
367 1995 452 2045 vero
486 1971 660 2045 beatorum
694 1971 961 2044 Patriarcharum
995 1982 1185 2045 nostrorum
1217 1974 1259 2045 D.
1293 1974 1338 2044 N.
1372 1983 1407 2045 et
1431 1977 1472 2049 D.
1507 1977 1551 2048 Ν.
1578 1988 1613 2050 et

234 2088 439 2161 venerabilis
466 2088 628 2185 Episcopi
654 2093 759 2162 nostri
785 2090 827 2161 D.
864 2088 909 2158 N.
937 2086 1206 2183 reliquorumque
1238 2093 1382 2162 omnium
1414 2089 1611 2187 Episcopo-

233 2228 306 2276 rum
343 2205 636 2292 orthodoxorum,
673 2216 707 2277 et
746 2208 890 2279 omnium
924 2203 1083 2277 Ordinum
1120 2204 1299 2278 Ecclesiae
1330 2219 1476 2280 sauctae.
1529 2208 1611 2280 Μο-

234 2333 346 2394 mento
373 2322 517 2395 Domine
543 2326 643 2395 etiam
670 2326 735 2394 mei
761 2309 952 2418 peccatoris
979 2333 1013 2394 et
1039 2321 1171 2409 infirmi,
1198 2323 1351 2395 omnihus
1374 2325 1527 2418 nequitiis
1552 2327 1611 2397 in-

235 2441 376 2533 quinati,
408 2450 442 2510 et
475 2461 539 2535 per
572 2441 803 2534 aspersionem
835 2438 976 2533 hyssopi
1010 2441 1057 2509 tui
1085 2438 1284 2527 abstersivi,
1311 2440 1433 2512 rutunda
1460 2463 1523 2513 me.
1557 2441 1610 2514 Ne

234 2566 370 2628 avertas
397 2554 517 2627 taciem
543 2566 650 2642 tuam,
685 2565 741 2627 aut
776 2553 947 2646 elongeris
983 2578 1003 2626 a
1037 2577 1112 2643 me3
1145 2555 1206 2627 sed
1242 2555 1422 2629 secundum
1457 2557 1608 2630 multitu-

235 2670 344 2743 dinem
371 2671 621 2745 misericordiae
645 2683 722 2744 tuae
740 2693 902 2763 magnae,
930 2669 1074 2742 abundet
1099 2673 1134 2742 in
1157 2684 1214 2744 me
1241 2675 1348 2765 gratia
1375 2682 1443 2765 ua,
1458 2685 1492 2746 et
1517 2676 1609 2748 mul-

231 2789 396 2884 tiplicetur
423 2800 480 2861 tua
507 2811 590 2880 erga
617 2810 670 2859 me
698 2787 883 2860 clementia.

339 2905 490 2976 Elecmm
522 2926 648 2975 uocem.
701 2902 746 2974 Et
777 2903 933 2999 populum
971 2913 1061 2974 tuum
1100 2903 1233 2976 fidelem
1266 2902 1308 2976 ab
1342 2906 1494 2980 omnibus
1527 2906 1608 3004 pla-

232 3026 287 3114 gis
323 3032 357 3094 et
389 3024 497 3112 virgis
536 3020 659 3092 furoris
693 3041 861 3092 conserva
894 3021 1056 3109 Domine,
1091 3029 1125 3091 et
1161 3017 1202 3091 ab
1244 3019 1397 3094 omnibus
1438 3024 1608 3120 spiritibus

231 3138 387 3230 malignis
421 3148 454 3209 et
489 3135 531 3209 ab
568 3138 721 3209 omnibus
761 3134 889 3210 technis
920 3135 1095 3209 fallacibus
1130 3139 1316 3232 impiorum·
1337 3136 1461 3231 libera,
1497 3150 1531 3212 et
1565 3139 1607 3213 ab

232 3259 322 3326 omni
348 3276 466 3326 errore
491 3257 604 3349 impio,
632 3262 687 3325 aut
713 3251 900 3324 idololatria
927 3273 987 3323 eos
1014 3256 1120 3348 eripe,
1148 3275 1257 3348 neque
1283 3259 1436 3350 permitte
1462 3266 1498 3329 ut
1524 3257 1607 3353 pol-

230 3371 340 3442 luatur
366 3393 488 3444 nomen
515 3381 604 3443 tuum
631 3379 780 3442 sanctum
808 3372 894 3440 inter
920 3379 1057 3459 gentes:
1084 3391 1195 3465 neque
1226 3371 1344 3465 procul
1376 3375 1424 3446 sis
1451 3390 1479 3444 a*
1497 3376 1608 3461 nobis„

231 3499 288 3559 aut
313 3510 376 3561 nos
403 3487 570 3580 negligas
597 3509 641 3557 ne
667 3490 779 3580 inique
807 3484 1052 3580 colaphisemur
1078 3496 1112 3557 et
1139 3485 1366 3578 humiliemur3
1394 3489 1455 3560 sed
1482 3490 1606 3583 adjuva

230 3625 294 3675 nos
321 3605 414 3678 Deus
441 3603 596 3676 salutaris
622 3612 752 3707 noster,
779 3613 812 3673 ιιι
839 3605 926 3673 enim
953 3601 1046 3673 solus
1061 3611 1169 3697 ,potes
1203 3602 1342 3675 salutem
1375 3603 1473 3678 nobis
1499 3629 1607 3703 prae-

231 3727 335 3810 stare,
363 3732 397 3792 et
423 3719 482 3792 tibi
508 3719 625 3794 laudes
651 3729 835 3816 perpetuas
861 3703 1038 3790 referimus
1065 3726 1099 3791 et
1124 3721 1296 3811 unigenito
1322 3720 1408 3793 Filio
1435 3732 1502 3795 tuo.

333 3836 497 3930 Papulas.
549 3838 669 3911 Amen.

334 3932 512 4024 Sacerdos
538 3952 732 4023 inclinatus.
786 3950 956 4023 Memento
984 3950 1140 4039 Domine,
1168 3956 1267 4024 etiam
1301 3950 1417 4025 eorum
1453 3960 1509 4050 qui
1535 3955 1605 4029 oh-

163 4158 166 4161 ,
231 4067 378 4141 tulemnt
403 4068 464 4141 has
493 4068 683 4142 oblationes
710 4067 753 4139 ad
781 4067 887 4139 altare
913 4077 1001 4138 tuum
1029 4066 1251 4155 sacerdotale,
1278 4078 1440 4142 eteorum
1467 4076 1521 4166 qui
1548 4083 1606 4145 at-

232 4185 378 4257 tulerunt
404 4184 531 4259 lmctrrs
566 4183 608 4256 ad
639 4183 827 4257 Ecclesiam
862 4192 1011 4257 sanctam
1038 4194 1148 4269 tuam,
1181 4206 1364 4279 eorumque
1396 4190 1450 4280 qui
1486 4188 1606 4261 offerre

232 4300 362 4397 qrridenr
390 4302 585 4390 voluerunt,
613 4300 674 4373 sed
700 4322 767 4374 non
793 4308 986 4396 potuertmt:
1015 4311 1192 4373 eteorum
1219 4305 1274 4395 qui
1299 4303 1511 4393 injunxerunt
1536 4326 1605 4378 uo-

229 4417 283 4491 bis
310 4429 345 4490 ut
372 4441 541 4491 memores
570 4439 722 4492 essemus
749 4416 879 4489 illorum
905 4418 938 4486 in
965 4416 1171 4490 orationibus
1199 4418 1240 4489 ad
1268 4427 1318 4505 te,
1353 4417 1446 4492 Deus
1473 4430 1606 4495 noster:
1684 4466 1687 4469 -

230 4534 377 4607 retribue
403 4535 469 4607 illis
497 4535 586 4608 bona
613 4556 699 4629 quae
726 4559 746 4606 a
773 4544 807 4605 te
832 4543 917 4605 sunt

333 4653 484 4723 Eteonos
509 4674 634 4723 vocem.
688 4648 859 4720 Memento
886 4647 1028 4720 Domine
1055 4650 1199 4721 omnium
1236 4652 1291 4743 qui
1318 4647 1490 4723 nobiseum
1518 4662 1606 4726 stant

230 4780 264 4840 et
290 4780 396 4855 orant,
425 4790 607 4863 eorumque
636 4769 691 4862 qui
727 4764 845 4861 procul
878 4775 970 4837 sunt:
1005 4786 1121 4838 eorum
1155 4767 1210 4859 qui
1242 4787 1429 4860 pauperes⁹
1463 4789 1605 4861 egenos,

229 4895 263 4957 et
292 4890 325 4958 in
352 4889 506 4977 angustia
542 4888 678 4981 spiritus
721 4885 939 4970 constitutos,
973 4881 1140 4973 adjuvant.
1195 4878 1371 4953 Conserva
1409 4905 1473 4956 nos
1506 4884 1603 4958 simul

229 5002 394 5074 cumillis
428 5024 492 5099 per
526 5005 695 5074 exercitus
730 5007 931 5095 potestatum
959 5008 1087 5072 tuarum
1102 4996 1350 5090 Angelicarum.
1387 4997 1492 5071 Salva
1524 5022 1600 5091 nos,

230 5131 265 5192 et
290 5118 396 5191 libera
423 5140 487 5192 nos
515 5117 558 5190 ab
587 5117 739 5191 omnibus
775 5115 849 5188 telis
884 5117 996 5208 ignitis
1030 5125 1064 5186 et
1095 5116 1294 5211 perniciosis
1321 5113 1463 5207 diaboli,
1496 5127 1531 5190 et
1558 5119 1600 5191 ab
