4525 6034
347 593 667 671 DllllTUltGlllRUll
681 588 937 668 olumnam
951 589 1102 668 anunm
1115 591 1164 667 ΕΤ
1178 591 1428 669 AUTORITATE.
1453 587 1598 662 XXXlll

230 785 260 853 io
283 780 490 853 Nestoriana.
517 779 648 874 Nempe
674 781 750 874 quia
778 780 860 850 ritus
878 777 1263 872 consunnncpolnanos
1291 777 1473 851 didicerant
1498 781 1596 874 primi

229 896 367 968 Nestorii
399 918 586 991 sequaces,
619 916 704 990 quos
739 897 774 966 in
807 893 999 981 Orientem,
1035 892 1090 965 ubi
1123 893 1274 990 plerique
1305 894 1405 969 sedes
1438 893 1595 987 hxenmt,

230 1012 465 1085 transtulerunt
500 1012 616 1106 ltaque
638 1013 709 1102 jam
735 1013 768 1081 in
796 1008 931 1082 codices
957 1010 1063 1081 relata
1090 1019 1164 1081 erat
1190 1020 1256 1081 tum
1270 1009 1439 1103 Liturgia:
1467 1019 1594 1081 etcum

226 1128 367 1200 loannes
394 1124 657 1222 chrysostomus
684 1124 726 1197 ab
755 1148 843 1198 anno
871 1124 1097 1201 dccxcvii.
1125 1149 1232 1222 usque
1258 1126 1299 1197 ad
1323 1125 1501 1200 CCCClV.
1523 1148 1589 1220 quo

225 1241 366 1314 seeundo
398 1242 513 1337 pulsus
548 1252 621 1332 est,
659 1242 772 1315 sedem
808 1245 965 1329 tenuerit,
1005 1245 1111 1337 potuit
1145 1263 1188 1312 eo
1223 1245 1384 1337 temporis
1417 1241 1593 1313 intervallo

223 1379 338 1452 preces
365 1357 628 1452 sacramentales
656 1356 830 1446 ordinare,
858 1367 958 1453 atque
985 1357 1018 1428 id
1045 1356 1246 1447 sufficiebat,
1272 1366 1308 1427 ut
1334 1360 1407 1450 ejus
1428 1359 1594 1431 diceretur

223 1472 388 1566 liturgia,
415 1497 502 1569 quaa
529 1473 571 1545 ab
599 1496 642 1545 eo
669 1473 821 1545 ordinata
848 1473 969 1549 fuerat.

323 1589 406 1663 Cum
436 1612 523 1662 vero
557 1592 652 1662 annis
685 1589 808 1685 aliquot
833 1599 931 1661 antea
959 1588 1105 1684 Cyrillus
1131 1588 1456 1685 Hierosolymitanus
1483 1588 1593 1662 Cate-
1622 1585 1712 1638 ’ποδὶ
1721 1585 1837 1653 liturgia
1848 1586 1919 1685 ⁸⁶5³ss

224 1705 340 1778 chesas
366 1727 444 1777 suas
472 1707 661 1800 scripserit,
695 1708 728 1775 in
756 1704 874 1801 quibos
900 1704 1083 1800 particulae
1110 1704 1272 1799 quaedam
1300 1715 1376 1778 sunt
1402 1728 1448 1777 ex
1474 1669 1923 1826 Jacobiffirzzssffiqcffl

223 1820 368 1913 liturgia
396 1820 586 1908 desumtae,
619 1823 745 1916 scripto
778 1843 910 1914 quoque
941 1818 1217 1914 comprehensam
1251 1842 1325 1892 eam
1351 1819 1474 1909 luisse,
1507 1843 1593 1915 quae
1722 1832 1735 1855 '

223 1934 394 2009 Ecclesiae
418 1936 745 2031 Hierosolymitanae
770 1939 906 2032 propria
933 1934 1038 2025 soret,
1065 1936 1339 2007 verisimillimum
1367 1947 1429 2008 est
1467 1938 1593 2035 Syria-

223 2076 292 2125 cam
319 2056 407 2125 enim
434 2052 585 2143 ejusdem
611 2054 770 2142 nominis,
807 2074 893 2148 quae
927 2073 973 2122 ex
1000 2049 1133 2122 Graeca
1169 2073 1333 2146 expressa
1370 2062 1440 2142 est,
1474 2051 1594 2123 dudum

222 2178 295 2240 ante
314 2169 457 2241 schisma
473 2167 800 2265 Monophysitarum,
828 2170 883 2262 qui
909 2177 1029 2264 postca
1054 2166 1230 2239 Jacobitae
1257 2166 1412 2264 appellati
1439 2177 1534 2257 sunt,
1561 2170 1595 2239 in

221 2287 342 2380 scripta
368 2283 506 2355 relatam
532 2283 656 2374 fuisse,
683 2283 801 2355 suadet
827 2286 1029 2372 communis,
1057 2286 1111 2376 qui
1130 2285 1308 2355 etiamnum
1326 2293 1496 2379 superest,
1509 2284 1594 2358 illius

220 2422 314 2489 usus,
349 2409 415 2472 tam
441 2399 529 2494 apud
555 2397 793 2490 Orthodoxos,
828 2421 925 2495 quam
953 2398 1041 2493 apud
1065 2396 1248 2470 Jacobitas.
1297 2398 1347 2471 llli
1374 2402 1495 2495 quippe
1521 2399 1594 2471 Sa-

221 2517 439 2588 cramentales
465 2515 570 2588 bbros
597 2538 771 2610 numquam
792 2513 834 2587 ab
857 2514 1034 2588 haereticis
1061 2524 1278 2609 acceperunt:
1306 2537 1378 2585 cum
1398 2519 1451 2587 isti
1478 2524 1594 2586 contra
1663 2607 1672 2623 „

221 2652 297 2703 snos
326 2653 443 2704 omnes
470 2630 513 2704 ab
539 2629 694 2703 Ecclesia
721 2629 892 2704 Catholica
920 2628 1138 2703 abstulerint:
1164 2629 1271 2701 nullus
1299 2640 1450 2703 veterem
1468 2653 1594 2703 sacro-

220 2769 290 2817 rum
310 2746 587 2819 celebrandornm
607 2744 817 2817 traditionem
839 2748 884 2817 ita
899 2750 1136 2835 contemserit,
1162 2756 1198 2817 nt
1213 2767 1322 2818 novas
1339 2768 1456 2818 comm
1469 2745 1594 2819 lormas

219 2883 421 2957 componere
447 2886 546 2935 ausus
572 2862 681 2934 luerit
742 2861 886 2934 Accedit
919 2865 1041 2953 etiam,
1073 2862 1162 2958 quod
1197 2862 1354 2955 Liturgia·
1381 2862 1437 2934 illa
1472 2862 1595 2936 Jacobi

135 3061 140 3072 Ι
219 2978 380 3073 Syriaca,
408 2978 612 3050 Orthodoxis
638 2975 867 3073 Jacobitisque
894 2981 1092 3067 communis,
1119 3001 1202 3074 pura
1229 2987 1282 3051 ost
1308 2976 1350 3050 ab
1379 2981 1468 3049 omni
1489 2982 1594 3049 novi-

218 3102 285 3165 tate
310 3116 435 3166 vocum
463 3105 519 3167 aut
545 3097 800 3182 sententiarum,
828 3116 911 3189 quas
937 3093 1088 3165 haeresis
1114 3094 1310 3181 introduxit,
1339 3104 1373 3165 et
1393 3093 1482 3164 idem
1505 3097 1594 3165 circa

217 3208 452 3283 Nestorianam
476 3209 695 3298 observatm,
717 3211 772 3304 qui
792 3208 966 3280 character
986 3212 1113 3304 primae
1131 3211 1307 3281 vetustatis
1326 3218 1437 3280 certus
1450 3207 1593 3282 videtur.

217 3324 303 3397 Nam
329 3329 363 3397 io
391 3324 463 3397 aliis
489 3326 738 3399 Ecclesiasticis
765 3323 905 3414 olhciis,
938 3325 1004 3397 illis
1031 3326 1228 3420 praesertim
1256 3347 1342 3419 quae
1370 3324 1412 3395 ad
1438 3322 1594 3419 psalmo-

218 3440 302 3511 diam
330 3445 513 3537 pcrtinent,
540 3442 806 3537 frequentissima
834 3451 885 3513 est
911 3462 1033 3513 vocum
1061 3450 1095 3512 et
1116 3443 1352 3512 sententiarum
1370 3441 1443 3530 ejus
1457 3443 1594 3532 generis

216 3559 347 3645 insitio,
375 3580 462 3651 quae
487 3561 646 3630 novitatis
672 3579 741 3630 non
768 3555 900 3628 dubium
927 3556 1082 3627 indicium
1108 3566 1179 3645 est,
1214 3565 1248 3627 ut
1283 3559 1316 3626 in
1342 3558 1430 3627 notis
1457 3554 1500 3627 ad
1527 3554 1593 3626 Li-

219 3677 344 3764 tnrgias
378 3673 645 3746 observabimus.
700 3673 792 3745 Sane
827 3675 856 3744 si
891 3695 958 3744 non
991 3680 1117 3742 certum
1154 3681 1188 3743 ct
1220 3672 1449 3766 exploratum,
1485 3680 1520 3742 at
1546 3674 1590 3741 ita

218 3790 399 3861 verisimile
426 3800 496 3878 ast,
523 3800 559 3861 nt
584 3788 662 3861 nibil
688 3798 804 3861 contra
832 3789 896 3860 diei
922 3809 996 3858 cum
1023 3786 1132 3882 aliqua
1158 3790 1288 3859 ratione
1315 3796 1433 3880 queat,
1460 3786 1593 3859 Nesto-

218 3908 330 3978 rianos
356 3905 433 3978 illos
459 3916 596 3977 veteres
624 3908 678 3999 qui
704 3904 859 3977 Romano
886 3904 1029 3999 lmperio
1055 3902 1143 4000 pulsi
1168 3903 1467 3998 Mesopotamiam,
1503 3924 1594 3973 con-

219 4023 442 4116 terminasque
464 4020 578 4093 Persis
606 4023 797 4116 provincias
823 4021 1057 4115 repleverunt,
1085 4028 1120 4089 ut
1148 4021 1247 4089 etiam
1265 4016 1457 4107 Jacobitas,
1483 4040 1594 4091 novos
1674 4080 1678 4083 ,

220 4137 487 4209 Sacramentales
513 4136 637 4225 libros,
665 4135 935 4208 Orthodoxorum
962 4133 1054 4207 libris
1081 4145 1146 4205 tam
1169 4133 1294 4205 similes
1314 4155 1517 4228 componere
1532 4135 1594 4203 vix

218 4257 393 4350 potuisse,
420 4256 484 4325 nisi
510 4256 653 4347 scriptos
680 4273 764 4349 prae
790 4251 894 4325 oculis
920 4250 1025 4324 libros
1053 4250 1255 4323 habuissent
1308 4249 1381 4320 Nec
1416 4249 1593 4321 advocan-

221 4368 292 4442 dam
318 4368 475 4460 inhujus
502 4372 716 4460 coniecturae
743 4365 923 4441 subsidium
951 4369 1178 4439 existimamus
1194 4362 1409 4436 Orientalium
1437 4362 1593 4435 traditio-

218 4508 311 4576 nem,
339 4488 433 4577 cnjus
460 4495 565 4557 testes
591 4484 757 4558 Barsalibi
784 4484 900 4557 etalii
927 4494 1082 4571 autores,
1111 4506 1130 4553 a
1159 4479 1277 4575 quibos
1295 4477 1475 4565 Jacobnm,
1503 4501 1594 4551 eon-

219 4605 367 4694 gregatis
382 4605 415 4673 in
429 4601 621 4675 Coenacula
635 4602 718 4673 Sion
733 4599 909 4698 Apostolis
926 4609 959 4671 et
973 4599 1171 4693 Discipuhs,
1191 4606 1270 4691 post
1290 4596 1440 4690 illapsum
1452 4593 1594 4688 Spiritus

220 4720 343 4807 sancti,
370 4716 556 4810 Linugiam
583 4721 762 4813 scripsisse
787 4715 951 4813 proditum
979 4724 1040 4787 est
1094 4713 1131 4783 Si
1148 4715 1234 4783 enim
1254 4714 1286 4781 in
1306 4707 1497 4801 Originibus
1518 4707 1594 4778 lle-

219 4834 413 4908 clcsiasticis
439 4856 507 4905 uon
534 4835 645 4926 magni
671 4831 825 4904 iacienda
853 4841 906 4903 est
932 4829 1138 4902 Graecorum
1166 4828 1343 4914 autoritas,
1377 4823 1434 4896 ubi
1461 4825 1594 4894 critices

219 4949 337 5044 aliquid
362 4953 556 5044 requiritur:
583 4948 684 5020 multo
711 4951 816 5020 minus
832 4947 1013 5043 Syrorum,
1041 4953 1076 5014 et
1101 4940 1272 5029 Arabum,
1300 4941 1354 5035 qui
1379 4942 1413 5011 in
1436 4938 1499 5011 hac
1526 4937 1595 5007 do·
1636 5026 1641 5036 ι

219 5068 344 5137 ctrinaa
377 5074 473 5160 parte
507 5063 647 5136 Graecis
680 5066 814 5135 omnino
844 5072 920 5135 sunt
946 5060 1134 5133 inferiores.
1188 5056 1261 5129 Neo
1295 5066 1424 5127 utemur
1457 5054 1594 5126 loannis

243 5204 356 5247 rannac
1364 5173 1387 5243 5
