4525 6034
584 596 967 674 llllll'URGlllS
1001 595 1291 675 statutio.
1501 684 1505 689 ‚
1575 600 1620 674 51

249 778 277 840 si
308 778 400 858 aliqui
420 777 577 842 Jacobitae
601 779 686 862 Syri,
713 780 935 862 Aegyptiorum
958 784 1141 866 contagione
1171 756 1257 844 allati
1281 781 1319 843 ab
1347 782 1396 844 illa
1417 792 1624 864 recesserunt,

250 877 331 957 quod
355 876 393 939 de
416 877 566 942 nonnullis
594 880 702 962 negari
729 896 790 941 non
812 887 928 961 potest,
960 880 1038 943 malo
1072 899 1182 965 magno
1209 900 1265 945 suo
1293 882 1324 945 id
1352 880 1507 960 lecerunt,
1542 882 1626 946 nullo

247 993 343 1039 verae
367 975 524 1040 doctrinae
544 978 741 1060 praejudicio.

335 1074 389 1137 llla
410 1093 486 1138 vero
510 1094 588 1156 quae
609 1076 874 1158 praeparationem
894 1077 1067 1141 Sacerdotis
1089 1086 1239 1159 spectant,
1263 1097 1361 1160 aeque
1383 1077 1543 1143 aGraecis
1566 1081 1626 1142 ob·
1691 1093 1813 1165 Plerique
1839 1094 1948 1149 Codices

247 1182 420 1253 servantur,
444 1192 543 1257 neque
565 1185 666 1240 tamen
678 1184 784 1239 extant
805 1178 834 1239 in
858 1177 996 1239 omnibus
1010 1176 1225 1261 Enchologiis,
1240 1178 1308 1258 quia
1325 1180 1482 1257 sumuntur
1505 1179 1624 1241 aliunde
1655 1183 1752 1252 antiqui
1776 1182 1949 1235 1111131331-

247 1274 361 1337 monita
383 1274 499 1338 similia.
542 1274 595 1338 1113
618 1276 708 1338 babet
732 1274 834 1339 Goarii
856 1275 960 1353 editio,
984 1283 1014 1339 et
1037 1277 1173 1339 Venetae
1199 1276 1378 1354 nonnullae,
1408 1285 1469 1339 turn
1491 1278 1624 1342 Romana
1654 1276 1719 1320 ¹0⁰²·

246 1372 396 1459 Demetrii
417 1374 521 1438 Dueae
544 1377 613 1437 anni
635 1374 800 1438 Moxxvt.
823 1377 953 1438 omniurn
976 1376 1192 1456 antiquissima.
1234 1375 1448 1439 Undemirum
1471 1394 1541 1440 esse
1565 1396 1624 1440 ne-

247 1474 320 1534 mini
342 1472 449 1551 debet,
472 1492 580 1537 carere
602 1474 731 1538 rubricis
759 1474 818 1537 illis
842 1474 1013 1538 Orientales
1041 1474 1150 1537 multos
1173 1475 1312 1551 codices,
1341 1493 1408 1538 curn
1438 1477 1469 1538 in
1499 1474 1624 1539 Graecis

209 1630 227 1640 „
248 1572 338 1634 etiam
361 1574 583 1637 recentioribus
606 1574 729 1637 diverso
752 1574 841 1637 modo
865 1593 899 1637 se
922 1574 1061 1638 babeant.
1107 1574 1165 1648 Qut
1188 1593 1240 1653 ea,
1272 1593 1350 1655 quae
1380 1575 1417 1638 ad
1447 1575 1624 1639 Sacerdotis
1656 1576 1659 1579 ’

247 1673 512 1751 praeparationem
533 1681 673 1755 spectant
701 1681 828 1756 negaret
850 1672 964 1737 idcirco
988 1693 1004 1736 a
1033 1672 1158 1736 Graecis
1189 1674 1364 1753 observari,
1391 1673 1504 1736 frustra
1527 1674 1625 1737 loret:
1669 1704 1673 1711 ·

248 1771 290 1832 ita
312 1771 364 1852 qui
386 1771 483 1834 simile
506 1773 544 1834 de
567 1773 700 1855 Syriacis
722 1774 830 1837 ritibus
848 1774 991 1856 judicium
1015 1773 1125 1850 lerret,
1150 1773 1219 1854 quia
1242 1771 1351 1835 desunt
1380 1773 1411 1835 in
1438 1773 1537 1837 multis
1568 1792 1625 1837 co-

248 1869 374 1932 dicibus.
1662 1874 1671 1884 ’

193 1956 196 1959 ’
336 1955 491 2034 Sententia
514 1987 607 2051 porro
631 1973 810 2052 orationum,
834 1990 912 2053 quae
927 1970 985 2034 boc
1008 1970 1078 2033 loco
1093 1970 1236 2032 dicuntur
1258 1987 1275 2030 3
1294 1967 1379 2051 Syris
1395 1969 1623 2049 Sacerdotibus,
1669 1974 1677 1983 '

247 2075 279 2131 ct
301 2068 418 2130 illarum
441 2087 519 2150 quae
542 2087 559 2132 a
582 2069 706 2133 Graecis
729 2078 760 2133 et
781 2072 905 2148 Latinis,
929 2070 1036 2134 eadem
1058 2077 1114 2149 est,
1138 2078 1170 2132 ut
1193 2069 1297 2132 eadem
1319 2085 1418 2150 prope
1440 2068 1543 2131 verba.
1588 2069 1622 2130 ln

247 2165 307 2228 illis
329 2166 472 2249 frequens
495 2169 636 2231 sacrificii
659 2178 690 2232 et
712 2170 814 2233 altaris
837 2173 967 2248 mentio,
997 2190 1058 2234 non
1088 2170 1185 2231 minus
1207 2187 1295 2250 quam
1318 2168 1349 2230 in
1371 2175 1544 2232 sanctorum
1562 2168 1623 2229 Pa-

247 2273 326 2328 trum
349 2268 480 2348 scriptis,
504 2271 534 2330 in
556 2287 617 2351 qno
639 2270 720 2332 nimii
741 2269 836 2332 luisse
859 2269 985 2333 Calvino
1015 2271 1182 2347 visisunt,
1213 2276 1244 2331 et
1271 2267 1423 2330 rhetorice
1449 2268 1551 2347 potius
1573 2267 1623 2329 lo-

248 2366 319 2444 cuti,
344 2384 432 2446 quam
455 2366 651 2450 theologice.
697 2368 738 2431 At
760 2370 840 2431 bona
861 2370 1025 2451 posteritas
1038 2377 1181 2450 pastores
1202 2367 1270 2431 illos
1291 2384 1363 2430 suos
1385 2368 1511 2448 proprie
1534 2367 1624 2431 locu-

248 2470 295 2527 tos
324 2464 418 2527 luisse
447 2484 568 2547 semper
589 2467 755 2548 intellexit,
786 2477 816 2531 et
845 2471 908 2533 suis
931 2487 1070 2550 quaeque
1102 2468 1214 2552 linguis
1242 2467 1372 2530 lideliter
1394 2467 1565 2546 expressit,
1595 2472 1625 2527 et

248 2564 368 2627 exiliis
390 2566 530 2629 sacrificii
544 2569 703 2646 incruenti,
726 2569 955 2651 sacerdotiique
978 2568 1094 2631 aeterni
1115 2566 1281 2630 secundum
1304 2566 1440 2629 ordinem
1459 2565 1625 2628 1131311133-

248 2663 337 2744 decb,
361 2664 527 2729 doctrinam
550 2670 678 2749 accepit,
701 2670 784 2731 etin
807 2669 918 2733 Officiis
939 2667 1164 2731 Ecclesiastieis
1187 2666 1387 2750 consignavit.

524 2927 714 3001 0333311111
740 2929 787 3000 ad
808 2929 970 3023 populum
995 2932 1129 3000 centum
1149 2931 1251 3022 petit,
1279 2935 1343 2999 etc.
1668 2933 1699 2986 P·
1717 2937 1743 2989 2.
1762 2936 1779 2988 t
1801 2934 1844 2988 10.

336 3136 560 3223 Α111311331111
597 3148 753 3230 disciplina
782 3157 844 3229 est,
876 3149 1075 3230 omnibusque
1110 3147 1257 3211 Ecclesiis
1291 3147 1469 3226 observata,
1502 3153 1535 3208 ut
1565 3146 1624 3210 Sa·
1661 3157 1759 3212 ventae
1769 3162 1945 3213 sacrationum

248 3252 369 3331 cerdos,
391 3270 448 3334 per
470 3259 620 3315 secretam
642 3253 827 3332 orationem,
858 3271 917 3333 qua
946 3260 1141 3335 peccatorum
1161 3252 1281 3313 veniam
1302 3250 1454 3331 postulat,
1485 3256 1536 3311 aut
1563 3268 1623 3330 per
1653 3246 1751 3312 petitio.

247 3351 471 3414 contessionem
492 3351 611 3430 iactam,
635 3351 702 3414 Deo
725 3351 914 3431 conciliatus,
939 3353 1029 3415 etiam
1045 3352 1184 3434 proximo
1206 3349 1394 3428 concilietur,
1417 3348 1500 3431 quod
1513 3347 1622 3411 Graeci

246 3438 606 3530 11311111113111111131
627 3445 898 3535 κατηλλαγμένος.
943 3451 977 3514 11
1000 3453 1112 3533 quippe
1136 3449 1285 3533 significat
1307 3450 1469 3513 conversio
1498 3447 1536 3510 31
1559 3449 1623 3509 311·-

247 3557 431 3613 cnmstantes
462 3556 491 3612 et
521 3549 559 3612 ad
587 3551 750 3632 populum,
779 3568 888 3613 versus
918 3569 994 3632 quos
1017 3549 1188 3627 inclinatus,
1210 3550 1286 3629 petit
1312 3548 1539 3627 remissionem,
1563 3546 1622 3609 hac

246 3658 304 3728 est,
327 3657 362 3711 nt
383 3651 410 3712 si
432 3649 499 3730 quis
522 3647 669 3712 adversus
692 3649 774 3711 illum
798 3650 958 3731 quidquam
982 3651 1012 3712 in
1036 3651 1134 3712 anirno
1157 3646 1278 3723 habeat,
1308 3646 1351 3708 illi
1373 3647 1533 3709 condonet.
1579 3646 1623 3708 lta

244 3747 441 3830 intelligenda
463 3755 533 3810 sunt
555 3747 651 3811 verba
682 3747 823 3830 Syriaca3
853 3756 886 3810 ut
913 3748 1077 3811 Arabicum
1107 3746 1189 3829 quod
1216 3752 1378 3825 usurpatur
1406 3745 1465 3808 boe
1494 3744 1562 3807 loco
1592 3746 1622 3806 in

245 3848 376 3910 rubricis
397 3846 528 3909 blissalis
552 3845 678 3910 Chaldai
699 3850 873 3916 3111111111.
920 3848 1122 3911 Consentiunt
1152 3864 1219 3908 cum
1247 3852 1353 3908 nostro
1383 3844 1549 3925 exemplari
1572 3843 1622 3906 alii

245 3947 430 4028 antiquiores
454 3944 586 4009 Codices
609 3946 800 4029 Segnieriani
828 3953 859 4009 et
881 3946 1061 4025 Colbertini,
1091 3945 1122 4007 in
1153 3962 1282 4027 quorum
1311 3945 1460 4026 aliquibus
1488 3942 1620 4006 Arabice

246 4053 440 4128 exponuntur
461 4046 620 4109 rubricae:
644 4047 675 4108 in
697 4046 763 4109 aliis
788 4045 922 4128 Syriace.

334 4145 484 4208 Sacerdos
507 4144 595 4207 simul
618 4153 649 4207 et
678 4145 786 4208 eodem
808 4153 959 4208 momento
988 4160 1099 4226 preces
1129 4141 1384 4205 circumstantium
1414 4139 1489 4221 petit
1512 4138 1621 4201 dicen-

246 4246 296 4322 do,
318 4242 413 4306 Orate
433 4262 490 4324 pro
511 4265 559 4306 1113
578 4244 711 4324 fratres,
737 4254 866 4325 propter
887 4245 1065 4307 Dominum:
1095 4249 1128 4303 ut
1158 4241 1188 4302 in
1210 4240 1317 4303 Latina
1345 4239 1482 4302 Ecclesia
1512 4237 1621 4299 dicitnr

245 4343 488 4422 0131311313,
512 4344 647 4423 quamvis
671 4342 761 4424 paulo
783 4344 893 4423 serius,
918 4351 948 4406 et
971 4343 1084 4423 exiguo
1099 4340 1246 4420 temporis
1267 4337 1438 4413 intervallo,
1461 4344 1621 4416 antequam

246 4461 334 4505 33313
358 4440 449 4503 Actio
471 4442 642 4523 incipiatur.

333 4539 459 4621 Reliqua
483 4540 520 4602 ad
542 4543 804 4622 praeparationem
828 4542 965 4623 corporis
989 4547 1019 4601 et
1042 4541 1156 4602 animae
1176 4536 1355 4620 spectantia,
1380 4533 1485 4596 eadem
1500 4534 1619 4595 omnino

245 4647 314 4703 sunt
338 4639 418 4720 apud
441 4639 536 4721 Syros
558 4640 712 4704 Jacobitas
741 4649 772 4703 et
794 4640 964 4703 Orientales
987 4639 1079 4715 alios,
1108 4656 1145 4700 ac
1174 4637 1225 4699 illa
1255 4652 1332 4717 quae
1363 4634 1558 4714 exposuimus
1589 4633 1619 4693 in

246 4738 468 4802 Commentario
490 4738 528 4800 ad
550 4739 715 4822 Liturgiarn
737 4739 839 4802 Basilii
861 4737 1031 4819 Coptieam,
1060 4737 1245 4800 Graecorum
1263 4733 1404 4815 antiquae
1433 4729 1620 4812 disciplinae,

245 4839 331 4919 cujus
355 4837 442 4899 etiam
465 4855 574 4921 inagna
596 4856 668 4919 pars
691 4845 843 4919 superest,
866 4837 957 4918 plane
980 4837 1098 4916 similia,
1121 4843 1155 4900 ut
1177 4836 1266 4898 etiam
1289 4835 1332 4897 illi
1355 4850 1432 4912 quae
1456 4832 1486 4892 in
1507 4829 1622 4893 Eccle-

243 4938 289 5001 sia
310 4937 417 4998 Latina
440 4936 557 5017 pridem
586 4936 783 5013 servabatur,
815 4946 973 5018 antequam
995 4938 1113 5018 privata
1142 4934 1305 4997 Missurum
1335 4930 1500 4994 celebratio
1524 4930 1622 4993 intro-

244 5037 334 5099 ducta
358 5034 475 5099 luisset.
520 5036 638 5099 liabent
661 5037 780 5119 quidem
804 5035 875 5118 Syri
897 5038 1032 5117 privatas
1054 5035 1186 5113 Missas,
1216 5032 1354 5095 sednon
1386 5029 1493 5093 eodem
1520 5027 1622 5108 modo,

268 5172 393 5218 13131111.
1365 5148 1412 5220 10
