4525 6034
452 613 1386 730 ruuoooarrorrnraurrs
1527 614 1603 689 crs

229 805 339 899 ipsum
366 802 483 877 obtulit
508 802 752 875 immaculatum
778 804 867 891 Deo,
893 812 929 874 et
959 802 1179 875 sanctificavit
1210 824 1273 875 nos
1308 825 1370 898 per
1402 801 1605 875 oblationem

173 929 177 938 ’
231 922 384 1013 corporis
411 924 461 991 sui
488 919 595 992 semel
618 919 753 1010 factam,
781 929 816 990 et
840 917 1030 1014 pacificavit
1055 942 1118 1016 per
1144 922 1340 1011 sanguinem
1373 923 1482 992 crucis
1510 941 1605 1006 suae‚

231 1059 316 1131 quae
352 1038 384 1106 in
416 1035 537 1125 coelis,
572 1045 606 1108 et
639 1058 725 1131 quae
758 1039 793 1107 iu
833 1039 930 1109 terris
962 1045 1046 1107 sunt
1101 1036 1166 1122 Qui
1198 1035 1336 1108 traditus
1382 1047 1434 1109 est
1467 1045 1606 1131 propter

227 1162 368 1247 peccata
393 1161 508 1223 nostra
534 1162 569 1225 et
593 1153 779 1225 resurrexit
803 1161 839 1223 ut
860 1150 1059 1244 justificaret
1082 1172 1157 1223 nos.
1189 1146 1203 1187 ⁵
1231 1153 1296 1237 Qui
1328 1175 1403 1224 com
1428 1150 1603 1247 Apostolis

229 1270 298 1339 suis
325 1289 366 1339 ea
392 1278 492 1340 nocte
519 1292 584 1363 qua
620 1267 757 1341 traditus
784 1278 853 1358 est,
887 1266 1072 1340 celebravit
1106 1270 1301 1362 mysterium
1334 1267 1399 1341 boc
1433 1288 1604 1358 magnum,

229 1383 445 1469 tremendum,
473 1389 622 1457 sanctum
650 1394 683 1455 et
709 1382 872 1456 divinum:
901 1387 1070 1480 accipiens
1097 1406 1218 1480 panem
1233 1383 1407 1457 benedixit
1433 1393 1467 1456 et
1491 1383 1603 1475 fregit,

230 1499 384 1595 deditque
412 1499 581 1595 discipulis
609 1503 678 1574 suis
715 1510 748 1572 ct
781 1499 873 1571 dixit.
925 1501 1000 1572 Hoc
1027 1509 1080 1572 est
1114 1522 1238 1597 corpus
1271 1525 1380 1574 meum
1416 1499 1506 1596 quod
1538 1521 1601 1596 pro

228 1615 329 1688 vohis
360 1615 544 1708 frangitur,
579 1621 613 1688 in
647 1619 879 1689 remissionem
914 1626 1140 1713 peccatorum.
1193 1617 1353 1690 Similiter
1380 1628 1414 1689 et
1446 1616 1602 1688 calicem:

230 1730 365 1804 Gratias
401 1735 487 1824 egit,
523 1743 558 1805 et
593 1731 681 1804 dedit
713 1732 776 1803 illis
817 1733 975 1827 dixitque.
1028 1733 1091 1804 llic
1125 1744 1178 1805 est
1210 1737 1348 1825 sanguis
1381 1755 1476 1806 meus
1511 1731 1603 1807 Novi

228 1846 453 1937 Testamenti,
495 1852 550 1943 qui
587 1871 649 1946 pro
691 1846 800 1920 multis
836 1847 1009 1921 effunditur
1041 1852 1074 1919 iu
1113 1852 1345 1921 remissionem
1378 1857 1603 1944 peccatcmm.

228 1964 383 2060 Accipite
415 1968 516 2057 igitur
556 1987 622 2038 vos
652 1987 788 2053 omnm,
823 1964 911 2036 edite
944 1989 989 2036 ex
1029 1964 1093 2037 boc
1119 1988 1227 2060 pane,
1260 1974 1294 2037 et
1320 1964 1424 2039 bibite
1459 1988 1505 2036 ex
1538 1963 1603 2034 boc

136 2099 138 2106 ·
229 2082 346 2169 calice,
377 2085 481 2153 etita
507 2081 609 2155 facite
636 2085 906 2177 quotiescumque
933 2078 1221 2173 congregabimini
1246 2084 1281 2153 in
1306 2086 1372 2154 mei
1398 2087 1602 2155 memoriam.

333 2197 428 2269 Sicut
452 2208 668 2294 praeceptum
696 2198 793 2270 nobis
820 2206 873 2268 est
899 2201 944 2268 ita
971 2200 1171 2289 cougregati
1198 2219 1323 2288 sumus,
1349 2221 1412 2272 nos
1440 2203 1604 2274 servitui

170 2398 176 2407 g
227 2311 385 2403 humiles,
411 2314 567 2388 imbecilli
595 2325 628 2387 et
653 2314 788 2401 infirmi,
815 2324 851 2384 ut
877 2336 953 2385 cum
979 2314 1068 2387 bona
1095 2317 1200 2386 venia
1225 2318 1355 2406 matiae
1383 2326 1476 2404 tuae,
1504 2317 1602 2388 cele-

227 2426 362 2501 bremus
396 2434 591 2526 mysterium
620 2453 795 2523 maguum,
829 2429 1053 2519 tremendum,
1090 2440 1240 2502 sanctum
1276 2439 1312 2503 et
1344 2431 1509 2521 divinum,
1542 2455 1603 2528 per

229 2543 317 2640 quod
343 2545 433 2618 lacta
460 2546 551 2620 salus
579 2555 631 2619 est
656 2569 779 2639 magna
805 2548 965 2618 universo
992 2544 1136 2618 humano
1164 2549 1282 2638 generi
1307 2557 1436 2621 nostro.
1474 2549 1602 2621 Canna.

229 2659 486 2758 Referimusque
513 2663 610 2737 simul
635 2662 779 2752 laudem,
806 2662 979 2770 bonorem,
1006 2662 1272 2752 confessionem,
1301 2673 1336 2735 et
1362 2664 1603 2755 adorationem,

230 2778 320 2849 Patri
347 2790 381 2851 et
406 2779 510 2867 Filio,
537 2791 572 2851 et
597 2779 734 2876 Spiritui
761 2789 878 2852 sancto
905 2801 993 2851 nuuc
1019 2790 1053 2851 et
1078 2801 1221 2875 semper.

333 2893 510 2969 Sacerdos
539 2900 654 2989 aquai
685 2899 856 2988 mysteria.
918 2896 1099 2967 Diacoaac
1131 2897 1226 2968 dicit.
1277 2897 1446 2972 Mentibus
1478 2903 1603 2972 vestris
1650 2949 1655 2958 ·

228 3022 339 3102 orate,
367 3021 430 3084 etc.

333 3128 511 3200 Sacerdos
527 3115 622 3200 'dicit
647 3128 737 3199 banc
765 3128 971 3199 Oreticum.
1024 3129 1168 3201 Domine
1195 3130 1288 3203 Deus
1316 3140 1445 3226 potens.

385 3404 560 3477 Sacerdos
586 3405 672 3475 dicit
696 3405 786 3476 banc
814 3404 1013 3476 Orationem
1039 3405 1274 3476 inclinationis
1298 3412 1444 3480 secreto.

332 3595 524 3668 Adoramus
551 3604 584 3666 te
611 3597 770 3683 Domine,
802 3605 836 3667 et
867 3598 994 3686 gratias
1027 3598 1158 3688 agimus
1192 3596 1270 3687 tihi,
1310 3608 1345 3670 et
1376 3596 1602 3689 glorificamus

228 3721 280 3800 te,
309 3711 398 3807 quod
424 3734 487 3784 ucs
513 3712 592 3784 licet
618 3711 774 3804 indignos
800 3721 938 3807 propter
964 3723 1104 3807 peccata
1130 3723 1262 3802 nostra,
1298 3712 1340 3785 ad
1373 3722 1406 3784 te
1438 3714 1602 3786 accedere

227 3826 349 3915 fecisti,
375 3851 438 3924 per
464 3830 696 3901 miserationes
723 3838 797 3899 tuas
825 3826 965 3916 multas;
992 3838 1027 3899 et
1042 3831 1216 3902 renovasti
1234 3850 1311 3919 nos,
1338 3839 1372 3901 et
1388 3829 1603 3902 sanctificasti

228 3966 289 4039 per
315 3949 456 4037 gratiam
484 3945 627 4041 Spiritus
654 3947 776 4031 sancti,
809 3941 997 4039 dignosque
1029 3947 1224 4040 praestitisti
1254 3948 1319 4018 'nos
1353 3944 1601 4018 administrandi

228 4082 342 4132 coram
369 4072 403 4133 te
429 4064 645 4134 ministerium
671 4059 736 4130 boc
763 4059 984 4149 tremendum,
1017 4071 1050 4132 et
1079 4060 1244 4152 diruam,
1277 4059 1320 4132 ad
1346 4061 1485 4134 salutem
1510 4064 1602 4134 ritae

228 4186 380 4250 nostrae:
409 4177 572 4273 simulque
598 4177 793 4251 confitemur
819 4198 933 4248 coram
960 4185 1011 4265 te,
1045 4200 1120 4250 cum
1150 4181 1332 4270 gratiarum
1364 4181 1495 4251 actione
1521 4199 1600 4249 ma-

227 4298 338 4385 xima,
365 4295 408 4368 ob
437 4293 575 4366 salutem
602 4316 775 4386 magnam,
811 4314 897 4387 quae
931 4293 1028 4366 nobis
1061 4293 1213 4366 omnibus
1244 4297 1403 4389 praestita
1437 4304 1507 4382 est,
1539 4316 1601 4389 per

227 4409 345 4482 Filium
372 4421 461 4483 tuum
489 4410 643 4484 dilectum
668 4411 784 4481 lesum
812 4407 978 4482 Christum
1003 4409 1181 4483 Dominum
1206 4421 1367 4484 acanum.
1399 4411 1601 4484 Offerimus-

229 4550 293 4622 que
320 4551 435 4601 coram
461 4527 624 4600 Trinitate
650 4537 705 4599 tua
731 4524 894 4617 gloriosa,
921 4525 1024 4598 corde
1050 4530 1207 4617 contrito,
1234 4537 1268 4599 et
1295 4527 1601 4624 spirituthumilita-

228 4647 282 4733 tis,
310 4644 505 4718 sacrificium
532 4643 596 4717 hoc
622 4646 737 4716 vivum
765 4650 988 4732 eternorum,
1016 4643 1104 4738 quod
1130 4647 1324 4739 mysterium
1352 4655 1404 4716 est
1427 4644 1519 4738 Agui
1534 4643 1601 4714 Dei

228 4765 283 4854 qui
309 4760 394 4834 tollit
419 4770 559 4856 peccata
586 4759 716 4849 mundi,
748 4766 911 4851 rogantes
947 4767 981 4830 te
1013 4770 1048 4832 et
1079 4759 1300 4856 deprecantes
1333 4768 1529 4848 conante,
1564 4768 1601 4830 ut

227 4877 436 4972 complaceat
461 4879 604 4950 Domine
631 4876 786 4948 divinitas
813 4883 868 4946 tua
895 4874 1079 4963 adoranda,
1105 4887 1141 4949 et
1154 4901 1216 4973 per
1229 4876 1493 4949 misericordiam
1509 4885 1600 4947 tuam

228 4996 427 5089 suscipiatur
454 4992 577 5067 oblatio
603 4992 687 5066 baec
713 5014 796 5087 pura
823 5002 857 5064 et
882 5001 999 5065 sancta
1025 5016 1087 5089 per
1113 5016 1212 5090 quam
1238 4993 1388 5089 placatus
1416 5004 1449 5066 et
1469 5013 1600 5064 recon-

223 5110 356 5183 ciliatas
384 5132 441 5201 es,
467 5114 705 5206 propeccatis
731 5106 851 5180 mundi.
904 5106 1002 5182 Nunc
1029 5113 1129 5183 etiarn
1156 5113 1319 5200 Domine,
1353 5133 1435 5182 ecce
1462 5108 1598 5182 offertur

1304 5227 1393 5304 80*
