4525 6034
715 545 766 621 94
1089 546 1363 625 obstat
1388 546 1705 626 arturus

426 708 701 767 ¹¹⁰m³¹¹¹v⁰oe¹¹⁰⁰¹⁸
801 731 1029 796 Observandum
1057 730 1188 814 denique
1217 733 1348 813 Syros
1340 750 1370 794 m
1399 751 1436 795 ea
1457 733 1683 813 pronuncianda
1704 741 1839 796 veterem
1860 734 2058 815 simplicitatem

392 797 611 938 ΜΡΜὛἛ
621 799 701 867 Syros
714 834 809 916 mugIs
831 834 991 896 retinuisse
1014 850 1101 913 quam
1115 831 1260 911 Graecos,
1284 834 1335 913 qui
1352 832 1496 895 formulas
1512 832 1625 914 aliquot
1638 835 1841 914 interponunt,
1855 835 1907 895 ιιι“
1899 852 1927 895 m
1938 834 2049 915 liturgia

392 898 549 1025 22:353:
612 902 702 942 ’.Μ’
713 933 816 997 Basrlrr
825 930 974 996 Sacerdos
993 939 1115 995 secreto
1139 932 1227 996 dicit:
1264 932 1392 994 bonae
1413 932 1620 1013 quiSpiritum
1633 940 1770 995 sanctum
1791 933 1869 995 bora
1886 935 1965 995 tertio
1982 932 2051 1013 Apo·

550 1009 558 1025 ⁹
712 1035 800 1098 stalis
828 1035 952 1107 πίιὶιιί,
989 1033 1086 1107 ilum,
1117 1031 1250 1109 ebone,
1272 1052 1311 1093 rre
1332 1032 1460 1111 caimos
1481 1051 1502 1093 a
1523 1052 1580 1097 rue.
1626 1031 1688 1095 Cor
1707 1032 1848 1094 mardarn
1869 1051 1939 1094 crea
1961 1035 2050 1110 irrue,
2090 1104 2096 1123 x

712 1135 812 1210 aaa,
842 1143 871 1196 ct
897 1132 1043 1212 Spiritum
1069 1138 1184 1194 rectum
1209 1133 1322 1193 inuam
1350 1134 1383 1193 irr
1404 1133 1572 1194 viscardus
1591 1134 1675 1196 mers.
1721 1131 1795 1193 'ium
1817 1131 1960 1195 Diaconos
1979 1142 2051 1214 caput

713 1234 872 1310 inclinans,
896 1232 1035 1314 designat
1057 1232 1158 1294 orario
1182 1238 1317 1293 sanctum
1339 1248 1448 1313 panem
1470 1240 1501 1294 et
1523 1231 1595 1294 dicit
1616 1239 1751 1295 secreto:
1773 1229 1920 1308 Benedic,
1939 1232 2052 1309 Danae,

713 1343 850 1399 sanctum
868 1352 996 1413 panem:
1025 1339 1114 1413 atque
1137 1332 1178 1393 ita
1200 1329 1238 1392 ad
1260 1330 1362 1394 calicis
1385 1329 1642 1394 benedictionem:
1673 1349 1751 1413 quaa
1771 1330 1877 1394 iisdem
1897 1332 1989 1395 verbis
2008 1350 2052 1395 ac·

714 1440 839 1498 currunt
861 1433 892 1494 in
914 1431 1048 1514 Litargia
1072 1431 1297 1513 Chrysostomi3
1320 1447 1380 1492 uon
1403 1431 1433 1492 in
1456 1428 1572 1492 Graeca
1593 1430 1710 1510 Jacobi,
1733 1448 1833 1513 neque
1857 1433 1886 1493 in
1904 1431 2053 1493 Graecisat

714 1534 849 1615 Copticis
861 1530 1085 1608 Alexandrinis,
1107 1549 1207 1612 neque
1229 1531 1260 1591 in
1281 1530 1478 1592 Nestorianis.
1511 1530 1732 1593 Απεπιιιιιιιιιι
1753 1531 1942 1614 subjnnguur
1960 1550 1976 1593 a
1994 1529 2053 1592 llia-

714 1649 804 1705 cono,
827 1633 864 1695 ad
887 1641 1043 1712 utramque
1066 1631 1213 1693 orationis
1235 1637 1362 1711 partem.
1395 1662 1399 1670 ,

802 1732 908 1796 Obiter
923 1749 1043 1813 quoque
1064 1729 1225 1793 notandum
1248 1736 1306 1819 est,
1328 1728 1526 1792 boderianum
1549 1730 1669 1810 quoties
1691 1730 1807 1792 titulum
1830 1731 1916 1813 hujus
1936 1730 2053 1794 orationis

715 1833 821 1896 Latine
844 1832 1008 1913 expressit,
1031 1848 1194 1912 perperam
1216 1831 1346 1893 vertisse
1368 1828 1540 1891 Lectiouern
1561 1829 1692 1908 Spiritus
1713 1833 1829 1907 sancti,
1857 1830 1936 1894 nullo
1956 1848 2037 1893 serua

424 2094 455 2147 r.
473 2097 517 2148 ar.
1174 2093 1342 2164 Memento
1368 2090 1525 2180 Domine,
1552 2098 1616 2163 etc.

423 2315 557 2388 Dipryctrr.
806 2305 869 2382 Hrc
891 2314 1035 2395 incipiunt
1054 2311 1216 2394 Diptycba,
1239 2313 1277 2376 de
1299 2312 1406 2395 quibus
1429 2331 1496 2375 cum
1517 2312 1608 2376 multa
1631 2313 1790 2377 dictasint
1813 2315 1844 2376 in
1860 2311 2051 2378 Commentario

717 2420 755 2483 ad
777 2419 878 2483 Basilii
902 2416 1057 2500 Coptioam
1079 2416 1255 2499 Liturgiam,
1279 2435 1357 2498 quae
1380 2415 1513 2497 Syriacis
1535 2416 1815 2499 quoqueEcclesiis
1828 2418 2006 2492 conveniunt,
2024 2431 2052 2477 eo

714 2521 846 2583 lectores
868 2518 1054 2581 remittimus.
1084 2516 1122 2580 Ut
1144 2518 1175 2578 in
1198 2516 1323 2580 Graccis
1345 2516 1499 2596 incipiunt,
1521 2506 1704 2601 Μιήσθητι
1725 2507 1829 2605 adpre.
1852 2517 1987 2580 Mamerto
1998 2515 2053 2577 lio-

714 2621 804 2698 naue,
827 2620 867 2680 ila
890 2620 920 2681 in
944 2616 1078 2699 Syriacis
1093 2616 1237 2698 Liturgiis
1260 2616 1297 2678 ab
1319 2625 1445 2695 tzitta,
1467 2606 1548 2697 qdod
1571 2615 1649 2679 idem
1664 2624 1720 2680 est.
1748 2616 1863 2679 Oratur
1876 2614 2053 2698 proomnlbas

711 2718 805 2781 rebus
827 2725 859 2781 et
879 2700 1031 2798 personis,
1054 2716 1131 2779 rivis
1154 2723 1185 2778 el
1208 2718 1344 2779 mortuis.

800 2818 903 2881 Statim
927 2816 1036 2879 dicitur
1059 2817 1156 2879 oratio
1178 2835 1235 2898 pro
1258 2816 1395 2878 Ecclesia
1419 2814 1582 2893 catholica,
1605 2825 1636 2878 et
1648 2814 1827 2897 Apostolica
1848 2816 1963 2880 fundata
1981 2829 2053 2894 supra

592 2932 596 2939 ·
714 2925 831 2999 petram
853 2915 934 2991 fidei,
956 2924 990 2978 ut
1011 2915 1042 2978 in
1066 2914 1183 2979 Graeca
1204 2915 1310 2978 Jacobi
1332 2915 1393 2978 el
1385 2933 1415 2976 rn
1437 2915 1574 2978 omnibus
1598 2916 1678 2979 aliis:
1709 2923 1771 2978 tum
1794 2934 1852 2996 pro
1876 2917 1948 2979 locis
1967 2915 2054 2976 sanctis

714 3024 747 3079 et
775 3025 880 3080 sancta
909 3015 981 3079 Sion
1004 3017 1134 3077 omnium
1156 3014 1360 3077 Ecclesiamm
1382 3020 1489 3090 matre,
1511 3022 1544 3077 ut
1566 3017 1595 3077 in
1619 3015 1734 3080 eadem.
1770 3008 1994 3102 Προςφέρομέν
2013 3028 2055 3073 σοι

714 3109 863 3180 δέσποτα
874 3111 930 3180 καὶ
945 3102 1030 3195 ὑπὲρ
1047 3105 1148 3200 ἁγίων
1164 3131 1224 3177 aorr
1235 3104 1353 3194 aarum,
1369 3135 1427 3187 ους
1442 3102 1658 3192 ἕδόξασας
1616 3135 1657 3199 τῃ
1668 3108 1849 3199 ἐπιφανείᾳ
1862 3135 1921 3177 aov
1907 3109 2057 3199 Χριστοῦ

712 3231 788 3293 σου,
818 3211 875 3278 καὶ
903 3213 944 3300 τῇ
967 3201 1176 3301 ἐπιφοιτήσει
1198 3212 1261 3276 aori
1281 3204 1377 3295 ἁγίου
1399 3230 1460 3276 σου
1487 3203 1690 3292 πνεύματος
1720 3211 1967 3300 πρανγουμὲνως
1991 3204 2054 3295 ὑπὲρ

713 3313 772 3397 τῆς
793 3304 929 3392 ἐνδόξου
951 3302 1036 3377 Σιών
1056 3312 1114 3397 τῆς
1134 3333 1257 3400 uranos
1277 3309 1392 3376 πασῶν
1412 3310 1478 3375 coir
1500 3307 1683 3397 ἐκκλησιῶν.
1726 3312 1890 3395 offerimus
1917 3315 1981 3390 tibi,
2002 3313 2053 3374 llo

713 3416 809 3490 ruine,
839 3423 870 3477 et
892 3433 951 3494 pro
978 3415 1094 3475 sanctis
1115 3414 1185 3474 istis
1206 3414 1298 3488 locis,
1324 3432 1399 3493 auos
1424 3413 1610 3493 clarificasti
1628 3414 1875 3493 manifestatione
1897 3413 1999 3475 abcisi
2014 3411 2053 3484 tri,

713 3520 744 3574 et
764 3513 895 3575 adcerrtu
916 3514 1016 3576 sancti
1036 3514 1080 3574 tui
1100 3511 1249 3591 Spiritus:
1276 3511 1445 3591 Praecipue
1469 3532 1530 3592 pro
1557 3514 1694 3593 ebriosa
1714 3512 1804 3588 Sion,
1836 3522 1932 3576 matre
1951 3513 2054 3574 ommam

714 3610 944 3697 Ecclesiamm„
964 3611 1087 3693 Syriaca
1111 3611 1295 3691 exemplaria
1318 3611 1422 3673 eadem
1444 3629 1541 3693 prope
1563 3611 1656 3675 verba
1679 3611 1799 3687 babent,
1824 3632 1865 3675 ex
1887 3612 1985 3694 quibus
2004 3608 2053 3671 ed-

714 3712 792 3773 citur
803 3711 953 3792 Litargias
967 3710 1043 3787 illas,
1063 3709 1210 3772 Graecam
1233 3718 1263 3773 et
1282 3709 1445 3792 Syriacam,
1468 3713 1607 3793 proprias
1620 3711 1777 3774 Ecclesiae
1791 3712 2052 3793 Hierosolymitanae

715 3809 826 3885 fuisse,
855 3829 913 3874 neo
943 3809 1062 3873 aliunde
1085 3810 1305 3892 quaerendum,
1336 3828 1391 3872 our
1412 3809 1528 3873 Jacobo
1550 3818 1690 3892 tanquam
1712 3813 1810 3874 autori
1832 3811 1984 3875 attributae
2001 3809 2053 3871 siat

716 3908 924 3973 Conveniebat
946 3911 1023 3973 enim
1046 3909 1125 3972 illius
1147 3909 1303 3972 Ecclesiae
1325 3909 1421 3991 primo
1444 3909 1608 3990 Episcopo,
1632 3919 1664 3973 ut
1678 3909 1716 3972 ab
1732 3927 1769 3972 eo
1784 3911 1918 3974 instituta
1931 3911 2054 3972 dicerem

715 4008 857 4072 sacrificii
878 4009 1051 4073 celebrandi
1075 4008 1169 4071 forma
1172 4027 1275 4090 ,quae
1295 4008 1455 4089 antiquitus
1466 4008 1527 4072 illic
1539 4009 1711 4089 observata,
1726 4026 1783 4090 per
1795 4011 1960 4074 traditionis
1970 4008 2054 4070 man

714 4109 753 4172 ad
776 4110 841 4192 ejus
863 4127 1059 4172 successores
1080 4108 1256 4171 transmissa
1278 4107 1385 4174 iuerat

420 4203 702 4270 Eccterirttteromty-
803 4207 1073 4290 Hierosolymitana
1094 4207 1244 4286 Ecclesia,
1266 4214 1362 4270 mater
1383 4207 1512 4269 omnium
1535 4206 1658 4269 aliarum
1680 4207 1805 4289 dicitur,
1838 4209 1911 4291 quia
1927 4206 2010 4289 prima
2027 4198 2055 4263 ab

393 4293 487 4343 Μ·
510 4290 873 4391 ⁰¹¹⁸⁶¹¹³⁰⁰¹⁰·Ap0stolis
896 4306 1016 4370 fundata
1038 4315 1095 4386 est,
1119 4314 1213 4369 etex
1241 4307 1340 4371 Sionis
1368 4306 1549 4382 caenaculo,
1577 4308 1629 4370 ubi
1659 4307 1786 4389 Spiritus
1814 4318 1936 4372 sanctas
1961 4307 1987 4367 iu
2012 4316 2055 4363 eat

316 4410 322 4415 ’
393 4393 495 4429 ''⁸¹⁰¹‘'
715 4408 926 4486 descenderat,
956 4405 1094 4486 proiecti,
1118 4406 1503 4489 praedicaveruntubique,
1526 4407 1703 4488 etreliqaas
1718 4409 1944 4471 constituemut
1969 4403 2054 4482 Neque

714 4509 830 4573 idcirco
854 4505 1083 4570 existimandum
1105 4514 1152 4568 est
1174 4506 1347 4586 ampliorem
1369 4508 1448 4570 inter
1462 4505 1557 4588 Syros
1569 4506 1721 4570 Jacobrtas
1744 4506 1918 4591 dignitatem
1939 4513 1966 4568 et
1984 4508 2054 4563 auto

716 4610 833 4672 ritatem
857 4605 1130 4687 Hierosolymitano
1153 4604 1307 4686 Episcopo
1330 4607 1499 4669 attributam
1521 4605 1625 4671 tuisse.
1655 4606 1772 4669 Habent
1793 4608 1824 4669 in
1847 4600 2054 4671 Collectionibrs

717 4707 871 4771 canonum
893 4705 968 4786 suis,
991 4703 1144 4768 Cauonem
1165 4703 1328 4768 Nicaeuum
1349 4705 1398 4769 vl.
1421 4705 1595 4789 legitimum,
1616 4705 1782 4770 secundam
1804 4714 1893 4788 quem
1913 4705 2052 4787 Dioeceset

716 4809 778 4871 suis
801 4806 941 4870 limitibus
965 4805 1259 4885 circumscribuntur,
1282 4813 1313 4868 et
1335 4804 1398 4868 llll.
1428 4806 1459 4868 in
1481 4822 1542 4887 quo
1564 4808 1703 4868 statuitur
1732 4814 1766 4869 ut
1786 4805 1892 4869 Aeliae
1912 4805 2054 4885 Episcopus

715 4907 891 4984 bonoratur,
913 4913 985 4989 post
1006 4904 1193 4968 Patriarcbas
1214 4904 1390 4984 Romanum,
1412 4904 1658 4982 Alexandrinum,
1674 4903 1939 4969 elAntiocbenum.
1959 4901 2052 4976 Nempe

716 5013 804 5069 vetus
836 5006 990 5070 Cauonum
1018 5005 1164 5070 Collectio
1195 5005 1338 5086 Syriaca,
1369 5003 1508 5070 Cauones
1536 5005 1604 5071 illos
1633 5012 1841 5088 repraesentat
1868 5008 1997 5069 amurate
2019 5011 2050 5057 0¹
