4525 6034
708 534 782 609 100
1094 536 1709 617 ousutvuttoltus

705 718 780 783 dicis
802 719 962 803 Liturgici,
985 739 1044 803 quo
1067 721 1134 786 solo
1156 724 1199 786 uti
1217 722 1370 804 jubentur.
1413 722 1539 786 Fallitur
1559 724 1720 804 Naironns,
1744 725 1812 789 dum
1830 683 1893 787 enan
1908 727 1952 806 qui
1968 726 2034 791 ferro

703 820 825 884 indutus
848 829 974 884 vocatus
997 830 1060 902 est,
1084 843 1152 888 eum
1174 842 1244 887 esse
1268 824 1448 888 existimavit
1462 825 1513 904 qui
1527 825 1557 886 in
1575 823 1699 888 Canone
1713 825 2036 891 Jecobiticonominatur.

1301 1103 1478 1174 Memento.

794 1310 972 1399 Drerrcnn,
995 1323 1120 1403 proprie
1143 1323 1181 1385 ad
1204 1321 1348 1404 Syrorum
1370 1330 1500 1386 mentem
1521 1321 1692 1404 loquendo,
1720 1330 1790 1386 sunt
1812 1322 1959 1387 Orationes
1977 1343 2038 1405 quae

703 1443 762 1506 pro
784 1425 862 1487 vivis
885 1429 916 1484 et
938 1420 1085 1485 defunctis
1108 1423 1181 1485 liunt
1210 1441 1248 1486 eo
1279 1422 1364 1502 loeo,
1380 1441 1453 1504 ,quo
1481 1424 1600 1485 tertiam
1622 1421 1778 1505 liturgiae
1801 1431 1911 1504 partem
1929 1424 2039 1504 incipere

704 1525 811 1587 scribit
838 1521 995 1585 Barsalibl.
1039 1521 1081 1583 lta
1113 1528 1211 1583 autem
1234 1523 1387 1585 orationes
1410 1522 1479 1584 illae
1509 1520 1568 1585 dici
1595 1521 1721 1600 debent,
1755 1529 1789 1585 ιιι
1816 1531 1923 1603 partem
1946 1522 2039 1585 illarum

704 1632 825 1687 secreto
849 1621 999 1686 Sacerdos
1021 1620 1116 1700 dieat,
1140 1623 1220 1700 sive,
1252 1620 1332 1701 quod
1354 1620 1433 1684 idem
1462 1630 1527 1699 est,
1557 1621 1733 1700 inclinatus,
1760 1622 1847 1684 aliam
1874 1620 1946 1686 elata
1970 1641 2039 1696 voce,

704 1730 737 1784 ut
758 1731 817 1785 tam
838 1719 975 1797 secreto,
998 1738 1087 1800 quum
1110 1720 1170 1782 alta
1191 1737 1270 1782 voce
1297 1726 1380 1799 oret,
1411 1728 1442 1782 et
1470 1721 1512 1783 ita
1541 1721 1655 1803 populo
1685 1721 1845 1785 denunciet
1876 1739 1928 1801 pro
1954 1721 2039 1800 quibus

704 1823 772 1905 ipse
794 1830 876 1899 orat,
900 1828 930 1883 et
953 1820 991 1882 ab
1014 1821 1151 1883 omnibus
1174 1819 1318 1883 orandum
1340 1821 1394 1882 sit:
1417 1837 1514 1899 eaque
1536 1821 1652 1883 ratione
1674 1819 1804 1902 populus
1832 1838 1896 1883 cum
1916 1821 2041 1884 Sacerdo-

704 1924 744 1984 tis
763 1921 907 2004 precibus
929 1937 1000 1982 suas
1024 1921 1198 2002 conjungit·
1231 1919 1382 2002 Diptycbn
1404 1937 1524 2001 quoque
1548 1920 1687 1983 Canones
1708 1920 1831 1997 vocari,
1858 1920 1955 1983 scribit
1969 1927 2040 1982 autor

701 2022 799 2100 idem,
822 2037 954 2101 esseque
975 2038 1049 2098 sex,
1080 2038 1189 2101 nempe
1218 2028 1280 2082 tres
1308 2037 1364 2100 pro
1393 2019 1487 2081 vivis:
1521 2018 1643 2082 totidem
1673 2036 1730 2099 pro
1759 2020 1894 2082 mortuis.
1933 2019 2041 2082 Accusat

701 2121 853 2185 Armenos
875 2117 957 2200 quod
978 2120 1135 2201 promitis
1157 2120 1187 2181 in
1209 2118 1344 2203 Liturgia
1366 2118 1462 2181 nullas
1484 2121 1637 2182 orationes
1659 2118 1785 2181 faciant:
1809 2137 1891 2198 nam,
1912 2120 2041 2200 inquitsi

702 2221 769 2302 quis
792 2228 936 2301 peccator
958 2219 1056 2281 estin
1078 2218 1230 2300 impietate
1252 2237 1456 2300 perseverans
1479 2228 1528 2297 et,
1557 2228 1590 2281 ιιι
1612 2220 1653 2281 ait
1675 2218 1862 2299 Apostolus,
1891 2221 1919 2280 in
1938 2226 2040 2299 peceato

702 2318 741 2381 ad
762 2326 899 2396 mortem,
921 2334 982 2380 non
997 2317 1143 2380 orandum
1166 2335 1222 2398 pro
1244 2335 1282 2380 eo
1304 2317 1461 2381 vobiscum
1483 2319 1620 2382 letemur.
1667 2318 1707 2380 At
1727 2320 1753 2380 si
1775 2319 1977 2399 poenitentiam
1987 2325 2041 2400 agat

647 2465 651 2474 ,
701 2418 741 2481 de
764 2418 898 2498 peccatis
921 2419 1000 2494 suis,
1023 2424 1054 2479 et
1076 2417 1113 2479 ud
1137 2417 1208 2498 ejus
1224 2417 1357 2481 remedia
1379 2426 1533 2496 recurrat,
1555 2425 1696 2499 tanquam
1719 2418 1798 2480 lilius
1820 2419 1973 2500 prodigus,
1998 2433 2041 2497 pro

701 2535 741 2580 eo
763 2516 941 2579 sacrificium
962 2516 1065 2579 offerri
1088 2522 1218 2598 oportet.
1260 2515 1306 2579 De
1332 2516 1391 2579 lioc
1422 2526 1600 2600 argumento
1622 2516 1717 2580 lusius
1747 2535 1781 2580 se
1814 2519 1913 2600 egisse
1940 2523 2042 2579 testatur

676 2603 733 2680 'in
757 2633 851 2697 opere
872 2616 1019 2697 singulari
1041 2616 1188 2679 adversus
1210 2615 1371 2679 Armenes.
1416 2617 1516 2701 Negat
1539 2618 1628 2681 etiam
1650 2637 1691 2680 cx
1715 2624 1801 2679 reeta
1825 2616 1971 2698 disciplina
1989 2632 2043 2678 esse

701 2723 735 2778 ut
768 2715 806 2777 ad
836 2714 971 2796 singulus
1002 2713 1174 2780 Sacerdotis
1205 2717 1358 2779 orationes
1387 2717 1515 2798 populus
1545 2716 1745 2799 respondeat,
1774 2716 1873 2779 Amen
1899 2724 1946 2779 aut
1970 2714 2043 2797 tipo

702 2818 832 2895 eleison,
856 2815 911 2878 sed
934 2822 1047 2877 tentum
1069 2814 1175 2877 eadem
1197 2816 1291 2878 verba
1313 2816 1414 2878 dicere
1438 2814 1545 2896 debet,
1570 2835 1636 2878 cum
1658 2816 1812 2878 Diaconus
1835 2818 1994 2879 orationem
2005 2815 2043 2875 in·

703 2914 793 2994 dicit,
816 2915 944 2980 dicendo
964 2935 1024 2996 pro
1046 2916 1101 2978 tnli
1120 2917 1170 2980 ool
1189 2918 1246 2978 toti
1264 2917 1424 2979 Doinbmm
1446 2917 1655 2997 deprecemur:
1678 2923 1749 2978 tunc
1772 2914 1878 2978 dicunt
1891 2913 2043 2997 llyrieelei-

701 3034 775 3092 son,
798 3023 851 3078 aut
872 3015 1014 3098 Syriace,
1036 3015 1164 3078 Domine
1185 3017 1339 3078 miserere.

1141 3296 1329 3367 Dinconns:
1361 3294 1436 3365 Pro
1463 3289 1623 3388 Regibus.

792 3503 845 3581 Dr
868 3517 1004 3578 oratione
1021 3533 1077 3597 pro
1101 3514 1279 3578 Christianis
1302 3513 1483 3596 principibus
1511 3513 1620 3575 dictum
1649 3511 1755 3574 estad
1784 3511 1938 3592 Copticam
1962 3505 2043 3570 Basilii

701 3618 880 3700 liturgiam,
904 3622 934 3677 et
956 3615 1074 3677 dicetur
1095 3614 1192 3677 adbuc
1213 3616 1244 3676 in
1267 3614 1527 3676 observationibus
1549 3611 1587 3674 nd
1602 3612 1715 3692 aliquot
1730 3617 1904 3692 sequentes.
1945 3607 2042 3688 Duplex

703 3717 783 3780 enim
805 3718 836 3779 in
859 3713 991 3795 Syriacis
1013 3715 1146 3777 occurrit
1167 3714 1282 3777 illarum
1305 3715 1474 3777 orationum
1497 3713 1597 3776 lectio.
1641 3711 1737 3772 Prima
1752 3718 1799 3773 est
1814 3711 1844 3773 ei
1866 3709 1964 3772 similis
1974 3724 2043 3788 quan

702 3816 779 3878 baec
800 3814 934 3896 Liturgin
956 3821 1181 3896 repraesentat,
1204 3821 1235 3876 et
1256 3832 1333 3894 quae
1356 3813 1480 3876 Graecis
1503 3829 1600 3893 prope
1622 3810 1758 3872 omnibus
1774 3809 1938 3873 communis
1953 3814 2002 3884 est,
2018 3812 2043 3866 nl

702 3915 819 3978 scilicet
840 3921 943 3978 oretur
964 3931 1021 3995 pro
1051 3911 1284 3995 lmperatoribus
1307 3921 1357 3975 aut
1378 3911 1529 3994 Regibus,
1553 3910 1752 3984 Christianis,
1771 3911 1837 3988 piis
1860 3917 1890 3970 et
1908 3909 1995 3970 Deum
2012 3906 2044 3965 ti·
2112 3947 2116 3963 .

658 4039 662 4043 “
701 4015 866 4077 mentibus:
887 4015 946 4076 lroc
969 4021 1033 4092 est,
1055 4022 1089 4075 ut
1110 4012 1218 4076 Graeci
1240 4011 1387 4091 ederunt,
1412 4001 1495 4097 ὑπὲρ
1517 3997 1663 4088 εὐσεβῶν
1684 4004 1740 4070 καὶ
1761 4001 1976 4094 φιλοχρίστων
1994 4005 2013 4085 β
2029 4035 2044 4048 -

702 4107 829 4178 σιλέων.
873 4113 948 4176 lllud
972 4121 1070 4175 nutem
1091 4130 1202 4176 nornen
1224 4111 1293 4193 Syri
1306 4110 1435 4174 reddere
1448 4109 1548 4174 solent
1569 4128 1626 4191 per
1646 4107 1742 4170 Decm
1755 4110 1902 4185 timentes,
1925 4116 1954 4169 ut
1967 4092 2044 4166 εὗσέ-

701 4212 794 4292 decom
820 4219 851 4275 et
871 4212 1049 4296 religionem
1070 4230 1127 4292 per
1149 4212 1208 4273 Dei
1228 4213 1373 4273 timoren.
1417 4210 1592 4273 Alteraesl
1613 4216 1646 4271 ιιι
1668 4208 1846 4289 simpliciter
1876 4215 1974 4270 oretur
1999 4215 2043 4283 pro

701 4311 835 4394 Regibus
858 4320 889 4374 et
915 4310 1114 4392 principibus,
1148 4309 1380 4392 qualescumque
1410 4311 1486 4372 sint:
1521 4309 1601 4389 quod
1630 4310 1661 4370 in
1687 4307 1845 4389 plerisque
1875 4308 2043 4374 observatur,

700 4409 987 4475 Multamedanorum
1014 4417 1103 4472 metu.
1148 4409 1280 4490 Utraque
1308 4410 1358 4472 illa
1384 4407 1510 4472 formula
1537 4426 1634 4489 aeque
1660 4408 1825 4470 communis
1856 4413 1904 4469 est
1931 4401 2045 4467 omnibus

701 4510 847 4593 [liturgiis
870 4510 1021 4591 Syriacis,
1048 4517 1173 4589 praeter
1194 4509 1259 4573 illas
1289 4527 1367 4591 quae
1402 4518 1470 4573 sunt
1498 4510 1670 4573 Nestoriani
1699 4510 1785 4574 rittu.
1832 4506 1975 4570 Observat
2000 4500 2045 4561 boc

702 4608 773 4674 loco
794 4609 958 4685 Barsalibi‚
980 4608 1125 4690 quosdam
1156 4606 1336 4673 Sacerdotes
1365 4611 1532 4673 orationem
1557 4627 1614 4692 pro
1644 4607 1778 4691 Regibus
1806 4609 1956 4681 omittere,
1981 4595 2047 4682 quod

702 4709 814 4791 ubique
836 4727 933 4791 prope
958 4707 1092 4772 infideles
1114 4710 1190 4787 sint,
1213 4717 1244 4772 et
1264 4709 1368 4772 hostes
1392 4709 1552 4773 Christiani
1573 4709 1789 4772 nominisz'nut
1804 4705 2046 4770 Calchedonemes

702 4811 768 4872 sive
790 4808 976 4888 Ortbodoxi,
999 4810 1050 4890 qui
1072 4808 1228 4872 EcclesIae
1250 4807 1435 4872 Jacobitlcne
1457 4826 1518 4871 non
1547 4808 1643 4891 magis
1671 4806 1807 4884 lateant,
1844 4823 1931 4887 quam
1956 4799 2047 4864 bloba·

701 4907 831 4973 medani.
875 4908 977 4992 Neget
997 4916 1096 4970 tamen
1119 4907 1150 4970 id
1172 4916 1257 4972 reete
1279 4908 1363 4984 lieri,
1386 4926 1453 4972 oum
1475 4908 1584 4971 Paulus
1604 4906 1769 4989 Apostolus
1789 4906 1900 4968 docent
1921 4898 2045 4966 orandun

703 5025 774 5074 esse
795 5026 853 5089 pro
875 5007 1008 5091 Regibus
1031 5009 1082 5090 qui
1112 5026 1166 5072 sna
1196 5015 1295 5071 aetate
1321 5007 1457 5071 infideles
1488 5015 1589 5082 erant,
1620 5014 1651 5069 et
1680 5004 1871 5070 Christianos
1902 4996 2045 5066 durissimis
