4525 6034
393 600 434 675 lll
460 598 667 676 LITURGlAll
693 598 724 675 S.
750 596 915 674 DlOlllSll
942 598 1190 676 ATHlllllEllSlS
1215 597 1394 677 EPISGOPI.
1514 598 1593 673 213

213 780 364 846 venientis
386 783 417 844 in
438 782 473 847 B.
496 783 665 866 Virginem,
700 782 728 843 in
752 781 969 844 incarnationis
993 782 1152 863 mysterio,
1175 783 1357 864 exprimunt.
1401 782 1508 846 Altera
1529 801 1593 846 vor

211 881 376 945 hebraicae
404 883 531 965 originis
561 889 624 958 est,
654 880 828 961 legiturque
855 881 938 942 initio
969 881 1126 944 Geneseos
1156 899 1194 943 co
1222 882 1291 945 loco
1313 883 1448 962 Spiritum
1468 881 1594 960 Domini

209 980 371 1058 ferebatur
392 999 484 1061 asper
504 999 613 1061 aquas,
638 988 778 1060 tanquam
799 980 944 1042 incubans
967 987 998 1042 et
1020 980 1139 1059 fovens,
1162 980 1386 1063 genitalemquc
1408 980 1468 1042 vim
1480 981 1591 1043 immit-

213 1087 297 1142 tens:
322 1097 410 1159 quam
433 1080 654 1160 expositionem
677 1077 714 1140 ah
729 1078 881 1158 Ephremo
904 1088 1058 1159 acceptam
1079 1073 1220 1142 laudavit
1234 1087 1266 1142 et
1288 1079 1445 1160 amplexus
1468 1079 1591 1141 estBa-

212 1179 309 1241 silius.
354 1177 406 1240 llis
429 1179 521 1259 igitur
544 1178 645 1239 verbis
667 1177 838 1259 significant
856 1177 1026 1240 Orientales
1050 1180 1190 1241 virtutem
1214 1177 1341 1240 coelitus
1357 1181 1487 1258 missam,
1512 1196 1590 1258 quae
1620 1191 1913 1249 domzifflmm

212 1279 244 1339 in
268 1277 347 1339 dona
370 1279 525 1357 proposita
548 1276 723 1339 mirabiliter
745 1285 905 1357 operetur,
930 1284 961 1338 ut
983 1277 1013 1337 in
1036 1278 1199 1340 creationis
1222 1278 1305 1340 initio
1329 1284 1360 1340 et
1381 1277 1591 1339 lucarnationo

211 1374 325 1438 factum
348 1383 411 1438 est:
435 1392 503 1437 uam
525 1382 654 1456 utraque
676 1377 913 1456 comparatione,
936 1377 1111 1438 miraculum
1133 1376 1266 1458 quotidie
1285 1375 1591 1439 inEucharistialieri

213 1475 334 1539 solitum
357 1474 520 1556 explicant,
544 1483 576 1538 et
596 1476 703 1539 iisdem
726 1474 829 1538 verbis
851 1483 985 1540 utuntur.

710 1789 745 1857 5.
790 1788 823 1857 A
851 1785 999 1870 docebo,
1027 1791 1091 1874 etc.

319 1991 448 2069 Souras
477 2002 506 2064 id
538 2021 577 2065 ex
600 2003 717 2067 Graeca
738 2005 844 2069 iacobi
865 2004 1002 2096 Litargia
1025 2003 1315 2086 Hierosolymitanae
1337 2002 1494 2066 Ecclesiae
1516 2021 1593 2084 pro-

214 2109 297 2190 pria,
329 2125 407 2188 quae
430 2106 552 2169 lundata
576 2124 594 2167 a
615 2107 730 2171 Jacobo
752 2108 846 2171 tratre
870 2108 999 2186 Domini,
1023 2108 1252 2169 successionem
1274 2105 1345 2169 lidci
1368 2113 1399 2168 ct
1423 2104 1593 2169 Cathedrae

215 2207 253 2269 ad
277 2225 347 2268 eum
368 2207 476 2268 merito
500 2205 668 2285 referebat,
697 2226 797 2289 neque
826 2210 949 2288 proprie
973 2207 1010 2268 ad
1032 2205 1252 2268 Antiochenam
1274 2203 1441 2268 Ecclesiam
1464 2224 1481 2267 a
1503 2204 1594 2267 Petro

215 2303 368 2366 fundatam
391 2303 572 2384 pertinebat.
618 2305 678 2369 Sed
709 2325 776 2370 cum
799 2325 865 2369 eam
891 2306 1055 2389 liturgiam
1078 2306 1107 2366 in
1130 2305 1229 2366 vicina
1251 2304 1418 2367 Palaestina
1440 2302 1594 2366 celebrem

215 2404 312 2466 adse
335 2403 568 2479 transtulissent,
591 2406 667 2468 hanc
690 2405 846 2469 formulam
869 2407 1074 2469 retinuerunt:
1097 2410 1128 2466 et
1151 2422 1187 2466 ea
1211 2420 1348 2483 quoque,
1371 2412 1404 2466 ut
1426 2402 1507 2481 alibi,
1531 2419 1593 2463 no-

214 2511 308 2565 tatum
323 2508 371 2565 est
383 2499 538 2566 Jacohitae
554 2504 639 2566 ahusi
653 2513 732 2567 sunt.
754 2503 797 2567 lta
810 2505 887 2567 enim
899 2505 1171 2567 denominationem
1183 2521 1272 2582 quam
1289 2500 1593 2566 alacoboBaradato
1618 2502 1625 2513 '

215 2604 282 2665 sive
305 2601 435 2666 Zanzalo
459 2619 512 2664 eos
535 2605 704 2685 accepisse,
727 2604 836 2666 Graeci
859 2611 993 2683 autores,
1016 2620 1078 2665 non
1100 2604 1198 2665 minus
1222 2620 1310 2682 quam
1330 2600 1592 2665 Orientalesblel-

215 2699 316 2763 chitae
340 2707 371 2762 et
393 2700 567 2763 Nestoriani
589 2709 754 2783 testantur,
778 2702 815 2764 ad
838 2703 1017 2783 Apostolum
1040 2701 1188 2765 referunt.

495 3015 530 3085 6.
571 3013 728 3107 Simplex
754 3018 813 3109 poi
839 3015 885 3085 od
912 3015 1188 3105 compositionem
1214 3013 1315 3082 ocoit.

319 3218 413 3296 Haec
436 3233 531 3295 verba
554 3236 650 3317 magis
673 3235 826 3298 rhetorice
849 3253 937 3315 quam
961 3232 1146 3315 Theologice
1174 3232 1270 3309 dicta,
1300 3230 1397 3291 minus
1426 3236 1511 3291 recte
1539 3226 1595 3290 Ja-

175 3318 179 3328 ’
217 3334 385 3396 cupitarum
408 3337 581 3416 opinionem
601 3337 765 3420 explicant.
800 3337 865 3400 Nec
876 3339 954 3399 enim
967 3337 1212 3416 compositionem
1224 3338 1404 3415 agnoscunt,
1426 3332 1484 3393 nisi
1497 3332 1595 3413 qualis

217 3441 266 3496 est
288 3432 339 3495 illa
360 3451 439 3514 quae
462 3437 491 3497 iu
514 3435 651 3517 symbolo
674 3437 831 3499 Athanasii
853 3436 945 3512 dicto,
969 3435 1106 3498 habetur.
1150 3432 1237 3495 Sicut
1258 3433 1362 3494 animo
1383 3431 1546 3494 rationalis
1568 3438 1599 3492 ct

217 3550 295 3592 maro
316 3552 394 3594 enm
415 3541 463 3595 est
482 3536 588 3611 bomo,
618 3540 663 3599 ito
685 3536 769 3598 Deos
790 3536 929 3598 ethome
950 3553 1028 3596 unus
1049 3542 1095 3595 ert
1116 3531 1272 3606 Christro,
1302 3547 1380 3610 quae
1409 3530 1595 3609 comparatio

217 3633 355 3711 quamvis
384 3651 401 3694 a
431 3633 581 3695 nonnullis
611 3635 748 3697 Patribus
778 3642 937 3715 usurpata,
966 3632 1107 3695 Facundo
1135 3639 1167 3694 et
1195 3630 1261 3692 aliis
1284 3648 1344 3692 non
1367 3629 1488 3710 placuit.
1534 3627 1594 3690 Sed
1643 3637 1672 3690 h
1690 3638 1717 3692 9.
1731 3655 1759 3708 p.
1776 3636 1840 3693 395.

218 3730 290 3792 dum
313 3749 401 3793 unam
425 3739 558 3794 naturam
582 3734 777 3816 profitentur,
808 3736 849 3796 ita
872 3731 1079 3795 confusionem
1102 3731 1332 3809 uuistionemque
1355 3727 1536 3803 excludunt,
1563 3733 1599 3787 ut

218 3831 401 3910 compositio
424 3834 547 3913 proprie
571 3832 648 3895 dicta
672 3832 752 3894 nulla
774 3834 830 3910 sit,
860 3832 916 3894 uisi
947 3838 1096 3911 quatenus
1125 3847 1258 3891 summae
1282 3825 1498 3909 perfectaeque
1521 3824 1598 3886 sim-

220 3926 346 4007 plicitati
365 3929 421 3992 Dei
445 3932 618 4012 opponitur,
637 3949 726 4012 mam
746 3949 805 3993 non
829 3931 918 3993 habet
932 3929 1021 3991 homo
1035 3936 1186 3991 assumtus
1202 3947 1241 3989 ex
1254 3926 1390 4009 Virgine,
1405 3926 1454 3986 cui
1466 3924 1599 3986 Verbum

219 4044 295 4089 caro
319 4026 429 4091 lactum
452 4030 520 4092 dum
551 4031 664 4093 unitum
694 4038 757 4107 est,
789 4032 819 4092 in
851 4028 1007 4110 quamdam
1030 4025 1278 4107 compositionem
1300 4026 1393 4087 venit.
1439 4021 1499 4088 Sed
1522 4022 1599 4084 haec

221 4125 293 4187 alibi
315 4130 485 4192 accuratius
508 4128 748 4209 explicabuntur.

662 4479 1094 4525 -Ἐοθοῦν
