4525 6034
659 548 735 620 212
1148 546 1552 627 COMMENTARIUS

660 733 838 815 tandemque
873 733 1024 798 Sacerdos
1062 734 1243 815 pronunciat
1272 733 1347 797 haec
1376 752 1465 796 sacra
1496 736 1598 798 verba.
1643 737 1708 800 lloc
1736 745 1782 799 eat
1810 739 1889 798 eum
1917 757 2028 817 carpus

659 853 771 909 mcum,
794 835 874 914 qecod
891 853 952 914 pro
973 834 1060 896 cobis
1079 833 1235 913 frangitur
1257 841 1286 894 et
1303 853 1364 913 pro
1385 835 1485 896 multia
1507 836 1599 897 datm
1619 837 1651 896 in
1679 838 1887 898 remissivum
1913 857 2027 917 pecce-

659 941 767 1009 torum,
790 935 848 995 boc
866 933 962 1012 facite
983 936 1014 995 in
1035 952 1134 993 mecm
1156 935 1477 995 commemorationum.
1509 933 1625 996 Graeca
1639 935 1733 997 blanci
1751 931 1856 996 Τοῦτο
1873 923 1934 1021 γάρ
1956 930 2027 1000 ἐστι

659 1021 699 1094 τὸ
721 1020 820 1109 σῶμά
841 1053 906 1111 μου
927 1023 966 1094 ed
989 1022 1073 1117 ὑπὲρ
1097 1019 1187 1109 ὑμῶν
1209 1019 1371 1109 uiuiparos
1394 1027 1449 1093 καὶ
1470 1020 1698 1112 διαδιδόμενον
1720 1026 1768 1106 εἷς
1782 1024 1902 1120 ἄφεσιν
1919 1025 2027 1121 ἁμαρ-

659 1128 745 1194 τιῶν.
789 1132 854 1194 lloc
876 1141 921 1194 eat
942 1134 1021 1194 enim
1043 1151 1155 1211 corpus
1176 1150 1290 1207 mem,
1319 1133 1399 1212 quod
1418 1151 1477 1211 pro
1505 1133 1595 1194 uobis
1620 1133 1792 1213 srmrqitur,
1823 1143 1853 1196 et
1880 1136 1970 1197 datur
1995 1137 2027 1195 ia

660 1234 867 1293 remissionem
891 1240 1096 1312 peccatorum.
1142 1229 1216 1292 lllud
1246 1232 1340 1306 enim,
1367 1239 1400 1292 ut
1429 1230 1585 1294 formulam
1614 1251 1671 1314 per
1700 1241 1803 1315 partes
1832 1233 2027 1314 explicemus,

661 1350 722 1394 non
745 1332 836 1393 hebet
858 1331 993 1415 Liturgia
1017 1350 1094 1412 quae
1117 1330 1308 1413 subjungitur
1326 1329 1820 1395 ClementinisConstitutionibus:
1838 1331 2026 1412 noulacobi,

662 1450 723 1493 non
756 1431 857 1493 Basilii
887 1439 946 1492 tam
973 1431 1124 1514 vulgaris,
1160 1448 1247 1511 mam
1276 1429 1492 1494 Alexandrina.
1538 1430 1598 1494 Sed
1632 1429 1758 1513 Coptica
1791 1450 1897 1494 vocem
1931 1434 2026 1513 ipsam

661 1533 806 1594 Graecam
829 1530 933 1610 habet,
958 1549 1035 1612 quae
1058 1528 1189 1591 inillam
1213 1529 1337 1592 alteram
1356 1529 1488 1612 linguam
1511 1530 1652 1614 migravit
1671 1520 1813 1618 Φαῖγᾶρ
1829 1518 2025 1611 remeamus:

661 1631 747 1713 Syri,
771 1649 897 1712 quorum
928 1632 1068 1710 primaria
1097 1629 1233 1710 Liturgia
1256 1649 1295 1691 ex
1324 1629 1431 1692 Jacobi
1459 1629 1576 1692 Graeca
1604 1649 1751 1712 expressa
1786 1640 1848 1711 est,
1876 1620 1938 1718 yclp
1966 1650 2027 1695 non

564 1783 567 1792 .
660 1732 787 1807 habent,
823 1732 882 1793 etsi
911 1729 1047 1811 inSyra
1075 1747 1136 1791 uon
1170 1730 1266 1791 minus
1301 1748 1389 1810 quam
1423 1731 1454 1792 in
1486 1729 1677 1813 Aegyptiace
1706 1732 1810 1813 lingua
1843 1739 2024 1812 usurpatum

661 1832 773 1893 Verum
796 1832 826 1892 in
849 1830 985 1892 omnibus
1008 1828 1219 1909 manuscriptis
1242 1836 1330 1910 atque
1353 1831 1432 1892 inter
1461 1830 1545 1905 alios,
1575 1831 1805 1895 membranaceo
1827 1850 1886 1893 uno
1908 1838 2027 1893 vetusto

662 1930 858 2004 Colbcrtino,
881 1930 1007 2011 legitur:
1030 1928 1095 1989 lloc
1117 1937 1164 1989 eet
1185 1948 1296 2008 corpus
1316 1949 1413 1991 meam
1434 1932 1515 2010 quod
1533 1949 1592 2009 pro
1613 1929 1701 1992 uobis
1715 1930 2027 2010 etpromultisfrau-
2089 1935 2091 1946 '

659 2032 741 2111 gitur
761 2039 790 2090 et
811 2031 903 2090 daher
924 2031 956 2090 in
977 2030 1183 2090 remissionem
1200 2037 1396 2110 peccatoram
1418 2038 1448 2091 ct
1467 2031 1560 2091 vitum
1582 2037 1746 2094 aeternam.
1790 2030 1834 2091 lta
1856 2047 1976 2111 quoque
1998 2031 2029 2092 in

662 2129 803 2211 Gregorii
825 2127 962 2210 liturgia
985 2126 1128 2209 Coptica,
1151 2127 1182 2188 in
1203 2127 1390 2208 Aethiopicis
1413 2136 1445 2190 et
1467 2129 1495 2189 in
1518 2127 1618 2190 multis
1640 2127 1784 2209 Syriacis.
1827 2129 1942 2210 Nempe
1968 2129 2027 2191 illis

661 2230 763 2292 verbis
794 2227 900 2289 tractio
916 2228 1053 2307 corporis
1065 2226 1178 2289 Christi
1192 2228 1222 2288 in
1244 2226 1442 2302 Euclraristia,
1465 2227 1641 2289 fractionem
1655 2230 1731 2307 ejus,
1755 2227 2028 2308 lacerationemque

661 2330 692 2390 in
714 2329 857 2409 passione
880 2326 1046 2409 significat,
1070 2346 1148 2407 quae
1171 2344 1227 2407 per
1249 2327 1335 2407 panis
1358 2326 1555 2388 Eucharistici
1578 2327 1755 2390 divisionem
1770 2336 2027 2408 repraesentatur.

661 2428 747 2490 Unde
770 2445 829 2489 uon
857 2426 952 2489 solum
981 2445 1043 2488 vox
1075 2412 1237 2505 κλώμενον
1269 2426 1416 2502 occurrit,
1446 2425 1499 2489 sed
1529 2434 1559 2488 et
1586 2426 1642 2488 alia
1673 2413 1915 2511 θρυπτόμενον,
1950 2446 2027 2509 quae

661 2536 818 2608 utrumque
842 2544 963 2588 sensum
986 2526 1203 2606 complectitur.

749 2627 859 2689 Omnes
881 2643 985 2707 porro,
1009 2644 1083 2705 quas
1107 2643 1237 2707 unquam
1259 2624 1480 2701 videre-licuit,
1502 2624 1668 2708 liturgiae,
1701 2642 1890 2705 quacumque
1912 2625 2027 2709 lingua,

663 2727 787 2790 lormam
809 2726 971 2787 verborum
994 2724 1105 2787 Christi
1128 2743 1166 2787 eo
1190 2724 1285 2787 ferme
1306 2723 1405 2801 modo,
1430 2741 1490 2803 quo
1513 2724 1589 2786 haec
1606 2725 1765 2802 Basiliaua,
1789 2724 1946 2786 exhibent:
1968 2743 2028 2787 ne-

663 2845 722 2907 que
744 2825 803 2888 ulla
826 2824 1001 2905 simpliciter
1022 2826 1157 2886 Latinam
1179 2824 1284 2902 refert,
1307 2824 1365 2886 nisi
1387 2824 1576 2887 recentiores
1600 2832 1632 2887 ct
1654 2823 1844 2887 reformatae.
1872 2823 2028 2895 univero

664 2925 822 3007 aliquando
846 2925 1092 2987 existimaverunt
1113 2924 1280 3006 periculum
1303 2924 1424 3004 aliquod
1445 2924 1476 2986 in
1499 2923 1627 2987 diversis
1650 2923 1687 2986 ab
1718 2944 1753 2986 ea
1783 2923 1917 2985 formulis
1947 2923 2028 2986 deli-

662 3037 792 3105 tescere,
817 3025 1005 3104 dubitarique
1027 3042 1120 3106 posse
1142 3024 1181 3086 de
1202 3023 1365 3087 verborum
1388 3024 1499 3087 Christi
1521 3023 1675 3101 efficacia,
1707 3024 1733 3086 si
1764 3023 1835 3103 quid
1864 3022 2028 3087 adderetur

663 3127 712 3189 vel
734 3128 929 3202 minueretur,
952 3132 1043 3204 atque
1066 3126 1242 3186 curatione
1265 3122 1376 3186 formas
1405 3123 1559 3186 mutandas
1587 3131 1787 3200 censuerunt,
1817 3122 1955 3186 iecerunt
1984 3122 2026 3200 id,

663 3235 805 3308 quantum
827 3225 1005 3308 perspicere
1029 3223 1196 3305 potuimus,
1226 3224 1346 3305 privato
1369 3223 1482 3305 judicio
1501 3219 1583 3303 'suo,
1615 3240 1676 3285 non
1697 3223 1830 3305 legitima
1853 3223 2027 3286 Pontificum

661 3328 832 3390 autoritate.
879 3324 952 3397 Quis
983 3326 1061 3386 enim
1089 3342 1219 3404 umqum
1242 3324 1386 3386 dubitavit
1415 3323 1453 3386 de
1476 3323 1611 3388 ellicacia
1640 3331 1671 3386 et
1700 3325 1872 3406 integritate
1900 3321 2027 3398 formae,

661 3445 748 3507 quam
769 3425 925 3506 liturgiae
947 3424 1059 3501 Basilii,
1084 3424 1354 3505 Chrysostomique
1378 3425 1547 3500 continent,
1576 3441 1725 3505 quamque
1747 3423 1903 3485 Ecclesiae
1926 3421 2027 3483 Grae-

662 3544 717 3587 cae
739 3543 843 3592 omnes
865 3523 1035 3605 permulta
1058 3523 1191 3602 saecula,
1214 3542 1281 3585 cum
1293 3523 1486 3585 Orientalium
1503 3530 1540 3610 pt
1554 3523 1789 3586 Occidentalium
1812 3540 1924 3584 summa
1946 3537 2027 3581 con-

663 3625 766 3688 cordia
790 3624 883 3702 loret,
919 3624 956 3686 ad
987 3623 1092 3685 altaria
1122 3630 1360 3704 usurpaverunt,
1391 3641 1458 3685 cum
1481 3624 1600 3706 vigeret
1628 3624 1706 3686 iuter
1733 3640 1837 3684 omnes
1859 3621 2027 3684 arctissima

660 3713 836 3788 communio.

375 3846 414 3901 be
431 3848 550 3915 adjuncto
568 3848 647 3899 Auen
748 3826 803 3888 Est
833 3832 931 3886 autem
959 3822 1057 3904 aliqua
1085 3825 1166 3885 circa
1196 3823 1275 3885 illam
1305 3822 1546 3886 acclamationem
1575 3821 1678 3904 populi
1700 3823 1731 3884 in
1750 3820 1913 3885 Codicibus
1935 3818 2025 3882 dilie-

342 3934 648 4006 miltinsstgmficauoue.
662 3927 774 3991 rentia:
798 3923 926 3986 Codices
949 3925 1029 3985 enim
1052 3923 1164 4003 antiqui
1186 3923 1281 3985 Amen
1302 3923 1430 4000 babent,
1453 3922 1525 3984 nihil
1548 3931 1725 4003 praeterea3
1747 3931 1780 3984 ut
1802 3923 1890 3984 etiam
1912 3937 2025 3982 receu-

664 4031 756 4092 tiores
778 4042 839 4087 non
861 4024 960 4105 pauci.
1002 4023 1117 4105 Regius
1141 4024 1192 4102 qui
1222 4042 1288 4085 cum
1318 4023 1515 4085 caeremoniis
1544 4022 1680 4085 omnibus
1715 4023 1937 4085 accuratissime
1965 4017 2024 4081 dc-

663 4127 792 4207 scriptus
823 4132 884 4201 est,
913 4123 1003 4185 babet
1033 4122 1109 4184 baec
1136 4122 1247 4184 verbaz
1269 4122 1334 4183 Hoc
1363 4141 1435 4184 cere
1463 4125 1508 4183 itc
1529 4129 1583 4185 est.
1629 4121 1713 4193 Quae
1735 4124 1849 4202 pariter
1870 4117 2024 4183 recitanda

661 4225 917 4309 praescribuntur,
941 4228 1009 4303 post
1031 4221 1134 4283 calicis
1156 4221 1406 4285 benedictionem.
1429 4221 1501 4284 lnde
1531 4222 1668 4302 quaestio
1691 4222 1824 4284 nascitur
1847 4220 1884 4282 de
1904 4219 2022 4282 illorum

663 4344 765 4404 sensu,
791 4325 841 4405 qui
865 4322 977 4403 duplex
992 4338 1061 4383 csse
1075 4328 1186 4401 potest.
1216 4321 1331 4384 Primus
1346 4328 1379 4383 ut
1396 4320 1434 4382 ad
1455 4320 1608 4383 historiam
1630 4321 1822 4384 institutionis
1844 4319 2024 4381 sacramenti

663 4426 851 4503 reserantur,
886 4421 924 4484 de
955 4438 1014 4502 qua
1037 4420 1235 4501 particulatim
1264 4439 1320 4502 per
1341 4421 1436 4483 Amen
1458 4422 1702 4501 pronunciatum,
1725 4427 1874 4483 testentur
1895 4417 2023 4480 credere

663 4546 697 4589 se
720 4524 872 4605 Coptitae,
896 4521 974 4584 lacta
997 4539 1066 4583 esse
1089 4538 1107 4581 a
1130 4519 1249 4583 Christo
1272 4521 1386 4600 omnia,
1417 4538 1494 4601 quae
1518 4520 1668 4584 Sacerdos
1690 4521 1848 4594 recitavit3
1871 4525 1959 4598 atque
1983 4519 2022 4579 ita

664 4643 835 4708 agnoscere
857 4642 909 4700 se,
939 4620 1088 4683 Christum
1115 4638 1223 4701 panem
1254 4621 1426 4701 accepisse,
1456 4619 1665 4697 benedixisse,
1689 4619 1834 4702 fregisse,
1857 4625 1889 4680 et
1911 4632 2022 4695 corpus

663 4745 748 4790 suum
771 4723 893 4801 iecisse,
916 4719 1131 4802 Apostolisque
1153 4722 1215 4781 suis
1239 4718 1425 4782 distribuisse
1448 4717 1591 4782 dicendo:
1622 4719 1687 4781 Hoc
1715 4727 1761 4780 est
1787 4735 1897 4796 corpus
1916 4732 2021 4777 meum

666 4825 708 4889 lta
731 4826 806 4887 haec
828 4822 923 4886 verba
946 4821 1109 4902 explicavit
1130 4827 1218 4881 autor
1240 4820 1383 4882 scientiae
1405 4819 1648 4882 Ecclesiasticus.
1672 4817 1763 4880 Dicet
1777 4817 1920 4898 populus,
1943 4812 2024 4876 Cre-

663 4927 770 5003 dimus,
793 4923 970 4986 conitemur
992 4928 1023 4983 ct
1045 4919 1210 4981 laudamus.
1253 4918 1337 4982 Idem
1363 4925 1409 4981 cst
1434 4937 1473 4983 ac
1498 4921 1528 4980 si
1547 4919 1713 4996 dicerene,
1741 4917 1911 4997 &mummia
1936 4920 2023 4973 tene

662 5045 738 5100 mes,
760 5027 835 5086 certi
856 5041 957 5086 mmm
978 5029 1008 5083 et
1027 5019 1352 5101 cmfltequuidquid
1367 5020 1456 5082 modo
1474 5020 1592 5096 umba,
1613 5037 1632 5081 o
1654 5018 1814 5092 Saeuam
1836 5016 1876 5090 de
1895 5013 2024 5077 hiem
