<?xml version="1.0" encoding="UTF-8"?>
<!DOCTYPE html PUBLIC "-//W3C//DTD XHTML 1.0 Transitional//EN"
    "http://www.w3.org/TR/xhtml1/DTD/xhtml1-transitional.dtd">
<html xmlns="http://www.w3.org/1999/xhtml" xml:lang="en" lang="en">
 <head>
  <title>
</title>
<meta http-equiv="Content-Type" content="text/html;charset=utf-8" />
  <meta name='ocr-system' content='tesseract 3.04.00' />
  <meta name='ocr-capabilities' content='ocr_page ocr_carea ocr_par ocr_line ocrx_word'/>
</head>
<body>
  <div class='ocr_page' id='page_1' title='image "./liturgiarumorie00unkngoog/liturgiarumorie00unkngoog_0369.png"; bbox 0 0 4525 6034; ppageno 0'>
   <div class='ocr_carea' id='block_1_1' title="bbox 589 621 1633 701">
    <p class='ocr_par' dir='ltr' id='par_1_1' title="bbox 589 621 1633 701">
     <span class='ocr_line' id='line_1_1' title="bbox 589 621 1633 701; baseline 0.003 -4"><span class='ocrx_word' id='word_1_1' title='bbox 589 622 641 697; x_wconf 87' lang='lat' dir='ltr'><strong>AD</strong></span> <span class='ocrx_word' id='word_1_2' title='bbox 665 621 872 698; x_wconf 87' lang='lat' dir='ltr'><strong>LITURGlhhl</strong></span> <span class='ocrx_word' id='word_1_3' title='bbox 893 621 1086 699; x_wconf 69' lang='lat' dir='ltr'><strong>GOVHthl</strong></span> <span class='ocrx_word' id='word_1_4' title='bbox 1107 623 1138 700; x_wconf 85' lang='lat' dir='ltr'><strong>S.</strong></span> <span class='ocrx_word' id='word_1_5' title='bbox 1157 623 1303 701; x_wconf 85' lang='lat' dir='ltr'><strong>BhSlLll.</strong></span> <span class='ocrx_word' id='word_1_6' title='bbox 1555 628 1633 700; x_wconf 79' lang='lat'><strong>205</strong></span> 
     </span>
    </p>
   </div>
   <div class='ocr_carea' id='block_1_2' title="bbox 248 805 1634 2479">
    <p class='ocr_par' dir='ltr' id='par_1_2' title="bbox 255 805 1633 1087">
     <span class='ocr_line' id='line_1_2' title="bbox 258 805 1632 891; baseline 0.005 -24"><span class='ocrx_word' id='word_1_7' title='bbox 258 814 322 867; x_wconf 79' lang='lat' dir='ltr'><strong>tero</strong></span> <span class='ocrx_word' id='word_1_8' title='bbox 344 805 557 870; x_wconf 75' lang='lat' dir='ltr'><strong>celebrantem.</strong></span> <span class='ocrx_word' id='word_1_9' title='bbox 602 805 721 868; x_wconf 86' lang='lat' dir='ltr'><strong>Nullum</strong></span> <span class='ocrx_word' id='word_1_10' title='bbox 748 807 841 889; x_wconf 82' lang='lat' dir='ltr'><strong>igitur</strong></span> <span class='ocrx_word' id='word_1_11' title='bbox 869 807 919 870; x_wconf 92' lang='lat' dir='ltr'><strong>illa</strong></span> <span class='ocrx_word' id='word_1_12' title='bbox 942 824 1004 869; x_wconf 84' lang='lat' dir='ltr'><strong>vox</strong></span> <span class='ocrx_word' id='word_1_13' title='bbox 1026 826 1148 871; x_wconf 90' lang='lat' dir='ltr'><strong>sensum</strong></span> <span class='ocrx_word' id='word_1_14' title='bbox 1170 807 1277 887; x_wconf 89' lang='lat' dir='ltr'><strong>habet,</strong></span> <span class='ocrx_word' id='word_1_15' title='bbox 1309 808 1399 871; x_wconf 89' lang='lat' dir='ltr'><strong>alium</strong></span> <span class='ocrx_word' id='word_1_16' title='bbox 1427 828 1516 891; x_wconf 85' lang='lat' dir='ltr'><strong>quarn</strong></span> <span class='ocrx_word' id='word_1_17' title='bbox 1547 812 1632 876; x_wconf 92' lang='lat' dir='ltr'><strong>desi-</strong></span> 
     </span>
     <span class='ocr_line' id='line_1_3' title="bbox 255 906 1633 989; baseline 0.004 -22"><span class='ocrx_word' id='word_1_18' title='bbox 255 914 383 989; x_wconf 84' lang='lat' dir='ltr'><strong>gnatum</strong></span> <span class='ocrx_word' id='word_1_19' title='bbox 413 927 431 969; x_wconf 90' lang='lat' dir='ltr'><strong>a</strong></span> <span class='ocrx_word' id='word_1_20' title='bbox 460 906 563 985; x_wconf 89' lang='lat' dir='ltr'><strong>nobis,</strong></span> <span class='ocrx_word' id='word_1_21' title='bbox 599 926 706 988; x_wconf 80' lang='lat' dir='ltr'><strong>nempe</strong></span> <span class='ocrx_word' id='word_1_22' title='bbox 741 914 773 968; x_wconf 89' lang='lat' dir='ltr'><strong>ot</strong></span> <span class='ocrx_word' id='word_1_23' title='bbox 800 908 950 989; x_wconf 83' lang='lat' dir='ltr'><strong>significet</strong></span> <span class='ocrx_word' id='word_1_24' title='bbox 977 907 1185 988; x_wconf 77' lang='lat' dir='ltr'><strong>Proapborom</strong></span> <span class='ocrx_word' id='word_1_25' title='bbox 1212 908 1276 971; x_wconf 81' lang='lat' dir='ltr'><strong>sivo</strong></span> <span class='ocrx_word' id='word_1_26' title='bbox 1308 908 1490 973; x_wconf 89' lang='lat' dir='ltr'><strong>oblationem</strong></span> <span class='ocrx_word' id='word_1_27' title='bbox 1512 909 1562 974; x_wconf 93' lang='lat' dir='ltr'><strong>hic</strong></span> <span class='ocrx_word' id='word_1_28' title='bbox 1582 911 1633 973; x_wconf 94' lang='lat' dir='ltr'><strong>in-</strong></span> 
     </span>
     <span class='ocr_line' id='line_1_4' title="bbox 256 1025 376 1087; baseline 0.017 -19"><span class='ocrx_word' id='word_1_29' title='bbox 256 1025 376 1087; x_wconf 80' lang='lat' dir='ltr'><strong>cipere.</strong></span> 
     </span>
    </p>

    <p class='ocr_par' dir='ltr' id='par_1_3' title="bbox 248 1095 1634 2479">
     <span class='ocr_line' id='line_1_5' title="bbox 348 1095 1630 1193; baseline -0.001 -24"><span class='ocrx_word' id='word_1_30' title='bbox 348 1106 490 1186; x_wconf 78' lang='lat' dir='ltr'><strong>Sequitur</strong></span> <span class='ocrx_word' id='word_1_31' title='bbox 511 1095 606 1183; x_wconf 73' lang='grc' dir='ltr'><em>μετά,</em></span> <span class='ocrx_word' id='word_1_32' title='bbox 629 1113 662 1167; x_wconf 91' lang='grc' dir='ltr'><strong>ιιι</strong></span> <span class='ocrx_word' id='word_1_33' title='bbox 685 1106 715 1166; x_wconf 90' lang='lat' dir='ltr'><strong>in</strong></span> <span class='ocrx_word' id='word_1_34' title='bbox 739 1106 852 1170; x_wconf 86' lang='lat' dir='ltr'><strong>Codice</strong></span> <span class='ocrx_word' id='word_1_35' title='bbox 867 1107 1072 1189; x_wconf 83' lang='lat' dir='ltr'><strong>Scaligerano,</strong></span> <span class='ocrx_word' id='word_1_36' title='bbox 1096 1107 1126 1168; x_wconf 91' lang='lat' dir='ltr'><strong>in</strong></span> <span class='ocrx_word' id='word_1_37' title='bbox 1149 1115 1265 1185; x_wconf 86' lang='lat' dir='ltr'><strong>nostro,</strong></span> <span class='ocrx_word' id='word_1_38' title='bbox 1289 1095 1373 1170; x_wconf 72' lang='lat' dir='ltr'><strong>nacci</strong></span> <span class='ocrx_word' id='word_1_39' title='bbox 1395 1095 1516 1193; x_wconf 78' lang='grc' dir='ltr'><strong><em>τρόπον</em></strong></span> <span class='ocrx_word' id='word_1_40' title='bbox 1538 1100 1630 1192; x_wconf 74' lang='grc' dir='ltr'><em>ἡμῶν</em></span> 
     </span>
     <span class='ocr_line' id='line_1_6' title="bbox 253 1190 1633 1289; baseline 0.003 -24"><span class='ocrx_word' id='word_1_41' title='bbox 253 1190 417 1287; x_wconf 68' lang='grc' dir='ltr'><strong>στάθητε.</strong></span> <span class='ocrx_word' id='word_1_42' title='bbox 461 1205 546 1266; x_wconf 78' lang='lat' dir='ltr'><strong>stae</strong></span> <span class='ocrx_word' id='word_1_43' title='bbox 559 1207 655 1283; x_wconf 80' lang='lat' dir='ltr'><strong>jacto</strong></span> <span class='ocrx_word' id='word_1_44' title='bbox 676 1225 789 1267; x_wconf 80' lang='lat' dir='ltr'><strong>morem</strong></span> <span class='ocrx_word' id='word_1_45' title='bbox 811 1215 947 1268; x_wconf 67' lang='lat' dir='ltr'><strong>noscam</strong></span> <span class='ocrx_word' id='word_1_46' title='bbox 968 1206 1018 1268; x_wconf 81' lang='lat' dir='ltr'><strong>ccl</strong></span> <span class='ocrx_word' id='word_1_47' title='bbox 1037 1214 1191 1269; x_wconf 73' lang='lat' dir='ltr'><strong>cestriam.-</strong></span> <span class='ocrx_word' id='word_1_48' title='bbox 1213 1216 1264 1269; x_wconf 91' lang='lat' dir='ltr'><strong>aut</strong></span> <span class='ocrx_word' id='word_1_49' title='bbox 1277 1215 1347 1289; x_wconf 90' lang='lat' dir='ltr'><strong>post</strong></span> <span class='ocrx_word' id='word_1_50' title='bbox 1361 1197 1445 1285; x_wconf 79' lang='grc' dir='ltr'><strong>μετᾶ</strong></span> <span class='ocrx_word' id='word_1_51' title='bbox 1462 1207 1633 1270; x_wconf 89' lang='lat' dir='ltr'><strong>subintelli-</strong></span> 
     </span>
     <span class='ocr_line' id='line_1_7' title="bbox 253 1291 1632 1393; baseline 0.004 -28"><span class='ocrx_word' id='word_1_52' title='bbox 253 1302 393 1385; x_wconf 86' lang='lat' dir='ltr'><strong>gendum</strong></span> <span class='ocrx_word' id='word_1_53' title='bbox 413 1291 539 1389; x_wconf 73' lang='lat' dir='ltr'><strong>polico:</strong></span> <span class='ocrx_word' id='word_1_54' title='bbox 563 1312 675 1365; x_wconf 65' lang='lat' dir='ltr'><strong>uenus</strong></span> <span class='ocrx_word' id='word_1_55' title='bbox 696 1306 846 1381; x_wconf 71' lang='grc' dir='ltr'><strong>(ιεοεηιεν,</strong></span> <span class='ocrx_word' id='word_1_56' title='bbox 869 1313 1058 1367; x_wconf 74' lang='lat' dir='ltr'><strong>stemuscum</strong></span> <span class='ocrx_word' id='word_1_57' title='bbox 1077 1307 1203 1368; x_wconf 62' lang='lat' dir='ltr'><strong>amore:</strong></span> <span class='ocrx_word' id='word_1_58' title='bbox 1226 1298 1273 1380; x_wconf 80' lang='grc' dir='ltr'><strong>εἷς</strong></span> <span class='ocrx_word' id='word_1_59' title='bbox 1291 1294 1454 1380; x_wconf 57' lang='lat' dir='ltr'><strong>&amp;verolus</strong></span> <span class='ocrx_word' id='word_1_60' title='bbox 1470 1301 1632 1393; x_wconf 70' lang='grc' dir='ltr'><strong>βλέψατε.</strong></span> 
     </span>
     <span class='ocr_line' id='line_1_8' title="bbox 252 1402 1634 1483; baseline 0.002 -19"><span class='ocrx_word' id='word_1_61' title='bbox 252 1402 361 1481; x_wconf 79' lang='lat' dir='ltr'><strong>llaec,</strong></span> <span class='ocrx_word' id='word_1_62' title='bbox 383 1405 521 1483; x_wconf 89' lang='lat' dir='ltr'><strong>inquam,</strong></span> <span class='ocrx_word' id='word_1_63' title='bbox 550 1404 648 1465; x_wconf 92' lang='lat' dir='ltr'><strong>omnia</strong></span> <span class='ocrx_word' id='word_1_64' title='bbox 677 1411 747 1465; x_wconf 91' lang='lat' dir='ltr'><strong>sunt</strong></span> <span class='ocrx_word' id='word_1_65' title='bbox 770 1403 994 1467; x_wconf 71' lang='lat' dir='ltr'><strong>adhortationes</strong></span> <span class='ocrx_word' id='word_1_66' title='bbox 1018 1403 1191 1468; x_wconf 81' lang='lat' dir='ltr'><strong>ordinariae</strong></span> <span class='ocrx_word' id='word_1_67' title='bbox 1212 1405 1413 1469; x_wconf 86' lang='lat' dir='ltr'><strong>Diaconorum</strong></span> <span class='ocrx_word' id='word_1_68' title='bbox 1436 1417 1505 1469; x_wconf 89' lang='lat' dir='ltr'><strong>ante</strong></span> <span class='ocrx_word' id='word_1_69' title='bbox 1529 1407 1634 1469; x_wconf 90' lang='lat' dir='ltr'><strong>diver-</strong></span> 
     </span>
     <span class='ocr_line' id='line_1_9' title="bbox 252 1501 1634 1587; baseline 0.004 -24"><span class='ocrx_word' id='word_1_70' title='bbox 252 1520 313 1563; x_wconf 79' lang='lat' dir='ltr'><strong>sas</strong></span> <span class='ocrx_word' id='word_1_71' title='bbox 336 1504 498 1566; x_wconf 91' lang='lat' dir='ltr'><strong>orationes.</strong></span> <span class='ocrx_word' id='word_1_72' title='bbox 543 1501 691 1565; x_wconf 86' lang='lat' dir='ltr'><strong>Notantur</strong></span> <span class='ocrx_word' id='word_1_73' title='bbox 712 1511 811 1565; x_wconf 89' lang='lat' dir='ltr'><strong>autem</strong></span> <span class='ocrx_word' id='word_1_74' title='bbox 835 1505 960 1567; x_wconf 84' lang='lat' dir='ltr'><strong>vocibus</strong></span> <span class='ocrx_word' id='word_1_75' title='bbox 984 1512 1094 1566; x_wconf 74' lang='grc' dir='ltr'>ιιιιιιιιιι</span> <span class='ocrx_word' id='word_1_76' title='bbox 1117 1505 1294 1584; x_wconf 85' lang='lat' dir='ltr'><strong>initialibus,</strong></span> <span class='ocrx_word' id='word_1_77' title='bbox 1317 1514 1349 1569; x_wconf 93' lang='lat' dir='ltr'><strong>ut</strong></span> <span class='ocrx_word' id='word_1_78' title='bbox 1371 1508 1402 1568; x_wconf 91' lang='lat' dir='ltr'><strong>in</strong></span> <span class='ocrx_word' id='word_1_79' title='bbox 1425 1506 1549 1569; x_wconf 90' lang='lat' dir='ltr'><strong>Graecis</strong></span> <span class='ocrx_word' id='word_1_80' title='bbox 1572 1505 1634 1587; x_wconf 89' lang='lat' dir='ltr'><strong>Sy-</strong></span> 
     </span>
     <span class='ocr_line' id='line_1_10' title="bbox 250 1603 1634 1685; baseline 0.001 -19"><span class='ocrx_word' id='word_1_81' title='bbox 250 1605 412 1685; x_wconf 82' lang='lat' dir='ltr'><strong>riacisque</strong></span> <span class='ocrx_word' id='word_1_82' title='bbox 435 1603 590 1666; x_wconf 80' lang='lat' dir='ltr'><strong>codicibus</strong></span> <span class='ocrx_word' id='word_1_83' title='bbox 613 1604 802 1668; x_wconf 85' lang='lat' dir='ltr'><strong>observatur.</strong></span> <span class='ocrx_word' id='word_1_84' title='bbox 847 1604 879 1665; x_wconf 94' lang='lat' dir='ltr'><strong>ln</strong></span> <span class='ocrx_word' id='word_1_85' title='bbox 903 1605 1040 1667; x_wconf 91' lang='lat' dir='ltr'><strong>omnibus</strong></span> <span class='ocrx_word' id='word_1_86' title='bbox 1063 1622 1138 1666; x_wconf 81' lang='lat' dir='ltr'><strong>vero</strong></span> <span class='ocrx_word' id='word_1_87' title='bbox 1161 1605 1363 1669; x_wconf 79' lang='lat' dir='ltr'><strong>Orientalibus</strong></span> <span class='ocrx_word' id='word_1_88' title='bbox 1391 1606 1524 1670; x_wconf 85' lang='lat' dir='ltr'><strong>Graecae</strong></span> <span class='ocrx_word' id='word_1_89' title='bbox 1554 1605 1634 1668; x_wconf 90' lang='lat' dir='ltr'><strong>rnul-</strong></span> 
     </span>
     <span class='ocr_line' id='line_1_11' title="bbox 251 1703 1633 1787; baseline 0.001 -22"><span class='ocrx_word' id='word_1_90' title='bbox 251 1711 311 1765; x_wconf 82' lang='lat' dir='ltr'><strong>tae</strong></span> <span class='ocrx_word' id='word_1_91' title='bbox 333 1704 481 1784; x_wconf 88' lang='lat' dir='ltr'><strong>ejusmodi</strong></span> <span class='ocrx_word' id='word_1_92' title='bbox 503 1720 596 1765; x_wconf 87' lang='lat' dir='ltr'><strong>voces</strong></span> <span class='ocrx_word' id='word_1_93' title='bbox 620 1710 797 1765; x_wconf 87' lang='lat' dir='ltr'><strong>occurrunt:</strong></span> <span class='ocrx_word' id='word_1_94' title='bbox 821 1712 872 1766; x_wconf 91' lang='lat' dir='ltr'><strong>aut</strong></span> <span class='ocrx_word' id='word_1_95' title='bbox 895 1703 1022 1766; x_wconf 86' lang='lat' dir='ltr'><strong>initiales</strong></span> <span class='ocrx_word' id='word_1_96' title='bbox 1045 1711 1174 1783; x_wconf 89' lang='lat' dir='ltr'><strong>tantum,</strong></span> <span class='ocrx_word' id='word_1_97' title='bbox 1199 1713 1249 1767; x_wconf 92' lang='lat' dir='ltr'><strong>aut</strong></span> <span class='ocrx_word' id='word_1_98' title='bbox 1273 1707 1425 1787; x_wconf 90' lang='lat' dir='ltr'><strong>integrae,</strong></span> <span class='ocrx_word' id='word_1_99' title='bbox 1449 1723 1633 1786; x_wconf 89' lang='lat' dir='ltr'><strong>quaesaepc</strong></span> 
     </span>
     <span class='ocr_line' id='line_1_12' title="bbox 248 1802 1632 1885; baseline 0.001 -22"><span class='ocrx_word' id='word_1_100' title='bbox 248 1802 426 1864; x_wconf 81' lang='lat' dir='ltr'><strong>molestiam</strong></span> <span class='ocrx_word' id='word_1_101' title='bbox 448 1803 596 1884; x_wconf 81' lang='lat' dir='ltr'><strong>insignem</strong></span> <span class='ocrx_word' id='word_1_102' title='bbox 619 1802 767 1865; x_wconf 88' lang='lat' dir='ltr'><strong>dederunt</strong></span> <span class='ocrx_word' id='word_1_103' title='bbox 788 1803 1020 1885; x_wconf 87' lang='lat' dir='ltr'><strong>interpretibus,</strong></span> <span class='ocrx_word' id='word_1_104' title='bbox 1049 1802 1117 1865; x_wconf 91' lang='lat' dir='ltr'><strong>dum</strong></span> <span class='ocrx_word' id='word_1_105' title='bbox 1148 1823 1188 1866; x_wconf 92' lang='lat' dir='ltr'><strong>ox</strong></span> <span class='ocrx_word' id='word_1_106' title='bbox 1218 1804 1276 1867; x_wconf 92' lang='lat' dir='ltr'><strong>illis</strong></span> <span class='ocrx_word' id='word_1_107' title='bbox 1306 1823 1428 1868; x_wconf 88' lang='lat' dir='ltr'><strong>sensum</strong></span> <span class='ocrx_word' id='word_1_108' title='bbox 1459 1805 1632 1867; x_wconf 88' lang='lat' dir='ltr'><strong>continuum</strong></span> 
     </span>
     <span class='ocr_line' id='line_1_13' title="bbox 249 1888 1633 1984; baseline 0.002 -21"><span class='ocrx_word' id='word_1_109' title='bbox 249 1900 383 1964; x_wconf 84' lang='lat' dir='ltr'><strong>efficere</strong></span> <span class='ocrx_word' id='word_1_110' title='bbox 406 1902 462 1963; x_wconf 90' lang='lat' dir='ltr'><strong>nisi</strong></span> <span class='ocrx_word' id='word_1_111' title='bbox 485 1888 679 1982; x_wconf 60' lang='lat' dir='ltr'><strong>suntz&#39;quod</strong></span> <span class='ocrx_word' id='word_1_112' title='bbox 703 1900 862 1964; x_wconf 90' lang='lat' dir='ltr'><strong>inleliciter</strong></span> <span class='ocrx_word' id='word_1_113' title='bbox 884 1903 1061 1984; x_wconf 89' lang='lat' dir='ltr'><strong>praesertim</strong></span> <span class='ocrx_word' id='word_1_114' title='bbox 1084 1905 1211 1967; x_wconf 90' lang='lat' dir='ltr'><strong>tentavit</strong></span> <span class='ocrx_word' id='word_1_115' title='bbox 1235 1903 1331 1967; x_wconf 89' lang='lat' dir='ltr'><strong>Guido</strong></span> <span class='ocrx_word' id='word_1_116' title='bbox 1353 1904 1508 1966; x_wconf 82' lang='lat' dir='ltr'><strong>Fabricios</strong></span> <span class='ocrx_word' id='word_1_117' title='bbox 1527 1903 1633 1966; x_wconf 88' lang='lat' dir='ltr'><strong>Bode-</strong></span> 
     </span>
     <span class='ocr_line' id='line_1_14' title="bbox 249 2000 1630 2083; baseline 0.001 -21"><span class='ocrx_word' id='word_1_118' title='bbox 249 2002 364 2063; x_wconf 84' lang='lat' dir='ltr'><strong>rianus</strong></span> <span class='ocrx_word' id='word_1_119' title='bbox 387 2002 416 2062; x_wconf 92' lang='lat' dir='ltr'><strong>in</strong></span> <span class='ocrx_word' id='word_1_120' title='bbox 445 2003 588 2064; x_wconf 85' lang='lat' dir='ltr'><strong>versione</strong></span> <span class='ocrx_word' id='word_1_121' title='bbox 618 2000 716 2063; x_wconf 89' lang='lat' dir='ltr'><strong>Ollicii</strong></span> <span class='ocrx_word' id='word_1_122' title='bbox 743 2001 929 2082; x_wconf 87' lang='lat' dir='ltr'><strong>Baptismalis</strong></span> <span class='ocrx_word' id='word_1_123' title='bbox 958 2002 1065 2064; x_wconf 86' lang='lat' dir='ltr'><strong>Severi</strong></span> <span class='ocrx_word' id='word_1_124' title='bbox 1093 2003 1283 2067; x_wconf 84' lang='lat' dir='ltr'><strong>Patriarchac</strong></span> <span class='ocrx_word' id='word_1_125' title='bbox 1313 2002 1509 2081; x_wconf 90' lang='lat' dir='ltr'><strong>Antiocheni,</strong></span> <span class='ocrx_word' id='word_1_126' title='bbox 1542 2021 1630 2083; x_wconf 87' lang='lat' dir='ltr'><strong>quern</strong></span> 
     </span>
     <span class='ocr_line' id='line_1_15' title="bbox 248 2100 1633 2185; baseline 0.001 -23"><span class='ocrx_word' id='word_1_127' title='bbox 248 2100 491 2163; x_wconf 83' lang='lat' dir='ltr'><strong>reclamantibus</strong></span> <span class='ocrx_word' id='word_1_128' title='bbox 524 2102 736 2181; x_wconf 82' lang='lat' dir='ltr'><strong>manuscriptis</strong></span> <span class='ocrx_word' id='word_1_129' title='bbox 765 2101 918 2165; x_wconf 87' lang='lat' dir='ltr'><strong>codicibus</strong></span> <span class='ocrx_word' id='word_1_130' title='bbox 948 2102 1185 2165; x_wconf 86' lang='lat' dir='ltr'><strong>Alexandrinum</strong></span> <span class='ocrx_word' id='word_1_131' title='bbox 1213 2102 1389 2185; x_wconf 81' lang='lat' dir='ltr'><strong>appellavit:</strong></span> <span class='ocrx_word' id='word_1_132' title='bbox 1423 2120 1522 2182; x_wconf 91' lang='lat' dir='ltr'><strong>neque</strong></span> <span class='ocrx_word' id='word_1_133' title='bbox 1554 2102 1633 2164; x_wconf 88' lang='lat' dir='ltr'><strong>enim</strong></span> 
     </span>
     <span class='ocr_line' id='line_1_16' title="bbox 251 2198 1632 2285; baseline 0 -23"><span class='ocrx_word' id='word_1_134' title='bbox 251 2198 404 2279; x_wconf 86' lang='lat' dir='ltr'><strong>Syriacae</strong></span> <span class='ocrx_word' id='word_1_135' title='bbox 426 2200 548 2281; x_wconf 90' lang='lat' dir='ltr'><strong>linguae</strong></span> <span class='ocrx_word' id='word_1_136' title='bbox 570 2218 644 2262; x_wconf 89' lang='lat' dir='ltr'><strong>usus</strong></span> <span class='ocrx_word' id='word_1_137' title='bbox 667 2202 697 2262; x_wconf 89' lang='lat' dir='ltr'><strong>in</strong></span> <span class='ocrx_word' id='word_1_138' title='bbox 721 2202 815 2263; x_wconf 87' lang='lat' dir='ltr'><strong>sacris</strong></span> <span class='ocrx_word' id='word_1_139' title='bbox 838 2202 997 2283; x_wconf 90' lang='lat' dir='ltr'><strong>aliquando</strong></span> <span class='ocrx_word' id='word_1_140' title='bbox 1017 2202 1223 2266; x_wconf 80' lang='lat' dir='ltr'><strong>Alexandriae</strong></span> <span class='ocrx_word' id='word_1_141' title='bbox 1245 2204 1352 2285; x_wconf 89' lang='lat' dir='ltr'><strong>magis,</strong></span> <span class='ocrx_word' id='word_1_142' title='bbox 1375 2220 1463 2282; x_wconf 91' lang='lat' dir='ltr'><strong>quam</strong></span> <span class='ocrx_word' id='word_1_143' title='bbox 1487 2201 1632 2264; x_wconf 85' lang='lat' dir='ltr'><strong>Gothicae</strong></span> 
     </span>
     <span class='ocr_line' id='line_1_17' title="bbox 250 2298 1631 2382; baseline 0.001 -21"><span class='ocrx_word' id='word_1_144' title='bbox 250 2298 325 2360; x_wconf 85' lang='lat' dir='ltr'><strong>fuit.</strong></span> <span class='ocrx_word' id='word_1_145' title='bbox 369 2298 402 2361; x_wconf 93' lang='lat' dir='ltr'><strong>ln</strong></span> <span class='ocrx_word' id='word_1_146' title='bbox 424 2300 541 2362; x_wconf 90' lang='lat' dir='ltr'><strong>Graeco</strong></span> <span class='ocrx_word' id='word_1_147' title='bbox 564 2300 660 2382; x_wconf 82' lang='lat' dir='ltr'><strong>Regio</strong></span> <span class='ocrx_word' id='word_1_148' title='bbox 684 2301 789 2363; x_wconf 88' lang='lat' dir='ltr'><strong>codice</strong></span> <span class='ocrx_word' id='word_1_149' title='bbox 811 2320 889 2380; x_wconf 87' lang='lat' dir='ltr'><strong>quae</strong></span> <span class='ocrx_word' id='word_1_150' title='bbox 912 2303 1094 2382; x_wconf 86' lang='lat' dir='ltr'><strong>antiquitatis</strong></span> <span class='ocrx_word' id='word_1_151' title='bbox 1116 2309 1188 2365; x_wconf 88' lang='lat' dir='ltr'><strong>ncta</strong></span> <span class='ocrx_word' id='word_1_152' title='bbox 1211 2310 1293 2366; x_wconf 90' lang='lat' dir='ltr'><strong>certa</strong></span> <span class='ocrx_word' id='word_1_153' title='bbox 1316 2310 1380 2381; x_wconf 90' lang='lat' dir='ltr'><strong>est,</strong></span> <span class='ocrx_word' id='word_1_154' title='bbox 1402 2301 1474 2363; x_wconf 92' lang='lat' dir='ltr'><strong>nibil</strong></span> <span class='ocrx_word' id='word_1_155' title='bbox 1488 2302 1631 2379; x_wconf 88' lang='lat' dir='ltr'><strong>occurrit,</strong></span> 
     </span>
     <span class='ocr_line' id='line_1_18' title="bbox 250 2396 981 2479; baseline 0.003 -19"><span class='ocrx_word' id='word_1_156' title='bbox 250 2400 318 2460; x_wconf 82' lang='lat' dir='ltr'><strong>nisi</strong></span> <span class='ocrx_word' id='word_1_157' title='bbox 342 2399 421 2479; x_wconf 91' lang='lat' dir='ltr'><strong>quod</strong></span> <span class='ocrx_word' id='word_1_158' title='bbox 443 2400 594 2463; x_wconf 81' lang='lat' dir='ltr'><strong>Diaconos</strong></span> <span class='ocrx_word' id='word_1_159' title='bbox 618 2399 689 2465; x_wconf 91' lang='lat' dir='ltr'><strong>dicit</strong></span> <span class='ocrx_word' id='word_1_160' title='bbox 711 2396 844 2477; x_wconf 74' lang='grc' dir='ltr'><strong><em>Στῶμεν</em></strong></span> <span class='ocrx_word' id='word_1_161' title='bbox 866 2397 981 2474; x_wconf 80' lang='grc' dir='ltr'><strong>καλῶς.</strong></span> 
     </span>
    </p>
   </div>
   <div class='ocr_carea' id='block_1_3' title="bbox 656 2658 1846 2767">
    <p class='ocr_par' dir='ltr' id='par_1_4' title="bbox 656 2658 1846 2767">
     <span class='ocr_line' id='line_1_19' title="bbox 656 2658 1846 2767; baseline -0.013 -14"><span class='ocrx_word' id='word_1_162' title='bbox 656 2658 659 2665; x_wconf 41' lang='grc'><strong>’</strong></span> <span class='ocrx_word' id='word_1_163' title='bbox 755 2679 897 2752; x_wconf 75' lang='lat' dir='ltr'><strong>Sursum</strong></span> <span class='ocrx_word' id='word_1_164' title='bbox 922 2680 1042 2767; x_wconf 82' lang='lat' dir='ltr'><strong>cordo,</strong></span> <span class='ocrx_word' id='word_1_165' title='bbox 1069 2687 1133 2750; x_wconf 81' lang='lat' dir='ltr'><strong>alc.</strong></span> <span class='ocrx_word' id='word_1_166' title='bbox 1676 2679 1705 2731; x_wconf 84' lang='lat' dir='ltr'><strong>P·</strong></span> <span class='ocrx_word' id='word_1_167' title='bbox 1726 2681 1768 2735; x_wconf 80' lang='lat'><strong>¹3.</strong></span> <span class='ocrx_word' id='word_1_168' title='bbox 1786 2681 1802 2732; x_wconf 89' lang='grc' dir='ltr'><strong>ι.</strong></span> <span class='ocrx_word' id='word_1_169' title='bbox 1820 2683 1846 2732; x_wconf 82' lang='grc'><strong>6.</strong></span> 
     </span>
    </p>
   </div>
   <div class='ocr_carea' id='block_1_4' title="bbox 250 2860 1951 3959">
    <p class='ocr_par' dir='ltr' id='par_1_5' title="bbox 250 2860 1951 3959">
     <span class='ocr_line' id='line_1_20' title="bbox 346 2860 1951 2961; baseline 0.001 -22"><span class='ocrx_word' id='word_1_170' title='bbox 346 2860 418 2940; x_wconf 86' lang='lat' dir='ltr'><strong>Hoc</strong></span> <span class='ocrx_word' id='word_1_171' title='bbox 439 2877 509 2941; x_wconf 92' lang='lat' dir='ltr'><strong>loco</strong></span> <span class='ocrx_word' id='word_1_172' title='bbox 532 2878 634 2961; x_wconf 87' lang='lat' dir='ltr'><strong>incipit</strong></span> <span class='ocrx_word' id='word_1_173' title='bbox 656 2879 871 2958; x_wconf 90' lang='lat' dir='ltr'><strong>Praelationis,</strong></span> <span class='ocrx_word' id='word_1_174' title='bbox 895 2888 928 2942; x_wconf 89' lang='lat' dir='ltr'><strong>ut</strong></span> <span class='ocrx_word' id='word_1_175' title='bbox 950 2887 1055 2942; x_wconf 87' lang='lat' dir='ltr'><strong>nostro</strong></span> <span class='ocrx_word' id='word_1_176' title='bbox 1078 2898 1163 2942; x_wconf 89' lang='lat' dir='ltr'><strong>more</strong></span> <span class='ocrx_word' id='word_1_177' title='bbox 1186 2880 1358 2960; x_wconf 87' lang='lat' dir='ltr'><strong>loquamur,</strong></span> <span class='ocrx_word' id='word_1_178' title='bbox 1391 2879 1627 2959; x_wconf 88' lang='lat' dir='ltr'><strong>antiquissimum</strong></span> <span class='ocrx_word' id='word_1_179' title='bbox 1674 2886 1754 2952; x_wconf 77' lang='lat' dir='ltr'><strong>ttujm</strong></span> <span class='ocrx_word' id='word_1_180' title='bbox 1769 2887 1951 2941; x_wconf 68' lang='lat' dir='ltr'><strong>tornotrens-</strong></span> 
     </span>
     <span class='ocr_line' id='line_1_21' title="bbox 252 2975 1949 3062; baseline -0.003 -14"><span class='ocrx_word' id='word_1_181' title='bbox 252 2993 292 3048; x_wconf 83' lang='lat' dir='ltr'><strong>et</strong></span> <span class='ocrx_word' id='word_1_182' title='bbox 314 2978 390 3062; x_wconf 91' lang='lat' dir='ltr'><strong>apud</strong></span> <span class='ocrx_word' id='word_1_183' title='bbox 414 2996 519 3041; x_wconf 90' lang='lat' dir='ltr'><strong>omnes</strong></span> <span class='ocrx_word' id='word_1_184' title='bbox 540 2977 694 3042; x_wconf 83' lang='lat' dir='ltr'><strong>Ecclesiae</strong></span> <span class='ocrx_word' id='word_1_185' title='bbox 721 2987 877 3061; x_wconf 89' lang='lat' dir='ltr'><strong>receptum</strong></span> <span class='ocrx_word' id='word_1_186' title='bbox 906 2978 1050 3042; x_wconf 82' lang='lat' dir='ltr'><strong>officium:</strong></span> <span class='ocrx_word' id='word_1_187' title='bbox 1078 2979 1188 3041; x_wconf 90' lang='lat' dir='ltr'><strong>nemini</strong></span> <span class='ocrx_word' id='word_1_188' title='bbox 1216 2979 1327 3059; x_wconf 91' lang='lat' dir='ltr'><strong>quippe</strong></span> <span class='ocrx_word' id='word_1_189' title='bbox 1355 2979 1385 3040; x_wconf 90' lang='lat' dir='ltr'><strong>in</strong></span> <span class='ocrx_word' id='word_1_190' title='bbox 1413 2979 1627 3041; x_wconf 82' lang='lat' dir='ltr'><strong>Ecclesiastico</strong></span> <span class='ocrx_word' id='word_1_191' title='bbox 1641 2976 1725 3042; x_wconf 77' lang='lat' dir='ltr'><strong>tiques</strong></span> <span class='ocrx_word' id='word_1_192' title='bbox 1760 2983 1786 3027; x_wconf 67' lang='grc' dir='ltr'>ιι</span> <span class='ocrx_word' id='word_1_193' title='bbox 1820 2975 1949 3043; x_wconf 73' lang='lat' dir='ltr'><strong>generatis</strong></span> 
     </span>
     <span class='ocr_line' id='line_1_22' title="bbox 252 3075 1711 3163; baseline -0.004 -16"><span class='ocrx_word' id='word_1_194' title='bbox 252 3083 433 3163; x_wconf 90' lang='lat' dir='ltr'><strong>antiquitate</strong></span> <span class='ocrx_word' id='word_1_195' title='bbox 455 3078 506 3142; x_wconf 90' lang='lat' dir='ltr'><strong>vel</strong></span> <span class='ocrx_word' id='word_1_196' title='bbox 529 3078 637 3142; x_wconf 81' lang='lat' dir='ltr'><strong>leviter</strong></span> <span class='ocrx_word' id='word_1_197' title='bbox 658 3087 780 3143; x_wconf 90' lang='lat' dir='ltr'><strong>versato</strong></span> <span class='ocrx_word' id='word_1_198' title='bbox 802 3080 905 3163; x_wconf 88' lang='lat' dir='ltr'><strong>ignota</strong></span> <span class='ocrx_word' id='word_1_199' title='bbox 928 3087 998 3144; x_wconf 89' lang='lat' dir='ltr'><strong>suut</strong></span> <span class='ocrx_word' id='word_1_200' title='bbox 1019 3087 1078 3142; x_wconf 88' lang='lat' dir='ltr'><strong>tarn</strong></span> <span class='ocrx_word' id='word_1_201' title='bbox 1101 3078 1193 3141; x_wconf 86' lang='lat' dir='ltr'><strong>multa</strong></span> <span class='ocrx_word' id='word_1_202' title='bbox 1215 3087 1386 3140; x_wconf 89' lang='lat' dir='ltr'><strong>sanctorum</strong></span> <span class='ocrx_word' id='word_1_203' title='bbox 1400 3079 1519 3140; x_wconf 84' lang='lat' dir='ltr'><strong>Petrum</strong></span> <span class='ocrx_word' id='word_1_204' title='bbox 1538 3081 1627 3141; x_wconf 91' lang='lat' dir='ltr'><strong>testi·</strong></span> <span class='ocrx_word' id='word_1_205' title='bbox 1642 3075 1711 3112; x_wconf 54' lang='lat'><strong>¹¹⁸⁰*</strong></span> 
     </span>
     <span class='ocr_line' id='line_1_23' title="bbox 251 3176 1629 3260; baseline -0.003 -15"><span class='ocrx_word' id='word_1_206' title='bbox 251 3184 380 3258; x_wconf 76' lang='lat' dir='ltr'><strong>monia,</strong></span> <span class='ocrx_word' id='word_1_207' title='bbox 404 3197 480 3260; x_wconf 90' lang='lat' dir='ltr'><strong>quae</strong></span> <span class='ocrx_word' id='word_1_208' title='bbox 503 3176 540 3240; x_wconf 93' lang='lat' dir='ltr'><strong>ad</strong></span> <span class='ocrx_word' id='word_1_209' title='bbox 562 3176 639 3240; x_wconf 91' lang='lat' dir='ltr'><strong>banc</strong></span> <span class='ocrx_word' id='word_1_210' title='bbox 660 3177 859 3241; x_wconf 85' lang='lat' dir='ltr'><strong>hortationem</strong></span> <span class='ocrx_word' id='word_1_211' title='bbox 880 3178 1039 3242; x_wconf 83' lang='lat' dir='ltr'><strong>manifeste</strong></span> <span class='ocrx_word' id='word_1_212' title='bbox 1061 3179 1240 3242; x_wconf 82' lang='lat' dir='ltr'><strong>reseruntur.</strong></span> <span class='ocrx_word' id='word_1_213' title='bbox 1286 3177 1417 3258; x_wconf 86' lang='lat' dir='ltr'><strong>Cyrillus</strong></span> <span class='ocrx_word' id='word_1_214' title='bbox 1447 3178 1629 3259; x_wconf 87' lang='lat' dir='ltr'><strong>llierosoly-</strong></span> 
     </span>
     <span class='ocr_line' id='line_1_24' title="bbox 252 3277 1627 3362; baseline -0.001 -17"><span class='ocrx_word' id='word_1_215' title='bbox 252 3284 388 3345; x_wconf 73' lang='lat' dir='ltr'><strong>uu&#39;tanos</strong></span> <span class='ocrx_word' id='word_1_216' title='bbox 411 3277 532 3342; x_wconf 87' lang='lat' dir='ltr'><strong>Catech.</strong></span> <span class='ocrx_word' id='word_1_217' title='bbox 556 3277 817 3362; x_wconf 86' lang='lat' dir='ltr'><strong>5.hlystagogica.</strong></span> <span class='ocrx_word' id='word_1_218' title='bbox 843 3277 1076 3360; x_wconf 80' lang='lat' dir='ltr'><strong>Chrysostomos</strong></span> <span class='ocrx_word' id='word_1_219' title='bbox 1099 3278 1198 3342; x_wconf 91' lang='lat' dir='ltr'><strong>multis</strong></span> <span class='ocrx_word' id='word_1_220' title='bbox 1221 3277 1295 3340; x_wconf 89' lang='lat' dir='ltr'><strong>locis</strong></span> <span class='ocrx_word' id='word_1_221' title='bbox 1318 3287 1351 3339; x_wconf 87' lang='lat' dir='ltr'><strong>ut</strong></span> <span class='ocrx_word' id='word_1_222' title='bbox 1373 3278 1451 3340; x_wconf 90' lang='lat' dir='ltr'><strong>hom.</strong></span> <span class='ocrx_word' id='word_1_223' title='bbox 1476 3277 1505 3341; x_wconf 83' lang='lat'><strong>2.</strong></span> <span class='ocrx_word' id='word_1_224' title='bbox 1529 3287 1559 3340; x_wconf 91' lang='lat' dir='ltr'><strong>et</strong></span> <span class='ocrx_word' id='word_1_225' title='bbox 1576 3277 1627 3343; x_wconf 82' lang='grc'><strong>18.</strong></span> 
     </span>
     <span class='ocr_line' id='line_1_25' title="bbox 250 3376 1948 3462; baseline -0.003 -17"><span class='ocrx_word' id='word_1_226' title='bbox 250 3385 292 3446; x_wconf 72' lang='lat' dir='ltr'><strong>in</strong></span> <span class='ocrx_word' id='word_1_227' title='bbox 314 3382 344 3445; x_wconf 83' lang='lat'><strong>2.</strong></span> <span class='ocrx_word' id='word_1_228' title='bbox 368 3379 405 3442; x_wconf 91' lang='lat' dir='ltr'><strong>ad</strong></span> <span class='ocrx_word' id='word_1_229' title='bbox 428 3377 609 3441; x_wconf 86' lang='lat' dir='ltr'><strong>Corinthios.</strong></span> <span class='ocrx_word' id='word_1_230' title='bbox 655 3377 864 3462; x_wconf 77' lang='lat' dir='ltr'><strong>Augustinus,</strong></span> <span class='ocrx_word' id='word_1_231' title='bbox 887 3377 926 3442; x_wconf 90' lang='lat' dir='ltr'><strong>de</strong></span> <span class='ocrx_word' id='word_1_232' title='bbox 949 3380 1028 3442; x_wconf 92' lang='lat' dir='ltr'><strong>bono</strong></span> <span class='ocrx_word' id='word_1_233' title='bbox 1052 3379 1203 3441; x_wconf 86' lang='lat' dir='ltr'><strong>viduitatis</strong></span> <span class='ocrx_word' id='word_1_234' title='bbox 1227 3396 1293 3458; x_wconf 91' lang='lat' dir='ltr'><strong>cap.</strong></span> <span class='ocrx_word' id='word_1_235' title='bbox 1319 3376 1368 3440; x_wconf 84' lang='grc'><strong>16.</strong></span> <span class='ocrx_word' id='word_1_236' title='bbox 1399 3376 1436 3440; x_wconf 89' lang='lat' dir='ltr'><strong>de</strong></span> <span class='ocrx_word' id='word_1_237' title='bbox 1469 3397 1542 3440; x_wconf 86' lang='lat' dir='ltr'><strong>vera</strong></span> <span class='ocrx_word' id='word_1_238' title='bbox 1572 3397 1629 3441; x_wconf 89' lang='lat' dir='ltr'><strong>rc·</strong></span> <span class='ocrx_word' id='word_1_239' title='bbox 1691 3386 1795 3440; x_wconf 78' lang='lat' dir='ltr'><strong>Eoctot.</strong></span> <span class='ocrx_word' id='word_1_240' title='bbox 1823 3388 1898 3439; x_wconf 73' lang='lat' dir='ltr'><strong>coar.</strong></span> <span class='ocrx_word' id='word_1_241' title='bbox 1921 3407 1948 3457; x_wconf 77' lang='lat' dir='ltr'><strong>p.</strong></span> 
     </span>
     <span class='ocr_line' id='line_1_26' title="bbox 252 3470 1949 3565; baseline -0.002 -21"><span class='ocrx_word' id='word_1_242' title='bbox 252 3482 372 3565; x_wconf 80' lang='lat' dir='ltr'><strong>ligione</strong></span> <span class='ocrx_word' id='word_1_243' title='bbox 394 3496 460 3559; x_wconf 89' lang='lat' dir='ltr'><strong>cap.</strong></span> <span class='ocrx_word' id='word_1_244' title='bbox 484 3475 513 3538; x_wconf 87' lang='lat'><strong>3.</strong></span> <span class='ocrx_word' id='word_1_245' title='bbox 536 3476 569 3538; x_wconf 87' lang='lat' dir='ltr'><strong>lo</strong></span> <span class='ocrx_word' id='word_1_246' title='bbox 592 3496 697 3559; x_wconf 85' lang='lat' dir='ltr'><strong>expos.</strong></span> <span class='ocrx_word' id='word_1_247' title='bbox 720 3479 828 3541; x_wconf 87' lang='lat' dir='ltr'><strong>Psalmi</strong></span> <span class='ocrx_word' id='word_1_248' title='bbox 850 3476 902 3542; x_wconf 83' lang='lat'><strong>85.</strong></span> <span class='ocrx_word' id='word_1_249' title='bbox 926 3479 1019 3561; x_wconf 91' lang='lat' dir='ltr'><strong>Epist.</strong></span> <span class='ocrx_word' id='word_1_250' title='bbox 1043 3480 1079 3541; x_wconf 93' lang='lat' dir='ltr'><strong>ad</strong></span> <span class='ocrx_word' id='word_1_251' title='bbox 1102 3478 1273 3541; x_wconf 87' lang='lat' dir='ltr'><strong>Dardanum</strong></span> <span class='ocrx_word' id='word_1_252' title='bbox 1296 3485 1326 3539; x_wconf 93' lang='lat' dir='ltr'><strong>ct</strong></span> <span class='ocrx_word' id='word_1_253' title='bbox 1350 3477 1387 3541; x_wconf 92' lang='lat' dir='ltr'><strong>ad</strong></span> <span class='ocrx_word' id='word_1_254' title='bbox 1409 3478 1535 3541; x_wconf 86' lang='lat' dir='ltr'><strong>Probarn</strong></span> <span class='ocrx_word' id='word_1_255' title='bbox 1549 3470 1564 3551; x_wconf 63' lang='grc' dir='ltr'><em>ξ</em></span> <span class='ocrx_word' id='word_1_256' title='bbox 1589 3473 1711 3541; x_wconf 69' lang='lat' dir='ltr'><strong>dessm</strong></span> <span class='ocrx_word' id='word_1_257' title='bbox 1728 3474 1774 3527; x_wconf 65' lang='grc' dir='ltr'><strong>Μ·</strong></span> <span class='ocrx_word' id='word_1_258' title='bbox 1786 3474 1802 3525; x_wconf 86' lang='lat'><strong>1.</strong></span> <span class='ocrx_word' id='word_1_259' title='bbox 1820 3477 1845 3526; x_wconf 86' lang='lat'><strong>2.</strong></span> <span class='ocrx_word' id='word_1_260' title='bbox 1865 3492 1888 3526; x_wconf 77' lang='lat'><strong>0·</strong></span> <span class='ocrx_word' id='word_1_261' title='bbox 1906 3475 1949 3526; x_wconf 83' lang='lat'><strong>¹⁰·</strong></span> 
     </span>
     <span class='ocr_line' id='line_1_27' title="bbox 251 3560 1948 3660; baseline -0.002 -17"><span class='ocrx_word' id='word_1_262' title='bbox 251 3582 341 3643; x_wconf 93' lang='lat' dir='ltr'><strong>bono</strong></span> <span class='ocrx_word' id='word_1_263' title='bbox 362 3578 609 3660; x_wconf 90' lang='lat' dir='ltr'><strong>perseverantiae</strong></span> <span class='ocrx_word' id='word_1_264' title='bbox 631 3596 698 3659; x_wconf 88' lang='lat' dir='ltr'><strong>cap.</strong></span> <span class='ocrx_word' id='word_1_265' title='bbox 722 3576 772 3641; x_wconf 84' lang='lat'><strong>13.</strong></span> <span class='ocrx_word' id='word_1_266' title='bbox 795 3585 825 3653; x_wconf 79' lang='lat' dir='ltr'><strong>s.</strong></span> <span class='ocrx_word' id='word_1_267' title='bbox 848 3578 899 3640; x_wconf 83' lang='lat'><strong>25.</strong></span> <span class='ocrx_word' id='word_1_268' title='bbox 922 3598 1020 3642; x_wconf 90' lang='lat' dir='ltr'><strong>novae</strong></span> <span class='ocrx_word' id='word_1_269' title='bbox 1043 3580 1113 3643; x_wconf 90' lang='lat' dir='ltr'><strong>edit.</strong></span> <span class='ocrx_word' id='word_1_270' title='bbox 1138 3587 1170 3641; x_wconf 94' lang='grc' dir='ltr'><strong>ιιι</strong></span> <span class='ocrx_word' id='word_1_271' title='bbox 1193 3585 1223 3641; x_wconf 93' lang='lat' dir='ltr'><strong>et</strong></span> <span class='ocrx_word' id='word_1_272' title='bbox 1245 3577 1297 3642; x_wconf 85' lang='lat'><strong>53.</strong></span> <span class='ocrx_word' id='word_1_273' title='bbox 1321 3586 1351 3639; x_wconf 91' lang='lat' dir='ltr'><strong>et</strong></span> <span class='ocrx_word' id='word_1_274' title='bbox 1374 3576 1447 3642; x_wconf 77' lang='lat' dir='ltr'><strong>otc.</strong></span> <span class='ocrx_word' id='word_1_275' title='bbox 1472 3587 1532 3640; x_wconf 87' lang='lat' dir='ltr'><strong>tum</strong></span> <span class='ocrx_word' id='word_1_276' title='bbox 1548 3560 1948 3641; x_wconf 61' lang='lat' dir='ltr'><strong>alibi.l¹⁶”“&#39;d·“‘¹⁸⁰“·⁶&#39;‘⁹·</strong></span> 
     </span>
     <span class='ocr_line' id='line_1_28' title="bbox 250 3648 1710 3759; baseline -0.003 -15"><span class='ocrx_word' id='word_1_277' title='bbox 250 3680 338 3744; x_wconf 84' lang='lat' dir='ltr'><strong>Nihil</strong></span> <span class='ocrx_word' id='word_1_278' title='bbox 359 3695 452 3759; x_wconf 91' lang='lat' dir='ltr'><strong>porro</strong></span> <span class='ocrx_word' id='word_1_279' title='bbox 475 3676 660 3758; x_wconf 83' lang='lat' dir='ltr'><strong>frequentius</strong></span> <span class='ocrx_word' id='word_1_280' title='bbox 684 3677 763 3759; x_wconf 91' lang='lat' dir='ltr'><strong>apud</strong></span> <span class='ocrx_word' id='word_1_281' title='bbox 785 3685 906 3741; x_wconf 90' lang='lat' dir='ltr'><strong>sanctos</strong></span> <span class='ocrx_word' id='word_1_282' title='bbox 929 3680 1032 3741; x_wconf 87' lang='lat' dir='ltr'><strong>Patres</strong></span> <span class='ocrx_word' id='word_1_283' title='bbox 1054 3680 1203 3755; x_wconf 90' lang='lat' dir='ltr'><strong>occurrit,</strong></span> <span class='ocrx_word' id='word_1_284' title='bbox 1234 3696 1321 3758; x_wconf 85' lang='lat' dir='ltr'><strong>quam</strong></span> <span class='ocrx_word' id='word_1_285' title='bbox 1349 3684 1382 3739; x_wconf 91' lang='grc' dir='ltr'><strong>ιιι</strong></span> <span class='ocrx_word' id='word_1_286' title='bbox 1410 3698 1449 3739; x_wconf 90' lang='lat' dir='ltr'><strong>cx</strong></span> <span class='ocrx_word' id='word_1_287' title='bbox 1473 3667 1662 3740; x_wconf 69' lang='lat' dir='ltr'><strong>notissimal·</strong></span> <span class='ocrx_word' id='word_1_288' title='bbox 1682 3648 1710 3699; x_wconf 70' lang='lat'><strong>⁸·</strong></span> 
     </span>
     <span class='ocr_line' id='line_1_29' title="bbox 251 3776 1628 3858; baseline -0.005 -14"><span class='ocrx_word' id='word_1_289' title='bbox 251 3781 309 3844; x_wconf 90' lang='lat' dir='ltr'><strong>illa</strong></span> <span class='ocrx_word' id='word_1_290' title='bbox 331 3781 410 3841; x_wconf 88' lang='lat' dir='ltr'><strong>inter</strong></span> <span class='ocrx_word' id='word_1_291' title='bbox 432 3776 537 3840; x_wconf 86' lang='lat' dir='ltr'><strong>fideles</strong></span> <span class='ocrx_word' id='word_1_292' title='bbox 560 3777 767 3840; x_wconf 91' lang='lat' dir='ltr'><strong>adhortatione</strong></span> <span class='ocrx_word' id='word_1_293' title='bbox 791 3796 845 3840; x_wconf 89' lang='lat' dir='ltr'><strong>eos</strong></span> <span class='ocrx_word' id='word_1_294' title='bbox 868 3779 1035 3840; x_wconf 85' lang='lat' dir='ltr'><strong>excitarent</strong></span> <span class='ocrx_word' id='word_1_295' title='bbox 1058 3777 1095 3840; x_wconf 91' lang='lat' dir='ltr'><strong>ad</strong></span> <span class='ocrx_word' id='word_1_296' title='bbox 1125 3786 1246 3841; x_wconf 88' lang='lat' dir='ltr'><strong>terrena</strong></span> <span class='ocrx_word' id='word_1_297' title='bbox 1274 3776 1486 3858; x_wconf 91' lang='lat' dir='ltr'><strong>despicienda,</strong></span> <span class='ocrx_word' id='word_1_298' title='bbox 1515 3785 1546 3839; x_wconf 91' lang='lat' dir='ltr'><strong>ct</strong></span> <span class='ocrx_word' id='word_1_299' title='bbox 1573 3795 1628 3839; x_wconf 93' lang='lat' dir='ltr'><strong>cor</strong></span> 
     </span>
     <span class='ocr_line' id='line_1_30' title="bbox 252 3877 1627 3959; baseline -0.004 -14"><span class='ocrx_word' id='word_1_300' title='bbox 252 3884 289 3945; x_wconf 85' lang='lat' dir='ltr'><strong>in</strong></span> <span class='ocrx_word' id='word_1_301' title='bbox 312 3879 404 3942; x_wconf 84' lang='lat' dir='ltr'><strong>caelis</strong></span> <span class='ocrx_word' id='word_1_302' title='bbox 426 3877 605 3941; x_wconf 86' lang='lat' dir='ltr'><strong>habendum.</strong></span> <span class='ocrx_word' id='word_1_303' title='bbox 651 3877 762 3939; x_wconf 87' lang='lat' dir='ltr'><strong>Omnes</strong></span> <span class='ocrx_word' id='word_1_304' title='bbox 786 3880 878 3959; x_wconf 88' lang='lat' dir='ltr'><strong>igitur</strong></span> <span class='ocrx_word' id='word_1_305' title='bbox 899 3886 1100 3959; x_wconf 88' lang='lat' dir='ltr'><strong>quotcumque</strong></span> <span class='ocrx_word' id='word_1_306' title='bbox 1122 3884 1245 3953; x_wconf 88' lang='lat' dir='ltr'><strong>extant,</strong></span> <span class='ocrx_word' id='word_1_307' title='bbox 1269 3885 1319 3939; x_wconf 88' lang='lat' dir='ltr'><strong>aut</strong></span> <span class='ocrx_word' id='word_1_308' title='bbox 1341 3895 1465 3957; x_wconf 90' lang='lat' dir='ltr'><strong>quarum</strong></span> <span class='ocrx_word' id='word_1_309' title='bbox 1482 3878 1627 3939; x_wconf 86' lang='lat' dir='ltr'><strong>memoria</strong></span> 
     </span>
    </p>
   </div>
   <div class='ocr_carea' id='block_1_5' title="bbox 1727 3162 1742 3203">
    <p class='ocr_par' dir='ltr' id='par_1_6' title="bbox 1727 3162 1742 3203">
     <span class='ocr_line' id='line_1_31' title="bbox 1727 3162 1742 3203; baseline 0 0"><span class='ocrx_word' id='word_1_310' title='bbox 1727 3162 1742 3203; x_wconf 79' lang='lat' dir='ltr'><em>l</em></span> 
     </span>
    </p>
   </div>
   <div class='ocr_carea' id='block_1_6' title="bbox 182 3974 1629 5157">
    <p class='ocr_par' dir='ltr' id='par_1_7' title="bbox 182 3974 1629 5157">
     <span class='ocr_line' id='line_1_32' title="bbox 253 3974 1626 4062; baseline -0.005 -20"><span class='ocrx_word' id='word_1_311' title='bbox 253 3987 416 4062; x_wconf 89' lang='lat' dir='ltr'><strong>superest,</strong></span> <span class='ocrx_word' id='word_1_312' title='bbox 441 3978 610 4060; x_wconf 85' lang='lat' dir='ltr'><strong>Litorgiae,</strong></span> <span class='ocrx_word' id='word_1_313' title='bbox 632 3979 766 4040; x_wconf 87' lang='lat' dir='ltr'><strong>eamdem</strong></span> <span class='ocrx_word' id='word_1_314' title='bbox 788 3977 944 4041; x_wconf 80' lang='lat' dir='ltr'><strong>tonnulam</strong></span> <span class='ocrx_word' id='word_1_315' title='bbox 967 3983 1214 4058; x_wconf 88' lang='lat' dir='ltr'><strong>repraesentant,</strong></span> <span class='ocrx_word' id='word_1_316' title='bbox 1237 3995 1298 4039; x_wconf 93' lang='lat' dir='ltr'><strong>non</strong></span> <span class='ocrx_word' id='word_1_317' title='bbox 1321 3977 1409 4038; x_wconf 89' lang='lat' dir='ltr'><strong>modo</strong></span> <span class='ocrx_word' id='word_1_318' title='bbox 1428 3974 1626 4037; x_wconf 89' lang='lat' dir='ltr'><strong>Orthodoxo-</strong></span> 
     </span>
     <span class='ocr_line' id='line_1_33' title="bbox 253 4074 1626 4158; baseline -0.004 -17"><span class='ocrx_word' id='word_1_319' title='bbox 253 4098 324 4142; x_wconf 87' lang='lat' dir='ltr'><strong>rum</strong></span> <span class='ocrx_word' id='word_1_320' title='bbox 353 4078 486 4140; x_wconf 86' lang='lat' dir='ltr'><strong>Graecae</strong></span> <span class='ocrx_word' id='word_1_321' title='bbox 521 4086 552 4140; x_wconf 91' lang='lat' dir='ltr'><strong>et</strong></span> <span class='ocrx_word' id='word_1_322' title='bbox 581 4077 743 4158; x_wconf 90' lang='lat' dir='ltr'><strong>Syriacae,</strong></span> <span class='ocrx_word' id='word_1_323' title='bbox 781 4077 836 4139; x_wconf 91' lang='lat' dir='ltr'><strong>sed</strong></span> <span class='ocrx_word' id='word_1_324' title='bbox 865 4077 1111 4140; x_wconf 88' lang='lat' dir='ltr'><strong>Nestorianorum</strong></span> <span class='ocrx_word' id='word_1_325' title='bbox 1142 4084 1218 4139; x_wconf 90' lang='lat' dir='ltr'><strong>tres:</strong></span> <span class='ocrx_word' id='word_1_326' title='bbox 1249 4075 1452 4139; x_wconf 85' lang='lat' dir='ltr'><strong>lacebitarum</strong></span> <span class='ocrx_word' id='word_1_327' title='bbox 1482 4074 1626 4156; x_wconf 77' lang='lat' dir='ltr'><strong>Syrorum</strong></span> 
     </span>
     <span class='ocr_line' id='line_1_34' title="bbox 254 4174 1627 4262; baseline -0.004 -22"><span class='ocrx_word' id='word_1_328' title='bbox 254 4180 381 4262; x_wconf 79' lang='lat' dir='ltr'><strong>triginta</strong></span> <span class='ocrx_word' id='word_1_329' title='bbox 402 4195 459 4239; x_wconf 85' lang='lat' dir='ltr'><strong>sex</strong></span> <span class='ocrx_word' id='word_1_330' title='bbox 482 4185 533 4239; x_wconf 92' lang='lat' dir='ltr'><strong>aut</strong></span> <span class='ocrx_word' id='word_1_331' title='bbox 556 4176 698 4258; x_wconf 87' lang='lat' dir='ltr'><strong>amplius,</strong></span> <span class='ocrx_word' id='word_1_332' title='bbox 721 4177 861 4258; x_wconf 87' lang='lat' dir='ltr'><strong>antiquae</strong></span> <span class='ocrx_word' id='word_1_333' title='bbox 883 4186 934 4240; x_wconf 90' lang='lat' dir='ltr'><strong>aut</strong></span> <span class='ocrx_word' id='word_1_334' title='bbox 955 4178 1160 4238; x_wconf 88' lang='lat' dir='ltr'><strong>recentiores:</strong></span> <span class='ocrx_word' id='word_1_335' title='bbox 1188 4174 1397 4257; x_wconf 76' lang='lat' dir='ltr'><strong>Aegyptiacae</strong></span> <span class='ocrx_word' id='word_1_336' title='bbox 1419 4184 1497 4254; x_wconf 89' lang='lat' dir='ltr'><strong>tres,</strong></span> <span class='ocrx_word' id='word_1_337' title='bbox 1528 4174 1627 4236; x_wconf 93' lang='lat' dir='ltr'><strong>Grae-</strong></span> 
     </span>
     <span class='ocr_line' id='line_1_35' title="bbox 254 4272 1625 4357; baseline -0.004 -14"><span class='ocrx_word' id='word_1_338' title='bbox 254 4298 313 4343; x_wconf 86' lang='lat' dir='ltr'><strong>cae</strong></span> <span class='ocrx_word' id='word_1_339' title='bbox 336 4279 412 4339; x_wconf 91' lang='lat' dir='ltr'><strong>ritus</strong></span> <span class='ocrx_word' id='word_1_340' title='bbox 434 4275 630 4338; x_wconf 91' lang='lat' dir='ltr'><strong>Alexandrini</strong></span> <span class='ocrx_word' id='word_1_341' title='bbox 652 4275 795 4339; x_wconf 90' lang='lat' dir='ltr'><strong>totidem:</strong></span> <span class='ocrx_word' id='word_1_342' title='bbox 819 4276 1016 4357; x_wconf 89' lang='lat' dir='ltr'><strong>Aethiopicae</strong></span> <span class='ocrx_word' id='word_1_343' title='bbox 1039 4275 1156 4338; x_wconf 87' lang='lat' dir='ltr'><strong>decem:</strong></span> <span class='ocrx_word' id='word_1_344' title='bbox 1178 4274 1355 4338; x_wconf 87' lang='lat' dir='ltr'><strong>Armenica:</strong></span> <span class='ocrx_word' id='word_1_345' title='bbox 1379 4295 1483 4339; x_wconf 89' lang='lat' dir='ltr'><strong>omnes</strong></span> <span class='ocrx_word' id='word_1_346' title='bbox 1497 4272 1625 4338; x_wconf 87' lang='lat' dir='ltr'><strong>tandem.</strong></span> 
     </span>
     <span class='ocr_line' id='line_1_36' title="bbox 253 4374 1627 4460; baseline -0.004 -17"><span class='ocrx_word' id='word_1_347' title='bbox 253 4377 354 4443; x_wconf 87' lang='lat' dir='ltr'><strong>Porro</strong></span> <span class='ocrx_word' id='word_1_348' title='bbox 376 4376 406 4438; x_wconf 92' lang='lat' dir='ltr'><strong>id</strong></span> <span class='ocrx_word' id='word_1_349' title='bbox 428 4376 582 4459; x_wconf 83' lang='lat' dir='ltr'><strong>singulare</strong></span> <span class='ocrx_word' id='word_1_350' title='bbox 605 4375 713 4438; x_wconf 88' lang='lat' dir='ltr'><strong>habent</strong></span> <span class='ocrx_word' id='word_1_351' title='bbox 736 4374 966 4460; x_wconf 73' lang='lat' dir='ltr'><strong>Aegyptiacae,</strong></span> <span class='ocrx_word' id='word_1_352' title='bbox 990 4394 1066 4456; x_wconf 90' lang='lat' dir='ltr'><strong>qnae</strong></span> <span class='ocrx_word' id='word_1_353' title='bbox 1090 4377 1271 4456; x_wconf 91' lang='lat' dir='ltr'><strong>antiquitatis</strong></span> <span class='ocrx_word' id='word_1_354' title='bbox 1293 4382 1363 4438; x_wconf 88' lang='lat' dir='ltr'><strong>nota</strong></span> <span class='ocrx_word' id='word_1_355' title='bbox 1382 4376 1547 4438; x_wconf 91' lang='lat' dir='ltr'><strong>certissima</strong></span> <span class='ocrx_word' id='word_1_356' title='bbox 1570 4382 1627 4453; x_wconf 91' lang='lat' dir='ltr'><strong>est,</strong></span> 
     </span>
     <span class='ocr_line' id='line_1_37' title="bbox 254 4473 1627 4559; baseline -0.001 -20"><span class='ocrx_word' id='word_1_357' title='bbox 254 4476 339 4559; x_wconf 88' lang='lat' dir='ltr'><strong>quod</strong></span> <span class='ocrx_word' id='word_1_358' title='bbox 362 4478 457 4538; x_wconf 89' lang='lat' dir='ltr'><strong>omnis</strong></span> <span class='ocrx_word' id='word_1_359' title='bbox 480 4475 530 4538; x_wconf 88' lang='lat' dir='ltr'><strong>illa</strong></span> <span class='ocrx_word' id='word_1_360' title='bbox 552 4475 720 4538; x_wconf 89' lang='lat' dir='ltr'><strong>adhortatio</strong></span> <span class='ocrx_word' id='word_1_361' title='bbox 744 4475 859 4538; x_wconf 90' lang='lat' dir='ltr'><strong>Graece</strong></span> <span class='ocrx_word' id='word_1_362' title='bbox 882 4476 1006 4554; x_wconf 89' lang='lat' dir='ltr'><strong>dicitur,</strong></span> <span class='ocrx_word' id='word_1_363' title='bbox 1036 4478 1123 4539; x_wconf 90' lang='lat' dir='ltr'><strong>etiam</strong></span> <span class='ocrx_word' id='word_1_364' title='bbox 1148 4495 1186 4537; x_wconf 90' lang='lat' dir='ltr'><strong>ex</strong></span> <span class='ocrx_word' id='word_1_365' title='bbox 1210 4494 1268 4556; x_wconf 93' lang='lat' dir='ltr'><strong>quo</strong></span> <span class='ocrx_word' id='word_1_366' title='bbox 1292 4483 1386 4538; x_wconf 86' lang='lat' dir='ltr'><strong>toturn</strong></span> <span class='ocrx_word' id='word_1_367' title='bbox 1410 4474 1537 4537; x_wconf 88' lang='lat' dir='ltr'><strong>olhcium</strong></span> <span class='ocrx_word' id='word_1_368' title='bbox 1566 4473 1627 4537; x_wconf 90' lang='lat' dir='ltr'><strong>lin-</strong></span> 
     </span>
     <span class='ocr_line' id='line_1_38' title="bbox 254 4572 1627 4659; baseline -0.003 -22"><span class='ocrx_word' id='word_1_369' title='bbox 254 4595 317 4659; x_wconf 85' lang='lat' dir='ltr'><strong>gua</strong></span> <span class='ocrx_word' id='word_1_370' title='bbox 343 4573 508 4638; x_wconf 78' lang='lat' dir='ltr'><strong>vernacula</strong></span> <span class='ocrx_word' id='word_1_371' title='bbox 539 4577 639 4656; x_wconf 92' lang='lat' dir='ltr'><strong>coepit</strong></span> <span class='ocrx_word' id='word_1_372' title='bbox 669 4574 825 4638; x_wconf 89' lang='lat' dir='ltr'><strong>celebrari.</strong></span> <span class='ocrx_word' id='word_1_373' title='bbox 879 4575 1038 4638; x_wconf 83' lang='lat' dir='ltr'><strong>Orationes</strong></span> <span class='ocrx_word' id='word_1_374' title='bbox 1073 4577 1209 4656; x_wconf 88' lang='lat' dir='ltr'><strong>primae,</strong></span> <span class='ocrx_word' id='word_1_375' title='bbox 1244 4583 1275 4637; x_wconf 92' lang='lat' dir='ltr'><strong>et</strong></span> <span class='ocrx_word' id='word_1_376' title='bbox 1305 4582 1367 4637; x_wconf 91' lang='lat' dir='ltr'><strong>tota</strong></span> <span class='ocrx_word' id='word_1_377' title='bbox 1395 4574 1471 4636; x_wconf 90' lang='lat' dir='ltr'><strong>haec</strong></span> <span class='ocrx_word' id='word_1_378' title='bbox 1501 4572 1627 4635; x_wconf 81' lang='lat' dir='ltr'><strong>formula</strong></span> 
     </span>
     <span class='ocr_line' id='line_1_39' title="bbox 182 4670 1627 4757; baseline -0.003 -19"><span class='ocrx_word' id='word_1_379' title='bbox 182 4670 186 4679; x_wconf 82' lang='grc'><strong>’</strong></span> <span class='ocrx_word' id='word_1_380' title='bbox 256 4677 414 4739; x_wconf 84' lang='lat' dir='ltr'><strong>extentio</strong></span> <span class='ocrx_word' id='word_1_381' title='bbox 437 4674 580 4757; x_wconf 87' lang='lat' dir='ltr'><strong>Liturgiis</strong></span> <span class='ocrx_word' id='word_1_382' title='bbox 603 4675 743 4753; x_wconf 90' lang='lat' dir='ltr'><strong>Graecis,</strong></span> <span class='ocrx_word' id='word_1_383' title='bbox 768 4694 807 4737; x_wconf 88' lang='lat' dir='ltr'><strong>ex</strong></span> <span class='ocrx_word' id='word_1_384' title='bbox 830 4675 938 4756; x_wconf 90' lang='lat' dir='ltr'><strong>quibus</strong></span> <span class='ocrx_word' id='word_1_385' title='bbox 961 4676 1116 4738; x_wconf 88' lang='lat' dir='ltr'><strong>desumtae</strong></span> <span class='ocrx_word' id='word_1_386' title='bbox 1139 4682 1218 4738; x_wconf 89' lang='lat' dir='ltr'><strong>sunt.</strong></span> <span class='ocrx_word' id='word_1_387' title='bbox 1252 4673 1391 4736; x_wconf 88' lang='lat' dir='ltr'><strong>Absurde</strong></span> <span class='ocrx_word' id='word_1_388' title='bbox 1409 4675 1501 4756; x_wconf 87' lang='lat' dir='ltr'><strong>igitur</strong></span> <span class='ocrx_word' id='word_1_389' title='bbox 1517 4672 1627 4735; x_wconf 86' lang='lat' dir='ltr'><strong>iaciunt</strong></span> 
     </span>
     <span class='ocr_line' id='line_1_40' title="bbox 255 4764 1628 4857; baseline -0.002 -19"><span class='ocrx_word' id='word_1_390' title='bbox 255 4777 371 4857; x_wconf 89' lang='lat' dir='ltr'><strong>quiex</strong></span> <span class='ocrx_word' id='word_1_391' title='bbox 394 4776 453 4838; x_wconf 91' lang='lat' dir='ltr'><strong>alio</strong></span> <span class='ocrx_word' id='word_1_392' title='bbox 477 4794 565 4856; x_wconf 91' lang='lat' dir='ltr'><strong>quam</strong></span> <span class='ocrx_word' id='word_1_393' title='bbox 588 4793 627 4836; x_wconf 89' lang='lat' dir='ltr'><strong>ex</strong></span> <span class='ocrx_word' id='word_1_394' title='bbox 649 4774 766 4837; x_wconf 88' lang='lat' dir='ltr'><strong>Graeco</strong></span> <span class='ocrx_word' id='word_1_395' title='bbox 791 4775 872 4838; x_wconf 83' lang='lat' dir='ltr'><strong>tonte</strong></span> <span class='ocrx_word' id='word_1_396' title='bbox 895 4774 960 4837; x_wconf 91' lang='lat' dir='ltr'><strong>illas</strong></span> <span class='ocrx_word' id='word_1_397' title='bbox 984 4776 1235 4857; x_wconf 88' lang='lat' dir='ltr'><strong>interpretantur:</strong></span> <span class='ocrx_word' id='word_1_398' title='bbox 1260 4782 1292 4835; x_wconf 91' lang='lat' dir='ltr'><strong>ut</strong></span> <span class='ocrx_word' id='word_1_399' title='bbox 1306 4773 1452 4835; x_wconf 87' lang='lat' dir='ltr'><strong>Maronita</strong></span> <span class='ocrx_word' id='word_1_400' title='bbox 1466 4774 1517 4854; x_wconf 92' lang='lat' dir='ltr'><strong>qni</strong></span> <span class='ocrx_word' id='word_1_401' title='bbox 1536 4764 1628 4846; x_wconf 78' lang='grc' dir='ltr'><em>ἕλεος</em></span> 
     </span>
     <span class='ocr_line' id='line_1_41' title="bbox 254 4859 1627 4959; baseline -0.002 -22"><span class='ocrx_word' id='word_1_402' title='bbox 254 4859 401 4959; x_wconf 59' lang='lat' dir='ltr'><strong>rippam,</strong></span> <span class='ocrx_word' id='word_1_403' title='bbox 424 4883 455 4937; x_wconf 91' lang='lat' dir='ltr'><strong>et</strong></span> <span class='ocrx_word' id='word_1_404' title='bbox 476 4894 555 4957; x_wconf 91' lang='lat' dir='ltr'><strong>quae</strong></span> <span class='ocrx_word' id='word_1_405' title='bbox 578 4882 758 4956; x_wconf 88' lang='lat' dir='ltr'><strong>sequuntur,</strong></span> <span class='ocrx_word' id='word_1_406' title='bbox 782 4876 822 4938; x_wconf 91' lang='lat' dir='ltr'><strong>ita</strong></span> <span class='ocrx_word' id='word_1_407' title='bbox 845 4893 911 4937; x_wconf 88' lang='lat' dir='ltr'><strong>cum</strong></span> <span class='ocrx_word' id='word_1_408' title='bbox 935 4875 1037 4956; x_wconf 89' lang='lat' dir='ltr'><strong>primis</strong></span> <span class='ocrx_word' id='word_1_409' title='bbox 1060 4873 1163 4936; x_wconf 84' lang='lat' dir='ltr'><strong>verbis</strong></span> <span class='ocrx_word' id='word_1_410' title='bbox 1186 4874 1340 4955; x_wconf 85' lang='lat' dir='ltr'><strong>conjunxit</strong></span> <span class='ocrx_word' id='word_1_411' title='bbox 1362 4881 1394 4935; x_wconf 93' lang='grc' dir='ltr'><strong>ιιι</strong></span> <span class='ocrx_word' id='word_1_412' title='bbox 1414 4891 1535 4935; x_wconf 91' lang='lat' dir='ltr'><strong>sensum</strong></span> <span class='ocrx_word' id='word_1_413' title='bbox 1550 4891 1627 4936; x_wconf 90' lang='lat' dir='ltr'><strong>con-</strong></span> 
     </span>
     <span class='ocr_line' id='line_1_42' title="bbox 255 4973 1629 5055; baseline -0.001 -19"><span class='ocrx_word' id='word_1_414' title='bbox 255 4974 306 5036; x_wconf 86' lang='lat' dir='ltr'><strong>fici</strong></span> <span class='ocrx_word' id='word_1_415' title='bbox 328 4976 561 5053; x_wconf 89' lang='lat' dir='ltr'><strong>existimaverit,</strong></span> <span class='ocrx_word' id='word_1_416' title='bbox 591 4975 646 5037; x_wconf 91' lang='lat' dir='ltr'><strong>sed</strong></span> <span class='ocrx_word' id='word_1_417' title='bbox 674 4975 795 5037; x_wconf 90' lang='lat' dir='ltr'><strong>omnino</strong></span> <span class='ocrx_word' id='word_1_418' title='bbox 822 4974 938 5037; x_wconf 84' lang='lat' dir='ltr'><strong>salsum.</strong></span> <span class='ocrx_word' id='word_1_419' title='bbox 990 4973 1103 5055; x_wconf 59' lang='lat' dir='ltr'><strong>Aperte</strong></span> <span class='ocrx_word' id='word_1_420' title='bbox 1125 4974 1367 5036; x_wconf 81' lang='lat' dir='ltr'><strong>misericordiam</strong></span> <span class='ocrx_word' id='word_1_421' title='bbox 1392 4981 1423 5034; x_wconf 88' lang='lat' dir='ltr'><strong>ct</strong></span> <span class='ocrx_word' id='word_1_422' title='bbox 1446 4993 1572 5054; x_wconf 85' lang='lat' dir='ltr'><strong>pacem,</strong></span> <span class='ocrx_word' id='word_1_423' title='bbox 1600 4980 1629 5035; x_wconf 88' lang='lat' dir='ltr'><strong>et</strong></span> 
     </span>
     <span class='ocr_line' id='line_1_43' title="bbox 254 5072 1627 5157; baseline -0.001 -21"><span class='ocrx_word' id='word_1_424' title='bbox 254 5076 450 5157; x_wconf 78' lang='lat' dir='ltr'><strong>praeclaram</strong></span> <span class='ocrx_word' id='word_1_425' title='bbox 471 5077 714 5138; x_wconf 80' lang='lat' dir='ltr'><strong>venerationem:</strong></span> <span class='ocrx_word' id='word_1_426' title='bbox 737 5082 787 5136; x_wconf 90' lang='lat' dir='ltr'><strong>aut</strong></span> <span class='ocrx_word' id='word_1_427' title='bbox 810 5081 841 5136; x_wconf 91' lang='lat' dir='ltr'><strong>ut</strong></span> <span class='ocrx_word' id='word_1_428' title='bbox 863 5093 903 5136; x_wconf 91' lang='lat' dir='ltr'><strong>ex</strong></span> <span class='ocrx_word' id='word_1_429' title='bbox 925 5073 984 5137; x_wconf 91' lang='lat' dir='ltr'><strong>elio</strong></span> <span class='ocrx_word' id='word_1_430' title='bbox 1007 5073 1112 5138; x_wconf 88' lang='lat' dir='ltr'><strong>codice</strong></span> <span class='ocrx_word' id='word_1_431' title='bbox 1136 5072 1174 5136; x_wconf 91' lang='lat' dir='ltr'><strong>ad</strong></span> <span class='ocrx_word' id='word_1_432' title='bbox 1195 5073 1360 5154; x_wconf 85' lang='lat' dir='ltr'><strong>marginem</strong></span> <span class='ocrx_word' id='word_1_433' title='bbox 1383 5072 1531 5154; x_wconf 89' lang='lat' dir='ltr'><strong>adposuit.</strong></span> <span class='ocrx_word' id='word_1_434' title='bbox 1561 5073 1627 5135; x_wconf 90' lang='lat' dir='ltr'><strong>Po-</strong></span> 
     </span>
    </p>
   </div>
   <div class='ocr_carea' id='block_1_7' title="bbox 1338 5188 1421 5263">
    <p class='ocr_par' dir='ltr' id='par_1_8' title="bbox 1338 5188 1421 5263">
     <span class='ocr_line' id='line_1_44' title="bbox 1338 5188 1421 5263; baseline -0.012 0"><span class='ocrx_word' id='word_1_435' title='bbox 1338 5188 1421 5263; x_wconf 75' lang='lat'><strong>42*</strong></span> 
     </span>
    </p>
   </div>
   <div class='ocr_carea' id='block_1_8' title="bbox 0 0 2268 6034">
    <p class='ocr_par' dir='ltr' id='par_1_9' title="bbox 0 0 2268 6034">
     <span class='ocr_line' id='line_1_45' title="bbox 0 0 2268 6034; baseline 0 0"><span class='ocrx_word' id='word_1_436' title='bbox 0 0 2268 6034; x_wconf 95' lang='lat' dir='ltr'><strong> </strong></span> 
     </span>
    </p>
   </div>
  </div>
 </body>
</html>
