4525 6034
534 605 586 681 nb
608 605 816 682 luuntur
838 601 1032 680 coruom
1049 602 1079 679 S.
1097 603 1241 680 ursuli.
1500 602 1577 677 233
1670 615 1673 620 '

216 794 328 858 landum
350 793 381 854 in
404 807 510 871 panem
533 797 565 852 et
585 790 701 869 ninum,
724 789 862 870 illapsum
884 775 1013 869 Spiritus
1036 788 1143 864 saneti,
1166 795 1199 850 ut
1221 804 1258 850 ea
1279 785 1390 850 elliciat
1412 804 1523 868 corpus
1547 794 1579 850 ει
1659 839 1663 850 .

216 893 387 975 sanguinem
417 888 528 954 Christi
561 889 689 952 Domini
740 888 880 951 Attamen
910 887 1009 950 rubus
1036 905 1167 968 uuquam
1197 887 1275 967 apud
1305 903 1360 949 eos
1394 885 1578 970 theologus,

215 1002 263 1056 aut
282 991 402 1053 llituum
423 990 595 1070 luterpres,
624 989 817 1052 mutationem
840 995 901 1050 tum
929 986 994 1049 lieri
1023 987 1223 1065 existimavit,
1244 989 1305 1048 'aut
1331 986 1473 1049 inutiliter
1500 1004 1579 1068 pro-

214 1092 346 1154 nunciari
369 1089 460 1153 talem
483 1090 668 1166 orationem,
697 1105 805 1168 nempe
834 1088 903 1168 quia
932 1084 1027 1149 verba
1055 1085 1167 1149 Christi
1194 1086 1327 1148 nondum
1353 1085 1470 1167 prolata
1499 1093 1578 1148 suut.

212 1191 323 1255 Eadem
351 1191 444 1273 igitur
473 1190 572 1252 oratio
604 1189 752 1269 repetita,
787 1181 945 1267 postquam
971 1203 1059 1249 sacra
1089 1186 1182 1248 verba
1212 1187 1338 1248 recitata
1365 1192 1451 1265 suut,
1481 1185 1579 1247 detri-

211 1292 301 1353 menti
330 1289 402 1352 nibil
436 1287 494 1350 illis
523 1287 650 1366 allerre,
673 1287 728 1350 sed
752 1303 788 1348 ea
818 1287 918 1366 potius
945 1285 975 1346 in
1004 1286 1258 1348 circumstantium
1284 1285 1457 1347 memoriam
1485 1301 1581 1347 revo-

212 1408 281 1451 care
312 1389 350 1451 ad
380 1386 567 1450 excitandam
596 1403 701 1450 eorum
728 1383 833 1462 lidem,
871 1392 1013 1447 constans
1044 1393 1075 1447 et
1104 1391 1252 1465 perpetua
1281 1382 1476 1447 Orientalium
1504 1401 1579 1446 seu-

212 1490 302 1552 tentia
327 1497 382 1551 est.

431 1749 599 1819 Memento
626 1746 772 1818 Donnine
795 1749 897 1840 pacis
922 1746 1046 1816 unicos
1072 1744 1264 1832 Ecclenoe,
1291 1750 1354 1815 etc.

305 1959 381 2038 Hoc
404 1969 474 2031 loco
496 1967 640 2048 incipiunt
661 1966 827 2049 Diptycba,
857 1983 945 2048 qnam
977 1984 1084 2029 rocem
1107 1966 1246 2048 Coptitae
1276 1967 1478 2030 retinuerunt:
1504 1969 1582 2032 banc

213 2077 290 2140 enim
313 2084 345 2137 ει
367 2080 532 2156 sequentes
554 2072 707 2134 orationes
730 2071 884 2152 appeliant
905 2060 1146 2135 Πιτουπτικόνε
1170 2078 1201 2133 ει
1223 2089 1288 2134 eam
1312 2071 1396 2152 Syri,
1419 2079 1452 2134 ut
1473 2073 1581 2138 multas

213 2177 286 2241 alias
310 2175 445 2238 Graecas
467 2173 673 2250 retinaenmt,
702 2178 734 2233 ut
762 2178 845 2251 patet
875 2190 915 2233 ex
938 2170 1158 2234 Commentario
1181 2170 1327 2234 Rarsalibi
1356 2169 1395 2233 ad
1415 2171 1582 2255 liturgiam

213 2275 308 2339 sancti
337 2272 453 2336 iacobi.
518 2271 562 2334 Ea
591 2288 652 2333 von
683 2272 814 2352 pessime
844 2270 1014 2350 explicatur
1048 2271 1079 2332 in
1108 2270 1342 2334 Numenclatore
1375 2271 1584 2353 liircberiano,

214 2395 252 2439 ex
278 2374 387 2436 uitiosa
416 2372 502 2434 vocis
531 2370 680 2433 Arabicae
702 2371 932 2450 punctuatione;
966 2376 1057 2451 atque
1079 2369 1216 2433 redditur
1237 2370 1459 2451 bttnpretotio.
1494 2372 1584 2457 Legit

214 2477 290 2539 enim
318 2475 470 2552 interpres
503 2481 614 2538 crtum,
637 2488 705 2531 cum
734 2467 895 2551 legendum
922 2468 960 2530 sit
990 2479 1108 2537 ormn-
1135 2469 1179 2533 Ea
1208 2489 1271 2533 vox
1298 2469 1399 2533 misma
1426 2470 1584 2552 Diptycbis

215 2573 305 2635 indita
334 2581 397 2649 est,
420 2572 489 2652 quia
512 2569 581 2633 dum
603 2570 757 2633 orationes
779 2571 944 2632 recitantur
967 2588 985 2631 a
1007 2568 1190 2649 Sacerdote,
1212 2570 1343 2651 populus
1360 2588 1455 2651 saepe
1475 2572 1586 2653 repetit

214 2682 311 2739 uuas
325 2683 369 2738 zu
383 2683 428 2738 ιιι,
446 2670 574 2732 um
594 2671 749 2745 were,
772 2676 823 2731 aut
845 2669 926 2750 quod
948 2668 1027 2731 idem
1049 2676 1110 2747 est,
1133 2669 1228 2753 llyrie
1249 2671 1368 2734 neiron
1398 2670 1442 2733 Ea
1464 2672 1584 2735 illorum

214 2780 259 2835 est
284 2771 365 2853 apud
389 2770 524 2852 Coptitus
547 2769 713 2849 dispositio.
743 2767 894 2831 Sacerdos
911 2768 998 2831 dicit:
1021 2769 1167 2832 Menocrito
1186 2769 1324 2846 Domine,
1341 2777 1397 2833 etc.
1427 2769 1585 2833 smoniae

215 2881 299 2948 tace,
323 2879 379 2933 etc.
403 2889 473 2933 mox
495 2869 646 2932 Diaconos
668 2868 775 2931 clamat
797 2868 834 2931 ad
856 2868 1018 2952 populum,
1044 2866 1140 2930 Orate
1166 2888 1227 2949 pro
1255 2869 1406 2933 Ecclesia.
1450 2868 1583 2951 Populus

214 2971 300 3050 dicit,
325 2970 420 3052 Kyric
441 2969 563 3044 ekiaon,
585 2969 650 3031 sive
672 2968 800 3031 Donnes
821 2969 974 3045 numere,
997 2967 1127 3048 pluries:
1151 2974 1183 3030 et
1204 2975 1237 3030 ut
1259 2976 1343 3032 notat
1364 2968 1521 3045 Barsalibi,
1544 2986 1583 3032 ec

215 3070 283 3134 loco
305 3088 368 3133 uon
391 3068 482 3131 debet
501 3067 632 3151 populus
655 3066 735 3130 aliud
757 3084 845 3148 quarn
867 3067 961 3149 lt'yrie
982 3068 1111 3145 eleison,
1142 3067 1180 3130 ad
1203 3068 1337 3151 singulas
1359 3070 1511 3131 orationes
1534 3068 1585 3131 di-

214 3188 294 3233 cere.
343 3167 502 3250 Singulare
533 3176 581 3231 est
608 3168 688 3248 apud
716 3166 810 3248 Syros
839 3166 993 3230 Jacobitas
1024 3163 1205 3245 institutum,
1236 3176 1269 3230 ut
1292 3166 1329 3230 ad
1351 3166 1585 3250 unumquodque

215 3268 434 3351 Diptycbornm
456 3275 560 3349 caput,
590 3265 742 3330 Sacerdos
772 3266 931 3329 celebrans
961 3265 1036 3328 duas
1066 3268 1222 3330 orationes
1253 3267 1379 3347 recitet,
1409 3286 1497 3344 unam
1526 3268 1585 3330 alta

214 3387 309 3448 noce,
333 3385 422 3430 uuam
444 3374 574 3432 secreto.
597 3365 709 3429 Oratur
730 3384 806 3429 nero
830 3364 909 3447 apud
928 3365 1064 3447 Coptitas
1086 3367 1117 3428 in
1139 3365 1218 3429 bunc
1240 3367 1377 3431 modum:
1399 3385 1455 3448 pro
1474 3367 1586 3431 Eccle-

216 3470 277 3547 sia,
307 3484 365 3549 pro
393 3466 554 3547 Episcopis
586 3466 765 3538 universim,
801 3472 832 3528 ει
861 3464 1055 3547 singulariter
1091 3483 1148 3546 pro
1179 3466 1349 3530 Patriarcba
1379 3467 1586 3531 Alexandrino

215 3568 299 3645 solo,
323 3567 351 3629 si
373 3566 577 3629 Alexandriae
606 3564 743 3648 biturgia
773 3563 962 3638 celebratur:
998 3563 1068 3628 alibi
1098 3583 1156 3646 pro
1185 3565 1339 3650 Episcopo
1366 3575 1485 3646 oratur,
1516 3573 1587 3648 post

216 3667 389 3730 memoriam
412 3663 616 3727 Patriarcbae:
639 3680 695 3745 pro
718 3653 872 3727 ordinibus
894 3664 1131 3728 Ecclesiasticis:
1154 3682 1210 3745 pro
1237 3666 1328 3729 urbe:
1359 3685 1415 3748 pro
1436 3666 1585 3745 Ecclesia,

219 3768 251 3829 in
273 3784 332 3847 qua
354 3764 491 3848 Liturgia
513 3764 685 3845 peragitur,
708 3771 739 3825 ct
761 3765 963 3827 monasteriis:
987 3781 1043 3846 pro
1064 3764 1212 3828 fructibus
1235 3773 1337 3830 terrae
1359 3774 1389 3830 et
1411 3768 1497 3849 aquis
1516 3764 1586 3831 Nili.

220 3867 362 3947 Sequitur
398 3862 493 3926 alteru
534 3881 605 3944 pars
638 3880 716 3944 quae
749 3863 787 3925 ad
818 3864 981 3944 praeterita
1020 3870 1153 3944 spectat:
1188 3883 1297 3946 nempe
1341 3865 1584 3929 commemoratio

217 3973 391 4030 sanctorum
413 3962 668 4039 Patriarcbarum,
691 3963 925 4052 Prophetarum,
948 3963 1126 4026 Sanctorum
1150 3963 1350 4046 reliquorum,
1373 3964 1544 4047 incipiendo
1567 3982 1584 4026 a

217 4065 309 4128 beata
324 4063 419 4126 blaria
434 4063 576 4146 Virgine:
600 4062 700 4124 'tertia
723 4062 843 4125 taudem
865 4071 913 4126 est
932 4071 1115 4126 mortuorum
1138 4064 1218 4145 apud
1237 4063 1333 4127 Deum
1356 4064 1584 4128 commendatio.

217 4164 306 4225 Varia
331 4170 430 4224 autem
453 4169 519 4241 est,
549 4180 612 4225 non
639 4161 727 4224 modo
756 4162 787 4224 in
815 4161 943 4225 diversis
973 4162 1137 4241 Ecclesiis,
1165 4164 1219 4226 sed
1245 4164 1276 4226 in
1302 4165 1408 4228 iisdem
1437 4161 1585 4248 ejusmodi

219 4262 535 4325 commemorationum
557 4260 724 4342 dispositio.
768 4262 801 4324 ln
823 4261 892 4325 Ritu
913 4262 1094 4326 Nestoriauo
1117 4264 1169 4344 quii
1191 4264 1412 4346 antiquissimus
1428 4272 1486 4343 est,
1509 4280 1584 4325 ora-

219 4369 268 4423 tur
290 4380 347 4442 pro
370 4363 506 4425 omuibus
535 4362 698 4424 creaturis:
734 4379 789 4442 pro
818 4361 957 4425 Ecclesia
986 4361 1141 4425 Catholica
1170 4370 1233 4426 toto
1262 4364 1338 4427 orbe
1367 4363 1490 4427 dillusa:
1524 4381 1581 4444 pro

216 4461 440 4525 Ecclesiasticis
468 4462 682 4544 cujuscumque
711 4460 838 4525 ordinis:
866 4479 922 4542 pro
952 4459 1041 4542 plebe
1071 4461 1256 4541 Christiana,
1286 4465 1351 4526 sive
1384 4463 1496 4526 Laicis:
1526 4479 1583 4544 pro

217 4561 290 4642 piis:
322 4580 380 4644 pro
402 4561 537 4644 Regibus
559 4558 711 4624 fidelibus:
740 4578 795 4641 pro
826 4560 1028 4642 principibus,
1060 4562 1298 4643 magistratibus,
1328 4570 1359 4625 et
1386 4562 1584 4625 barbarorum

218 4663 460 4743 compressione:
483 4679 540 4743 pro
563 4661 644 4723 aeris
666 4663 829 4742 temperie,
852 4660 972 4744 lrugum
994 4662 1147 4725 ubertate:
1170 4679 1226 4743 pro
1248 4661 1334 4725 loco:
1360 4680 1418 4743 pro
1440 4661 1584 4744 peregri-

216 4762 355 4824 nantibus
378 4770 459 4824 terra
481 4761 531 4824 vel
554 4761 642 4823 mari:
665 4778 722 4841 pro
744 4760 857 4824 abiictis
885 4768 916 4823 ει
944 4762 1090 4841 captivis:
1121 4779 1178 4842 pro
1208 4760 1337 4824 vitandis
1364 4763 1496 4841 insidiis,
1525 4779 1583 4844 pro

218 4862 311 4925 variis
334 4860 573 4925 necessitatibus.
618 4860 725 4924 Postea
747 4860 778 4923 lit
800 4862 941 4925 memoria
964 4869 1151 4942 sanctorum,
1182 4862 1376 4943 sequiturque
1399 4880 1584 4925 commemo·

218 4961 296 5024 ratio
318 4971 502 5025 mortuorum
525 4969 556 5024 et
578 4960 674 5024 oratio
696 4979 753 5043 pro
775 4961 894 5025 illorum
916 4962 1035 5042 qrriete:
1063 4961 1117 5025 sed
1140 4962 1270 5024 varietas
1299 4960 1349 5023 illa
1376 4962 1485 5025 nullius
1513 4979 1583 5024 rno-

219 5062 311 5122 menti
334 5069 390 5125 est.
434 5061 656 5144 Aegyptiorum
678 5061 815 5125 ordinem
836 5063 867 5123 in
889 5061 1060 5144 Diptyebis,
1082 5068 1207 5142 praeter
1227 5060 1398 5144 biturgias,
1431 5062 1584 5146 explicant

1628 1755 1658 1808 P.
1678 1754 1721 1808 16.
1740 1755 1757 1809 l
1777 1755 1821 1810 ll.

1627 1978 1761 2049 Diptyclaa.
