4525 6034
725 530 751 602 2
1109 530 1286 608 ORDO
1339 529 1715 609 tunnulis

727 722 775 792 tui
802 722 928 793 sancti:
954 718 1074 790 munda
1101 740 1156 791 me
1183 742 1203 791 a
1229 721 1376 814 peccatis
1402 721 1499 793 meis:
1526 718 1611 793 hane
1637 718 1837 793 oblationem
1863 718 2021 809 sanction,
2036 730 2063 792 et

727 857 789 930 per
816 859 889 908 eam
915 844 1050 932 praesta
1076 838 1306 907 remissionem
1330 844 1545 931 peccatorum
1571 845 1606 908 et
1631 839 1801 908 criminum
1837 836 2062 925 abstersionem,

727 951 792 1025 illis
818 975 880 1048 pro
910 950 1026 1047 quibus
1054 949 1603 1045 offertur,mib1etpatrimeo,
1636 964 1670 1024 et
1702 952 1953 1048 quibuscumque
1983 974 2066 1024 com-

727 1071 839 1140 munio
866 1091 994 1139 mecum
1020 1067 1208 1156 intercedit,
1234 1077 1303 1139 tam
1328 1068 1418 1138 vivis
1446 1089 1543 1162 quam
1570 1066 1732 1141 defunctis
1758 1067 1913 1143 fidelihus.
1948 1067 2065 1139 Praesta

727 1184 792 1256 illis
819 1187 1012 1256 memoriam
1038 1185 1161 1256 bonam
1187 1187 1220 1255 in
1246 1205 1354 1276 regno
1381 1192 1437 1254 tuo
1471 1182 1630 1275 coelesti,
1664 1207 1740 1256 cum
1768 1186 1865 1276 justis
1885 1195 1933 1281 ⁹ct
1962 1187 2065 1257 sanctis

727 1305 808 1390 tuis,
837 1303 892 1395 qui
918 1323 978 1396 per
1003 1298 1093 1372 bona
1120 1322 1224 1396 opera
1251 1322 1312 1371 sua
1338 1297 1398 1370 tihi
1424 1299 1635 1396 placuerunt,
1668 1309 1703 1373 et
1731 1323 1794 1396 per
1819 1304 2066 1374 intercessionem

727 1415 892 1491 Dominae
918 1420 1031 1488 matris
1057 1416 1206 1506 luminis,
1234 1418 1341 1489 sancti
1368 1415 1506 1489 loannis
1531 1415 1702 1511 Baptistae
1729 1426 1770 1521 et
1788 1421 1930 1489 omnium
1949 1426 2067 1493 sanan-

728 1556 819 1622 rum,
846 1533 965 1605 Amen.

835 1651 915 1721 Tam
941 1649 1034 1721 dicit.
1086 1648 1251 1723 Miserere
1276 1652 1344 1722 mei
1369 1649 1471 1722 Deus.

830 1766 879 1835 Et
904 1788 1085 1838 conversae
1111 1765 1158 1836 ad
1179 1766 1339 1859 papulam
1364 1769 1498 1837 aenium
1518 1766 1608 1858 petit
1633 1770 1668 1835 et
1689 1766 1783 1836 dicit.

830 1880 933 1953 Orate
958 1905 1020 1978 pro
1048 1905 1102 1954 me
1127 1893 1266 1978 propter
1291 1881 1477 1954 Dominum.

830 1998 1007 2090 inpressae
1033 2005 1146 2070 eatan
1171 1999 1219 2069 ad
1244 1999 1357 2070 altare
1383 1999 1476 2069 dicit.

829 2114 977 2187 Introibo
1006 2115 1048 2186 ad
1075 2116 1179 2187 altare
1193 2116 1268 2203 Dei,
1296 2116 1338 2186 ad
1354 2114 1462 2187 Deum
1489 2118 1545 2210 qui
1569 2114 1724 2186 laetificat
1745 2116 1951 2206 juventutem
1973 2132 2071 2183 meam

830 2230 877 2300 Et
899 2239 1095 2324 proibetur
1122 2253 1239 2302 coram
1265 2231 1371 2302 altari
1396 2232 1489 2302 dicit.

829 2347 867 2419 In
893 2347 1025 2419 domum
1050 2356 1141 2419 tuam
1166 2351 1341 2440 ingressus
1375 2370 1468 2438 sum,
1497 2346 1691 2443 procidique
1726 2367 1841 2419 coram
1872 2344 1985 2418 throrm
2014 2354 2070 2433 tuo,

603 2486 607 2503 ’
726 2461 806 2534 Rex
832 2463 1002 2538 coelestis:
1029 2468 1159 2536 remitte
1185 2462 1263 2536 milri
1288 2466 1398 2536 omnia
1425 2485 1511 2559 quae
1538 2467 1572 2535 in
1598 2472 1632 2535 te
1657 2465 1809 2559 peccavi.

830 2579 878 2650 Et
902 2580 1046 2651 inclinat
1075 2602 1131 2651 se:
1165 2586 1201 2651 et
1232 2579 1415 2652 occataado
1448 2580 1577 2669 attare,
1618 2578 1887 2651 benedictionem
1920 2582 2073 2670 captata

729 2695 870 2785 dextra,
898 2699 1087 2768 ariniara
1113 2703 1148 2769 at
1172 2700 1210 2766 in
1234 2696 1344 2767 medio
1372 2697 1507 2768 dicens:

829 2812 943 2904 Alliga
969 2814 1111 2884 Domine
1138 2812 1338 2887 festivitates
1365 2816 1508 2903 catenis,
1533 2834 1639 2908 usque
1666 2811 1709 2884 ad
1735 2832 1862 2883 cornua
1890 2811 2005 2883 altaris.

830 2928 1008 3022 inponens
1033 2933 1205 3000 incensam
1230 2931 1324 3000 dicit.

828 3045 885 3117 Ad
910 3045 1052 3137 gloriam
1078 3055 1113 3117 et
1138 3044 1299 3118 honorem
1327 3053 1462 3119 sanctae
1496 3055 1530 3117 et
1563 3043 1748 3117 laudandae
1783 3043 1974 3131 Trinitatis,
2004 3039 2073 3110 baec

724 3161 819 3234 thura
846 3160 997 3234 manibus
1023 3164 1106 3236 meis
1133 3159 1375 3257 peccatricibus
1402 3162 1621 3256 imponuntur.
1676 3160 1817 3235 Oramus
1834 3180 1962 3248 omnes,
1982 3161 2072 3228 mue

723 3278 967 3373 ricordiamque
994 3286 1028 3349 et
1053 3280 1197 3370 gratiam
1223 3301 1243 3349 a
1269 3275 1413 3349 Domino
1439 3276 1653 3372 postulemus.

827 3393 1005 3465 Diaconos
1033 3400 1137 3487 capnt
1162 3393 1387 3486 discooperit,
1415 3399 1450 3463 et
1475 3394 1634 3464 accendit
1660 3415 1793 3465 ceream
1818 3395 1857 3464 in
1868 3392 1980 3463 tatae
1997 3389 2071 3459 daa-

726 3517 779 3582 tro
814 3510 951 3598 aliern,
979 3510 1113 3581 dicens:

827 3626 981 3699 Alleluia.
1034 3627 1073 3699 ln
1098 3625 1222 3698 lumine
1246 3634 1304 3698 tuo
1330 3625 1480 3699 videmus
1506 3625 1627 3699 lumen.

827 3743 998 3814 Accendit
1023 3743 1167 3814 alteram
1191 3746 1229 3813 in
1254 3742 1365 3815 latere
1389 3745 1549 3831 mnatre,
1577 3742 1711 3814 dicens:

826 3860 925 3930 Alme
951 3868 985 3930 et
1011 3858 1145 3947 sancte,
1172 3860 1228 3954 qui
1252 3856 1381 3931 habitas
1406 3859 1440 3930 in
1466 3856 1660 3933 habitaculis
1686 3859 1790 3948 lucis,
1816 3878 1957 3929 remove
1982 3875 2069 3926 ano

723 3973 776 4047 bis
814 3978 990 4070 passiones
1029 3973 1151 4062 malas,
1185 3984 1219 4046 et
1251 3977 1472 4068 cogitationes
1507 3973 1664 4069 odibiles,
1704 3983 1738 4046 et
1773 3983 1913 4069 praesta
1945 3981 1978 4042 ut
2008 3989 2069 4041 cum

723 4094 866 4187 puritate
894 4091 1004 4163 cordis
1032 4113 1209 4186 operemur
1236 4112 1340 4187 opera
1363 4093 1518 4183 justitiae.
1578 4091 1692 4163 Gloria
1725 4090 1819 4161 Patri
1855 4100 1891 4161 et
1921 4087 2016 4173 Filio,
2043 4090 2070 4153 et

724 4208 859 4304 Spiritui
886 4216 1012 4284 sancto.
1063 4206 1226 4296 Alleluia,
1254 4215 1318 4279 etc.

827 4323 1001 4395 Sacerdos
1027 4323 1117 4394 tollit
1140 4323 1248 4395 aelam
1273 4344 1338 4417 qao
1364 4326 1525 4418 mysteria
1552 4326 1768 4417 operiamur,
1796 4327 1964 4417 ponitpae
1985 4338 2069 4387 nan-

724 4440 784 4510 tite
810 4439 1070 4528 adclamatum,
1097 4446 1132 4510 et
1159 4440 1320 4511 coattear
1345 4443 1381 4511 in
1407 4440 1518 4512 latere
1543 4441 1686 4528 dextro,
1722 4446 1757 4510 et
1787 4440 1901 4511 velam
1923 4441 2021 4527 niujai
2041 4434 2069 4499 in

724 4557 834 4628 latere
859 4561 1015 4646 sinistro,
1043 4578 1160 4627 coram
1187 4556 1291 4628 diaco
1348 4557 1429 4628 Tam
1452 4559 1552 4627 canit
1577 4556 1755 4628 Diaconac
1772 4579 1898 4663 panem
1911 4547 2068 4626 metat-

722 4677 856 4763 sticam,
885 4679 919 4744 et
945 4676 1047 4767 offert
1071 4671 1276 4745 Sacerdoti:
1301 4676 1360 4768 pai
1382 4696 1506 4768 panem
1532 4695 1634 4744 eruce
1659 4675 1787 4767 simet,
1824 4679 1861 4744 et
1886 4672 1967 4743 dicit
1996 4666 2069 4735 bano

726 4789 942 4861 Orationem:

826 4905 919 4979 Deus
957 4928 1080 4999 magne
1119 4915 1154 4978 et
1191 4904 1349 4981 mirabilis
1387 4928 1492 5003 usque
1525 4909 1560 4978 in
1593 4916 1779 4994 aeternum,
1824 4907 1881 5001 qui
1913 4893 2067 4993 suscepisti

725 5022 904 5113 sacrificia,
945 5032 1046 5112 vota,
1086 5024 1246 5121 primitias
1287 5034 1322 5096 et
1361 5024 1507 5100 decimas
1542 5044 1718 5100 servorum
1758 5032 1888 5097 tuorum
1930 5016 2068 5095 fidelium:
