4525 6034
511 868 537 973 l

577 1012 1349 1238 “runnx'

355 1329 759 1494 assissinorum
782 1398 840 1490 nn
868 1396 1192 1490 LITURGIARUM
1220 1396 1344 1506 QUAE
1372 1397 1465 1492 noo
1486 1398 1725 1493 rosulum

877 1577 1208 1673 corruamus.

336 2159 572 2226 PRAEFATIO.
1066 2161 1326 2227 btssbttTtho
1358 2167 1394 2223 de
1424 2166 1591 2240 Coptitarum
1618 2169 1742 2227 Alexan·

335 2261 596 2328 blsSEltTltto
626 2270 669 2326 Ite
698 2265 880 2342 Litnrgiarum
910 2269 1015 2328 Orien-
1111 2271 1249 2327 drinoruus
1278 2270 1417 2343 liturgiis.
1620 2269 1742 2334 LXXVI

381 2373 475 2429 talium
502 2375 610 2447 origine
633 2380 662 2430 et
683 2374 839 2432 autoritate.
1001 2369 1015 2433 I
1065 2363 1322 2433 DISSERI'XI'IO
1342 2373 1378 2430 de
1398 2373 1634 2448 Liuguacoptica.
1650 2370 1742 2437 CVIII

407 2470 477 2538 Car.
489 2471 512 2535 I.
527 2478 557 2533 lu
569 2494 622 2550 qun
634 2477 765 2549 probatur
781 2478 877 2533 nubam
893 2479 1014 2550 antiqui·
1065 2469 1275 2535 LITURGIXE
1289 2475 1456 2550 Coptitarunu
1479 2494 1514 2534 ex
1532 2479 1648 2553 Coptico
1668 2496 1738 2537 con·

450 2588 492 2637 tus
519 2580 604 2639 luisse
625 2579 813 2637 EucharistIae
841 2596 1010 2638 consecran-

448 2685 500 2741 dae
512 2684 634 2758 formam,
645 2699 716 2756 quae
730 2684 841 2740 Graecis
853 2684 1010 2757 Latinisque

449 2788 578 2861 Liturgiis
601 2787 675 2845 iuret
697 2787 844 2844 dissimilis.
938 2783 1008 2849 ibid.

412 2886 448 2950 IL
471 2893 606 2964 biturgias
624 2908 738 2966 omnes,
762 2906 798 2947 ex
818 2906 872 2964 quo
892 2893 1012 2965 scriptae

449 3002 523 3070 suut,
542 2996 607 3053 nibil
625 2996 769 3052 continere
783 2995 857 3067 quod
871 2997 960 3053 veteri
983 3003 1013 3052 et

448 3099 628 3171 Apostolicae
642 3098 837 3155 Eucharistiam
854 3099 1012 3157 celebrandi

447 3203 552 3259 lormae
560 3218 615 3259 non
624 3208 753 3259 accurate
761 3202 937 3274 respondeat.
946 3197 1013 3262 VIII

403 3299 452 3366 III.
475 3304 635 3364 ostenditur
646 3312 760 3362 veteres
773 3305 909 3378 liturgias
924 3308 1012 3365 Grae·

447 3426 494 3466 eas
507 3415 535 3466 et
547 3407 701 3466 Orientales
714 3425 773 3466 cnm
789 3410 890 3467 latinis
904 3425 1011 3467 conue-

433 3496 516 3589 ⁴nire,
540 3520 569 3570 et
590 3519 720 3587 utrasque
736 3512 912 3586 Apostolicae
932 3513 1011 3569 cele-

447 3616 609 3674 brandorum
639 3617 829 3687 mysteriorum
857 3616 961 3673 formae
982 3615 1011 3672 ln

446 3721 598 3792 praecipuis
612 3720 745 3793 capitibus
757 3719 936 3791 respondere.
955 3713 1010 3777 XV

402 3818 450 3883 IV.
474 3822 545 3893 Quid
569 3824 742 3897 judicandum
770 3825 806 3880 sit
833 3823 869 3879 de
893 3824 1010 3894 antiquis

446 3927 558 3984 Graecis
586 3923 701 3998 iacobi,
728 3927 825 3998 ilorci,
853 3925 946 3983 basilii
982 3932 1011 3982 et

446 4029 634 4101 chrysostomi
656 4030 791 4105 liturgiis.
927 4023 1010 4088 XXII

403 4126 438 4191 V.
462 4130 533 4201 Quid
558 4133 728 4190 uerisimilius
757 4134 839 4191 statui
859 4133 947 4206 possit
974 4132 1009 4188 de

447 4242 589 4311 tempore,
608 4252 662 4308 qno
679 4238 798 4309 scriptae
823 4242 886 4295 suut
906 4235 1009 4293 Orien-

445 4339 515 4395 tales
538 4340 686 4411 Liturgiae.
925 4335 1009 4399 XXX

402 4437 452 4502 VI.
472 4442 514 4498 lte
536 4443 664 4514 Linguis,
691 4444 787 4517 quibus
813 4444 951 4516 liturgIae
974 4445 1007 4499 ab

444 4547 533 4621 initio,
546 4552 575 4603 et
587 4548 622 4603 ad
635 4549 705 4604 laec
719 4564 806 4619 usque
819 4534 1008 4620 tempnra'ee-

444 4650 544 4707 lebruri
565 4650 664 4707 solitae
686 4657 758 4711 sunt.
856 4644 1008 4709 XXXVIII

402 4746 465 4810 VII.
480 4753 522 4809 lte
533 4753 712 4825 liturgiarum
726 4755 882 4813 autoritate.
900 4748 1007 4813 XLVII

401 4850 478 4915 VIII.
499 4858 541 4915 Ite
563 4856 722 4930 disprtiuae
743 4858 915 4933 liturgicae,
937 4873 1008 4930 quae

443 4958 566 5017 liubaleis
586 4966 633 5016 aut
649 4960 796 5020 liitualibus
814 4963 891 5020 libris
913 4961 1006 5018 couti·

443 5066 697 5148 ueturautoritate.
912 5058 1005 5123 LXIII

386 5212 471 5258 Ionias
485 5215 503 5258 1.

1151 2595 1259 2636 uersae.
1718 2583 1733 2640 1

1105 2682 1227 2754 biturgia
1249 2684 1335 2740 sancti
1357 2682 1456 2741 Basilii.
1669 2684 1738 2748 ibid.

1104 2785 1226 2858 liturgia
1248 2788 1334 2845 sancti
1357 2784 1499 2860 Gregorii.
1697 2789 1738 2850 25

1107 2890 1228 2961 liturgia
1250 2892 1339 2947 mucii
1362 2890 1466 2962 cyrilti.
1696 2896 1738 2952 38

1108 2991 1255 3050 Orationes
1285 2999 1314 3050 et
1335 2993 1547 3052 benedictiones
1574 2996 1608 3052 ad
1635 3012 1739 3055 conse-

1151 3099 1302 3155 crationem
1321 3098 1438 3154 omnium
1454 3097 1555 3156 Altaria
1574 3101 1739 3159 iustrumen-

1151 3207 1250 3258 toruus.
1696 3205 1737 3261 53

1106 3303 1247 3376 Liturgiae
1268 3305 1392 3362 Graecae
1413 3303 1624 3363 Alexandrinae.
1696 3308 1736 3367 57

1106 3407 1227 3480 biturgia
1242 3409 1271 3467 S.
1282 3406 1373 3465 Basilii
1387 3407 1570 3465 Alexandrian
1584 3426 1619 3467 ex
1633 3409 1738 3469 Codice

1150 3511 1410 3570 Graeco-Arabico.
1669 3515 1736 3576 ibid.

1106 3616 1226 3687 liturgia
1249 3617 1336 3673 sancti
1358 3615 1445 3673 Patris
1467 3617 1606 3688 Gregorii.
1694 3619 1734 3675 85

1105 3719 1136 3776 ln
1165 3720 1313 3794 liturgiam
1354 3720 1437 3777 lIarci
1466 3735 1594 3792 graecam
1621 3721 1736 3779 Praela-

1150 3824 1200 3880 tio.
1674 3824 1736 3882 ild

1105 3926 1201 3984 Divina
1215 3927 1353 3999 liturgia,
1376 3943 1426 3985 sen
1441 3927 1535 4002 Missa,
1553 3924 1642 3987 sancti
1655 3928 1736 4002 Apo·

1149 4029 1212 4086 stoli
1236 4035 1265 4086 et
1282 4030 1477 4103 Euangelistae
1491 4031 1584 4108 Ilorci,
1606 4030 1736 4105 Discipuli

1148 4134 1235 4190 sancti
1256 4132 1341 4192 Petri.
1671 4135 1734 4193 120

1106 4235 1228 4293 Guilelmi
1255 4236 1347 4292 sirleti
1375 4236 1524 4294 Cardinalis
1551 4237 1672 4312 Epistola
1700 4241 1735 4296 ad

1148 4338 1281 4396 loannem
1302 4355 1317 4395 a
1332 4341 1364 4396 S.
1377 4340 1486 4397 Andrea
1502 4341 1618 4412 insignis
1632 4340 1734 4397 Eccle-
1856 4339 1859 4345 '

1147 4444 1204 4498 siae
1221 4442 1381 4500 Parisieusis
1395 4442 1568 4503 Ganonicum.
1671 4443 1732 4501 il9

1103 4544 1225 4619 Epistola
1255 4545 1281 4603 l.
1311 4562 1326 4602 a
1350 4547 1380 4603 S.
1410 4545 1520 4611 Xudrea
1558 4547 1592 4602 ad
1621 4546 1734 4605 Guillel·

1146 4667 1216 4706 mum
1239 4650 1365 4706 Sirletum
1387 4648 1566 4710 Gardiualem.
1671 4649 1732 4708 tto

1102 4753 1318 4811 Commentarius
1348 4754 1382 4809 ad
1416 4753 1563 4826 liturgiam
1592 4752 1733 4827 Copticanr

1145 4857 1232 4915 mncti
1253 4856 1353 4918 Basilii.
1668 4856 1733 4917 152

1101 4959 1131 5017 ln
1158 4960 1306 5034 liturgiam
1328 4959 1469 5035 Copticam
1494 4962 1581 5018 sancti
1602 4960 1731 5032 Gregorii

1144 5064 1243 5122 Notae.
1308 5100 1313 5107 ·
1377 5101 1379 5104 >
1668 5063 1730 5119 280
