4525 6034
688 592 1226 671 ALEXANDRINC.
1567 594 1642 669 365

265 774 341 853 cum
368 782 497 877 absque
523 780 737 854 Sultanorum
763 791 821 855 aut
844 778 1091 876 praefectorum
1123 781 1279 853 mandato
1306 781 1498 853 consecrari
1532 804 1642 854 novus

264 897 458 971 Patriarcha
483 918 552 969 uon
578 908 707 993 posset,
734 901 845 971 statim
872 908 972 992 atque
997 902 1030 969 in
1065 897 1204 991 alicujus
1236 919 1358 987 nomen
1391 909 1643 987 consenserant,

266 1012 479 1087 obtinebatur
505 1012 679 1085 electionis
706 1013 921 1086 confirmatio.
949 1012 1047 1100 Quod
1068 1018 1097 1087 si
1112 1012 1342 1087 Alexandriae
1360 1007 1545 1084 Concilium
1563 1012 1644 1086 illud

265 1129 456 1217 haberetur,
482 1128 666 1225 periculum
693 1139 785 1219 erat,
820 1151 864 1201 ne
897 1132 953 1225 qtri
986 1130 1154 1225 repulsam
1189 1132 1281 1225 passi
1307 1128 1465 1218 luissent,
1499 1138 1556 1201 aut
1586 1133 1643 1224 qui

265 1248 382 1319 aulicis
409 1247 523 1319 officiis
550 1245 707 1334 adstricti,
735 1244 919 1318 absentium
953 1249 1115 1318 rationem
1150 1268 1217 1320 non
1249 1245 1394 1317 habitam
1428 1244 1533 1317 brisso
1560 1268 1641 1318 mo-

264 1360 351 1434 leste
392 1361 539 1447 ferrem,
577 1361 748 1435 calumniis
789 1360 875 1457 apud
914 1363 1105 1457 Principes,
1146 1383 1374 1457 quaecumque
1411 1360 1641 1439 Alexandriae
1718 1369 1724 1381 '

265 1481 444 1551 constituta
469 1476 629 1565 luissent,
665 1481 757 1550 irrita
791 1478 864 1551 lieri
896 1490 1125 1573 procurarent.
1178 1478 1228 1550 lta
1254 1476 1409 1573 paulatim
1437 1475 1579 1567 factum,
1606 1487 1642 1551 ut

260 1590 411 1666 Comitia
441 1592 679 1666 Patriarchalia
711 1593 838 1666 hlisrae
871 1616 931 1667 seu
970 1592 1113 1668 Cabirae
1148 1592 1366 1666 haberentur:
1402 1592 1444 1664 ad
1478 1592 1641 1667 honorem

265 1731 351 1782 vero
378 1707 471 1780 urbis
497 1711 697 1804 primariae,
724 1721 870 1805 atquae
897 1708 974 1783 olim
1001 1731 1070 1782 non
1096 1713 1204 1781 minus
1229 1713 1327 1803 regni
1354 1733 1450 1806 quam
1465 1709 1640 1801 religionis

262 1829 297 1897 in
330 1826 492 1920 Aegypto
526 1834 626 1920 caput
657 1824 785 1916 luerat,
820 1838 877 1898 aut
914 1825 1107 1916 Ordinatio,
1141 1836 1197 1898 aut
1230 1826 1360 1899 tandem
1395 1822 1641 1925 ἐνθρονισμὸς

263 1939 495 2014 Alexandriae
521 1938 760 2032 celebraretur,
788 1964 873 2037 quae
901 1940 1074 2037 disciplina
1098 1948 1299 2038 'exponetur
1331 1945 1539 2034 accuratius,
1566 1964 1641 2014 cum
1750 1995 1756 2011 .

264 2067 386 2150 agetur
412 2056 455 2127 de
480 2055 697 2130 Patriarchae
724 2057 949 2133 Ordinatione.

369 2172 524 2246 XXXIV.
550 2173 738 2246 Alternatio
765 2174 821 2247 illa
852 2174 1158 2248 Alexandrinorum
1192 2185 1226 2247 et
1253 2170 1512 2265 Cabiranorum,
1545 2177 1639 2266 cujus
1703 2184 1888 2243 marescant.
1910 2187 1963 2241 ca-

263 2287 388 2361 nullum
415 2289 551 2363 saeculo
577 2289 752 2362 undecimo
781 2294 944 2386 antiquius
980 2294 1170 2388 exemplum
1197 2295 1359 2381 occurrit,
1393 2302 1472 2364 uata
1503 2299 1572 2376 est,
1604 2299 1639 2360 ut
1652 2273 1962 2375 ¹¹⁵T'¹¹⁰¹¹¹¹¹¹⁰‘†¹⁰¹⁸¹¹·

262 2404 416 2491 videtur,
449 2404 567 2477 eadem
602 2409 798 2495 occasione,
833 2429 907 2481 curn
942 2407 1121 2482 Laicornm
1155 2384 1383 2481 Jacobitnrum
1417 2408 1565 2503 primarii
1598 2404 1639 2476 ad
1652 2360 1786 2501 212:OE
1804 2378 1903 2501 ζζξξο·
1937 2369 1964 2414 ⁰⁸

260 2520 382 2593 urbem
407 2521 535 2613 regiam
562 2519 712 2603 lomunas
740 2545 857 2596 omues
884 2545 963 2597 suas
991 2525 1244 2597 transtulissent
1285 2522 1336 2596 Illi
1363 2525 1450 2595 enim
1477 2544 1551 2594 cum
1578 2544 1639 2595 sua

260 2639 430 2710 iuteresse
457 2639 697 2727 existimarent,
724 2661 768 2710 ne
795 2662 834 2712 se
861 2640 1055 2713 inconsultis
1081 2639 1274 2713 Patriarcha
1300 2642 1556 2728 renuntiaretur,
1572 2648 1640 2709 tum

261 2756 365 2824 etiam
391 2775 434 2824 ue
460 2752 726 2847 impedimentum
753 2777 799 2827 ex
825 2753 1093 2845 confirmationis,
1121 2779 1208 2852 quae
1237 2756 1425 2856 aPrincipe
1442 2753 1640 2848 posttrlauda

260 2878 350 2957 erat,
377 2867 510 2939 defectu
535 2879 593 2940 aut
618 2868 854 2961 retardatione,
880 2883 1086 2961 nasceretur,
1114 2895 1188 2945 curn
1215 2870 1397 2944 nobiliores
1423 2869 1470 2942 illi
1489 2869 1640 2965 plerique

258 2982 516 3087 Alexandrinae
543 2986 687 3058 civitatis
709 2990 766 3079 jus
791 2985 967 3079 haberent,
994 2988 1206 3061 obtinuerunt
1242 2988 1394 3077 tandem,
1426 2998 1463 3059 ut
1498 2987 1639 3061 Comitia

231 3098 500 3173 ‚Pecuniolam
522 3098 752 3174 Alexandriae
778 3112 813 3174 et
839 3099 983 3176 Cahirao
1010 3103 1195 3177 alternatim
1216 3102 1426 3176 haberentur.
1458 3101 1510 3175 Ea
1529 3110 1640 3175 autern

259 3219 351 3288 ratio
384 3212 602 3289 Comitiorum
636 3228 720 3307 erat,
756 3228 791 3289 ut
822 3221 877 3314 qui
911 3223 967 3312 jus
998 3221 1170 3294 electionis
1203 3219 1381 3308 haberent,
1413 3228 1640 3315 proponerent

259 3334 426 3404 universo
452 3329 699 3427 Episcopornm
725 3344 759 3405 et
786 3334 924 3407 aliorum
951 3335 1116 3426 concilio,
1152 3358 1228 3408 eum
1260 3338 1316 3432 qui
1347 3337 1494 3407 maxime
1521 3333 1640 3428 dignus

257 3447 443 3520 videretur.
470 3449 595 3521 Postea
621 3471 707 3523 vero
728 3448 771 3523 ob
785 3472 857 3539 eas,
884 3473 968 3546 quas
984 3455 1215 3547 exposuimus,
1239 3453 1401 3541 rationes,
1430 3451 1639 3524 consuetudo

256 3562 413 3651 invaluit,
439 3575 475 3635 ut
501 3584 636 3660 semper
662 3564 820 3639 Cabirum
852 3571 1105 3640 conveniretur:
1141 3567 1240 3662 idque
1275 3567 1379 3660 vulgo
1414 3565 1534 3639 dudum
1566 3568 1639 3639 fieri

257 3678 376 3751 dicunt
400 3690 505 3753 testes
531 3680 597 3752 dde
622 3681 727 3773 digni,
753 3680 832 3754 nihil
858 3685 945 3754 enim
972 3681 1119 3757 historici
1146 3683 1188 3755 de
1214 3682 1278 3754 hac
1293 3682 1476 3777 disciplina,
1502 3693 1639 3778 praeter

257 3817 306 3867 ea
344 3817 430 3889 quae
464 3795 626 3886 diximus,
656 3800 834 3894 perspicue
866 3802 1080 3894 scripserunt.
1137 3799 1174 3871 Si
1207 3797 1512 3871 Alexandrinorum
1542 3801 1638 3871 vices

258 3920 391 3997 essent,
417 3904 541 4006 primas
569 3911 617 3983 illi
643 3915 825 3986 sententias
853 3913 1029 3987 dicebaut:
1065 3919 1094 3989 si
1127 3914 1386 4003 Cahiranorum,
1406 3914 1462 4014 ‘illi
1495 3919 1638 4012 pariter3

256 4026 497 4123 proponebant
521 4049 645 4099 nomen
671 4029 846 4117 candidati,
875 4052 973 4126 quem
1006 4031 1264 4127 praeferebant3
1297 4029 1387 4102 illum
1419 4054 1505 4105 vero
1532 4055 1639 4105 acce-

254 4152 361 4239 ptare
387 4151 442 4214 aut
468 4145 613 4235 rejicere
638 4154 794 4240 poterant
819 4144 993 4241 Episcopi,
1020 4156 1077 4218 aut
1103 4146 1159 4218 alii
1186 4150 1242 4242 qui
1268 4148 1418 4239 suffragii
1436 4146 1564 4227 ferendi
1583 4149 1639 4238 jus

253 4255 439 4331 habebant
494 4258 591 4345 Quod
624 4263 653 4333 si
683 4263 769 4333 iuter
801 4284 840 4335 se
873 4263 1007 4335 diversa
1041 4261 1208 4335 hommum
1241 4262 1349 4337 studia
1375 4260 1546 4334 conciliari
1572 4283 1640 4332 non

253 4383 415 4470 possent,
443 4385 520 4446 tunc
546 4386 602 4447 aut
627 4376 851 4452 Alexandrini
884 4377 1047 4450 adversus
1080 4377 1286 4468 Cahiranos,
1321 4388 1355 4451 et
1386 4381 1558 4451 vicissim:
1586 4388 1641 4450 ant

254 4490 426 4586 Episcopi
454 4491 619 4566 adversus
645 4492 784 4583 Laicos,
810 4516 872 4588 pro
900 4517 962 4567 suo
990 4497 1130 4590 quisque
1166 4494 1360 4585 candidato,
1386 4493 1639 4568 contendebant.

255 4604 385 4700 Neque
410 4605 510 4679 ullum
538 4610 572 4679 in
598 4618 667 4682 tota
693 4609 924 4682 Alexandrina
940 4608 1168 4689 tacobtnrum
1183 4611 1331 4684 Historia
1356 4615 1500 4684 occurrit
1516 4634 1659 4684 exem-¹

254 4720 355 4819 plum
382 4721 555 4797 electionis
582 4749 602 4797 a
629 4724 743 4798 Laicis
769 4724 892 4814 factae,
926 4748 1011 4821 quae
1046 4727 1174 4821 absque
1207 4726 1298 4799 Cleri
1330 4736 1364 4798 et
1396 4728 1642 4823 Episcoporum

256 4859 431 4909 consensu
458 4849 543 4911 rata'
557 4839 671 4930 inerit3
699 4841 785 4913 aden
812 4851 848 4913 ut
872 4845 1011 4938 proprie
1038 4842 1218 4938 loquendo,
1247 4848 1303 4936 jus
1334 4845 1449 4940 populi
1483 4855 1517 4916 et
1550 4842 1642 4915 Cleri

258 4953 407 5049 aequale
434 4955 678 5049 quodammodo
705 4960 738 5028 in
765 4957 1094 5050 suffragiislerendis
1121 4958 1230 5032 fuerit
1257 4959 1344 5032 Nam
1361 4958 1515 5056 populus,
1544 4981 1642 5054 quem

254 5070 403 5143 volebat
430 5069 643 5166 designabat:
679 5076 707 5146 si
735 5073 777 5145 ab
811 5077 972 5147 universo
1000 5075 1164 5169 concilio,
1198 5086 1252 5146 aut
1285 5078 1405 5169 maj0ri
1440 5079 1513 5170 ejus
1546 5085 1642 5172 parte

1359 5193 1436 5268 62*
