4525 6034
666 586 740 660 122
1044 582 1691 661 enuntiationis*

664 770 846 851 pronunciat
866 768 981 849 aliquot
1003 767 1157 829 orationes
1180 768 1423 847 praeparatorios
1447 766 1485 829 ad
1507 768 1756 832 communionem.
1800 767 1834 830 ln
1846 767 2038 852 Aegyptiace

664 871 724 931 ritu
748 868 899 932 Sacerdos
921 865 1081 928 celebrans
1104 866 1172 928 loco
1195 883 1256 930 non
1278 885 1313 929 se
1335 874 1452 942 movet;
1477 866 1546 928 dum
1568 867 1673 931 similis
1696 869 1862 930 sententiae
1885 870 2040 931 orationes

665 976 786 1030 secreto
809 968 926 1029 recitat.
953 965 1038 1037 Quae
1061 972 1159 1027 autern
1182 964 1328 1045 particula
1351 977 1449 1034 etnim
1472 967 1539 1027 sive
1561 977 1685 1034 trittico
1708 968 1863 1028 Gamouro
1885 968 1950 1028 sive
1974 968 2040 1028 Gu-

666 1076 784 1128 mcurto
807 1071 948 1136 vocatum
972 1081 1007 1123 ea
1031 1070 1078 1125 est
1101 1081 1189 1143 qaam
1211 1062 1411 1125 Alexandrini
1427 1063 1538 1127 Graeci
1553 1054 1747 1144 Σπουδικόν,
1771 1066 1830 1128 boc
1852 1064 2037 1128 estAecrrc«

665 1153 754 1227 τικόν
775 1164 884 1245 supple
906 1161 1002 1241 σῶμα
1023 1160 1156 1224 Arabico
1179 1162 1347 1225 scribentes
1371 1163 1550 1239 lsbodicon,
1579 1163 1630 1225 vel
1658 1164 1822 1226 labedicou
1843 1173 1971 1240 vocant,
2003 1164 2040 1226 de

666 1281 726 1343 qua
739 1280 818 1326 voce
831 1262 972 1342 superius
985 1259 1130 1323 diximus:
1153 1260 1262 1340 Neque
1274 1279 1335 1323 una
1356 1261 1422 1323 sola
1446 1263 1541 1343 major
1562 1281 1637 1343 prae
1661 1262 1737 1337 aliis,
1761 1280 1839 1342 quae
1852 1262 2039 1340 elevabatur,

666 1368 698 1425 et
719 1362 832 1442 populo
855 1359 1008 1422 adoranda
1032 1358 1257 1434 ostendebatur,
1280 1378 1320 1421 ex
1342 1378 1401 1439 qua
1424 1361 1512 1422 etiam
1529 1360 1608 1423 calix
1623 1360 1810 1442 signabatur,
1833 1359 2038 1441 sacerdosque

666 1458 915 1537 communicabat,
938 1458 993 1518 sed
1017 1456 1093 1519 aliae
1115 1459 1260 1520 minores:
1284 1460 1324 1520 ita
1348 1467 1506 1533 vocantur,
1529 1476 1597 1520 nam
1619 1459 1699 1521 illam
1721 1475 1828 1520 vocem
1848 1459 1959 1539 plurali
1981 1477 2038 1520 nu·

667 1578 752 1622 merc
775 1557 896 1620 Arabes
918 1564 1074 1635 usurpant,
1099 1564 1132 1617 ut
1154 1556 1212 1617 boc
1233 1556 1303 1619 loco
1327 1556 1396 1637 Syri
1417 1556 1551 1621 alteram.

753 1658 829 1718 Dum
860 1656 1058 1717 communicat
1088 1654 1239 1718 Sacerdos
1269 1655 1340 1717 dicit
1371 1657 1555 1730 orationem,
1586 1673 1673 1735 quam
1705 1673 1810 1733 nemo,
1839 1657 1898 1718 nisi
1928 1656 2039 1718 realem

666 1757 944 1818 transmutationem
972 1753 1097 1816 firmiter
1127 1753 1245 1829 credat,
1275 1755 1373 1833 possit
1402 1756 1614 1835 pronunciare.
1660 1755 1693 1816 ln
1722 1755 1848 1816 vetustis
1878 1753 2038 1816 Codicibus

665 1873 725 1917 non
739 1855 932 1934 reperiuntur
946 1854 1099 1914 orationes
1114 1851 1238 1927 similes,
1261 1851 1342 1931 quod
1364 1853 1402 1915 ad
1425 1852 1577 1933 publicum
1600 1854 1708 1931 nunus,
1732 1872 1819 1933 quam
1843 1853 1880 1915 ad
1892 1856 2039 1934 privatum

666 1952 839 2016 Sacerdotis
868 1951 1011 2032 mysteria
1040 1953 1089 2031 pic
1119 1951 1312 2030 suscipientis
1335 1951 1468 2014 Officium
1496 1952 1684 2031 pertineant:
1715 1970 1815 2034 neque
1844 1955 1925 2016 enim
1954 1951 2039 2014 aliter

665 2070 754 2134 mam
762 2052 901 2132 privatim
915 2051 1091 2128 recitantur,
1108 2058 1139 2112 et
1153 2051 1262 2112 casola
1270 2052 1386 2112 ratione
1395 2053 1425 2114 in
1434 2053 1500 2132 ipsa
1509 2069 1596 2113 sacra
1605 2053 1724 2114 actione
1733 2053 1832 2114 locum
1840 2070 1903 2114 nou
1919 2051 2037 2124 habeat,

664 2152 735 2214 utin
747 2149 1035 2233 GraecisLiturgiis,
1052 2150 1224 2212 autLatinis
1239 2150 1420 2227 missalibus,
1443 2168 1501 2212 nec
1524 2150 1637 2212 idcirco
1661 2154 1739 2231 perit
1750 2150 1867 2214 illarum
1884 2153 2037 2213 autoritas.

664 2251 737 2313 Nam
760 2253 791 2312 in
813 2249 905 2312 Libro
927 2249 1084 2311 llinisterii
1107 2249 1262 2311 Diaccnici
1286 2248 1431 2330 Syrorum
1452 2249 1667 2328 Jacobitarum,
1690 2259 1721 2312 et
1743 2253 1774 2312 iu
1790 2250 2037 2313 Nestorianomm

665 2349 776 2411 Olllciis
803 2355 835 2410 ut
864 2348 895 2408 in
925 2365 962 2410 eo
991 2347 1070 2429 quod
1100 2347 1210 2409 Graeci
1238 2354 1348 2409 vocant
1377 2338 1593 2410 Ἀκολουθίαν
1620 2346 1680 2432 τῆς
1702 2338 1798 2431 ἁγίας
1819 2336 2038 2431 perciperetur

663 2448 766 2510 Ritum
788 2465 900 2508 sacrae
912 2445 1136 2508 Commuaionis
1158 2454 1188 2507 et
1210 2447 1323 2526 passim
1346 2445 1426 2522 alibi,
1452 2446 1527 2509 tales
1552 2448 1706 2508 orationes
1729 2456 1904 2510 occurrunt.
1934 2447 2037 2510 Dicent

663 2547 794 2610 tortasse
817 2544 966 2607 nonnulli:
989 2545 1178 2607 recentiores
1201 2563 1269 2606 cum
1291 2546 1365 2620 sint,
1394 2547 1584 2608 autoritatem
1607 2546 1722 2608 illarum
1744 2546 1854 2608 nullam
1878 2565 1968 2623 esse,
1990 2548 2036 2609 vel

662 2646 860 2708 mediocrem:
885 2652 915 2705 at
938 2645 1026 2706 etiarn
1049 2645 1076 2705 si
1099 2644 1139 2705 ita
1162 2642 1252 2718 soret,
1275 2643 1381 2706 saltem
1404 2644 1482 2722 illas,
1505 2643 1711 2707 Ecclesiarum
1727 2645 1807 2725 apud
1830 2663 1908 2726 quas
1930 2648 1962 2707 in
1983 2664 2036 2708 usu

662 2742 795 2822 luerunt,
824 2751 953 2824 suntque
975 2744 1148 2820 etiamnum,
1171 2742 1258 2804 tidem
1281 2751 1517 2824 repraesentare
1539 2744 1647 2826 negari
1669 2760 1730 2805 non
1752 2753 1875 2824 posset,
1900 2745 1982 2824 quod
2004 2745 2037 2806 ad

664 2841 783 2907 Claudii
810 2842 1010 2904 divinationes
1039 2839 1222 2903 refellendas
1252 2841 1371 2904 abunde
1398 2841 1514 2905 suflicit.
1561 2843 1622 2905 Sed
1650 2843 1767 2905 novitas
1790 2842 1841 2904 illa
1864 2852 2037 2919 sexcentos,

661 2949 696 3005 ut
722 2943 888 3020 minimum,
919 2958 1014 3003 annos
1043 2949 1183 3021 superat:
1212 2959 1279 3002 cum
1310 2941 1389 3003 inter
1418 2959 1527 3021 preces
1550 2941 1619 3003 illas
1647 2960 1706 3013 una
1728 2943 1767 3004 sit
1790 2960 1868 3021 quac
1893 2942 2036 3024 Dionysio

662 3041 808 3104 Rarsalibi
839 3040 994 3114 tribuitur;
1025 3039 1149 3101 vivebat
1178 3047 1277 3101 autem
1304 3039 1355 3101 ille
1385 3058 1452 3101 cum
1479 3040 1587 3102 Franci
1611 3041 1827 3122 Hierosolymis
1856 3043 2036 3124 regnabam

661 3148 692 3204 et
714 3141 793 3203 illius
816 3142 922 3202 aetatis
939 3139 1176 3218 comparatione,
1200 3157 1304 3201 omnes
1327 3138 1568 3202 Reformatorum
1592 3139 1728 3201 doctrina
1751 3148 1781 3203 et
1805 3141 1964 3221 disciplina
1986 3161 2036 3204 re·

662 3242 853 3303 cautissimae
876 3246 954 3302 sunt.
985 3238 1058 3300 Eam
1081 3255 1204 3318 quoque
1226 3240 1394 3317 reperimus
1417 3238 1447 3300 in
1470 3239 1562 3301 variis
1586 3239 1742 3301 codicibus
1766 3239 1950 3318 adscriptam
1972 3257 2035 3300 cum

666 3340 780 3402 autoris
804 3339 920 3421 elogio,
943 3337 1024 3399 unde
1047 3335 1185 3400 omnibus
1207 3337 1363 3417 probatam
1385 3336 1465 3398 illam
1489 3336 1582 3399 luisse
1605 3344 1733 3400 constat.
1767 3337 1903 3401 Alteram
1917 3338 2036 3400 inseruit

661 3439 718 3518 ipsi
740 3436 895 3521 Liturgiae
917 3436 1085 3498 Dioscorus
1108 3435 1337 3515 Gordyaeorum
1359 3435 1541 3517 Episcopus,
1565 3454 1662 3517 aeque
1682 3436 1910 3518 significantem.
1933 3438 2033 3517 Neque

661 3534 737 3597 baec
760 3554 777 3596 a
799 3536 913 3597 Latinis
936 3535 1076 3614 accipere
1097 3533 1254 3596 Jacobitae
1278 3533 1346 3615 Syri
1369 3543 1548 3615 potuerunt,
1576 3534 1695 3616 quando
1724 3534 1843 3616 quidem
1867 3537 1943 3599 tales
1966 3555 2032 3599 ora-

662 3637 761 3697 tiones
784 3633 1027 3708 non·habemus,
1051 3650 1109 3695 nec
1131 3633 1192 3694 ulla
1214 3633 1294 3695 inter
1316 3633 1385 3696 illos
1409 3642 1439 3696 et
1461 3641 1584 3696 nostros
1608 3635 1742 3696 homines
1769 3633 1827 3695 illis
1851 3635 2030 3715 temporibus

663 3734 831 3796 communio
854 3740 904 3794 aut
926 3733 1056 3794 societas
1080 3732 1264 3809 intercessit,
1289 3740 1320 3794 ut
1343 3733 1412 3794 alibi
1435 3734 1508 3794 satis
1530 3733 1689 3813 probatum
1713 3740 1768 3794 est.

748 3833 858 3894 Postea
881 3832 911 3892 in
934 3830 1048 3893 Codice
1071 3828 1265 3906 Colbertino,
1288 3833 1663 3916 sequitur-Mysteriorum
1693 3830 1883 3906 distributio,
1913 3831 1950 3893 de
1977 3847 2030 3910 qua

662 3931 867 4006 caeremonia,
896 3938 930 3991 ut
952 3929 1124 4007 notissima,
1153 3929 1225 3989 nibil
1248 3930 1445 4012 singulariter
1465 3931 1700 4011 praescribitur:
1728 3929 1822 3991 verba
1847 3939 1960 3992 mutum
1980 3949 2028 3991 re·

661 4027 815 4106 seruntur,
838 4048 917 4109 quae
940 4028 1090 4092 Sacerdos
1113 4026 1273 4090 celebrans
1297 4035 1367 4091 tunc
1390 4031 1578 4110 pronunciat.
1624 4030 1668 4092 lbi
1691 4031 1789 4092 statim
1818 4032 1953 4092 occurrit
1975 4046 2028 4090 vox

661 4127 729 4206 illa,
761 4127 800 4189 dc
829 4146 886 4208 qua
917 4127 1044 4189 diximus
1079 4138 1203 4195 lentim
1234 4127 1418 4203 Gomoario,
1453 4147 1531 4209 quae
1559 4130 1722 4209 perspicue
1744 4147 1849 4191 sacras
1872 4126 2028 4210 particulas

660 4226 811 4289 hocloco
834 4227 992 4311 significat.
1037 4225 1112 4287 Nam
1135 4224 1282 4288 Barsalibi
1304 4230 1377 4289 satis
1401 4246 1467 4289 eam
1489 4227 1639 4308 explicat,
1667 4228 1736 4289 dum
1759 4228 1798 4289 ita
1822 4235 1912 4290 vocat
1939 4226 2028 4307 parti-

661 4327 758 4389 culam
782 4344 859 4406 quae
883 4325 969 4387 calici
992 4324 1171 4386 immittitur:
1202 4324 1275 4386 alias
1307 4343 1384 4405 quae
1417 4327 1454 4389 ad
1482 4328 1720 4389 communionem
1747 4326 2026 4387 Ecclesiasticorum

660 4425 775 4505 primae
798 4424 951 4506 dignitatis
974 4430 1171 4484 reservantur
1193 4431 1223 4485 et
1245 4425 1377 4486 minores
1399 4443 1478 4505 quae
1500 4424 1686 4504 praebentur
1701 4422 1817 4485 Laicis:
1840 4424 2027 4505 Margaritam

660 4542 782 4605 quoque
804 4530 909 4597 vocat,
933 4538 1010 4601 quae
1032 4540 1095 4583 vox
1117 4539 1221 4583 sacras
1244 4523 1407 4603 particulas
1436 4522 1603 4604 significat,
1634 4530 1761 4603 utraque
1787 4540 1845 4603 per
1873 4521 2027 4601 bletapbo-

660 4641 735 4684 ram.
779 4622 847 4682 Vox
877 4619 1002 4700 Syriaca
1032 4631 1157 4688 ΝΜ]
1181 4620 1329 4702 duplicem
1360 4621 1520 4703 originem,
1551 4630 1708 4702 utramque
1728 4622 1798 4684 stilo
1817 4621 2025 4684 Ecclesiastico

659 4721 853 4795 familiarem,
878 4718 989 4780 babere
1011 4725 1122 4798 potest.
1168 4720 1254 4781 Prior
1276 4730 1322 4782 est
1345 4721 1564 4800 simplicissima
1595 4719 1723 4782 deducta
1752 4720 1869 4782 scilicet
1898 4740 1914 4782 a
1938 4719 2025 4782 verbo

659 4831 739 4897 um,
765 4818 863 4899 quod,
892 4825 925 4878 ut
954 4817 1118 4895 llebraice,
1153 4817 1194 4879 ita
1218 4818 1306 4880 etiam
1330 4817 1455 4900 Syriaca
1477 4819 1627 4901 significat
1648 4820 1728 4880 inter
1760 4820 1834 4897 alia,
1863 4820 2024 4890 abaciam,

659 4936 884 4992 coruummcre,
910 4917 1065 4995 perficere.
1116 4916 1162 4978 Eo
1200 4917 1370 4999 significatu
1409 4918 1574 4979 Gamoarto
1607 4916 1686 4979 idem
1720 4920 1778 4980 erit
1815 4936 1852 4979 ac
1884 4920 2023 4980 Graecum

657 5008 813 5088 τελέωσις
834 5015 885 5077 vel
906 5004 1036 5099 τελετή,
1059 5016 1167 5095 quibus
1189 5015 1317 5078 vocibus
1341 5014 1450 5078 Gracci
1473 5016 1667 5080 Sacramenta
1688 5032 1787 5078 novae
1810 5015 1908 5098 legis,
1939 5032 2023 5096 prae-
