4525 6034
709 558 786 634 uto
1282 563 1513 641 NOTAE

702 743 769 808 aliis
793 744 830 808 ad
853 744 969 808 lndieas
992 745 1148 809 Ecclesias
1171 748 1345 812 translatam
1369 747 1464 812 fuisse
1487 757 1664 833 argumento
1688 758 1735 814 est
1755 752 1912 834 prohibitio
1937 756 2036 839 hilpa-

702 843 761 906 odo
784 843 994 926 Diampercnsi
1024 845 1117 921 lacta,
1147 865 1186 910 ne
1215 850 1282 930 quis
1306 848 1355 911 illa
1378 857 1532 913 uteretur:
1562 860 1594 913 ιιι
1616 869 1715 932 neque
1738 851 1833 914 altera
1856 871 1926 934 quae
1944 854 2039 922 Diodori

621 1009 626 1016 ,
703 959 812 1006 nomen
835 943 1038 1024 praelerebat.
1084 946 1173 1008 lstius
1195 966 1271 1010 vero
1293 948 1374 1011 nulla
1398 950 1478 1030 apud
1507 949 1707 1013 Nestorianos
1733 952 1877 1013 memoria
1904 961 1955 1015 est:
1978 956 2038 1018 nude

701 1044 851 1123 suspicari
874 1044 944 1108 lieet
966 1045 1112 1126 deceptus
1135 1047 1264 1109 nominis
1287 1047 1478 1112 similitudine
1501 1066 1648 1111 censores
1670 1048 1776 1129 luisse,
1799 1068 1866 1112 cum
1877 1050 1960 1114 laedis
1972 1053 2040 1117 luerit

702 1143 790 1205 unius
813 1145 941 1206 numinis
965 1147 994 1206 in
1018 1145 1147 1207 alterum
1170 1149 1391 1224 transmutatio,
1413 1150 1594 1228 praesertim
1616 1150 1646 1210 in
1669 1150 1795 1230 Syriaco
1818 1151 1966 1232 scriptura,
1982 1172 2040 1235 quae

701 1251 735 1305 ut
756 1242 888 1305 Arabica
912 1243 1037 1307 Graccis
1061 1245 1230 1308 nominibus
1254 1247 1460 1327 exprimendis
1481 1265 1587 1328 parum
1617 1249 1773 1311 commoda
1804 1258 1868 1327 est,
1895 1269 1946 1315 nec
1970 1255 2043 1334 mags

704 1360 793 1423 quam
816 1343 932 1407 Graeca
956 1343 1006 1407 nbi
1030 1345 1202 1407 Orientales
1226 1363 1318 1408 voces
1342 1347 1557 1427 exprimendae
1579 1355 1657 1410 sunt.
1692 1349 1874 1431 Agnoscunt
1895 1349 2042 1430 Nestoriaui,

706 1450 736 1504 ct
767 1442 847 1504 inter
877 1452 999 1506 sanctos
1035 1463 1108 1507 suos
1138 1444 1349 1526 Doctoresque
1378 1456 1536 1509 numerant
1565 1447 1730 1510 Diodorum
1761 1449 1951 1528 Tarsensem,
1979 1454 2044 1533 cujus

701 1543 874 1606 memoriam
897 1546 927 1606 in
951 1543 1029 1606 lusto
1052 1545 1241 1607 Graecorum
1262 1544 1389 1607 Petrum
1411 1545 1581 1609 celebrant:
1611 1556 1641 1610 at
1668 1548 1835 1629 liturgiam
1864 1549 1927 1629 ejus
1950 1553 2045 1613 nominc

702 1643 811 1706 nullam
836 1645 956 1709 habent.
1003 1643 1194 1707 Theodorum
1216 1645 1345 1708 maxime
1368 1653 1552 1707 venerantur
1574 1655 1605 1707 et
1623 1647 1820 1727 interpretem
1842 1665 1898 1728 per
1917 1650 2047 1712 excellen-

703 1745 772 1806 tiam
796 1752 927 1822 vocant,
957 1744 1027 1824 quia
1056 1743 1156 1806 multis
1181 1745 1210 1805 in
1233 1761 1337 1808 sacras
1359 1744 1474 1807 litteras
1497 1748 1717 1808 commentariis
1740 1746 1897 1826 inclaruit,
1925 1750 1970 1829 qui
1993 1749 2048 1812 licet

701 1845 737 1906 ab
762 1864 800 1908 eo
822 1846 943 1907 homine
965 1842 1096 1925 proiecti
1121 1843 1207 1924 cujus
1231 1843 1306 1906 fides
1330 1852 1471 1926 corrupta
1494 1854 1561 1908 crat
1584 1846 1775 1927 opinionibus
1803 1845 1881 1924 illis,
1909 1866 1976 1928 quas
1994 1850 2050 1912 Ne—

701 1946 813 2008 storius
843 1944 1023 2027 publicavit,
1052 1944 1125 2024 ipsis
1157 1943 1343 2007 Orthodoxis
1374 1963 1435 2008 non
1464 1945 1676 2008 contemnendi
1696 1946 1755 2007 risi
1777 1954 1863 2024 sunt,
1893 1946 1963 2009 adeo
1981 1956 2009 2009 ut
2025 1949 2049 2011 in

701 2043 823 2106 Catenis
851 2044 973 2127 graecis
1004 2041 1095 2104 multa
1126 2042 1245 2106 illorum
1274 2043 1440 2136 fragmenta
1471 2052 1643 2108 occurrant
1696 2044 1844 2108 Discimus
1876 2065 1916 2108 err
1942 2044 2050 2108 liberati

699 2142 875 2224 breviario,
906 2144 997 2206 multa
1027 2151 1086 2206 tam
1108 2143 1360 2207 Nestorianorum
1388 2162 1476 2225 quam
1498 2143 1701 2206 Jacobilarum
1730 2146 1843 2225 scripta
1868 2146 1897 2207 in
1920 2146 2051 2208 Sectam

698 2242 818 2307 illarum
847 2243 1019 2326 primordiis
1051 2243 1195 2306 translata
1223 2243 1318 2306 luisse
1346 2245 1376 2306 in
1399 2262 1586 2306 communem
1608 2244 1754 2325 Syrorum
1777 2245 1935 2307 Persarum
1957 2252 1985 2306 et
2002 2246 2052 2306 Ar-

699 2362 856 2407 rnenorum
881 2344 1024 2426 linguam.
1070 2343 1223 2406 Theodori
1246 2362 1339 2426 opera
1363 2345 1489 2426 Syriaca
1512 2343 1655 2405 translata
1677 2343 1772 2406 fuisse
1796 2344 1991 2406 certissimum
2008 2350 2054 2421 cst,

700 2461 768 2505 cnm
790 2443 819 2506 id
842 2451 971 2506 testetur
985 2442 1176 2522 llebedjesu:
1200 2450 1231 2505 et
1253 2444 1363 2506 dudum
1386 2452 1444 2523 est,
1467 2462 1534 2505 cum
1546 2442 1697 2505 Arabicae
1720 2443 1896 2506 corumdem
1916 2444 2053 2506 versiones

699 2540 799 2605 iactae
821 2551 890 2607 sunt
913 2564 954 2607 ex
977 2543 1121 2624 Syriacis.
1166 2543 1227 2605 lmo
1250 2562 1266 2604 a
1289 2542 1433 2630 locabitis
1455 2541 1618 2608 reformata
1647 2550 1694 2605 est
1716 2543 1766 2606 illa
1789 2545 1892 2606 versio
1915 2544 2055 2607 Commen-

699 2643 843 2705 tariorum
874 2644 904 2705 in
932 2641 1113 2724 Evangelia3
1142 2642 1268 2724 rejectis
1297 2643 1356 2705 illis
1386 2660 1464 2725 quae
1492 2642 1531 2704 ad
1552 2643 1763 2704 Nestorianam
1787 2642 1930 2707 haeresin
1948 2650 2055 2724 specta-

698 2740 782 2816 bant,
804 2751 836 2805 ut
859 2762 875 2805 a
898 2745 961 2806 suis
984 2742 1154 2805 hominibus
1176 2743 1243 2806 sinc
1267 2741 1450 2807 offendiculo
1472 2742 1535 2826 legi
1556 2749 1694 2824 possent,
1720 2742 1801 2821 qnod
1825 2751 1954 2806 testatur
1974 2740 2056 2804 Abul-

697 2840 805 2907 hircat.
829 2842 902 2906 'lale
916 2842 1073 2924 exemplar
1084 2851 1143 2921 est,
1165 2842 1222 2904 nisi
1246 2843 1442 2905 vehementer
1463 2841 1603 2920 fallimur,
1627 2841 1707 2922 quod
1729 2848 1812 2904 extat
1833 2843 1863 2904 in
1877 2841 2057 2923 Seguieriaua
2158 2879 2170 2934 '.

697 2940 899 3022 Bibliotheca,
929 2960 997 3005 nam
1019 2943 1050 3004 in
1072 2941 1123 3005 illo
1147 2943 1227 3023 quod
1251 2942 1441 3024 dogmatibus
1463 2941 1651 3004 Nestorianis
1674 2940 1775 3004 faveat
1797 2943 1933 3005 occurrit
1955 2943 2057 3005 omniuo

699 3042 785 3107 nibil.
969 3105 974 3138 r

786 3139 831 3204 De
854 3140 1014 3204 Theodoro
1035 3141 1253 3222 Mopsuesteno
1274 3148 1400 3222 praeter
1422 3160 1459 3205 ea
1481 3159 1559 3222 quae
1581 3140 1724 3224 leguntur
1752 3140 1832 3221 apud
1862 3147 1985 3204 autores
2004 3139 2056 3202 lle-

698 3240 898 3319 clesiasticos,
921 3240 1045 3303 eruditis
1067 3229 1234 3318 notissima,
1257 3242 1331 3302 mira
1352 3248 1476 3305 narrent
1489 3238 1657 3317 Jacobitae,
1680 3248 1711 3302 et
1725 3241 1805 3301 inter
1821 3239 1900 3302 alios
1913 3239 2056 3319 Dionysius

697 3338 844 3403 barsalibi
867 3342 897 3402 in
919 3341 1066 3422 opusculo
1090 3341 1238 3404 adversus
1261 3339 1476 3421 Nemesianus,
1503 3340 1590 3422 quasi
1613 3358 1631 3401 n
1652 3339 1776 3401 ludaeis
1799 3341 1973 3418 institutus,
1995 3357 2060 3401 eon·

697 3441 807 3519 junctis
830 3439 964 3503 consiliis
986 3457 1085 3502 novae
1108 3440 1275 3503 haereseos
1299 3441 1480 3504 architectus
1503 3439 1610 3502 luerit:
1632 3438 1678 3501 Ea
1698 3440 1833 3501 narratio
1857 3458 1901 3501 ex
1922 3437 2059 3501 zeloreli·

697 3540 797 3620 gionis
827 3548 912 3616 nata,
942 3538 1065 3620 probari
1095 3548 1196 3602 tamen
1224 3557 1285 3602 non
1317 3547 1433 3621 potest,
1463 3557 1563 3621 neque
1595 3556 1662 3600 cum
1693 3538 1890 3602 historiarum
1913 3540 2060 3601 certiorun

682 3641 878 3705 .testimoniis
901 3640 1067 3702 consentit:
1099 3647 1189 3721 atque
1213 3638 1291 3701 adeo
1315 3656 1332 3701 a
1354 3640 1442 3704 nobis
1464 3640 1624 3704 omittitur:
1652 3656 1748 3719 panca
1777 3645 1894 3701 tantum
1923 3657 1980 3701 suo
2004 3638 2059 3699 loco

698 3757 738 3800 cx
761 3737 811 3801 illa
833 3738 1039 3804 delibavimus.

785 3838 860 3901 Cum
883 3858 959 3902 vero
981 3838 1201 3922 praescribitur
1222 3839 1253 3901 in
1275 3838 1408 3914 rubrica,
1432 3836 1581 3900 celebrari
1604 3856 1670 3900 eam
1691 3837 1859 3921 liturgiam
1884 3838 2061 3901 abominica

697 3937 793 4018 prima
812 3937 1060 4002 Annunciationis
1079 3956 1136 4001 seu
1150 3925 1409 4022 Εὕαγγελισμοῦ,
1431 3936 1510 3999 idem
1532 3946 1580 3999 cst
1601 3955 1637 4000 ac
1659 3938 1684 4000 si
1707 3938 1813 3999 Latino
1837 3939 1902 4000 ritu
1924 3938 2061 4000 diceretur

696 4036 852 4101 Dominica
882 4040 978 4120 prIma
1009 4038 1184 4101 Adventus:
1215 4040 1255 4100 ita
1286 4045 1318 4100 ut
1340 4037 1514 4100 celebretur
1535 4036 1609 4098 solis
1632 4036 1737 4099 diebus
1759 4035 1945 4102 Dominicis.
1986 4036 2060 4099 Plura

696 4137 829 4217 petenda
851 4146 993 4201 notantur
1021 4158 1062 4201 ex
1089 4138 1225 4220 liturgia
1247 4138 1481 4219 Apostolorum,
1512 4137 1580 4217 quia
1614 4135 1664 4197 illa
1692 4136 1881 4216 reliquarum
1911 4146 1962 4200 est
1988 4133 2060 4217 masi

698 4234 817 4300 Canon:
840 4246 873 4300 ut
895 4239 974 4318 apud
997 4238 1134 4319 Coptitas
1156 4236 1273 4300 Basilii:
1297 4237 1376 4318 apud
1399 4237 1495 4319 Syros
1516 4234 1670 4299 lacebites
1692 4236 1807 4299 lacobi.

1114 4501 1150 4572 2.
1191 4498 1334 4571 Seruum
1359 4503 1395 4570 in
1423 4497 1580 4588 eccelsis,
1608 4503 1672 4569 ele.

797 4691 971 4770 Sisennam
1000 4703 1058 4768 hoc
1081 4712 1112 4767 et
1134 4703 1323 4766 Nestorianis
1344 4703 1501 4785 proprium
1523 4711 1586 4782 est,
1614 4710 1647 4764 ut
1668 4702 1762 4764 verba
1785 4720 1868 4782 quae
1891 4699 2061 4766 Praefationi

695 4810 925 4889 praemittuntur
946 4808 1182 4889 paraphrastice,
1205 4807 1404 4890 pluribusque
1426 4824 1514 4888 quam
1537 4808 1689 4887 primaeva
1705 4804 1886 4887 simplicitas
1910 4803 2063 4870 traditum

696 4909 799 4971 verbis
821 4909 990 4971 enuncient.
1013 4909 1058 4972 De
1080 4908 1131 4972 illa
1153 4907 1385 4990 interpolatione
1407 4907 1479 4968 nihil
1500 4907 1588 4969 nubis
1611 4905 1768 4968 dicendum
1790 4908 1943 4969 occurrit
1965 4907 1996 4969 la
2015 4923 2060 4968 se-

699 5006 797 5070 cunda
823 5008 1011 5085 hortatione,
1039 5026 1101 5071 non
1129 5016 1163 5070 nt
1184 5009 1214 5072 in
1236 5009 1332 5091 prima
1360 5007 1491 5087 simplex
1519 5013 1566 5070 est
1593 5004 1803 5087 paraphrasis:
1831 5005 1895 5068 sed
1925 5005 2063 5072 senlenl'ut

699 5107 830 5175 diversa.
876 5108 950 5173 Cum
979 5110 1059 5172 enim
1088 5108 1165 5173 aliae
1192 5108 1349 5184 Ecclesiae
1377 5108 1523 5188 dixerint,
1553 5106 1680 5170 Gratim
1700 5123 1829 5187 wormac
1849 5105 1989 5172 nonme
2004 5103 2063 5170 be
2155 5187 2160 5198 Ι
