4525 6034
556 588 820 667 lNllTURGldll
836 584 1031 665 conuictu
1046 586 1077 664 S.
1095 583 1251 663 Glllllll.
1518 588 1594 660 299

220 774 374 855 reprobes,
395 794 434 835 ne
453 773 615 852 [mamis
637 773 780 853 poputum
809 779 891 833 natm
910 778 1034 851 prepter
1052 778 1184 850 pecema
1205 789 1282 835 men.
1327 769 1361 832 ln
1383 771 1441 833 ista
1462 768 1597 833 retertur

220 874 271 936 illa
293 866 476 955 αθέτησις,
499 873 565 935 siae
583 873 736 952 praseae,
767 870 806 933 ad
828 868 965 951 illapsum
988 870 1118 950 Spiritus
1141 872 1237 931 sancti
1259 887 1353 950 super
1375 869 1455 931 dona
1478 884 1598 950 propo-

221 973 287 1050 sita,
311 977 343 1034 et
364 988 459 1051 super
480 969 595 1033 fideles.
632 969 737 1050 ltaque
760 967 912 1032 Sacerdos
936 985 1059 1031 sucrum
1082 967 1140 1031 sibi
1162 967 1342 1030 delictorum
1365 968 1518 1044 conscius,
1541 982 1598 1027 ro·

220 1078 272 1154 gat
293 1069 392 1132 Deum
419 1086 459 1131 ne
487 1068 525 1131 ad
554 1087 589 1131 se
619 1075 813 1149 peccatorem
835 1067 987 1148 respiciat,
1016 1066 1071 1130 sed
1098 1067 1137 1129 ad
1164 1084 1276 1147 preces
1305 1065 1482 1143 Ecclesiae,
1512 1066 1597 1147 cujus

219 1169 340 1230 nemine
362 1169 531 1230 orationem
553 1165 681 1247 proiert,
705 1173 736 1228 et
764 1182 854 1228 sacro
877 1166 1043 1227 ministerio
1064 1164 1215 1246 mugitum
1244 1183 1345 1245 neque
1375 1181 1469 1227 causa
1491 1164 1540 1241 sit,
1564 1170 1597 1225 ut

220 1267 319 1349 gratia
341 1266 479 1329 fidelibus
502 1264 541 1327 ad
563 1263 718 1328 fructuose
740 1263 1017 1327 communicandum
1039 1265 1223 1339 necessaria,
1246 1271 1277 1327 et
1299 1263 1357 1325 alia
1380 1281 1437 1344 per
1459 1262 1596 1343 illapsum

222 1364 352 1445 Spiritus
379 1364 476 1425 sancti
505 1381 599 1444 super
627 1363 706 1426 dona
734 1363 909 1444 preposita,
946 1363 985 1423 ad
1018 1379 1056 1424 ea
1090 1362 1299 1425 consecranda
1326 1378 1387 1423 nen
1417 1361 1597 1425 obtineatur.

221 1462 305 1525 Eaec
328 1481 369 1524 ex
390 1480 484 1524 verae
506 1461 678 1524 humilitatis
700 1480 803 1540 sensu,
827 1478 888 1524 non
919 1459 1000 1542 quod
1023 1459 1061 1523 de
1085 1459 1195 1523 ell'ectu
1224 1468 1480 1523 sacramentorum
1508 1458 1599 1521 dubi-

222 1569 297 1640 tent,
320 1580 339 1624 a
362 1578 554 1642 quocumque
575 1561 710 1622 minutae
735 1562 822 1623 etiam
854 1558 931 1621 malo
953 1558 1165 1637 celebrentur,
1198 1559 1297 1621 nullus
1326 1559 1405 1621 enim
1433 1558 1512 1639 apud
1541 1574 1599 1621 eos

221 1662 363 1723 inventus
385 1666 444 1738 est,
466 1661 517 1739 qui
539 1661 571 1720 in
593 1659 684 1721 talem
706 1676 843 1722 errorem
865 1658 968 1739 lapsus
990 1656 1089 1720 tuerit.
1133 1657 1219 1720 illum
1241 1656 1321 1739 apud
1345 1657 1479 1720 Graecos
1502 1674 1599 1737 supe·
1645 1659 1720 1730 Perp-
1742 1660 1765 1711 Τ.
1784 1664 1811 1713 t.

221 1761 296 1823 riori
319 1757 444 1821 saecula
468 1776 524 1839 per
545 1756 693 1821 loannem
708 1755 955 1839 Caryopbyllum,
979 1764 1010 1817 ct
1024 1755 1221 1837 Corydallum
1242 1758 1308 1838 ejus
1330 1757 1507 1839 magistrum
1530 1754 1599 1818 iur-

221 1859 272 1919 tim
295 1857 516 1919 insusurratum
538 1856 688 1920 damnavit
710 1856 832 1920 Gabriel
845 1854 1018 1918 Patriarcba
1040 1854 1300 1936 Constantinopoli
1314 1856 1345 1916 in
1358 1855 1450 1934 plena
1463 1855 1597 1935 Synedo,

222 1956 433 2036 sententiaque
456 1954 617 2036 Synedalis
641 1973 660 2017 a
680 1954 827 2018 Dositheo
849 1954 1026 2018 Patriarcha
1046 1953 1322 2035 Hierosolymitano
1345 1955 1425 2034 typis
1448 1953 1529 2017 edita
1551 1960 1599 2014 est
1630 2002 1712 2070 ⁰t²¹¹⁸⁰
1733 2000 1769 2052 er
1791 2000 1831 2053 ‘a
1844 1998 1915 2051 1709

222 2052 428 2131 inlloldavia,
451 2071 518 2115 cum
540 2055 607 2134 ipse
629 2052 791 2116 scribendo
815 2053 974 2116 adfuisset:
998 2059 1060 2114 tum
1083 2054 1171 2114 etiam
1193 2052 1339 2136 singulari
1360 2051 1506 2131 opuscrdo
1521 2051 1597 2113 banc
1607 2106 1634 2156 p.
1669 2039 1730 2140 ,932
1762 2038 1811 2136 gg
1846 2085 1920 2135 desa

223 2152 363 2213 haeresin
386 2150 465 2213 idem
487 2151 660 2214 coniutauit.
696 2151 872 2214 Habuerunt
887 2151 1043 2214 tacebitne
1058 2150 1258 2215 Alexandrini
1273 2150 1463 2213 Patriarchas
1485 2149 1598 2232 aliquot
1613 2170 1692 2224 1⁶94,

223 2250 486 2328 sceleratissimos,
509 2267 636 2330 querum
658 2251 821 2312 memoriae
844 2268 906 2314 non
936 2258 1078 2330 parcunt:
1107 2249 1220 2312 similes
1243 2249 1403 2313 nonnullos
1426 2247 1599 2312 catholicas

224 2350 410 2411 Nestoriani:
434 2366 533 2427 neque
556 2355 655 2410 tamen
679 2346 837 2429 quidquam
861 2350 1009 2426 occurrit,
1038 2348 1118 2411 unde
1147 2348 1331 2411 levissimum
1361 2349 1502 2412 indicium
1533 2349 1600 2430 capi

224 2455 325 2529 queat,
349 2446 513 2508 dubitatum
535 2445 630 2509 tuisse
654 2446 692 2508 de
723 2447 925 2510 Sacramentis
955 2466 1034 2530 quae
1062 2447 1303 2514 celebraverant
1355 2448 1470 2512 Carere
1501 2455 1600 2510 autem
1664 2463 1726 2515 nur.
1753 2462 1824 2516 Patr.
1848 2463 1921 2516 Ate.

223 2547 426 2611 Sacramentis
449 2546 617 2608 certissime
639 2546 889 2608 existimaverunt
910 2564 966 2610 ecs
988 2549 1039 2629 qui
1060 2546 1274 2629 Episcopalem
1297 2548 1516 2611 ordinationem
1539 2564 1637 2620 nonp.
1655 2550 1718 2601 2⁴8·

223 2646 382 2724 baberent,
405 2651 438 2705 ut
461 2651 548 2707 erant
570 2643 612 2706 illi
635 2644 841 2707 Barsanuliani
863 2644 1027 2726 Aeepbali,
1054 2665 1132 2727 quos
1155 2647 1276 2709 ldarcus
1298 2646 1472 2711 Patriarcha
1485 2644 1599 2708 ·xu1x.

224 2743 449 2808 Alexandrinus
471 2742 627 2806 Ecclesiae
649 2761 724 2806 suae
747 2744 967 2807 reconciliavit:
998 2745 1036 2806 ad
1067 2762 1195 2825 quarum
1216 2745 1401 2827 Episcopum
1431 2752 1461 2808 et
1484 2744 1600 2808 Sacer-

224 2845 309 2907 dotes
333 2843 425 2920 dixit,
456 2860 518 2904 nen
547 2842 704 2903 deecerfflt
730 2861 822 2922 super
847 2862 905 2905 aas
924 2843 1060 2922 Spiritum
1081 2853 1223 2921 mora,
1251 2854 1286 2906 at
1314 2863 1406 2924 carpor
1431 2843 1602 2924 Episcepcs

225 2942 390 3017 descendit,
412 2959 480 3003 mma
499 2942 721 3021 pronunciatur
742 2942 844 3003 oratic
867 2942 1026 3004 canonica.

624 3197 801 3271 Sacerdos
826 3199 911 3269 dicit
937 3198 1202 3271 invocationem.
1650 3213 1680 3268 r.
1698 3216 1741 3267 rr.
1761 3215 1778 3268 t
1795 3217 1842 3268 aa.

322 3418 437 3496 Fanum
460 3431 663 3495 invocationis
694 3430 799 3493 similis
821 3438 870 3493 eat
891 3431 974 3510 aliis,
1005 3450 1080 3513 quas
1107 3431 1186 3495 duae
1213 3432 1332 3512 priores
1362 3431 1516 3515 liturgiae
1546 3451 1601 3495 re-

227 3540 435 3616 praesentant:
470 3540 503 3596 ut
525 3532 582 3611 illi,
611 3551 702 3613 quam
729 3532 820 3596 babet
848 3532 944 3596 llarci
972 3531 1127 3616 liturgia,
1157 3540 1188 3596 et
1217 3533 1352 3597 Graecae
1381 3535 1495 3597 alterae
1525 3535 1603 3599 duae

226 3634 342 3713 absque
365 3633 427 3695 ullo
450 3632 631 3695 discrimine.
677 3630 819 3695 Continet
841 3640 940 3696 autem
967 3633 1034 3714 ejus
1057 3632 1153 3714 prima
1175 3650 1264 3713 pars,
1294 3651 1372 3714 quae
1401 3642 1523 3696 secreto
1553 3634 1604 3696 di·

227 3733 323 3795 cenda
346 3739 404 3811 eat,
428 3738 599 3794 accuratam
622 3730 660 3793 de
683 3729 798 3811 Spiritu
819 3739 925 3793 sancto
948 3731 1156 3813 theologiam,
1180 3749 1288 3812 nempe
1311 3731 1349 3794 de
1364 3733 1430 3813 ejus
1447 3732 1603 3795 divinitate

227 3839 257 3892 et
279 3828 594 3893 consubstantialitate
617 3847 685 3893 cum
708 3829 797 3892 Patre
819 3837 850 3892 et
873 3830 959 3909 Filio,
982 3829 1064 3912 quod
1086 3830 1231 3892 subsistat
1253 3831 1284 3891 in
1307 3847 1449 3911 persana,
1472 3830 1522 3893 vel
1544 3832 1604 3914 ltp-

224 3932 354 4009 pcstasi,
377 3946 455 4010 quae
477 3947 541 3992 vox
562 3931 593 3992 in
615 3935 701 3991 textu
723 3927 851 4010 Coptica
876 3936 1049 4010 usurpatur,
1072 3946 1182 4009 nempe
1206 3928 1289 4009 quod
1309 3948 1368 3991 una
1391 3929 1429 3990 sit
1450 3946 1604 4010 persona-

228 4046 291 4090 rum
323 4027 490 4105 Trinitatis,
513 4028 544 4089 in
577 4026 702 4108 propria
731 4044 865 4108 persona
893 4045 965 4101 sua;
994 4027 1050 4089 sed
1079 4026 1156 4089 haec
1186 4026 1281 4090 verba
1313 4044 1375 4090 non
1401 4027 1544 4109 leguntur
1573 4029 1603 4090 in

229 4127 347 4189 Graeco
376 4124 497 4188 codice:
518 4126 739 4201 ‘ammentum
772 4133 803 4187 et
833 4126 1044 4189 madmabitie.
1089 4125 1255 4187 Immensae
1287 4128 1339 4206 qui
1366 4128 1469 4188 emnia
1500 4127 1606 4206 reptet,

227 4227 307 4289 mido
320 4232 420 4286 maren
441 4225 509 4286 loce
532 4225 799 4288 circumcluditur.
829 4224 1043 4304 Ouiaperatur
1060 4245 1101 4286 ea
1113 4225 1244 4305 propria
1265 4226 1438 4300 autoritate,
1459 4218 1607 4310 ἐνεργοῦν

228 4311 469 4402 αὐτεξουσίως,
502 4340 581 4403 quae
603 4323 697 4385 verba
720 4322 848 4399 Graeca,
872 4323 1012 4404 Captitae
1035 4330 1250 4386 servaverunt:
1277 4323 1406 4402 propria
1435 4341 1494 4384 aua
1523 4323 1606 4383 dioi-

228 4442 327 4503 naque
350 4428 500 4500 potestate
533 4409 574 4483 cd
602 4417 814 4498 διακονικῶς,
852 4442 913 4484 non
943 4431 1084 4503 tanquam
1113 4422 1266 4494 minister,
1303 4421 1365 4503 agit
1395 4438 1451 4500 per
1479 4421 1605 4501 gratiam

230 4538 324 4596 suam,
347 4520 503 4602 induitque
525 4522 555 4583 in
580 4522 694 4583 animm
716 4521 864 4598 fidelium,
894 4522 992 4602 qued,
1015 4529 1048 4584 ut
1069 4527 1158 4583 recte
1181 4518 1327 4600 didymus
1356 4527 1386 4580 et
1415 4519 1465 4581 alii
1494 4517 1606 4581 obser-

231 4637 354 4697 vavere,
378 4618 537 4682 character
560 4627 664 4682 certus
686 4618 849 4683 divinitatis
872 4627 928 4683 est.
987 4620 1139 4701 Operatur
1162 4624 1260 4680 autem
1280 4619 1455 4697 pueritatem,
1477 4617 1537 4680 boc
1559 4625 1608 4679 est

232 4718 428 4796 sanctitatem,
451 4734 507 4780 seu
529 4704 706 4801 ἁγιασμόν,
728 4726 761 4780 ut
784 4717 902 4781 Graece
924 4719 1051 4802 legitur,
1075 4716 1157 4798 quod
1179 4715 1258 4778 idem
1287 4714 1408 4777 omnino
1438 4723 1495 4780 est.
1546 4714 1608 4780 Sed

232 4823 263 4876 ut
284 4815 355 4877 alibi
377 4817 557 4895 monuimus,
581 4824 614 4878 ut
635 4817 738 4880 versio
761 4824 865 4881 nostra
894 4818 1076 4898 primaevam
1098 4814 1260 4877 lectionem
1283 4814 1453 4877 accuratius
1475 4832 1607 4895 reprae-

233 4921 341 4993 sentet,
363 4914 460 4977 verba
482 4916 619 4996 pressius
642 4914 838 4981 reddidimus.
876 4915 1009 4997 Simplex
1032 4914 1134 4978 estin
1156 4919 1264 4974 natura
1286 4930 1352 4993 sua,
1375 4912 1431 4975 sed
1453 4913 1608 4991 nncdiplee

234 4999 436 5097 πολυμερής,
466 5016 499 5075 in
521 5014 749 5094 operatiombas
778 5018 857 5091 suis,
884 5023 914 5077 et
936 5022 969 5077 ut
992 5013 1129 5077 Ecclesia
1158 5011 1238 5072 canit
1265 5009 1450 5092 septiformia
1478 5029 1608 5074 merere.

270 5148 383 5191 ramme
1352 5126 1401 5202 54
