4525 6034
501 1011 1394 1257 blititlltlb

772 1617 1136 1798 blinds

259 1941 855 2022 lintelllllltttn
911 1947 992 2022 ET
1053 1943 1646 2022 Jnconltlnnn

665 2150 1251 2272 LITURGIIS.

810 2462 1098 2500 *-

366 2866 391 2938 1.
427 2838 504 2941 Du
532 2862 684 2958 Syriacis
711 2863 944 2936 blelcbitarum
971 2867 1046 2937 sive
1074 2862 1359 2954 orthodoxorum,
1385 2873 1422 2937 ut
1448 2868 1549 2938 etiam
1574 2866 1641 2938 la·
1690 2880 1825 2937 ntotcnne
1842 2892 1868 2936 c
1886 2883 1966 2938 taee-

261 2982 449 3055 cobiturum
474 2980 635 3071 Litmgiis
662 2982 862 3072 conjunctim
891 2980 1050 3068 dicemus,
1078 2978 1168 3075 quod
1192 2986 1270 3052 'non
1296 2979 1398 3053 modo
1425 2979 1545 3053 eadem
1571 2981 1641 3053 lin-
1654 2965 1724 3020 ttae
1737 2984 1896 3067 communen
1910 2970 1967 3023 sor-

260 3120 330 3191 gua
358 3100 503 3193 scriptae
529 3105 615 3183 sunt,
643 3117 730 3190 quae
757 3105 808 3166 est
823 3094 966 3190 Syriaca
986 3106 1097 3184 vetus,
1124 3094 1185 3167 sed
1212 3098 1310 3167 etiam
1328 3094 1417 3191 quod
1443 3106 1520 3168 sunt
1544 3053 1900 3194 planepepnnurgamm
1914 3056 1963 3108 h*

259 3212 398 3285 similes.
440 3212 493 3283 na
519 3232 604 3282 vero
631 3210 808 3283 similitudo
834 3231 902 3281 non
927 3212 960 3281 in
987 3210 1061 3282 sola
1086 3209 1144 3283 illa
1170 3209 1321 3302 generali
1348 3232 1520 3283 sacromm
1546 3211 1643 3285 cele-

259 3326 466 3399 brandorum
500 3324 627 3412 forma,
665 3347 751 3419 quae
786 3324 938 3397 omnibus
973 3323 1138 3397 Ecclesiis
1164 3327 1346 3397 communis
1373 3333 1443 3414 est,
1479 3331 1643 3417 consistit,

259 3463 380 3513 verum
406 3446 440 3513 in
466 3462 509 3513 eo
537 3439 625 3535 quod
651 3443 757 3535 prima
784 3450 820 3512 et
844 3443 1038 3537 praecipua,
1066 3438 1108 3511 ad
1136 3462 1233 3536 quum
1259 3439 1410 3536 reliquae
1445 3463 1641 3514 accommo-

261 3554 363 3627 datae
388 3566 474 3645 suut,
502 3565 536 3628 et
551 3577 637 3650 quae
650 3553 782 3627 Jacobo
801 3554 962 3643 tribuitur,
990 3553 1032 3626 ab
1045 3558 1195 3650 utrisque
1211 3558 1365 3650 usurpari
1381 3554 1478 3633 solet
1512 3555 1643 3653 Nempe

262 3673 340 3764 quia
367 3670 543 3743 Jacobitae
570 3693 645 3741 cum
672 3669 714 3741 ab
741 3667 897 3742 Ecclesia
926 3681 1151 3759 secesserunt,
1180 3681 1391 3743 sacramenta
1416 3675 1565 3775 ritusque
1579 3692 1642 3744 sa-

261 3805 359 3872 cros,
395 3783 571 3859 Ecclesiae
605 3781 800 3857 Catholicae
835 3788 992 3881 proprios
1032 3795 1278 3873 servaverunt,
1317 3788 1416 3878 gnari
1456 3786 1641 3858 traditionis

261 3899 485 3995 Apostolicae
511 3924 533 3971 a
560 3921 624 3994 qua
651 3902 733 3973 setis
760 3899 1095 3972 commendabantur:
1129 3900 1261 3972 illorum
1294 3922 1379 3973 vero
1406 3898 1548 3972 formam
1574 3922 1642 3971 an-

261 4016 396 4108 tiquitus
423 4014 587 4102 traditam‚
614 4025 814 4109 pervertere
841 4025 874 4086 et
900 4013 1058 4103 abolere,
1095 4014 1276 4107 sacrilegio
1311 4017 1501 4110 proximum
1531 4017 1642 4087 visum

262 4129 328 4201 illis
353 4129 481 4203 fuisset
515 4130 601 4201 Nam
628 4138 754 4201 tuntum
780 4130 885 4202 abluit
909 4137 946 4199 ut
971 4129 1013 4202 de
1038 4130 1239 4226 Apostolica
1264 4128 1393 4202 illarum
1418 4128 1641 4221 Liturgiarum

264 4247 394 4336 origine
420 4245 609 4317 dubitarent
635 4244 744 4340 (quod
772 4254 838 4316 tam
864 4267 985 4317 secure
1018 4243 1170 4316 lecemnt
1202 4242 1477 4335 Reformatores)
1513 4254 1643 4315 utnon

262 4360 364 4432 modo
392 4382 452 4433 eas
479 4383 526 4432 ex
551 4360 792 4455 Apostolorum
818 4362 1022 4432 institutione
1048 4374 1217 4448 manasse,
1244 4382 1364 4432 verum
1390 4359 1432 4432 ab
1458 4358 1523 4431 illis
1551 4361 1643 4433 scri-

262 4484 338 4570 ptas
363 4475 470 4547 iuuisse
496 4478 663 4547 communi
690 4478 847 4571 opinione
865 4484 1011 4562 teneant,
1039 4473 1127 4569 quod
1145 4485 1280 4572 praeter
1305 4473 1426 4546 multos
1454 4472 1549 4561 alios,
1573 4472 1642 4545 do-

263 4594 330 4661 cuit
355 4594 496 4683 insignis
524 4590 611 4686 apud
637 4589 811 4663 Jacobitas
837 4590 1044 4682 Theologus,
1070 4592 1255 4687 Dionysius
1281 4587 1456 4664 Barsalibi.

366 4705 406 4777 ll.
434 4706 526 4777 Sane
551 4709 717 4777 maximus
746 4709 892 4778 omnium
917 4706 1082 4801 Syrorum
1116 4705 1158 4777 de
1184 4703 1304 4776 Jacobi
1338 4703 1511 4796 Liturgioe
1546 4706 1638 4775 anti·
1688 4710 1753 4764 cum
1772 4710 1875 4765 cnon
1898 4732 1966 4767 con-

263 4823 387 4915 quitute
414 4831 449 4892 et
475 4824 652 4893 autoritate
678 4842 864 4894 consensus
885 4831 948 4909 est,
975 4823 1008 4891 in
1035 4841 1101 4915 quo
1124 4820 1256 4892 illorum
1272 4820 1405 4892 traditio
1433 4816 1639 4891 Graecarum
1652 4799 1965 4898 '⁰⁰⁸¹“¹³⁸,‘¹⁰¹'¹‘,³‘¹¹¹“⁸‘⁶

261 4935 491 5009 Ecclesiarum
517 4936 682 5008 traditioni
709 4945 761 5010 est
786 4936 885 5031 plane
912 4934 1041 5008 similis:
1068 4958 1145 5007 nam
1176 4935 1256 5008 licet
1280 4933 1335 5005 illa
1367 4936 1476 5007 rarius
1507 4884 1961 5024 utanturptppppppetnmgae

262 5075 283 5123 a
316 5050 426 5125 multis
460 5053 622 5142 saeculis,
661 5057 802 5149 primam
834 5063 945 5124 tamen
980 5063 1014 5123 et
1049 5054 1309 5146 antiquissimam
1343 5052 1489 5123 omnimn
1520 5050 1639 5143 fuisse,

287 5191 411 5235 romu.
1409 5167 1428 5240 1
