4525 6034
585 603 625 680 n
656 602 862 680 aruncum
889 601 1068 682 cauom
1094 604 1125 682 s.
1152 603 1279 682 maor.
1421 554 1428 566 ⁴
1541 608 1616 681 eoo

589 876 703 971 Super
727 878 816 949 burc
837 869 973 971 panem,
1000 885 1034 950 et
1059 878 1121 951 bos
1147 879 1284 952 caiicee.
1665 897 1696 951 Ρ.
1717 899 1777 954 reo.
1793 898 1809 951 t
1827 900 1871 951 as.

364 1068 401 1146 lu
424 1081 556 1163 Copticis
583 1081 746 1145 Codicibus
773 1081 880 1165 Cyrilli
909 1083 1064 1166 liturgiae
1089 1091 1120 1146 et
1146 1084 1177 1147 in
1207 1083 1272 1148 aliis
1301 1084 1438 1167 ejusdem
1463 1087 1539 1149 ritus
1568 1093 1620 1148 aut

241 1183 386 1266 linguae,
409 1186 519 1248 mentio
542 1185 623 1247 nulla
644 1184 676 1247 [it
698 1185 827 1267 plurium
848 1204 959 1267 panum
982 1194 1012 1249 et
1034 1187 1172 1265 calicum,
1202 1206 1268 1250 cum
1291 1206 1332 1251 ex
1353 1188 1493 1272 analogia
1522 1191 1619 1254 disci-

238 1284 354 1365 plinae
376 1283 414 1346 ad
443 1286 658 1348 institutionem
688 1284 873 1349 Sacramenti
902 1306 918 1349 a
950 1286 1071 1350 Christo
1098 1285 1222 1364 iactam,
1250 1287 1357 1351 fideles
1387 1307 1478 1352 unum
1506 1309 1618 1372 corpus

239 1386 322 1463 sint,
347 1385 416 1465 quia
438 1384 477 1446 d'e
499 1401 558 1446 uno
581 1402 677 1466 pane,
700 1384 791 1447 etde
820 1403 881 1449 uno
911 1385 1006 1449 calice
1026 1387 1219 1468 participant.
1264 1386 1476 1451 offerebantur
1499 1391 1617 1471 quidem
1660 1388 1668 1394 “
1742 1420 1747 1431 .

239 1502 264 1545 a
291 1482 430 1547 fidelibus
459 1502 554 1565 panes
585 1483 688 1565 plures
716 1484 754 1546 ad
782 1484 893 1565 altare,
917 1485 973 1549 sed
1000 1505 1040 1548 ex
1069 1502 1129 1548 uno
1151 1486 1339 1549 Eucharistia
1361 1486 1617 1551 consecrabatur:

239 1590 344 1664 atque
365 1584 452 1645 etiam
475 1583 553 1665 apud
577 1582 721 1657 Graecos,
743 1602 783 1644 ex
806 1584 961 1648 comedia
984 1603 1055 1667 pars
1078 1586 1235 1665 eximitur,
1264 1586 1399 1667 reliquae
1422 1605 1483 1650 non
1505 1605 1619 1650 conse-

239 1689 385 1760 crantur,
409 1682 463 1746 sed
487 1669 682 1767 ἆπιδώρου,
705 1700 771 1761 seu,
793 1692 827 1745 ut
839 1684 997 1766 loquimur,
1017 1686 1109 1765 panis
1130 1683 1280 1748 benedicti
1299 1685 1368 1749 loco
1391 1686 1618 1751 distribuuntur.

238 1783 283 1845 ln
308 1783 492 1845 orationibus
513 1782 688 1864 Liturgicis,
712 1801 789 1863 quae
811 1781 849 1844 ad
873 1783 1056 1847 Sacrificium
1079 1785 1207 1846 maxime
1229 1784 1397 1866 pertinent,
1419 1794 1452 1849 ut
1473 1788 1505 1848 in
1525 1784 1620 1848 invo-

241 1883 372 1945 catione
395 1882 524 1963 Spiritus
546 1872 652 1957 sanc'ti,
674 1883 762 1945 unius
785 1885 871 1965 panis
894 1889 924 1943 et
953 1885 1040 1946 unius
1062 1883 1165 1946 caliois
1187 1885 1298 1947 mentio
1321 1891 1376 1948 est.
1424 1885 1507 1947 Unus
1524 1887 1620 1967 panis

241 1980 312 2043 boc
335 1981 403 2043 loeo
426 1980 549 2044 dicitur:
572 1983 686 2044 calices
707 1982 738 2043 in
751 1983 859 2065 plurali
880 1999 1018 2061 numero,
1041 1984 1110 2063 quia
1133 1981 1259 2063 scilicet,
1282 1991 1316 2046 ut
1338 2002 1431 2065 saepe
1454 1982 1564 2047 iactum
1586 1986 1616 2047 in

240 2080 399 2145 Ecclesiis
422 2081 676 2161 Occidentalibus,
699 2093 786 2146 erant
808 2091 931 2166 praeter
950 2082 1075 2145 calicem
1091 2082 1264 2163 primarium
1285 2083 1345 2164 alii,
1369 2085 1420 2165 qui
1443 2083 1618 2147 dicebantur

241 2181 473 2245 ministeriales.
517 2180 562 2245 De
584 2180 643 2245 illis
666 2183 705 2245 ita
729 2184 850 2264 scripsit
873 2181 1039 2245 Cardinalis
1061 2180 1155 2247 Bona.
1202 2181 1330 2245 Ouarar
1353 2202 1469 2265 quoque
1495 2203 1536 2245 cc
1557 2203 1619 2246 au·
1648 2213 1939 2282 Mmgfflg

241 2284 343 2361 rimas
364 2281 534 2343 litteralibus
551 2283 655 2361 piures
675 2285 707 2344 in
728 2302 789 2345 arro
811 2284 962 2363 eocmfieio
985 2281 1138 2344 adbibitus
1159 2283 1230 2346 oiim
1252 2283 1373 2359 calices,
1394 2302 1521 2364 qrrorum
1542 2302 1619 2345 toruo

240 2378 315 2460 ipsi
335 2381 542 2459 sacrficari,
565 2390 595 2443 et
615 2383 763 2444 ministris
784 2391 814 2444 et
835 2382 907 2444 aliis
927 2381 1160 2460 Sacerdotium,
1190 2383 1219 2444 ri
1239 2383 1291 2463 qui
1311 2390 1399 2445 eraut
1422 2383 1529 2462 prisco
1555 2385 1618 2445 ritu

242 2480 512 2555 comeicbranter,
539 2480 740 2543 inserviebat:
769 2482 826 2543 aiii
847 2483 953 2561 piures
979 2482 1028 2543 oet
1051 2482 1232 2561 pauciores,
1252 2501 1310 2562 pro
1337 2500 1460 2544 numero
1479 2481 1617 2561 fidetium

241 2581 534 2642 communicantium
556 2579 801 2661 opponebantur,
823 2583 876 2662 qui
893 2582 1077 2661 mandimus
1098 2588 1128 2643 et
1148 2583 1329 2661 capaciores
1350 2589 1456 2658 crant,
1478 2590 1508 2643 et
1529 2584 1618 2645 diee-

240 2679 363 2741 bantur
383 2680 605 2755 mmieteriales,
627 2699 753 2762 quaerum
775 2681 921 2759 saepefit
948 2682 1058 2741 mentio
1086 2681 1119 2741 in
1147 2681 1219 2742 uitia
1240 2679 1426 2760 Pontifim
1470 2679 1620 2760 Respexit

242 2779 296 2840 cd
315 2779 394 2839 barre
416 2779 545 2841 caticum
561 2780 767 2859 pluralitatem
788 2778 930 2860 Litrrrgia
950 2777 1078 2859 taccu,
1109 2780 1142 2840 in
1166 2798 1228 2860 qua
1248 2778 1397 2841 [liaconis
1418 2779 1620 2859 praecipitur,

241 2886 283 2940 ut
306 2878 444 2940 attollent
464 2879 577 2954 discos,
604 2880 639 2941 id
660 2885 707 2941 eet
728 2886 860 2965 patenae
881 2885 911 2941 et
939 2880 1051 2942 eaticm
1078 2879 1121 2939 ad
1148 2879 1380 2958 impartiendum
1397 2878 1519 2959 poprrtc.
1564 2877 1619 2939 Li-

240 2979 350 3059 turgia
376 2975 481 3040 iacobi
509 2978 770 3055 sanctificationis,
798 2996 856 3042 seu
883 2979 1118 3041 consecrationis
1149 2977 1278 3060 plurium
1307 2976 1432 3040 calicum
1460 2993 1522 3040 non
1551 2994 1620 3038 me-

241 3079 343 3152 minit,
365 3077 420 3140 sed
443 3077 674 3141 confirmationis
698 3086 828 3156 tantum,
856 3096 913 3159 per
939 3076 1099 3139 immissam
1127 3078 1265 3158 corporis
1294 3060 1405 3141 Christi
1434 3074 1619 3158 particulam.

243 3178 365 3240 Tamen
387 3195 465 3253 eum,
488 3185 520 3240 ut
543 3175 613 3241 alibi
634 3196 728 3261 saepe
750 3177 928 3253 monuimus,
950 3195 1012 3239 non
1035 3177 1133 3240 omnia
1155 3175 1293 3258 quaead
1316 3177 1521 3240 caeremonias
1544 3192 1620 3255 spe-

247 3282 332 3339 ctant
356 3278 385 3337 in
409 3274 569 3339 Codicibus
594 3284 735 3341 annotata
757 3279 827 3353 sint,
850 3277 1015 3339 existimari
1036 3276 1241 3339 verisimiliter
1268 3283 1387 3357 potest,
1416 3275 1526 3338 lactum
1548 3291 1620 3336 esse

245 3378 311 3438 ritu
333 3374 618 3457 Hierosolymitano,
642 3376 679 3440 ad
702 3395 791 3459 quem
818 3376 924 3440 Jacobi
954 3375 1090 3459 liturgia
1116 3374 1277 3439 referenda
1300 3383 1364 3455 est,
1387 3374 1417 3439 id
1440 3374 1519 3457 quod
1549 3372 1618 3435 alibi

246 3475 280 3537 in
304 3493 362 3536 usu
384 3482 460 3553 erat,
491 3494 557 3538 cum
585 3476 689 3557 plures
719 3474 830 3539 calices
861 3476 892 3537 in
920 3476 1006 3539 altari
1034 3474 1261 3538 collocabantur
1268 3496 1277 3551 3
1306 3492 1416 3556 nempe
1445 3493 1485 3536 ex
1512 3473 1618 3555 majori

246 3572 384 3637 retusam
407 3593 477 3637 esse
499 3576 561 3637 viui
584 3577 753 3639 consecrati
776 3585 906 3657 partem,
934 3577 963 3637 in
985 3574 1059 3637 illud
1081 3574 1163 3656 quod
1185 3580 1394 3638 consecratum
1415 3591 1477 3636 non
1500 3572 1616 3634 luisset.
1722 3607 1739 3705 p
1763 3598 1842 3698 ,ια
1870 3581 1912 3718 μ
1933 3581 2008 3676 M

246 3675 295 3736 De
318 3673 370 3736 illa
392 3675 538 3757 singulari
561 3675 727 3757 disciplina,
750 3693 838 3757 quam
859 3675 965 3739 Jacobi
987 3674 1121 3758 liturgia
1144 3674 1249 3753 refert,
1272 3692 1396 3758 agemus
1419 3674 1449 3736 in
1471 3672 1558 3735 Notis
1579 3669 1617 3733 ad
1682 3630 1751 3701 ν’·
1820 3746 1826 3757 ·
1917 3746 1923 3756 .
2005 3645 2021 3681 ⁶

247 3792 316 3837 eam
340 3772 475 3855 ejusdem
498 3775 624 3837 nominis
648 3794 725 3856 quae
756 3775 835 3857 apud
866 3775 959 3856 Syros
989 3782 1162 3856 usurpatur.
1207 3774 1351 3846 Quamvis
1374 3780 1484 3852 autem,
1507 3780 1540 3835 ut
1561 3789 1617 3834 su·
1665 3745 1726 3884 {32
1744 3743 1779 3797 αδ
1794 3744 1840 3795 ω’
1859 3743 1938 3796 burt

247 3876 354 3956 perias
388 3873 579 3936 observatum
609 3883 668 3951 est,
690 3874 797 3938 eadem
827 3874 1019 3937 confirmandi
1048 3873 1158 3937 calices
1186 3875 1264 3935 ratio
1293 3872 1438 3936 lacobitis
1465 3871 1617 3935 familiaris
1627 3851 1646 3902 Ρ
1647 3870 1653 3883 “
1727 3840 1775 3883 ’θ’
1791 3848 1841 3898 '⁶⁹'

248 3974 300 4046 sit,
324 3979 356 4033 ut
378 3992 419 4036 ex
440 3974 532 4037 variis
554 3974 718 4038 autoribus
740 3974 898 4056 probatum
920 3981 985 4053 est,
1008 3976 1095 4037 unius
1119 3982 1218 4036 tamen
1248 3973 1349 4037 calicis
1379 3973 1490 4036 mentio
1518 3972 1618 4035 estin

249 4074 448 4150 orationibus,
471 4083 501 4137 et
523 4076 553 4137 in
575 4067 720 4139 rubricis:
744 4074 824 4156 quia,
848 4073 1053 4137 utverisimile
1078 4082 1134 4151 est,
1158 4072 1280 4136 duovel
1302 4074 1417 4155 plures,
1441 4073 1525 4154 quasi
1540 4089 1616 4134 unus

251 4180 282 4234 et
304 4172 384 4235 idem
406 4173 498 4237 habiti
520 4182 603 4238 sunt:
626 4193 726 4256 neque
754 4176 785 4237 in
808 4173 1010 4237 Orientalibus
1039 4171 1204 4255 Theologis
1235 4181 1285 4236 aut
1312 4172 1430 4235 Rituum
1458 4172 1618 4252 Interpre-

251 4272 331 4333 tibus
355 4275 488 4336 occurrit
510 4275 682 4357 quidquam,
704 4274 783 4338 unde
806 4292 866 4336 uno
891 4272 984 4336 calice
1012 4282 1161 4355 excepto,
1184 4272 1319 4354 reliquos
1342 4273 1430 4335 aliter
1452 4290 1538 4353 quam
1561 4288 1618 4352 per

248 4370 434 4436 refusionem
456 4380 487 4436 et
509 4392 616 4437 sacrae
638 4373 803 4457 particulae
826 4375 1037 4437 immissionem
1061 4380 1256 4436 consecratos
1279 4391 1349 4435 esso
1373 4376 1526 4454 appareat.

795 4650 935 4722 Sursum
962 4650 1078 4721 eorda.
1667 4641 1694 4693 Ρ.
1714 4641 1774 4693 131.
1792 4641 1809 4693 t.
1828 4643 1853 4692 s.
1890 4684 1899 4699 .

339 4841 404 4919 Hic
433 4856 538 4937 incipit
566 4854 729 4937 Amphora
757 4855 881 4936 proprie
912 4854 1006 4934 dicta,
1042 4873 1097 4917 seu
1126 4853 1215 4916 Actio
1245 4869 1339 4914 sacru
1366 4857 1397 4913 et
1418 4842 1618 4935 προςκομίδη

249 4953 384 5036 Oblatio,
408 4958 486 5019 sicut
510 4954 678 5037 appellatur
699 4955 729 5017 in
752 4954 899 5018 Basiliana
922 4955 1015 5035 prima
1038 4953 1173 5032 Graeca,
1200 4958 1232 5015 ut
1258 4954 1288 5013 in
1317 4949 1451 5032 Copticis
1480 4950 1617 5012 omnibus
1740 5020 1743 5031 Α

249 5055 488 5138 exemplaribus,
520 5056 572 5118 ubi
600 5072 681 5119 novo
710 5055 796 5119 titulo
827 5055 977 5121 scribitur.
1020 5039 1184 5165 liraqpopu
1213 5046 1273 5114 τοῦ
1302 5039 1394 5133 ἁγίου
1423 5042 1618 5115 Βασιλείου;

288 5190 400 5234 rammi
1361 5166 1410 5240 59
