4525 6034
761 616 811 692 llll
831 614 973 691 LINGUA
994 612 1165 692 cordon.
1529 608 1640 687 CXIX

269 806 425 895 conficta,
453 807 509 900 qui
543 802 763 895 existimabit,
796 804 825 875 is
861 801 903 873 de
928 800 1078 874 Plautina
1110 802 1280 894 Pseudo,
1315 812 1372 874 aut
1405 801 1638 899 Aristophanis

270 923 400 1020 Scytha
439 920 585 994 barbam
620 922 730 1016 potius
763 917 949 1008 videbitur,
985 941 1084 1014 quam
1117 919 1160 991 de
1195 920 1366 1016 disciplina
1400 918 1639 993 Ecclesiastico

270 1043 451 1132 cogitasse.
505 1036 624 1132 Neque
655 1039 758 1108 enim·
778 1045 828 1108 tot
859 1034 954 1108 molis
986 1032 1173 1107 conflictata
1207 1034 1362 1109 Ecclesia
1396 1035 1639 1129 Alexandrina,

271 1179 319 1228 ex
346 1178 411 1251 quo
438 1158 543 1248 gemit
574 1150 636 1225 sub
669 1151 986 1225 blubamedanorum
1021 1151 1215 1248 tyrannide,
1249 1175 1291 1225 eo
1325 1174 1431 1248 usque
1463 1155 1639 1248 impietatis

271 1283 330 1346 aut
355 1273 507 1346 inscitiae
532 1269 662 1361 dejecta
689 1279 760 1359 est,
795 1276 832 1339 ut
862 1266 959 1341 ludos
990 1266 1033 1340 de
1066 1290 1165 1341 sacra
1191 1269 1376 1365 Scriptura
1402 1279 1458 1340 aut
1483 1269 1639 1366 precibus

270 1385 577 1463 sacramentalibus
603 1383 745 1474 faceret
772 1394 829 1457 aut
855 1384 925 1457 lieri
951 1394 1137 1481 pateretur:
1174 1385 1262 1481 quod
1297 1384 1436 1457 lecisset
1462 1396 1583 1476 tamem
1610 1388 1639 1459 si

267 1505 417 1597 linguam
452 1502 614 1591 fictitiam,
648 1509 681 1572 ct
713 1499 756 1573 ab
787 1503 895 1597 impiis
930 1499 1150 1574 nebulonibus
1184 1524 1246 1599 per
1277 1506 1391 1593 otium,
1423 1501 1531 1597 (quod
1557 1524 1640 1575 sane

268 1622 456 1693 diutrunum
483 1629 516 1692 et
541 1620 760 1711 negociosum
787 1638 865 1690 esso
892 1615 1021 1709 debuit)
1043 1617 1230 1709 confictam,
1256 1620 1290 1690 in
1308 1641 1406 1691 saera
1434 1618 1549 1692 Officia
1575 1641 1640 1691 ac-

270 1741 437 1834 cepisset:
464 1745 520 1808 aut
545 1733 723 1806 barbaram
749 1732 1109 1831 Liby-Aegyptiorum
1138 1733 1354 1829 quorumdam
1381 1735 1537 1827 linguam.

376 1852 455 1925 Non
493 1855 575 1925 satis
613 1848 861 1948 perpenderunt
898 1850 1015 1923 eruditi
1048 1852 1134 1941 viri,
1179 1861 1299 1946 quanta
1340 1851 1548 1924 incommoda
1596 1876 1642 1925 ex
1678 1857 1900 1919 Ouaunabsuma
1917 1879 1964 1913 se·

271 1994 389 2045 eorum
416 1970 572 2065 opinione
607 1976 836 2056 nascerentur,
872 1977 993 2062 quanta
1028 1966 1172 2039 absurda
1207 1977 1241 2038 et
1265 1962 1458 2042 ἀσύστατα.
1510 1967 1640 2062 Lingua
1653 1953 1772 2084 ‘'iffi‘’
1785 1964 1816 1999 ⁰¹
1835 1948 1884 2000 “¹¹³
1902 1950 1963 2016 ⁰9³·

271 2091 360 2162 enim
388 2085 456 2174 illa,
484 2107 582 2180 quam
608 2082 692 2155 alter
718 2105 779 2180 per
805 2086 905 2155 odam
932 2082 1126 2156 confictam:
1155 2083 1239 2155 alten
1265 2082 1460 2158 exbarbari
1476 2086 1640 2157 sermonis
1774 2073 1781 2085 ⁰

272 2202 466 2276 colluvione
500 2210 609 2272 nomm
637 2202 815 2290 existimat,
848 2208 904 2271 aut
937 2206 1115 2271 notuerat
1144 2201 1324 2297 Aegyptiis
1352 2200 1559 2291 Christianis,
1586 2210 1643 2273 aut

270 2321 452 2412 incognita.
505 2316 542 2389 Si
568 2326 661 2408 nota,
687 2320 850 2411 antiquior
877 2337 1015 2413 prorsus
1041 2313 1113 2406 fuit,
1141 2339 1240 2411 quam
1273 2320 1467 2390 existimare
1493 2341 1556 2391 nos
1580 2321 1642 2411 ju-

270 2434 363 2507 bent.
416 2434 454 2506 Si
481 2436 649 2526 incognita
686 2440 719 2504 et
744 2455 856 2520 nova,
893 2455 957 2527 qua
984 2434 1114 2504 natione
1140 2434 1174 2504 in
1200 2441 1248 2504 tot
1273 2432 1377 2506 libros
1404 2457 1522 2508 sacros
1549 2437 1641 2506 irre·

270 2555 391 2650 pserit‚
417 2550 589 2646 explicare
615 2570 714 2621 nemo
741 2559 864 2646 potest,
892 2571 967 2621 cum
994 2548 1099 2623 simile
1113 2549 1350 2645 exemplumin
1365 2548 1503 2623 historia
1519 2550 1643 2623 nullum

272 2678 376 2740 extet
431 2665 607 2754 Quomodo
635 2664 747 2737 doceri
781 2688 854 2737 enm
881 2665 1025 2758 linguam
1059 2675 1214 2761 poterant
1239 2667 1400 2764 Aegyptii
1433 2678 1509 2739 ante
1537 2691 1644 2742 annos

271 2784 405 2853 circiter
432 2786 643 2877 quingentos,
671 2780 756 2853 adeo
783 2791 819 2852 ut
843 2780 941 2853 brevi
968 2785 1128 2878 temporis
1155 2781 1331 2855 intervallo
1358 2784 1552 2880 Scripturas
1578 2811 1643 2859 sa-

271 2920 352 2969 crae
378 2897 482 2971 libros
504 2919 632 2991 omnes,
660 2907 694 2968 ct
710 2895 824 2968 Officia
851 2920 949 2970 sacra
976 2900 1009 2969 in
1036 2920 1110 2970 eam
1137 2908 1320 2987 verterent,
1348 2898 1436 2996 quod
1461 2923 1482 2971 a
1508 2900 1643 2974 medio-

271 3018 374 3086 criter
400 3017 515 3112 peritis
532 3016 713 3110 praestari
749 3012 954 3109 impossibile
986 3013 1079 3087 fuit?
1100 3015 1152 3087 -At
1178 3026 1292 3087 contra
1320 3037 1459 3111 prorsus
1494 3042 1514 3088 a
1542 3019 1643 3110 quin-

269 3134 381 3223 gentis
408 3140 443 3203 et
466 3131 614 3227 pluribus
642 3133 750 3218 aunis¹
772 3128 911 3226 Coptica
937 3130 1049 3223 lingua
1075 3152 1143 3203 non
1169 3134 1232 3204 nisi
1253 3131 1360 3205 studio
1388 3131 1536 3223 discitum
1558 3131 1644 3204 adoo

271 3258 309 3319 ut
335 3258 413 3320 turno
441 3246 636 3335 Glossams,
665 3244 886 3341 subsidiisque
907 3247 979 3318 aliis
995 3245 1226 3319 Grammaticis
1254 3247 1457 3320 Sacerdotes
1479 3251 1541 3345 ipsi
1559 3271 1644 3344 opus
1701 3254 1703 3259 '

271 3360 460 3452 habuerint
487 3363 529 3434 ad
555 3361 768 3455 intelligenda
796 3385 882 3458 quae
909 3364 1026 3434 eadem
1052 3362 1164 3456 lingua
1192 3366 1315 3461 scripta
1343 3374 1447 3435 erant.

377 3479 492 3552 Vossii
530 3503 617 3551 vero
644 3481 835 3571 conjectura
862 3482 1065 3577 ineptissima
1098 3488 1169 3569 est,
1202 3480 1332 3576 quando
1369 3480 1499 3576 quidem
1529 3481 1643 3579 Liby·
1671 3480 1883 3581 ‘bila-bast'elii
1900 3483 1966 3536 Vm·

271 3597 436 3693 Aegpptii
464 3605 497 3667 et
522 3594 770 3693 Liby-Arabes
805 3594 849 3667 illi
876 3599 943 3685 sui,
977 3598 1031 3692 qui
1062 3598 1131 3688 jam
1167 3596 1244 3668 nulli
1271 3607 1382 3687 erant,
1410 3621 1483 3669 cum
1509 3584 1720 3675 Arabes⁸¹⁸¹¹¹
1734 3568 1797 3620 '¹⁰¹¹'
1815 3576 1966 3655 ΨΜ·

272 3723 376 3785 totam
403 3713 611 3809 Aegyptum,
636 3710 851 3807 Africamque
878 3714 1114 3785 conterminam
1140 3715 1208 3785 suis
1234 3713 1373 3786 coloniis
1399 3716 1445 3787 ita
1472 3737 1643 3812 occupas-

275 3838 361 3919 sent,
387 3837 423 3900 ut
449 3828 626 3921 indigenae
652 3830 716 3924 ipsi
742 3828 888 3921 linguam
918 3825 1048 3899 illorum
1075 3828 1285 3919 didicissent:
1317 3853 1385 3903 non
1418 3831 1513 3903 aliter
1546 3855 1643 3926 quam

273 3945 422 4021 Arabica
447 3943 675 4039 loquebantur.
728 3946 775 4021 At
807 3944 862 4016 illa
896 3942 1007 4035 lingua
1039 3947 1107 4037 Jam
1141 3944 1182 4017 ab
1219 3947 1310 4018 initio
1345 3945 1576 4020 Mubamedani
1611 3952 1643 4020 in

274 4048 437 4159 Aegypto
464 4062 615 4157 Imperii,
642 4060 792 4153 vulgaris
820 4070 892 4132 erat
919 4068 987 4131 toto
1014 4083 1142 4153 regno‚
1168 4084 1231 4132 nec
1259 4085 1331 4133 cam
1358 4087 1377 4133 a
1403 4061 1560 4136 Barbaris
1587 4064 1644 4136 di-

276 4200 376 4251 scere
407 4199 491 4274 opus
525 4185 607 4248 erat.
668 4180 766 4250 Ratio
799 4199 897 4272 quam
930 4176 1073 4249 Vossius
1107 4177 1289 4274 palmarem
1323 4179 1520 4271 arbitratur„
1556 4179 1645 4276 quod

276 4284 405 4368 seilicet
432 4293 596 4387 Coplieae
622 4293 757 4389 linquae
783 4314 902 4364 nomen
928 4314 997 4364 noa
1024 4297 1180 4365 extiterit
1206 4301 1385 4390 antequam
1411 4297 1549 4370 Arabes
1571 4318 1644 4391 po-

276 4416 422 4483 tirentur
447 4411 616 4505 Aegypto,
667 4411 750 4504 Ipsa
776 4413 855 4504 quin
882 4414 984 4481 etiam
1009 4414 1094 4482 satis
1112 4411 1150 4481 id
1168 4418 1311 4483 testatur
1330 4413 1445 4507 linquo
1461 4435 1549 4508 quoe
1572 4418 1646 4482 toto

276 4551 323 4599 cc
351 4528 487 4599 Graeco
515 4531 550 4595 et
575 4525 731 4598 Arabico
759 4530 907 4621 conflato
942 4534 993 4599 est
1017 4548 1188 4616 ammone,
1222 4551 1319 4623 quam
1346 4532 1452 4601 inanis
1478 4534 1521 4602 sit
1546 4528 1645 4601 facile

277 4642 529 4714 demonstratur.

381 4757 460 4830 Non
494 4759 603 4829 extitit
637 4768 714 4830 ante
749 4757 886 4832 Arabes
921 4759 1125 4856 Coptitarum
1161 4783 1299 4849 nomen,
1335 4760 1519 4856 quiaillud
1553 4775 1741 4834 meretum
1756 4779 1965 4834 tauromenum.

276 4873 458 4949 Arabicum
499 4882 552 4945 est
585 4897 631 4946 ex
666 4872 799 4946 Gracco
839 4885 1049 4971 corruptum,
1089 4877 1208 4949 detrita
1250 4876 1382 4950 Graeca
1416 4880 1646 4952 terminatione

278 5012 326 5061 ex
351 4986 519 5081 Γύπτιος,
545 5002 581 5064 ut
606 5015 652 5064 ex
666 4991 834 5088 Ῥωμαῖος
849 4993 998 5067 iecerunt
1023 4995 1149 5083 Ηοιιιιι,
1184 5016 1230 5066 ex
1264 4990 1427 5079 Ἰουδαῖος
1451 4995 1574 5087 debod,
1601 5020 1647 5068 ex

276 5105 428 5182 Francus
460 5111 595 5205 many,
622 5133 668 5182 ex
690 5108 796 5183 Persa
828 5112 934 5201 Fors,
962 5121 996 5183 et
1017 5110 1117 5184 multa
1142 5110 1278 5187 similia:
1306 5111 1366 5187 sed
1380 5110 1517 5186 extabat
1532 5113 1645 5206 lingua
