4525 6034
566 1095 1296 1278 DlSSllllTllTlO-

367 1432 1451 1553 DENESTORIANORUM

593 1679 1038 1778 Νιιιιιιιιιιι
1118 1677 1152 1771 s

274 1981 298 2054 1.
324 1953 531 2058 Inuruncms
559 1988 649 2069 tres,
676 2003 814 2075 quarum
842 2003 888 2054 ex
914 1971 1067 2079 Syriacis
1095 1981 1268 2055 codicibus
1299 1985 1493 2056 versionem
1530 1983 1596 2055 da-

222 2121 316 2191 mus,
342 2102 497 2196 proprias
525 2120 604 2171 csse
629 2096 923 2187 Nestorianorum,
950 2102 1006 2194 qui
1033 2096 1207 2172 Catholico
1235 2122 1393 2196 supremo
1419 2100 1506 2173 illius
1533 2123 1597 2175 se-

220 2224 296 2286 ctac
322 2212 535 2286 Patriarchae
562 2211 793 2304 snbjiciuntur,
828 2218 1014 2287 certissime
1046 2224 1189 2287 constat.
1242 2214 1320 2287 Illas
1347 2220 1435 2289 enim
1463 2217 1597 2291 descri-

221 2335 347 2428 psimus
379 2354 427 2402 ax
462 2329 642 2403 Codicibus
675 2334 926 2426 manuscriptis,
953 2334 1008 2425 qui
1031 2342 1107 2407 ,tam
1140 2333 1337 2428 perspicuas
1363 2342 1478 2405 sectae
1511 2333 1597 2407 illius

220 2459 319 2520 notas
338 2447 483 2536 babent,
509 2456 544 2518 ut
571 2446 613 2518 de
640 2446 705 2517 illis
732 2445 873 2519 dubitari
897 2469 966 2519 nou
992 2451 1110 2544 possit.
1163 2449 1333 2534 Attamen,
1359 2471 1435 2520 cum
1459 2424 1494 2519 ln
1523 2449 1597 2524 aliis

222 2564 344 2638 Officiis
371 2587 458 2658 quae
485 2585 532 2634 ex
559 2562 708 2653 Graeca,
733 2565 967 2660 Aegyptiaoa,
996 2575 1029 2636 et
1054 2564 1198 2660 Syriaca
1224 2565 1346 2657 linguis
1370 2567 1597 2661 interpretata,

220 2679 297 2753 huic
323 2680 514 2754 collectioni
539 2682 756 2770 inseruimus,
785 2679 921 2753 codices
949 2684 1100 2777 antiquos
1127 2679 1249 2753 multos
1283 2678 1514 2770 habuerimus,
1550 2704 1597 2755 ex

221 2797 340 2893 quibus
366 2806 479 2870 textus
506 2799 681 2868 sinceritas
715 2799 874 2888 agnosci,
909 2807 943 2868 et
975 2799 1009 2868 in
1043 2797 1127 2870 locis
1161 2795 1287 2891 aliquot
1318 2795 1501 2870 difficilibus
1535 2797 1596 2870 lux

222 2914 333 2986 afferri
359 2919 495 3008 posset,
520 2914 555 2983 in
581 2911 791 2984 Nestorianis
825 2914 990 2985 caruimus
1023 2913 1079 2985 tali
1113 2922 1247 3008 tamque
1277 2916 1474 2986 necessario
1507 2911 1595 2986 snb-

221 3030 315 3103 sidio.
368 3029 455 3102 Nam
480 3030 700 3101 recentissimi
732 3028 866 3101 fuerant
890 3028 956 3119 illi,
990 3050 1074 3124 quos
1106 3027 1354 3125 interpretando
1390 3031 1497 3102 secuti
1530 3051 1594 3102 su-

220 3169 313 3234 mus,
341 3169 387 3218 ex
415 3144 533 3241 quibus
566 3167 669 3234 uuus,
690 3149 760 3240 ,qui
791 3144 893 3242 paulo
929 3146 1003 3241 plus
1038 3148 1216 3221 vetustatis
1249 3143 1375 3217 habere
1405 3144 1595 3233 videbatur,

219 3261 376 3358 foliorum
402 3262 579 3334 multorum
601 3265 768 3354 jacturam
794 3265 1011 3351 sustinuerat,
1044 3285 1130 3357 quae
1157 3261 1308 3359 suppleta
1337 3269 1431 3332 erant
1455 3263 1597 3351 recenti,

220 3402 283 3451 nec
308 3379 398 3453 bona
418 3400 528 3451 manu.
581 3378 678 3452 Alias
696 3381 865 3451 recentior
879 3382 1021 3475 scriptus
1036 3378 1098 3451 luit
1112 3379 1243 3452 Romae
1258 3399 1346 3449 auno
1358 3374 1594 3450 MDCXCVH.

220 3520 241 3568 a
267 3494 417 3592 losepbo
445 3494 611 3590 quondam
636 3493 830 3567 Patriarcba
857 3493 1116 3582 Chaldaeorum,
1145 3499 1202 3591 qui
1227 3518 1247 3567 a
1274 3498 1343 3569 suis
1370 3494 1503 3590 pulsus,
1529 3492 1597 3566 illic

220 3612 308 3684 diem
335 3634 429 3685 suum
458 3610 548 3684 obiit
601 3611 634 3684 ls
661 3621 769 3683 autern
798 3603 910 3684 codex
936 3613 1054 3684 mirum
1081 3614 1113 3683 in
1142 3612 1276 3686 modum
1293 3612 1511 3707 interpolatus
1532 3620 1594 3699 est,

219 3751 294 3800 cum
322 3728 364 3801 ad
390 3726 538 3801 Missalis
567 3725 740 3800 Chaldaici
764 3727 895 3800 Romae
922 3728 1001 3800 editi
1026 3728 1186 3817 formam,
1213 3732 1357 3825 scriptor
1388 3727 1482 3825 plura
1514 3750 1594 3799 mu-

1661 1981 1793 2055 Litnrgiae
1816 2001 1923 2056 quarm

1627 2072 1716 2151 versic
1742 2088 1810 2124 nune
1835 2075 1923 2143 prodit

1627 2159 1750 2225 propriae
1786 2158 1922 2215 Nestoriu-

1627 2256 1719 2297 norum
1736 2251 1805 2303 sunt

218 3847 357 3933 taverit,
392 3854 429 3916 ut
460 3855 581 3939 postea
614 3841 880 3916 observabimus.
941 3844 979 3916 ln
1005 3848 1108 3919 variis
1144 3867 1277 3941 quoque
1312 3844 1416 3935 locis,
1455 3842 1594 3936 alicujus
1717 3837 1719 3841 ⁴

217 3984 298 4034 usus
324 3961 385 4034 fuit
410 3960 538 4034 Missae
565 3958 830 4032 Christianorum
856 3960 944 4054 apud
970 3961 1071 4035 Indos
1097 3960 1218 4034 Latina
1243 3962 1377 4050 versio,
1411 3983 1498 4056 quae
1529 3960 1594 4032 lti-

217 4081 351 4150 ncrario
377 4077 613 4171 Historiaequs
638 4074 810 4149 Missionis
835 4075 1246 4171 Angamalensissdlexii
1279 4077 1422 4152 Menesii
1449 4075 1594 4149 Goensis

217 4194 476 4290 Arcbiepiscopi
502 4192 695 4285 subjuncta,
722 4194 756 4264 in
781 4189 1023 4266 Bibliothecam
1049 4195 1185 4266 Petrum
1212 4194 1374 4267 translata
1406 4203 1468 4267 est.
1520 4192 1594 4265 Etsi

217 4332 304 4383 vcro
329 4310 440 4382 multis
466 4310 642 4406 praesidiis
669 4309 832 4396 destituti,
864 4308 1004 4381 formam
1032 4320 1143 4381 tamen
1169 4308 1395 4382 Nsstorianac
1420 4308 1593 4402 Liturgiae

216 4449 334 4500 veram
360 4447 424 4498 uos
451 4424 598 4514 habere,
625 4428 725 4498 certis
752 4427 956 4516 argumentis
984 4424 1206 4498 demonstrari
1233 4429 1469 4500 existimamus.

320 4543 362 4615 ll.
414 4542 500 4615 Tres
526 4541 650 4615 babeat
676 4543 852 4637 antiquitus
878 4539 1047 4633 liturgias
1073 4541 1286 4629 Nestoriani,
1322 4563 1383 4613 seu
1418 4539 1591 4632 Chaldaei,

1630 4558 1692 4612 Tres
1702 4559 1771 4630 apud
1781 4560 1914 4617 Nestoris·
2049 4565 2055 4574 “

217 4670 253 4731 ut
279 4657 321 4732 ab
350 4657 422 4732 aliis
449 4657 673 4754 appellantur:
699 4660 764 4753 ipsi
788 4678 874 4729 vero
904 4656 1110 4731 Christianos
1139 4657 1327 4730 Orientales
1355 4680 1394 4731 se
1426 4655 1653 4731 lubentius¹¹⁰⁵
1671 4645 1811 4719 liturgiae.

218 4774 403 4871 appellant,
429 4784 465 4848 ut
498 4798 544 4847 ex
580 4773 750 4848 autoribus
784 4773 932 4865 ejusdem
965 4784 1079 4847 sectae
1122 4773 1199 4846 alibi
1232 4771 1457 4870 probabimus.
1509 4773 1595 4846 Sunt

219 4901 329 4965 autem
354 4892 401 4964 illi
427 4891 591 4989 Syrorum
619 4900 770 4963 veterum
789 4889 1051 4963 Christianorum
1077 4889 1255 4987 reliquiae,
1283 4892 1339 4986 qui
1353 4899 1432 4985 post
1446 4889 1590 4963 damua-

216 5019 286 5080 tnm
311 5011 345 5079 in
371 5005 539 5104 Ephesina
566 5008 708 5105 Synodo
734 5006 944 5096 Nestorium,
969 5007 1057 5104 pulsi
1082 5006 1215 5099 legibus
1231 5007 1410 5096 Romanis,
1438 5016 1472 5078 et
1497 5028 1589 5102 qaro-

219 5124 395 5199 dammodo
411 5127 599 5222 proscripti,
625 5129 659 5197 in
684 5125 958 5221 Mesopotamiam
974 5147 1013 5201 se
1027 5136 1242 5223 receperunt,
1269 5147 1356 5224 quas
1373 5148 1393 5197 a
1408 5124 1589 5199 Persarum
