4525 6034
657 536 706 609 iv
1088 536 1597 616 DISSERTATIO

659 724 921 799 sacramentales
948 725 1112 820 Syrorum
1139 721 1389 797 Edessenorum
1425 731 1459 795 et
1492 721 1748 814 Nisibenam,
1784 732 1862 796 ante
1894 726 2027 799 scissam

657 861 721 935 per
746 837 969 912 Nestorianos
996 849 1030 911 et
1055 837 1228 911 Jacobitas
1255 837 1445 911 Ecclesiam
1470 836 1551 909 nulli
1579 837 1700 909 dudum
1728 848 1856 928 extant,
1881 842 1945 912 nisi
1967 845 2030 914 sint

658 954 705 1026 illi
731 955 850 1049 quibus
878 979 899 1028 a
925 952 1035 1027 multis
1062 953 1206 1028 saeculis
1232 953 1425 1026 Nestoriani
1451 962 1602 1045 utuntur,
1637 952 1727 1048 quod
1752 955 2030 1029 verisimilitudine

658 1093 726 1142 non
753 1081 856 1143 caret.
882 1069 969 1141 Nam
994 1068 1189 1160 Jacobitae,
1221 1080 1257 1141 ut
1291 1072 1392 1140 etiam
1417 1068 1597 1142 Melchitae
1632 1073 1706 1142 sive
1734 1068 1943 1163 orthodoxi,
1964 1073 2030 1145 la-

659 1183 736 1257 cobi
761 1185 946 1278 Liturgiam
972 1184 1123 1257 eamdem
1149 1193 1319 1278 usurpant.
1344 1184 1413 1271 Isti,
1441 1206 1515 1256 cum
1547 1182 1726 1257 Ecclesiae
1758 1184 1913 1258 Graecae
1939 1187 2032 1260 iidem

660 1310 892 1395 sequerentur,
915 1310 949 1372 et
965 1298 1179 1372 Antiocheno
1200 1296 1416 1370 Patriarcbae
1443 1298 1586 1390 subjecti
1600 1309 1726 1389 essent,
1751 1309 1788 1371 nt
1813 1312 1889 1372 sunt
1915 1307 2034 1376 etiam-

660 1437 748 1503 num,
776 1416 970 1511 plerumque
997 1436 1125 1507 graece
1156 1435 1257 1487 sacra
1284 1411 1514 1485 celebrabant:
1543 1423 1643 1506 atque
1670 1413 1755 1486 adeo
1781 1413 1860 1486 nibil
1886 1416 1969 1510 quod
1996 1418 2037 1489 ad

660 1541 813 1603 veterem
845 1531 1024 1603 Ecclesiae
1050 1529 1216 1624 Syriacae
1242 1526 1451 1622 disciplinam
1476 1527 1705 1601 illustrandam
1732 1528 1889 1602 conferre
1914 1542 2037 1627 posset,

662 1643 705 1718 ab
731 1645 796 1718 illis
822 1643 883 1717 init
908 1643 1164 1742 expectandum.
1199 1641 1376 1714 Jacobitae
1406 1665 1545 1715 numero
1579 1653 1614 1716 et
1640 1647 1815 1716 autoritate
1840 1643 1944 1739 lpuge
1968 1671 2030 1723 su-

660 1763 826 1856 periores,
851 1770 987 1855 praeter
1020 1758 1207 1852 Liturgiam
1242 1757 1362 1831 Jacobi
1395 1757 1539 1856 Syram,
1572 1757 1692 1832 multas
1725 1757 1868 1851 babent,
1902 1784 2034 1857 0111011

659 1878 722 1946 vix
746 1875 814 1946 ulla
839 1877 1040 1970 antiquitatis
1067 1884 1177 1948 certas
1203 1884 1302 1947 notas
1327 1871 1487 1969 praefert.
1514 1872 1635 1969 Neque
1662 1878 1750 1947 enim
1771 1878 1859 1948 ratio
1886 1875 2032 1950 habenda

659 2000 713 2063 est
737 1993 918 2063 testimonii
943 1988 1201 2081 Maronitarum,
1235 1991 1291 2084 qui
1322 1989 1436 2084 plures
1470 1989 1601 2062 illarum
1631 1998 1788 2085 tanquam
1820 1994 1890 2066 suis
1916 1997 2027 2086 genti-

659 2103 745 2178 libus
771 2108 927 2201 proprias
954 2129 975 2177 1
1006 2113 1174 2179 vetustate
1206 2104 1457 2177 commendant:
1492 2109 1587 2199 quasi
1620 2104 1696 2177 illas
1735 2129 1810 2178 cum
1836 2107 2027 2185 Ortbodoxa

660 2221 825 2313 religione
852 2244 874 2293 a
900 2219 1037 2294 saeculo
1064 2229 1164 2293 sexto
1192 2221 1414 2293 servaverint
1441 2219 1501 2291 Illa
1528 2222 1616 2291 enim
1642 2219 1685 2290 de
1710 2220 1886 2294 Maronitis
1919 2229 2027 2319 opinio

660 2338 794 2432 pietatis
820 2334 952 2429 quidem
978 2356 1062 2427 erga
1087 2336 1236 2426 maiores
1262 2355 1344 2407 suos
1369 2334 1503 2407 laudem
1528 2345 1692 2407 meretur:
1714 2346 1749 2408 at
1777 2349 1942 2432 repugnat
1965 2362 2030 2414 non

662 2449 869 2522 Graecorum
896 2449 996 2522 modo
1024 2459 1059 2521 et
1083 2448 1291 2539 Latinorum,
1318 2449 1379 2522 sed
1407 2449 1623 2522 Orientalium
1658 2454 1803 2523 omnium
1829 2455 2031 2545 testimoniis,

661 2586 800 2659 qnorum
827 2563 945 2654 iidem,
977 2567 1160 2661 praecipue
1185 2563 1348 2636 Willelmi
1381 2565 1478 2661 Tyrii
1511 2564 1635 2638 frustra
1667 2566 1805 2638 elevare
1830 2571 2032 2653 recentiores

582 2674 590 2687 ³
660 2681 849 2753 Maronitas
875 2683 988 2751 conati
1015 2691 1099 2753 sunt
1141 2679 1264 2753 Nullae
1295 2679 1450 2773 legumtur
1476 2685 1511 2751 in
1546 2681 1717 2753 codicibus
1748 2680 1849 2755 MSS.
1882 2682 2033 2755 Maroni-

660 2803 767 2867 tarum
793 2798 951 2890 propriae
968 2794 1154 2887 Liturgias,
1181 2805 1216 2866 et
1241 2795 1319 2866 illae
1346 2817 1483 2891 quarum
1509 2795 1647 2887 longum
1669 2796 1811 2867 indicem
1828 2794 2033 2870 Abrabamus

613 2998 617 3009 Ι
659 2908 869 2983 Ecbellensis
900 2910 1006 3001 dedit,
1046 2908 1276 2983 Jacobitarum
1314 2921 1408 3000 sunt,
1452 2921 1508 2982 aut
1540 2910 1636 2984 falsis
1675 2910 1774 2984 titrulis
1808 2914 2032 3005 insigniuntur,

368 3724 528 3779 Ecbellensis
542 3724 604 3795 quid
613 3724 646 3776 de

333 3806 384 3860 illis
402 3812 542 3876 scripserit.

369 3895 438 3946 Notis
456 3896 493 3948 ad
508 3896 648 3961 Mededjecu

331 3997 359 4048 p.
376 3981 440 4034 235.

661 3023 752 3119 quod
778 3048 825 3097 ex
850 3029 930 3126 ipsis
958 3036 1111 3098 autorum
1138 3027 1257 3120 quibus
1284 3026 1501 3098 attribuuntur
1526 3026 1713 3100 nominibus
1732 3031 1947 3123 perspicuum
1972 3037 2032 3116 est,

661 3141 806 3235 quaein
833 3141 1011 3213 editionem
1038 3140 1228 3213 Romanam
1254 3142 1438 3235 aliquarum
1465 3143 1643 3237 irrepsisse
1676 3144 1758 3214 satis
1790 3144 1906 3213 mnirari
1939 3163 2032 3213 nemo

660 3256 782 3349 possit,
808 3253 865 3327 ubi
898 3260 998 3327 etiam
1029 3258 1270 3350 inauspicatum
1305 3256 1383 3329 illud
1409 3257 1612 3345 Barsomae,
1647 3256 1857 3328 anathemate
1890 3256 2033 3329 Celebe-

661 3369 819 3443 donensis
847 3367 989 3443 Concilii
1016 3371 1152 3460 confixi,
1185 3374 1220 3442 in
1246 3369 1440 3467 Diptpchis,
1471 3369 1565 3442 velut
1591 3374 1695 3443 sancti
1721 3371 1853 3463 legitur.
1907 3372 2033 3467 Nempe

660 3486 735 3578 qnia
761 3484 988 3559 dacobitarum
1015 3487 1151 3560 codices
1179 3496 1286 3575 erant,
1314 3507 1397 3581 quos
1412 3484 1602 3557 Maronitas
1628 3489 1698 3561 suis
1724 3485 1913 3558 bominibus
1939 3490 2033 3559 attri-

658 3597 770 3672 buunt

763 3712 821 3786 Vl.
848 3713 938 3785 Inter
964 3736 1024 3788 eos
1050 3717 1197 3787 maxime
1230 3713 1375 3787 celebris
1409 3713 1581 3786 Abrabam
1605 3713 1834 3805 Ecbellensis,
1870 3715 2033 3809 quinqua-

661 3834 756 3923 ginta
782 3841 816 3902 et
842 3830 982 3926 amplius
1008 3828 1178 3921 Liturgias
1205 3829 1292 3924 apud
1318 3828 1430 3923 Syros
1464 3832 1617 3901 extitisse
1644 3828 1775 3921 scribit,
1807 3851 1948 3923 quartum
1973 3830 2032 3899 111·-

659 3949 752 4039 ginta
792 3956 826 4017 et
857 3968 923 4017 una
963 3942 1189 4016 tantummodo
1232 3954 1468 4037 superessent,
1505 3965 1588 4037 quas
1621 3942 1685 4016 boc
1719 3943 1837 4016 ordine
1870 3951 2032 4016 recenset

660 4063 762 4157 Xysti
787 4060 914 4155 Papae,
940 4060 1080 4131 Joannis
1096 4058 1343 4152 Chrysostomi,
1369 4057 1508 4129 loannis
1530 4057 1786 4149 Evangelistae:
1813 4057 1922 4131 Petri:
1948 4058 2033 4129 11110-

661 4176 769 4248 decim
794 4174 1051 4269 Apostolorum:
1077 4175 1235 4267 Dionysii
1260 4172 1508 4267 Areopagitae:
1537 4170 1656 4268 Cprilli
1676 4172 1917 4247 Alexandrini:
1943 4172 2033 4244 Mat-

659 4291 748 4362 thaei
773 4289 942 4361 Pastoris:
968 4289 1110 4360 loannis
1136 4286 1350 4360 Patriarcbae
1385 4298 1611 4379 cognomento
1639 4284 1826 4360 Earsusan:
1859 4286 2032 4360 Eustatbii:

659 4404 812 4476 Marutae
839 4402 1048 4475 Takritensis
1074 4401 1332 4496 Metropolitae:
1359 4400 1394 4472 S.
1422 4401 1543 4473 Jacobi
1568 4400 1679 4475 fratris
1697 4404 1850 4475 Domini:
1876 4402 1913 4475 S.
1932 4402 2032 4474 Marci
2058 4434 2063 4441 -

659 4516 918 4610 Evangelistae:
946 4516 1038 4587 Petri
1064 4516 1168 4587 altera
1195 4537 1269 4587 cmm
1297 4514 1442 4610 epitheto
1468 4517 1584 4612 Papae
1609 4515 1764 4588 Romani.
1790 4517 1931 4589 Praeter
1956 4520 2033 4589 istas

664 4655 748 4728 quas
776 4641 896 4703 extare
923 4632 1018 4723 dicit,
1050 4641 1084 4702 et
1118 4630 1196 4703 illae
1229 4629 1339 4702 editae
1374 4641 1451 4703 sunt
1475 4634 1509 4702 in
1544 4631 1673 4706 Missali
1700 4630 1882 4704 chaldaico
1908 4631 2033 4703 Romae

663 4771 807 4836 excuso,
835 4758 1015 4842 sequentes
1041 4756 1209 4817 numerat:
1236 4745 1375 4819 loannis
1402 4746 1553 4820 Maronis
1580 4745 1794 4820 Patriarcbae
1825 4745 2033 4833 Antioobeni,

663 4885 762 4957 1111110
798 4884 837 4935 se
869 4862 1026 4936 babuisse
1058 4871 1217 4935 testatur:
1252 4862 1387 4936 Basilii:
1422 4862 1608 4935 Duodecim
1639 4860 1881 4957 Apostolorum
1916 4861 2031 4933 altera:

663 4977 742 5049 Julii
768 4977 901 5072 Papae:
927 4975 1049 5050 Jacobi
1075 4974 1279 5051 Nisibensis:
1308 4976 1468 5071 Gregorii
1493 4976 1678 5069 Theologi:
1705 4976 1812 5052 Mosis
1829 4975 2031 5071 Bareepbae,
