4525 6034
695 587 772 662 208
1162 586 1597 665 COMMENTARIUS

688 763 734 836 Ἡ
750 766 786 834 ἐκ
806 768 871 834 τῶν
898 768 1044 860 σεραφὶμ
1068 766 1225 854 θεολογία
1255 791 1272 834 a
1302 771 1417 854 Cyrillo
1445 771 1717 853 Hierosolymitano
1746 781 1777 835 et
1804 763 1961 856 τριςάγιος
1986 772 2043 837 τῶν

407 894 464 963 Cpr.
484 893 554 947 cap,
565 894 638 962 yyy„
653 897 679 946 5.
694 869 837 958 σεραφὶμ
861 860 960 950 ὕμνος
982 872 1019 934 ab
1043 870 1157 934 Aratha
1179 873 1211 935 in
1232 891 1299 954 cap.
1324 871 1351 934 l.
1374 872 1616 953 Apocalypseos.
1660 874 1707 936 Dc
1729 893 1767 936 eo
1791 872 1909 936 videndi
1931 872 2046 938 Germa·

370 980 476 1034 sacto.
490 1001 517 1051 p.
537 983 598 1034 135.
693 990 750 1033 nus
779 971 973 1050 Patriarcha,
1003 971 1175 1049 Cabasilas,
1206 973 1338 1052 Symeon
1368 972 1663 1050 Thessalonicensis,
1694 973 1821 1035 Goarius
1850 974 1880 1034 in
1909 973 1988 1036 Nolis
2014 975 2047 1040 ad

388 1066 526 1137 nmmdp.
543 1068 585 1122 ¹⁰·
596 1078 679 1136 etseq.
692 1070 911 1153 Euchologium
934 1079 965 1133 et
986 1071 1146 1136 hisnardus
1170 1071 1207 1132 ad
1231 1071 1502 1134 Sacramentarium
1530 1072 1679 1154 Gregorii.
1733 1072 1793 1135 Sed
1824 1071 1899 1134 haec
1927 1072 2046 1136 Graecos

693 1178 849 1250 spectant,
880 1171 948 1252 Syri
978 1178 1036 1233 tam
1058 1170 1231 1245 lacohitae,
1262 1189 1349 1252 quarn
1377 1169 1552 1234 Nestoriani
1587 1179 1619 1233 et
1639 1171 1817 1249 helchiae,
1849 1170 1996 1252 Coptitae,
2020 1180 2047 1235 et

693 1269 864 1334 Orientales
888 1269 1006 1333 tandem
1030 1288 1152 1346 omnes,
1175 1270 1251 1333 duos
1274 1279 1386 1334 tantum
1408 1270 1536 1351 hymnos
1558 1288 1613 1332 seu
1641 1273 1913 1351 commotiones,
1940 1280 1971 1333 ut
1995 1290 2047 1333 vo-

693 1376 779 1447 cant,
811 1376 998 1450 agnoscunt,
1040 1371 1129 1432 istum
1159 1371 1210 1449 qui
1240 1370 1412 1451 sinpliciter
1443 1370 1575 1433 Sanctus
1602 1368 1709 1433 dicitur
1742 1391 1759 1434 a
1786 1372 1880 1452 prima
1910 1388 1999 1450 voce,
2020 1380 2048 1433 et

693 1469 859 1548 ilmopium
881 1470 1005 1551 propria
1027 1470 1152 1534 dietum.
1194 1469 1394 1533 Cheruhicum
1416 1488 1478 1533 non
1500 1468 1627 1532 habent:
1651 1471 1755 1533 Gloria
1776 1473 1808 1533 in
1830 1471 1973 1546 exoche,
1995 1488 2048 1531 non

693 1568 761 1631 alibi
783 1570 923 1650 quamin
953 1570 1096 1650 precibus
1125 1577 1212 1634 extra
1241 1569 1421 1653 Liturgiam,
1451 1571 1582 1632 recitare
1611 1570 1721 1635 solent.
1772 1570 1872 1633 Alium
1900 1587 1973 1632 vero
2001 1563 2048 1651 'qui

690 1669 815 1750 proprie
847 1657 1018 1753 Τριςᾶγιος
1040 1669 1228 1750 appellatur,
1259 1669 1362 1732 dicunt
1390 1670 1461 1750 Syri
1488 1677 1557 1733 ante
1586 1669 1824 1751 praelationem
1854 1670 1972 1751 quidam
1995 1688 2050 1732 non

689 1768 746 1830 nisi
770 1775 838 1849 post
860 1768 969 1831 lectum
991 1768 1198 1850 Evangelium.
1243 1768 1277 1831 ln
1300 1767 1399 1832 oliioio
1423 1769 1566 1850 Coptico,
1590 1790 1630 1832 ex
1653 1789 1713 1851 quo
1737 1770 1945 1850 excerpsimus
1962 1771 2049 1832 omnia

690 1866 784 1931 ferme
808 1866 986 1949 disciplinae
1009 1870 1118 1950 capita,
1143 1870 1273 1949 quaein
1296 1869 1362 1932 aliis
1385 1868 1540 1932 codicibus
1562 1888 1622 1932 uon
1642 1873 1846 1952 reperiuntur,
1870 1877 2050 1949 praeceptum
2116 1929 2121 1938 ,

688 1967 875 2050 reperimus,
900 1975 933 2031 ut
954 1968 1009 2031 ille
1028 1968 1158 2049 hymnus
1182 1968 1297 2030 dicatur
1320 1975 1390 2030 ante
1421 1967 1611 2046 Orationem,
1642 1988 1731 2051 quam
1761 1969 1900 2050 proxime
1928 1969 2051 2048 sequitur

687 2066 847 2150 Evangelii
868 2068 970 2132 lectio.
994 2067 1027 2128 ln
1049 2086 1086 2130 ea
1114 2085 1189 2132 raro
1219 2066 1378 2146 disciplina
1407 2076 1576 2149 sequuntur
1604 2082 1672 2129 earn
1702 2087 1790 2148 quarn
1823 2068 1918 2131 blarei
1945 2069 2051 2129 Graeca

688 2165 824 2250 Liturgia
845 2166 1033 2247 praescrihit.
1078 2166 1154 2228 Nam
1184 2174 1253 2229 ante
1274 2166 1474 2251 Evangelium
1504 2167 1630 2245 lectum,
1661 2168 1760 2230 statim
1790 2175 1882 2250 atqua
1912 2166 2049 2231 Sacerdos

688 2268 901 2347 pronunciavit
924 2265 1115 2341 Orationem,
1140 2283 1217 2346 quae
1240 2266 1354 2329 idcirco
1377 2267 1507 2348 Trisagii
1530 2266 1716 2347 appellatum
1745 2276 1797 2342 (ea
1827 2286 1904 2330 vero
1925 2269 2050 2346 sequitur

687 2354 823 2440 Eieodov
842 2365 1003 2449 Evangelii
1024 2383 1080 2428 seu
1109 2365 1266 2428 solennem
1295 2366 1360 2447 ejus
1383 2366 1565 2442 illationem)
1588 2366 1697 2430 dicitur
1718 2376 1844 2430 coactus
1863 2366 1960 2441 Deras,
1981 2384 2050 2428 ιαπ-

688 2476 754 2529 ctos
780 2466 893 2546 fortas,
916 2471 1039 2526 sonaim
1068 2466 1264 2541 immortalis,
1293 2468 1434 2528 mismre
1462 2466 1559 2530 nobis.
1614 2464 1648 2528 ln
1677 2465 1809 2546 Coptiois
1838 2465 2051 2547 exemplaribus

620 2557 623 2574 ‘
686 2565 780 2647 vulgo
803 2580 865 2626 non
887 2565 1060 2645 assignatur
1081 2562 1129 2626 bic
1152 2562 1296 2644 Hymnus.
1343 2563 1417 2628 Cum
1447 2584 1522 2629 vero
1551 2567 1612 2629 duo
1640 2565 1682 2628 illi
1714 2565 1818 2646 hymni
1849 2573 1898 2628 ter
1927 2574 2051 2628 sanctum

688 2666 877 2743 contineant,
900 2663 938 2726 de
960 2671 1090 2743 utroque
1112 2662 1150 2725 ad
1173 2663 1252 2726 hunc
1274 2662 1374 2727 locum
1396 2664 1499 2728 dicere
1522 2665 1698 2728 distulimus.
1755 2725 1760 2740 ,

772 2763 821 2825 Dc
842 2764 939 2845 prirno
962 2762 1082 2843 quidem
1104 2762 1346 2841 observandum,
1369 2766 1522 2845 antiquum
1544 2765 1627 2828 illum
1650 2766 1773 2827 omnino
1796 2783 1886 2843 esse,
1916 2771 2001 2845 atque
2027 2764 2051 2825 si

686 2882 749 2928 non
771 2863 853 2926 illum
874 2864 988 2943 ipsum,
1010 2862 1117 2924 saltem
1140 2862 1206 2942 eJus
1230 2863 1360 2945 vestigia
1382 2881 1532 2945 apparere
1561 2866 1591 2927 in
1613 2864 1740 2928 vetustis
1768 2862 1954 2927 iudaeorum
1983 2881 2050 2944 pra-

687 2964 790 3042 cihus,
814 2981 955 3043 quarum,
979 2969 1012 3025 ut
1034 2960 1145 3025 eruditi
1167 2964 1280 3040 sciunt,
1310 2980 1425 3025 summa
1454 2971 1589 3028 vetustas
1612 2972 1677 3044 est,
1711 2971 1742 3026 et
1770 2964 1797 3025 si
1826 2982 1942 3044 paucas
1971 2964 2050 3025 exci-

686 3065 799 3145 pimus,
833 3062 970 3143 reliquae
1005 3083 1023 3124 e
1052 3061 1149 3123 veteri
1176 3060 1342 3145 synagoga
1376 3070 1520 3144 acceptae
1554 3072 1641 3142 sunt,
1675 3062 1752 3125 adeo
1785 3070 1819 3123 ut
1856 3082 1924 3126 cum
1956 3063 2048 3144 primis

687 3164 923 3228 Christianorum
945 3160 1087 3243 precibus
1110 3160 1240 3242 aliquam
1262 3161 1375 3224 hahere
1397 3171 1509 3242 queant
1531 3163 1714 3226 ahinitatena
1759 3162 1818 3225 lata
1842 3163 1936 3244 igitur
1952 3162 2047 3240 Δοξιν

687 3258 783 3345 ioyio
805 3261 908 3324 similis
931 3269 979 3324 est
1001 3261 1088 3323 alteri
1110 3278 1199 3341 quam
1221 3262 1251 3322 in
1279 3260 1413 3325 ludaicis
1439 3261 1605 3327 Ritualibus
1635 3263 1773 3348 legimns.
1817 3262 1928 3342 Arapeii
1955 3279 2047 3324 omnes

685 3365 826 3442 operiant
847 3380 904 3422 oro
926 3379 983 3421 saca
1004 3361 1036 3421 in
1057 3362 1219 3422 soawtiiote
1241 3368 1271 3422 et
1287 3362 1437 3440 punitate,
1460 3365 1580 3425 cantico
1602 3370 1632 3424 et
1652 3363 1760 3444 byrnno
1776 3361 1964 3436 beraedieanl,
1986 3362 2049 3421 lou·

686 3463 778 3535 dom,
802 3461 960 3534 extollunt,
982 3461 1187 3539 sanctificant,
1208 3459 1473 3541 sortibcdaiaemque
1494 3468 1525 3522 et
1544 3463 1704 3540 imperium
1725 3460 2051 3534 tribnamtnomiailici,

686 3562 769 3640 rapis
795 3560 911 3640 moeni,
939 3561 1087 3638 potastis,
1118 3558 1283 3636 terribilis,
1315 3563 1416 3621 sancti
1443 3562 1531 3624 iiiios.
1578 3560 1688 3622 Omnes
1715 3562 1748 3622 in
1781 3580 1815 3621 ae
1834 3563 1944 3639 jupam
1974 3559 2052 3638 rcpni

687 3660 839 3722 coeloram
860 3660 1042 3737 accipiam,
1064 3678 1142 3721 unus
1163 3658 1203 3718 oh
1226 3659 1340 3721 altero:
1363 3660 1493 3739 wntque
1509 3668 1689 3739 potestatem
1710 3660 1770 3721 sibi
1791 3662 1922 3721 inoiccan
1942 3658 2051 3719 soncti-

686 3760 801 3839 ficondi
820 3758 971 3837 lectoren
991 3777 1093 3832 mom,
1115 3758 1276 3838 tranquillo
1306 3761 1428 3839 spiritu,
1459 3759 1540 3821 lobio
1565 3779 1663 3839 paro,
1693 3767 1723 3821 et
1750 3760 1905 3837 voluptate
1933 3764 2049 3819 sermio:

687 3879 789 3920 omnes
810 3860 900 3920 onius
920 3859 1019 3920 iusim
1039 3859 1237 3937 respondent,
1261 3877 1329 3920 cam
1350 3866 1469 3920 terrore
1492 3866 1521 3920 ct
1542 3878 1610 3921 oum
1636 3860 1742 3920 timore
1771 3860 1893 3921 dionant:
1921 3857 2051 3929 Saricha,

686 3965 825 4034 matus,
855 3965 978 4020 sendus
1004 3957 1153 4020 Dominus
1180 3956 1265 4019 Deus
1294 3960 1502 4030 exercituum
1528 3959 1621 4038 pleno
1650 3965 1696 4020 est
1722 3960 1820 4020 omnis
1849 3965 1935 4020 terra
1959 3957 2051 4037 picato

687 4060 758 4136 ejas
808 4056 893 4119 Hunc
921 4075 1015 4138 porro
1049 4057 1190 4137 hymnrmr
1218 4044 1408 4133 Ἐπινίκιον,
1442 4075 1503 4119 non
1535 4055 1625 4120 modo
1655 4058 1685 4118 in
1714 4057 1865 4138 liturgia,
1900 4054 2052 4121 Christiani

685 4156 855 4221 Orientales
886 4156 1024 4221 adhunc
1054 4157 1153 4219 locum
1181 4159 1324 4234 recitant,
1347 4156 1402 4219 sed
1426 4158 1514 4218 etiam
1538 4158 1567 4218 in
1597 4157 1778 4237 quotidianis
1807 4156 1952 4237 precihus
1980 4171 2051 4233 quac

686 4255 875 4338 Euohologio
897 4258 1104 4333 continentur,
1127 4263 1188 4318 tam
1209 4256 1373 4319 secundum
1396 4255 1518 4318 codices
1539 4259 1758 4337 manuscriptos
1781 4275 1872 4337 quam
1895 4254 2051 4320 secundum

398 4365 481 4419 timot.
505 4366 583 4420 Arai.
601 4368 669 4420 Fam·
688 4357 838 4437 antiquam
866 4357 1028 4419 editionem
1055 4356 1239 4434 Fanensem,
1270 4356 1321 4418 uhi
1355 4356 1396 4418 ita
1425 4355 1545 4439 legitur.
1589 4356 1653 4418 Sec
1682 4358 1753 4418 abis
1779 4360 1938 4432 maburti,
1971 4354 2052 4416 lobiis

364 4452 452 4505 editum
472 4453 550 4506 1514.

685 4458 876 4534 incorporeas
896 4457 1098 4518 ardeammier
1120 4456 1293 4536 loquantur,
1315 4453 1499 4536 offerebatque
1521 4457 1576 4518 tibi
1601 4458 1720 4518 ιαιιάεηι
1748 4464 1794 4519 ter
1823 4459 1999 4537 repenum:
2026 4456 2054 4512 ct

684 4574 742 4616 noa
762 4558 795 4617 in
816 4565 901 4618 lma
924 4557 1077 4618 constitisti
1099 4553 1252 4636 offerimus
1274 4555 1329 4617 tibi
1347 4556 1479 4635 pioriam
1501 4563 1531 4617 et
1555 4557 1699 4632 dimotas,
1729 4564 1853 4619 sonabis
1882 4565 1939 4618 etc.
1983 4553 2052 4614 Cam

685 4671 762 4716 vero
786 4673 890 4718 omnes
912 4655 981 4718 illae
1003 4654 1148 4718 formulae
1171 4657 1201 4717 in
1229 4674 1319 4719 unam
1341 4655 1537 4735 eamdemque
1559 4658 1737 4718 sententiam
1759 4657 1950 4737 conspirent:
1971 4652 2051 4716 utin

686 4752 829 4842 Graecis,
860 4756 900 4817 ita
929 4757 960 4817 in
990 4754 1205 4837 Aegyptiacis,
1239 4754 1295 4818 sed
1330 4756 1458 4817 maxime
1491 4757 1522 4817 in
1552 4756 1683 4836 Syriacis
1713 4755 1855 4837 liturgiis
1878 4773 1986 4836 magna
2007 4757 2050 4813 est

683 4852 811 4930 illarum,
833 4852 932 4935 quoad
954 4852 1048 4916 verba
1071 4854 1278 4934 orationisque
1292 4854 1482 4935 elegantiam,
1512 4856 1658 4933 varietas3
1682 4864 1713 4920 et
1727 4858 1916 4919 recentiores
1934 4862 2047 4919 autores

684 4953 713 5015 in
737 4953 795 5016 illis
818 4955 944 5018 maxime
966 4953 1042 5017 locis
1065 4962 1163 5018 amarit
1184 4953 1375 5018 rhetoricari.
