4525 6034
697 593 775 668 444
1084 595 1239 674 RITUS
1273 593 1674 678 ORDINATIONIS

696 788 747 856 sui
763 787 956 856 memoriam
971 783 1113 878 reliquit,
1136 792 1171 855 et
1195 784 1236 855 ad
1254 785 1364 856 Deum
1402 780 1620 881 uiuri’sstsstia
1635 791 1675 859 A.
1691 789 1759 858 τοῦ
1771 786 1810 860 ἐν
1822 781 1979 882 ὁσιότητι
1993 786 2056 886 τὴν

694 917 861 1006 migravit.
906 913 1017 1010 Super
1059 912 1145 984 huno
1187 917 1288 1007 igitur
1330 923 1365 986 ut
1402 884 1557 1021 tft'iiW
1572 885 1761 985 λήξαγῖθέ)
1782 886 1843 1012 κξῖἶ
1863 887 1950 1021 πρὸξ
1973 892 2056 1021 θέὄξ

695 1044 818 1118 videtis
844 1067 906 1140 per
930 1047 1124 1116 canonicam
1140 1066 1287 1139 precem,
1307 1044 1364 1116 di·
1402 988 1711 1169 Ψῖἲῖμέσφῗοὶ
1740 998 1880 1170 T‘MZ
1903 1023 1985 1124 οἶμ’
2013 1025 2056 1124 αἶς

694 1177 807 1245 vinam
834 1183 1035 1270 potestatem
1059 1175 1268 1264 invocantes,
1294 1173 1360 1245 ad·
1397 1122 1492 1294 ἓξὲξ
1505 1123 2056 1295 ἓήνιαὲἕῗανεέἷῖἕῖαγᾝιηςκῶἶ

694 1306 814 1376 venire
841 1307 946 1375 saneti
961 1303 1103 1399 Spiritus
1131 1308 1361 1399 operationem
1400 1298 1565 1398 σάμενοι,
1581 1307 1882 1402 τοῦέπιφοιτῆσαι
1890 1304 2056 1384 ἐπάὐτὸν

697 1442 942 1528 exspectamus.
991 1430 1094 1505 Orate
1128 1437 1229 1526 igitur
1265 1433 1361 1506 simul
1399 1403 1543 1501 ῖῆγῖθῦ
1556 1404 1873 1507 ἆῖἶθυπνέύμαῖθς
1885 1412 2056 1510 “Vt't’tw

697 1565 897 1656 omnesqui
926 1561 1070 1650 adestis,
1096 1573 1132 1634 ut
1158 1584 1259 1658 snper
1286 1585 1362 1634 enm
1398 1507 1682 1637 ἅἼεκὸεχόμθω
1723 1508 1962 1591 Συνὲύξασθε
1995 1512 2056 1589 οὖν

811 1694 818 1709 ,
1126 1694 1134 1710 ,
1266 1695 1274 1710 .
1323 1694 1330 1710 ‚
1400 1642 1527 1698 παντες
1553 1617 1587 1688 oi
1611 1612 1879 1713 συμπάροντες,
1907 1614 2001 1700 ὅπως
2023 1647 2056 1692 τε

698 1690 855 1763 adveniat
866 1691 986 1763 donum
996 1690 1153 1794 coelestus
1163 1702 1360 1780 voestmms,
1399 1717 1460 1791 καὶ
1478 1715 1531 1792 ἐπ’
1549 1715 1663 1793 αὐτὸν
1681 1717 1704 1815 ἦ
1725 1716 1843 1816 pm&
1865 1726 1927 1816 tris·
1943 1717 2056 1796 &m

696 1829 731 1890 et
756 1823 865 1911 gratia
893 1822 1093 1893 sanctissimi
1113 1819 1266 1916 Spiritus.
1292 1821 1360 1893 Di·
1387 1818 1559 1917 etoparum,
1572 1822 1633 1896 καὶ
1648 1820 1672 1918 ἦ
1680 1819 1786 1921 χάρις
1799 1829 1867 1896 τοῦ
1883 1824 2056 1924 παναγὶου

695 1971 810 2022 camus
836 1970 963 2021 omnes.
1002 1949 1108 2047 Kyrie
1135 1948 1274 2023 eleison.
1400 1922 1602 2050 “¹1⁸⁶th
1614 1922 1850 2053 'imit‘tti’tfftt-
1894 1927 2056 2022 mittit

1399 2057 1535 2113 παντες.
1562 2037 1676 2128 Κυριε
1692 2034 1845 2126 ἐλέησον.

803 2143 895 2213 Tune
930 2142 1134 2214 descenderet
1163 2143 1330 2237 Episcopi
1363 2167 1408 2215 es
1439 2145 1652 2238 Spottuoum
1692 2152 1728 2218 et
1765 2145 1903 2217 stobuot
1946 2170 2057 2218 eorus

692 2259 815 2348 ultori,
857 2266 892 2331 et
932 2259 1114 2330 adducitur
1149 2263 1208 2354 qui
1245 2262 1427 2334 ordinatur
1460 2262 1691 2334 Potrioretto:
1729 2269 1763 2333 et
1801 2285 1914 2355 penus
1949 2267 2057 2357 flectet

692 2398 795 2468 super
820 2376 949 2467 prodm
975 2374 1107 2446 ultoris.
1160 2375 1303 2470 Reliqui
1327 2375 1464 2447 stoduut
1488 2380 1524 2448 io
1551 2381 1672 2449 timore
1698 2384 1733 2449 et
1763 2379 1921 2468 silentio,
1958 2380 2057 2452 corde

692 2491 822 2579 domiti,
850 2492 1062 2584 mutentque
1087 2493 1125 2561 io
1151 2494 1271 2562 timore
1298 2498 1333 2563 et
1358 2496 1481 2586 quiete.

796 2606 923 2678 Senior
949 2607 1140 2699 Episcopus
1166 2606 1258 2678 dioet
1281 2607 1477 2681 Oratimeem
1502 2610 1693 2704 prutiorum
1718 2615 1885 2684 aetionis:
1910 2610 2058 2683 adolebit

692 2730 877 2812 incensore,
905 2731 940 2795 et
965 2725 1057 2795 dicet
1083 2723 1282 2830 Oratiopem
1307 2728 1445 2796 iueeosi.

764 3002 844 3072 Tum
870 3001 962 3072 dicet
989 2999 1186 3071 Oratimeem
1210 3007 1403 3096 sequentem
1425 3004 1521 3096 tocie
1547 3001 1595 3071 od
1622 3001 1794 3073 Orientem
1819 3024 1996 3074 converso.

795 3206 938 3278 Domine
970 3205 1063 3276 Deus
1094 3206 1250 3276 virtutus
1283 3206 1338 3298 qui
1371 3203 1537 3276 adduxisti
1568 3225 1631 3277 nos
1664 3203 1706 3275 ad
1738 3214 1864 3276 sortem
1889 3206 2056 3277 ministerii

690 3321 806 3415 hujus,
839 3326 895 3416 qui
921 3322 1024 3412 erigis
1050 3317 1236 3392 intellectis
1266 3319 1447 3409 hominum,
1484 3333 1517 3395 et
1552 3324 1711 3395 scrutaris
1731 3320 1850 3393 eorda
1883 3332 1917 3393 et
1950 3344 2055 3408 renes,

692 3438 816 3510 exaudi
842 3460 905 3510 nos
931 3461 993 3534 per
1018 3457 1174 3529 magnam
1199 3436 1462 3509 misericordiam
1487 3446 1594 3511 mam:
1627 3437 1764 3534 pnn‘fioa
1799 3458 1862 3511 nos
1900 3436 1945 3510 ab
1973 3438 2055 3511 omni

691 3553 821 3626 maoula
847 3557 957 3628 omnis
984 3565 1019 3627 et
1044 3555 1188 3649 spiritus.
1242 3552 1376 3649 Dissipa
1402 3551 1524 3625 nubem
1549 3565 1765 3651 peccatorum
1791 3561 1824 3625 et
1856 3556 2053 3649 iniquitatium

691 3680 881 3743 nostrarum
907 3667 1129 3743 tenebrosam.
1168 3667 1272 3764 lmple
1297 3691 1360 3743 nos
1379 3678 1545 3764 potestate
1566 3679 1623 3741 tua
1642 3670 1765 3760 divina,
1787 3679 1821 3741 et
1842 3672 1954 3762 gratia
1973 3666 2053 3740 Uni-

691 3789 795 3879 geniti
820 3786 895 3858 Filii
922 3788 977 3874 tui,
1004 3795 1039 3857 et
1064 3787 1259 3882 operatione
1285 3786 1426 3882 Spiritus
1453 3790 1576 3858 saneti:
1603 3796 1639 3858 ut
1664 3789 1766 3859 simus
1791 3783 1906 3857 idonei
1932 3783 1975 3857 ad
1996 3783 2054 3854 hoo

691 3905 907 3976 ministerium
932 3904 1014 3974 novi
1039 3901 1135 3995 hujus
1161 3902 1384 3990 Testamenti,
1419 3910 1453 3973 et
1482 3903 1649 3998 possimus
1681 3902 1781 3995 digne
1815 3899 1908 3973 terre
1940 3920 2052 3974 nomen

691 4029 785 4110 tuum
809 3999 970 4108 sanetum,
996 4028 1031 4091 et
1056 4030 1147 4091 stare
1174 4017 1216 4089 ad
1242 4020 1455 4090 ministerium
1482 4018 1594 4091 altatis
1618 4020 1663 4092 tui
1683 4018 1803 4091 divim:
1829 4039 1941 4113 neque
1959 4037 2050 4088 oom-

554 4121 564 4138 *
692 4137 897 4209 munioemus
923 4138 1069 4231 peccatis
1096 4134 1226 4224 alienis,
1253 4133 1312 4205 sed
1335 4133 1410 4206 dele
1427 4144 1564 4230 peecata
1581 4139 1714 4223 n'ostra3
1741 4143 1775 4206 et
1797 4132 1948 4205 mneede
1962 4130 2051 4204 nohis

693 4253 853 4340 Domine,
886 4261 922 4323 ut
947 4250 1064 4323 sinaitis
1090 4273 1157 4323 non
1184 4246 1444 4350 [comminamus
1478 4261 1512 4323 et
1546 4250 1588 4323 da
1620 4248 1718 4324 nohis
1748 4253 1991 4343 cognitionem,
2020 4256 2051 4319 nt

694 4371 861 4466 possimus
886 4367 976 4463 loqui
1002 4372 1086 4440 sieut
1111 4377 1252 4463 oportet,
1281 4379 1379 4463 atque
1405 4365 1447 4439 ad
1478 4377 1511 4439 te
1544 4366 1717 4439 accedere.
1775 4365 1917 4462 Suscipe
1948 4364 1990 4437 ad
2020 4372 2050 4433 ts

694 4482 922 4559 Pontificatum
949 4487 1110 4556 servitui
1137 4483 1190 4555 hio
1216 4488 1349 4574 stantis,
1376 4486 1430 4579 qui
1457 4492 1612 4579 expectat
1637 4482 1758 4557 donum
1784 4493 1872 4555 tuum
1897 4481 2049 4564 coeleste,

569 4621 572 4627 '
695 4605 772 4701 quia
799 4611 834 4674 tu
861 4624 900 4674 es
926 4599 1033 4673 bonus
1060 4612 1095 4672 et
1119 4601 1253 4672 multum
1279 4602 1470 4675 misericors
1497 4621 1579 4693 erga
1607 4620 1723 4672 omnes
1751 4601 1805 4695 qui
1833 4595 1890 4669 tibi
1925 4593 2049 4693 suppli-

657 4742 659 4746 ·
696 4729 789 4807 eant,
817 4727 851 4790 et
875 4715 972 4790 tortis
999 4726 1052 4788 est
1077 4726 1227 4813 potestas
1254 4727 1326 4807 tua,
1361 4740 1436 4789 eum
1467 4718 1636 4810 unigenito
1662 4714 1748 4788 Filio
1780 4726 1836 4789 tuo
1869 4723 1904 4786 et
1933 4713 2048 4810 Spiritu

695 4846 830 4921 sancto,
858 4856 963 4924 nune,
989 4842 1052 4905 eto.

799 4953 976 5024 Diueoous
1002 4952 1093 5023 dieet
1116 4950 1181 5023 trus
1202 4949 1458 5044 postutotioues.
