4525 6034
529 633 532 638 ·
629 599 723 705 'aaa
1150 593 1530 675 coniurauimus

363 2271 512 2328 Cocblearis
532 2289 601 2327 usus.

647 785 779 865 gitimam
808 782 1053 864 perceptionem,
1087 783 1166 843 inter
1197 781 1264 844 illos
1293 780 1397 844 modos
1428 782 1578 861 iudicetur
1611 799 1681 845 esse
1710 782 1879 846 diversitas.
1924 784 2022 848 Primo

647 882 823 963 simpliciter
845 889 877 943 et
899 881 994 962 magis
1018 880 1055 942 ad
1079 898 1193 942 morem
1223 880 1478 960 antiquissimum,
1513 883 1599 961 panis
1626 880 1725 944 iactus
1756 900 1868 962 corpus
1901 880 2022 960 Christi,

647 980 812 1063 praebetur
820 1001 829 1056 ;
853 987 885 1041 et
906 986 1014 1061 postea
1037 977 1132 1052 calix,
1157 998 1196 1041 ex
1220 996 1279 1058 quo
1303 978 1376 1041 bibit
1398 980 1449 1060 qui
1472 981 1679 1042 communicat.
1714 981 1760 1043 Eo
1784 982 2023 1044 irtodocommu-

648 1081 749 1142 nicant
772 1079 989 1156 sacramentis,
1013 1077 1165 1141 Sacerdos
1189 1095 1277 1140 sacra
1300 1078 1475 1154 celebrans,
1506 1078 1583 1140 alter
1610 1081 1661 1159 qui
1684 1087 1810 1142 vocatur
1839 1081 2022 1157 ministrans,

647 1178 697 1242 vel
719 1179 836 1254 socius,
859 1195 947 1259 quem
969 1175 1103 1239 Rituules
1126 1178 1222 1238 nostri
1243 1177 1440 1239 desistentem
1462 1186 1589 1253 vocant;
1618 1177 1832 1260 Diaconusque
1855 1179 2022 1243 ministerio

648 1277 795 1358 iungens:
819 1285 880 1339 tum
902 1276 1074 1356 Episcopus
1096 1277 1123 1337 si
1147 1275 1241 1352 adsit,
1265 1293 1322 1337 nec
1345 1276 1510 1358 Liturgiam
1533 1276 1687 1353 celebret,
1720 1294 1780 1338 una
1803 1278 1882 1338 enim
1909 1285 2022 1341 tantum

648 1376 727 1458 apud
751 1374 921 1438 orientales
945 1375 1127 1438 celebratur.
1172 1373 1329 1438 Secundus
1352 1374 1457 1438 modus
1485 1384 1550 1451 est,
1578 1384 1611 1437 ιιι
1639 1375 1759 1456 Corpus
1789 1375 1901 1439 Christi
1927 1395 2022 1456 prae-

648 1473 756 1537 beatur
778 1493 796 1536 a
819 1474 999 1537 Sacerdote:
1022 1473 1152 1555 Sanguis
1175 1493 1191 1535 a
1215 1473 1350 1535 Diacono
1374 1477 1424 1555 qui
1448 1473 1572 1536 calicem
1594 1481 1689 1550 tenet,
1712 1481 1802 1554 atque
1824 1493 1864 1536 ex
1886 1492 1924 1537 eo
1946 1485 2022 1558 gut-

648 1581 708 1635 tam
731 1572 886 1636 cochleari
908 1572 1051 1654 praebet,
1084 1581 1118 1634 ut
1142 1571 1355 1634 Sacerdotibus
1385 1580 1415 1634 et
1443 1572 1509 1634 aliis
1537 1573 1626 1654 primi
1655 1572 1780 1635 ordinis.
1797 1571 2022 1638 Ecclesiasticis

648 1673 714 1735 lieri
738 1672 859 1734 Gabriel
882 1672 993 1735 statuit.
1039 1671 1158 1733 Tertius
1181 1670 1301 1733 tandem
1323 1680 1370 1733 est
1392 1655 1725 1746 communio'intincta,
1760 1672 1802 1733 ita
1830 1673 1956 1750 scilicet,
1989 1682 2024 1735 ut

649 1791 689 1834 ex
711 1772 815 1833 tractis
838 1769 1000 1851 maioribus
1024 1770 1158 1851 pertibus
1177 1768 1304 1847 hostiae,
1327 1769 1431 1850 plures
1447 1770 1612 1850 particulae
1630 1771 1660 1831 in
1678 1770 1808 1833 calicem
1820 1770 2024 1847 immittantur,

651 1888 726 1950 quas
749 1869 901 1932 cochleari
924 1868 1050 1950 praebet
1072 1868 1239 1930 Diaconos:
1264 1874 1354 1947 atque
1377 1887 1413 1930 ea
1437 1870 1553 1930 ratione
1576 1868 1700 1931 secundi
1726 1867 1841 1931 ordinis
1864 1868 2025 1933 Ecclesia·

647 1970 733 2032 sticis
755 1976 786 2031 et
808 1968 928 2047 Laicis,
954 1968 1122 2031 communio
1147 1966 1343 2030 distribuitur.
1368 1968 1451 2029 llanc
1473 1985 1547 2029 vero
1570 1966 1756 2048 disciplinam
1785 1985 1845 2030 non
1877 1987 1893 2030 a
1917 1967 2025 2032 Latina

648 2067 806 2145 Ecclesia,
828 2085 905 2148 quae
929 2066 1055 2129 similem
1077 2065 1188 2128 nullam
1210 2064 1317 2143 habet,
1340 2066 1395 2128 sed
1418 2085 1435 2127 a
1459 2064 1576 2128 Graeca
1599 2074 1801 2147 acceperuut,
1831 2084 1870 2128 ne
1893 2069 1960 2148 quis
1983 2088 2025 2131 ex

648 2168 757 2229 rituum
779 2168 960 2243 imitatione,
984 2164 1072 2227 iidem
1095 2182 1217 2245 quoque
1239 2172 1371 2226 nostram
1395 2166 1525 2227 imitatos
1548 2183 1618 2228 esse
1640 2164 1708 2228 illos
1730 2165 1868 2228 somniet

737 2266 912 2329 Cochlearis
934 2266 1047 2347 quippe
1070 2264 1108 2326 ad
1131 2265 1235 2327 calicis
1254 2265 1514 2345 participationem
1536 2282 1623 2326 usum
1645 2263 1802 2327 aGraecis
1827 2273 2025 2346 acceperunt,

650 2386 740 2448 quem
767 2365 1001 2446 antiquissimum
1024 2382 1094 2426 esse
1122 2370 1258 2445 eportet,
1290 2381 1357 2425 cum
1384 2363 1467 2425 nulla
1494 2366 1525 2426 in
1555 2363 1680 2427 Oriente
1706 2364 1845 2426 Ecclesia
1873 2365 1912 2425 sit
1946 2380 2026 2444 quae

650 2466 732 2528 illum
755 2483 816 2527 non
838 2471 955 2526 servet:
978 2471 1069 2544 atque
1091 2464 1132 2524 ita
1155 2471 1224 2525 autc
1246 2462 1425 2525 divisionem
1447 2463 1652 2525 Ecclesiarum
1675 2465 1811 2545 viguisse
1840 2463 1918 2525 banc
1946 2478 2027 2523 con-

651 2564 839 2628 suetudinem
863 2581 991 2625 necesse
1014 2569 1070 2623 est.
1094 2560 1242 2624 Probatur
1265 2562 1295 2623 id
1317 2563 1385 2642 quia
1409 2561 1508 2640 illum,
1531 2569 1564 2623 ut
1580 2564 1678 2624 omnia
1695 2561 1812 2643 reliqua
1832 2560 2026 2623 schismatum

650 2665 741 2726 initiis
768 2663 934 2724 vetustiora
965 2669 1076 2723 statuta
1106 2659 1302 2740 disciplinae,
1333 2661 1511 2742 consignata
1540 2659 1652 2723 babent
1679 2662 1709 2722 in
1737 2646 1935 2733 ἀδεσπότοις
1966 2658 2027 2720 illis

651 2762 824 2840 Canonunn,
855 2779 932 2842 quos
961 2767 1072 2823 vocant
1101 2760 1338 2840 Apostolorum,
1367 2758 1612 2823 Collectionibus.
1665 2759 1700 2822 ln
1728 2759 1785 2822 illis
1814 2759 1866 2839 qui
1892 2757 2027 2820 secunda

650 2860 866 2944 Apostolorum
889 2867 1054 2940 praecepta
1077 2858 1233 2937 dicuntur,
1258 2856 1438 2922 Constitutio
1462 2866 1563 2937 extat,
1594 2876 1672 2939 quae
1700 2857 1788 2938 jubet
1816 2875 1918 2920 coram
1948 2856 2026 2937 Epi-

649 2975 745 3040 scopo
769 2959 936 3022 Diaconum
958 2958 1139 3021 distribuere
1163 2958 1400 3020 communionem
1422 2958 1558 3040 populo,
1582 2975 1642 3020 non
1665 2964 1697 3019 ut
1721 2957 1871 3021 Sacerdos
1895 2963 1928 3018 ct
1947 2956 2027 3036 Epi·-

649 3076 761 3139 scopus
784 3058 915 3135 iaciunt,
938 3058 993 3119 sed
1017 3066 1156 3139 tanquam
1179 3057 1346 3119 ministrum
1370 3051 1501 3138 tanton,
1531 3057 1589 3119 hoc
1619 3064 1665 3120 est
1698 3057 1859 3120 cochleari.
1894 3038 2024 3152 tonui)

647 3175 716 3220 nam
738 3174 845 3220 vocem
867 3174 1025 3241 graecam,
1051 3164 1082 3218 ut
1104 3157 1233 3218 infinitas
1257 3156 1330 3218 ullas
1355 3158 1555 3219 retinuerunt.
1601 3155 1661 3219 Sed
1689 3173 1878 3235 quacumque
1907 3155 2026 3216 ratione

651 3256 876 3319 administretur
898 3255 1106 3334 Eucharistia,
1129 3255 1258 3336 perinde
1280 3263 1341 3318 est:
1364 3273 1465 3336 neque
1484 3274 1518 3317 se
1534 3254 1643 3317 deesse
1658 3255 1830 3317 existimant
1843 3253 1943 3316 officio
1957 3270 2025 3331 suo,

651 3362 702 3416 aut
723 3372 855 3435 peccare
878 3362 983 3418 contra
1008 3354 1120 3418 Christi
1144 3356 1373 3432 institutionem,
1397 3354 1553 3435 ipsiusque
1582 3353 1767 3417 Sacramenti
1795 3359 1946 3430 naturam,
1974 3360 2026 3415 aut

650 3462 757 3515 contra
780 3462 977 3535 praeceptum
999 3454 1038 3516 de
1060 3453 1193 3517 bibendo
1216 3453 1333 3530 calice,
1356 3471 1423 3515 cum
1454 3455 1494 3515 ita
1522 3451 1648 3514 iaciunt:
1676 3452 1747 3514 licet
1775 3452 1848 3513 satis
1878 3449 2027 3532 intelligat

650 3554 798 3633 quisquc,
821 3571 882 3614 non
905 3553 982 3631 hibi,
1007 3551 1162 3633 loquendo
1185 3553 1327 3633 proprie,
1350 3551 1492 3629 calicem,
1516 3569 1582 3612 cum
1606 3552 1728 3613 intincta
1751 3551 1919 3612 communio
1941 3549 2025 3610 acci-

652 3653 755 3733 pitur,
779 3659 829 3713 aut
851 3652 927 3715 mica
952 3654 1124 3714 consecrati
1148 3653 1236 3734 panis
1258 3651 1442 3728 madefacta,
1466 3649 1618 3712 cochleari
1639 3650 1812 3731 praebetur.
1842 3647 1930 3722 Quod
1951 3666 2023 3710 saue

651 3750 688 3811 ab
711 3750 868 3812 ,omnihus
911 3750 1093 3814 concordiae
1132 3752 1322 3815 Christianae
1357 3749 1538 3826 amantibus,
1579 3749 1605 3810 si
1644 3749 1760 3828 absque
1797 3747 1864 3811 ullis
1898 3748 2024 3830 partium

651 3848 844 3930 praejudiciis
876 3848 1087 3912 consideretur
1094 3871 1103 3924 ;
1131 3852 1206 3913 satis
1234 3849 1421 3932 intelligent,
1456 3856 1567 3928 quanta
1597 3848 1761 3929 primorum
1794 3845 2025 3910 lielormntionis

653 3946 882 4010 architectorum
906 3946 1054 4011 adversus
1074 3948 1238 4012 Romanam
1255 3949 1423 4011 Ecclesiam
1442 3947 1587 4010 calumnia
1605 3946 1712 4024 luerit,
1736 3946 1805 4008 dum
1823 3946 2025 4009 recentiorem

653 4045 842 4127 disciplinam
865 4064 905 4107 ex
928 4046 1039 4108 invidia
1061 4048 1236 4110 Pontificum
1260 4054 1357 4110 natam
1375 4047 1598 4129 judicaverunt,
1621 4048 1709 4125 quasi
1730 4064 1770 4107 ex
1784 4054 1869 4108 certo
1888 4043 2025 4121 consilio,

651 4143 849 4207 Christianam
871 4144 992 4225 plebem
1015 4145 1117 4208 calicis
1141 4148 1371 4229 participatione
1395 4145 1610 4208 fraudaverim.
1635 4144 1672 4207 Ut
1694 4145 1773 4206 enim
1795 4143 1875 4226 apud
1891 4143 2026 4205 Graecos

650 4253 682 4307 et
712 4242 884 4306 Orientales
913 4261 1018 4305 omnes
1049 4246 1100 4324 qui
1127 4264 1182 4307 eos
1211 4247 1314 4309 imitati
1349 4254 1437 4323 sunt,
1465 4262 1579 4306 summa
1608 4262 1683 4326 erga
1712 4242 1823 4306 Christi
1853 4258 1965 4322 corpus
1995 4246 2028 4301 et

650 4342 830 4424 sanguinem
854 4343 1026 4405 reverentia
1048 4343 1139 4423 lecit,
1162 4352 1196 4407 ut
1218 4345 1298 4408 calix
1320 4343 1525 4407 tantummodo
1548 4342 1772 4405 Ecclesiasticis
1794 4340 1934 4417 daretur,
1964 4347 2026 4401 turn

650 4443 740 4503 etiam
763 4448 796 4503 ut
819 4460 860 4503 ex
882 4440 979 4504 calice
1001 4441 1174 4504 hauriretur
1196 4451 1281 4526 gutta
1304 4453 1336 4506 et
1358 4442 1512 4506 cochleari
1533 4442 1777 4505 distribueretur:
1808 4448 1869 4502 turn
1895 4445 1927 4501 ut
1949 4454 2027 4518 par-

649 4540 740 4602 ticula
763 4540 866 4620 panis,
888 4540 960 4602 vino
983 4540 1119 4620 madida,
1143 4543 1299 4624 utriusque
1321 4543 1436 4622 speciei
1457 4541 1558 4603 lecum
1580 4549 1716 4619 teneret,
1747 4539 1883 4621 quanwis
1907 4539 1933 4600 si
1955 4554 2026 4598 mo-

649 4641 747 4702 rosius
771 4645 900 4721 agatur,
924 4638 1000 4701 haec
1030 4641 1247 4702 communionis
1274 4640 1391 4704 dandae
1422 4641 1533 4715 torma,
1564 4657 1664 4720 neque
1694 4658 1787 4702 verae
1818 4635 2025 4712 comestionis,

651 4754 751 4816 neque
774 4746 864 4818 potus
886 4738 1035 4801 rationem
1058 4738 1184 4817 habeat,
1207 4739 1247 4801 ita
1271 4747 1301 4801 et
1324 4740 1402 4821 apud
1426 4757 1483 4802 nos
1513 4740 1708 4820 praesertim,
1739 4736 1859 4818 mando
1888 4734 2027 4816 privatae

651 4836 761 4897 missae
790 4833 1013 4917 irequentiores
1041 4835 1181 4917 suerunt,
1215 4838 1272 4901 sub
1300 4856 1359 4900 una
1387 4838 1492 4919 specie
1520 4836 1708 4900 Eucharistia
1736 4837 1800 4898 dari
1829 4835 1947 4914 coepit,
1983 4850 2027 4893 ex

651 4934 757 4996 eadem
780 4952 855 5015 erga
880 4934 1106 4998 Sacramentum
1129 4937 1319 5013 reverentia,
1342 4937 1424 4999 nullo
1447 4944 1498 4999 aut
1520 4936 1677 5018 religionis
1699 4935 1838 5012 delectu,
1863 4941 1913 4995 aut
1931 4932 2026 4993 inno-

650 5030 741 5093 vandi
762 5034 900 5098 consilio.
926 5034 1027 5115 Atque
1049 5042 1082 5096 ιιι
1103 5052 1162 5116 pro
1184 5033 1388 5098 Ecclesiarum
1411 5035 1603 5111 diversitate,
1634 5034 1750 5116 absque
1779 5033 1840 5096 ulla
1870 5027 2028 5095 contradi-
