4525 6034
695 583 770 659 510
1068 585 1683 664 observationis

691 773 862 835 terretorio
888 774 987 833 nostri
1013 772 1045 832 in
1073 772 1198 834 coemto
1229 772 1428 833 secutorum.
1475 770 1580 836 Amen.
1623 772 1738 854 Nempe
1768 772 1849 854 quod
1878 772 1909 835 in
1929 771 2053 857 Syriacis

691 871 833 955 liturgiis
857 870 944 933 editis
967 872 998 933 in
1020 869 1135 933 blissali
1156 871 1334 934 blaronitico
1356 868 1511 951 iecerunt,
1542 873 1593 953 qui
1623 871 1746 935 editioni
1775 871 1951 953 praefuere,
1980 874 2052 938 idem

691 972 886 1034 inversione
915 970 1098 1050 interpretes
1129 972 1359 1052 praestiterunt,
1389 977 1422 1032 ut
1450 971 1480 1033 in
1504 968 1638 1052 Copticis
1668 969 1886 1034 transferendis
1909 973 2054 1037 victorius

691 1070 845 1135 Scialacb:
868 1088 928 1133 non
951 1076 1050 1148 recte,
1074 1077 1106 1132 ut
1128 1070 1259 1135 videtur.
1305 1069 1384 1144 Quid
1407 1072 1484 1133 enim
1506 1069 1580 1134 illud
1603 1077 1668 1133 erat
1690 1071 1749 1132 nisi
1770 1071 1902 1135 lectores
1924 1072 2054 1135 incautos

689 1172 721 1233 in
744 1188 880 1233 errorem
903 1169 1059 1246 inducere,
1082 1188 1138 1232 eos
1161 1170 1350 1251 praesertim,
1374 1170 1424 1251 qui
1446 1170 1565 1253 linguas
1580 1169 1751 1233 Orientales
1774 1171 1958 1253 igriorarent.
1985 1173 2055 1236 llam

688 1271 731 1333 ita
754 1269 863 1332 lactum
886 1279 943 1347 est,
966 1270 1071 1349 utqui
1094 1270 1169 1332 tales
1192 1270 1376 1350 interpretes
1398 1276 1521 1333 secutus
1543 1270 1583 1332 de
1594 1269 1786 1351 Aethiopum,
1810 1277 1860 1331 aut
1877 1269 2055 1351 Coptitarum

690 1370 845 1452 disciplina
867 1368 1072 1431 Eucharistica
1091 1368 1282 1449 judicaverit,
1305 1369 1334 1430 in
1358 1369 1517 1431 maximum
1539 1388 1675 1433 errorem
1698 1369 1801 1452 lapsus
1824 1369 1923 1435 tuerit.
1956 1368 2055 1434 Liceat

689 1470 748 1553 illis
772 1471 822 1550 qui
846 1469 1034 1530 autoritatem
1055 1467 1168 1529 babent
1189 1468 1352 1531 emendare
1371 1467 1451 1548 quod
1466 1486 1590 1549 pravum
1605 1476 1667 1531 est:
1690 1477 1721 1531 at
1734 1471 1926 1550 interpretem
1940 1471 2054 1551 privato
2114 1546 2117 1550 A

690 1568 816 1632 consilio
841 1566 871 1629 id
893 1565 995 1629 facere
1018 1586 1080 1631 non
1102 1569 1183 1632 licet.
1228 1566 1329 1631 Verba
1352 1567 1444 1649 igitur
1466 1568 1660 1650 Aethiopica,
1682 1569 1728 1630 sic
1750 1569 1959 1633 transferenda
1980 1577 2054 1633 sumt.

572 1698 577 1715 ·
690 1671 822 1733 Oramus
843 1678 872 1731 te
886 1670 1015 1732 Domine
1036 1680 1067 1733 et
1087 1673 1287 1751 deprecamur
1309 1678 1338 1732 te
1358 1678 1393 1732 ht
1412 1671 1515 1733 mittas
1536 1678 1673 1733 sonctrmr
1694 1671 1850 1767 Spiritamr,
1872 1677 1902 1731 et
1921 1671 2056 1731 cirtutm

689 1790 781 1850 super
794 1771 872 1832 teme
884 1788 1004 1849 ponem,
1027 1779 1057 1833 et
1077 1790 1169 1850 super
1190 1770 1269 1832 hrorc
1291 1771 1426 1845 coticern,
1449 1778 1479 1832 et
1495 1769 1599 1849 societ
1618 1771 1699 1833 illum
1721 1777 1873 1849 corporet
1886 1771 2057 1849 conquiram

689 1868 814 1930 Domini
834 1877 864 1931 et
884 1870 1050 1933 salvatoris
1070 1873 1170 1933 nostri
1190 1868 1266 1932 Jesu
1288 1868 1415 1946 Christi,
1438 1871 1470 1931 in
1491 1870 1616 1931 saecuto
1636 1870 1835 1932 sermm-mn.
1869 1867 1974 1932 Arcen.
2016 1867 2057 1930 ltu

690 1967 766 2030 baec
788 1967 954 2031 invocandi
978 1968 1107 2050 Spiritus
1131 1971 1227 2031 sancti
1250 1968 1362 2048 forme,
1386 1987 1452 2031 cum
1476 1968 1617 2047 Graecis,
1640 1968 1776 2050 Copticis
1799 1976 1829 2030 et
1851 1966 1984 2050 Syriacis
2006 1985 2057 2029 ac-

690 2075 796 2130 curate
819 2070 971 2131 convenit.
994 2068 1101 2132 lisdem
1126 2087 1246 2150 quoque
1260 2068 1362 2131 verbis
1376 2067 1490 2151 legitur
1503 2068 1680 2152 inLiturgia
1701 2069 1835 2131 secundo
1857 2086 1961 2130 earum
1984 2086 2057 2149 quae

689 2167 803 2231 Romae
825 2168 924 2230 editae
947 2174 1032 2248 sunt,
1063 2177 1094 2231 et
1115 2168 1181 2231 tere
1204 2167 1340 2231 similiter
1361 2169 1392 2230 in
1415 2169 1528 2249 aliquot
1550 2168 1615 2231 aliis
1637 2169 1865 2249 manuscriptis,
1892 2169 1952 2230 uisi
1981 2165 2057 2248 quod

689 2268 720 2329 in
743 2266 891 2347 aliquibus
914 2275 947 2330 ut
969 2268 1000 2329 in
1022 2286 1058 2330 ea
1081 2286 1160 2350 quae
1181 2268 1290 2331 dicitur
1313 2267 1438 2331 loannis
1461 2266 1687 2349 Evangelistae,
1710 2267 1829 2330 additur
1849 2284 1928 2329 vox:
1952 2285 2057 2347 nempe

689 2369 867 2443 communio,
890 2367 956 2431 sive
979 2370 1210 2430 cornmrrrricotio
1232 2367 1370 2449 corporis
1393 2375 1424 2430 et
1446 2367 1730 2451 sanguinisllomini
1743 2365 1927 2430 nostriJesu
1941 2365 2057 2431 Christi.

688 2464 723 2527 ln
753 2465 809 2527 alia
840 2485 918 2548 quae
947 2466 1057 2530 dicitur
1085 2466 1268 2531 CCCXVlll.
1311 2467 1431 2530 Petrum
1460 2466 1670 2529 Nicocnorum.
1714 2465 1756 2528 Et
1775 2462 1911 2529 memet
1929 2466 2058 2546 Spiritu

688 2572 758 2627 teas
780 2573 913 2642 sanctus,
936 2587 977 2628 ec
997 2567 1170 2629 hohitocuto
1191 2566 1378 2629 substantioe
1400 2570 1480 2647 ejus,
1503 2567 1669 2628 descerrdot
1688 2575 1719 2629 et
1738 2568 1850 2643 serdot,
1872 2573 1903 2627 et
1922 2565 2059 2645 resplen-

688 2664 761 2725 deat
781 2683 873 2744 suaper
894 2666 973 2728 hooc
991 2686 1116 2746 panem,
1146 2675 1176 2729 et
1194 2668 1251 2746 fiet
1271 2684 1383 2746 corpus
1405 2666 1520 2728 Christi
1539 2665 1599 2727 bet
1618 2668 1736 2728 nostri.-
1762 2674 1950 2745 muteturqoe
1970 2682 2059 2743 sopor

687 2764 776 2842 hujrrs
798 2765 906 2826 coticis
926 2773 956 2827 et
973 2767 1032 2844 fiat
1052 2767 1178 2845 sanquis
1200 2765 1313 2827 Christi
1335 2765 1396 2827 Dei
1421 2767 1527 2827 nostri.
1572 2763 1684 2827 Retulit
1712 2765 1770 2829 lroc
1799 2764 2003 2827 testimonium
2029 2764 2057 2823 in

687 2860 846 2927 itinerario
869 2881 925 2926 suo
947 2863 1050 2927 ltalico
1072 2864 1282 2941 Wanslebius,
1314 2883 1354 2926 ex
1376 2850 1490 2928 Codice
1511 2864 1702 2928 Pocockiano
1723 2864 1945 2947 liturgiarum,
1973 2879 2057 2944 quem

687 2962 816 3026 Londini
838 2964 1043 3046 descripserat
1066 2981 1144 3026 anno
1166 2963 1313 3028 MDCLX.
1337 2972 1367 3027 et
1390 2965 1476 3049 cujus
1499 2964 1704 3046 apographum
1728 2963 1873 3026 babuerat
1895 2964 1933 3027 D.
1957 2963 2056 3025 Ludo·

687 3065 774 3125 ricus
797 3064 925 3145 Picques
947 3065 1062 3127 Doctor
1085 3063 1283 3143 sorbonicus,
1314 3082 1332 3125 a
1360 3083 1420 3144 quo
1448 3083 1515 3127 cum
1538 3064 1603 3127 aliis
1625 3065 1834 3146 manuscriptis
1856 3063 2055 3126 Orientalibus

688 3164 826 3226 relictum
849 3170 896 3227 cst
917 3162 1121 3226 Bibliothecae
1143 3162 1203 3225 lili.
1226 3164 1279 3226 Pl’.
1300 3164 1562 3228 Dominicanorum
1585 3163 1622 3226 ad
1644 3171 1779 3227 sanctum
1802 3163 2007 3237 Honoratum,
2026 3161 2055 3222 in

689 3281 748 3343 qua
771 3270 928 3341 servatur,
953 3270 984 3325 et
1005 3261 1085 3324 unde
1107 3261 1180 3325 illud
1202 3261 1366 3324 habuimus.
1411 3263 1508 3325 Pauca
1531 3263 1569 3326 ad
1590 3262 1663 3324 illud
1687 3263 1885 3325 testimonium
1909 3263 2056 3325 observa-

688 3363 795 3425 bimus.
837 3360 870 3424 ln
892 3364 987 3443 prima
1009 3361 1139 3424 formula
1162 3361 1199 3423 ad
1222 3360 1298 3424 baec
1320 3363 1414 3425 verba
1432 3362 1577 3442 Spiritum
1598 3371 1735 3425 sonetum
1756 3371 1837 3425 tuum
1858 3370 1889 3423 et
1909 3365 2054 3435 camena

688 3480 756 3525 cum
778 3461 929 3543 scripturo
951 3461 1130 3542 Aethiopica
1152 3459 1313 3545 idbnbent
1335 3463 1504 3544 singulare,
1535 3462 1615 3542 quod
1644 3464 1747 3544 apices
1769 3463 1810 3524 ita
1832 3461 1930 3524 literis
1952 3461 2055 3543 adjun-

687 3569 819 3644 guntur,
849 3568 881 3623 ut
903 3561 1027 3624 vocales
1050 3559 1186 3624 diversas
1210 3560 1337 3623 ediciant
1359 3560 1419 3624 levi
1442 3561 1590 3624 interdum
1613 3560 1798 3640 discrimine,
1829 3560 1918 3624 facile
1942 3560 2055 3622 videtur

688 3660 862 3723 translatam
890 3659 927 3722 eb
957 3677 1017 3723 uno
1049 3659 1086 3722 ad
1109 3659 1189 3722 aliud
1211 3659 1307 3723 latere
1329 3666 1430 3722 notam
1451 3660 1559 3723 tuisse:
1590 3678 1667 3742 quec
1696 3663 1722 3723 si
1751 3660 1860 3724 dextro
1890 3666 2055 3741 apponatur

687 3775 797 3821 sensus
819 3760 886 3836 erit,
908 3758 1054 3837 Spin'trmr
1076 3767 1214 3821 samium
1236 3768 1265 3821 ct
1285 3760 1424 3822 cirtuhm
1446 3763 1533 3839 ejec-
1555 3767 1587 3821 ut
1609 3761 1640 3822 in
1663 3760 1815 3842 plerisque
1838 3760 1904 3822 aliis
1915 3758 2053 3841 liturgiis

687 3856 833 3940 legimus:
857 3857 950 3919 etita
972 3875 1080 3920 sensus
1104 3859 1162 3920 erit
1185 3859 1280 3939 magis
1303 3861 1498 3940 perspicuus,
1526 3860 1661 3941 quamvis
1684 3861 1772 3921 etiarn
1794 3858 1973 3938 simpliciter
1993 3860 2054 3920 uir-

688 3963 782 4018 tutem
805 3955 934 4019 divinam
957 3957 1127 4040 intelligere
1149 3959 1309 4039 possimus.
1345 3957 1488 4039 Sequitur
1510 3967 1539 4021 et
1556 3957 1659 4037 societ
1679 3959 1761 4020 ilhrrn
1782 3976 1909 4037 corpus,
1933 3966 1964 4021 ct
1984 3976 2053 4019 sorr-

686 4058 817 4135 puirrern,
832 4063 888 4118 etc.
923 4056 1006 4118 Verti
1023 4064 1125 4137 potest
1144 4065 1174 4119 et
1187 4056 1297 4136 sociat,
1320 4075 1388 4119 nam
1411 4057 1653 4120 characteristica
1675 4056 1763 4120 litera
1777 4059 1884 4120 tertiae
1904 4075 2053 4138 personae

687 4153 780 4216 futuri
803 4156 949 4235 temporis
970 4155 1001 4217 in
1029 4174 1145 4239 genere
1174 4154 1352 4233 foeminino,
1382 4157 1466 4239 cujus
1490 4164 1537 4219 est
1559 4157 1637 4237 apud
1660 4157 1827 4237 Aethiopes
1848 4174 1911 4219 vox
1934 4155 2052 4236 Mota,

688 4273 766 4335 quae
796 4254 932 4334 spiritum
961 4254 1124 4338 significat,
1156 4254 1262 4318 eadem
1292 4263 1339 4317 est
1368 4274 1404 4317 ac
1433 4256 1585 4319 secundae
1607 4274 1768 4337 personae.
1813 4255 1947 4336 Utraque
1968 4256 2051 4319 lectio

686 4352 894 4416 indifferenter
916 4356 1049 4417 occurrit
1071 4356 1101 4415 in
1122 4357 1215 4416 variis
1238 4354 1392 4438 liturgiis,
1415 4362 1447 4417 et
1469 4356 1617 4418 sententia
1639 4354 1745 4419 eadem
1769 4362 1826 4420 est.
1868 4354 1952 4418 Deus
1968 4356 2050 4425 enim,

688 4462 719 4516 et
741 4460 773 4514 ut
788 4452 1023 4536 aliiloquuntur,
1045 4456 1112 4535 ipse
1124 4452 1261 4517 Christus
1283 4461 1341 4531 est,
1363 4455 1415 4535 qui
1436 4473 1493 4535 per
1506 4454 1648 4537 Spiritum
1669 4463 1815 4530 sanctum,
1838 4473 1947 4536 penem
1969 4452 2050 4516 efficit

688 4571 772 4616 suam
795 4569 932 4630 curnem,
964 4561 995 4616 et
1023 4555 1123 4616 vinum
1153 4573 1238 4616 suum
1260 4553 1439 4617 translimdit
1460 4556 1490 4616 in
1513 4556 1708 4636 sanguinem,
1735 4561 1767 4617 et
1794 4563 1915 4618 veteres
1944 4553 2049 4616 ldissae

688 4653 881 4734 expositores
903 4652 1099 4717 tradiderunt.

777 4751 908 4814 Verbum
932 4757 1031 4814 autem
1044 4752 1255 4833 Aethiopicum
1277 4751 1357 4834 quod
1380 4752 1529 4816 hocloco
1552 4754 1694 4833 occurrit,
1715 4752 2063 4843 unmecotiosoccrc,

688 4849 891 4931 ipsoLudollo
907 4859 984 4914 teste
1000 4851 1161 4935 significat,
1184 4859 1218 4913 ut
1232 4853 1354 4932 scripsit
1375 4855 1404 4915 in
1427 4854 1521 4934 prima
1534 4852 1639 4916 Lexici
1649 4852 1821 4935 Aethiopici
1843 4854 1889 4916 sui
1911 4852 2055 4928 editione,

689 4969 777 5030 quam
799 4957 898 5013 mmen
920 4950 1168 5034 significationem
1191 4951 1290 5015 omisit
1312 4951 1508 5018 insecundo.
1538 4954 1649 5016 Verum
1663 4953 1750 5015 ubam
1761 4951 1853 5032 dedit,
1876 4971 1942 5014 cum
1955 4950 2046 5013 locum

689 5066 729 5112 ex
751 5049 876 5113 llomilia
899 5048 1006 5114 Jacobi
1029 5049 1213 5134 Serugensis
1242 5051 1419 5131 protulisset
1448 5051 1486 5115 de
1513 5052 1641 5116 mirabili
1670 5060 1821 5134 conceptu
1848 5051 1922 5115 lesu
1943 5048 2048 5115 Christi
