<?xml version="1.0" encoding="UTF-8"?>
<!DOCTYPE html PUBLIC "-//W3C//DTD XHTML 1.0 Transitional//EN"
    "http://www.w3.org/TR/xhtml1/DTD/xhtml1-transitional.dtd">
<html xmlns="http://www.w3.org/1999/xhtml" xml:lang="en" lang="en">
 <head>
  <title>
</title>
<meta http-equiv="Content-Type" content="text/html;charset=utf-8" />
  <meta name='ocr-system' content='tesseract 3.04.00' />
  <meta name='ocr-capabilities' content='ocr_page ocr_carea ocr_par ocr_line ocrx_word'/>
</head>
<body>
  <div class='ocr_page' id='page_1' title='image "./liturgiarumorie00unkngoog/liturgiarumorie00unkngoog_0823.png"; bbox 0 0 4525 6034; ppageno 0'>
   <div class='ocr_carea' id='block_1_1' title="bbox 597 535 1629 683">
    <p class='ocr_par' dir='ltr' id='par_1_1' title="bbox 597 535 1629 683">
     <span class='ocr_line' id='line_1_1' title="bbox 597 535 1629 683; baseline 0.008 -8"><span class='ocrx_word' id='word_1_1' title='bbox 597 598 653 675; x_wconf 85' lang='lat' dir='ltr'><strong>IN</strong></span> <span class='ocrx_word' id='word_1_2' title='bbox 684 597 971 675; x_wconf 76' lang='lat' dir='ltr'><strong>titulatas</strong></span> <span class='ocrx_word' id='word_1_3' title='bbox 1008 535 1284 682; x_wconf 75' lang='lat' dir='ltr'><strong>stertens.</strong></span> <span class='ocrx_word' id='word_1_4' title='bbox 1555 609 1629 683; x_wconf 84' lang='lat' dir='ltr'><strong>1oe</strong></span> 
     </span>
    </p>
   </div>
   <div class='ocr_carea' id='block_1_2' title="bbox 120 777 1953 5116">
    <p class='ocr_par' dir='ltr' id='par_1_2' title="bbox 252 777 1631 1358">
     <span class='ocr_line' id='line_1_2' title="bbox 254 777 1631 865; baseline 0.01 -25"><span class='ocrx_word' id='word_1_5' title='bbox 254 777 362 854; x_wconf 88' lang='lat' dir='ltr'><strong>Patris,</strong></span> <span class='ocrx_word' id='word_1_6' title='bbox 386 779 437 860; x_wconf 91' lang='lat' dir='ltr'><strong>qui</strong></span> <span class='ocrx_word' id='word_1_7' title='bbox 458 779 536 842; x_wconf 89' lang='lat' dir='ltr'><strong>tollit</strong></span> <span class='ocrx_word' id='word_1_8' title='bbox 557 789 682 862; x_wconf 87' lang='lat' dir='ltr'><strong>peccata</strong></span> <span class='ocrx_word' id='word_1_9' title='bbox 705 781 816 859; x_wconf 88' lang='lat' dir='ltr'><strong>mundi,</strong></span> <span class='ocrx_word' id='word_1_10' title='bbox 839 790 986 845; x_wconf 87' lang='lat' dir='ltr'><strong>mactatus</strong></span> <span class='ocrx_word' id='word_1_11' title='bbox 1009 801 1065 865; x_wconf 95' lang='lat' dir='ltr'><strong>pro</strong></span> <span class='ocrx_word' id='word_1_12' title='bbox 1087 784 1190 847; x_wconf 90' lang='lat' dir='ltr'><strong>mundi</strong></span> <span class='ocrx_word' id='word_1_13' title='bbox 1211 789 1273 849; x_wconf 84' lang='lat' dir='ltr'><strong>vita</strong></span> <span class='ocrx_word' id='word_1_14' title='bbox 1296 797 1327 851; x_wconf 90' lang='lat' dir='ltr'><strong>et</strong></span> <span class='ocrx_word' id='word_1_15' title='bbox 1349 789 1456 855; x_wconf 88' lang='lat' dir='ltr'><strong>salute.</strong></span> <span class='ocrx_word' id='word_1_16' title='bbox 1500 789 1542 852; x_wconf 86' lang='lat' dir='ltr'><strong>Et</strong></span> <span class='ocrx_word' id='word_1_17' title='bbox 1563 810 1631 854; x_wconf 86' lang='lat' dir='ltr'><strong>cnm</strong></span> 
     </span>
     <span class='ocr_line' id='line_1_3' title="bbox 253 876 1630 969; baseline 0.012 -33"><span class='ocrx_word' id='word_1_18' title='bbox 253 876 409 940; x_wconf 71' lang='lat' dir='ltr'><strong>disbibna&#39;t</strong></span> <span class='ocrx_word' id='word_1_19' title='bbox 430 898 522 941; x_wconf 86' lang='lat' dir='ltr'><strong>annm</strong></span> <span class='ocrx_word' id='word_1_20' title='bbox 541 888 661 960; x_wconf 85' lang='lat' dir='ltr'><strong>partem</strong></span> <span class='ocrx_word' id='word_1_21' title='bbox 683 883 715 942; x_wconf 79' lang='lat' dir='ltr'><strong>in</strong></span> <span class='ocrx_word' id='word_1_22' title='bbox 737 881 872 960; x_wconf 75' lang='lat' dir='ltr'><strong>singulm</strong></span> <span class='ocrx_word' id='word_1_23' title='bbox 893 883 1007 943; x_wconf 80' lang='lat' dir='ltr'><strong>colicas</strong></span> <span class='ocrx_word' id='word_1_24' title='bbox 1027 884 1110 948; x_wconf 82' lang='lat' dir='ltr'><strong>dicit.</strong></span> <span class='ocrx_word' id='word_1_25' title='bbox 1141 884 1242 948; x_wconf 89' lang='lat' dir='ltr'><strong>Portio</strong></span> <span class='ocrx_word' id='word_1_26' title='bbox 1265 895 1370 950; x_wconf 89' lang='lat' dir='ltr'><strong>sancta</strong></span> <span class='ocrx_word' id='word_1_27' title='bbox 1394 887 1517 965; x_wconf 86' lang='lat' dir='ltr'><strong>Christi,</strong></span> <span class='ocrx_word' id='word_1_28' title='bbox 1539 889 1630 969; x_wconf 89' lang='lat' dir='ltr'><strong>plena</strong></span> 
     </span>
     <span class='ocr_line' id='line_1_4' title="bbox 252 977 1629 1066; baseline 0.01 -30"><span class='ocrx_word' id='word_1_29' title='bbox 252 977 371 1054; x_wconf 88' lang='lat' dir='ltr'><strong>gratiae</strong></span> <span class='ocrx_word' id='word_1_30' title='bbox 394 985 426 1039; x_wconf 91' lang='lat' dir='ltr'><strong>et</strong></span> <span class='ocrx_word' id='word_1_31' title='bbox 447 978 585 1041; x_wconf 88' lang='lat' dir='ltr'><strong>veritatis</strong></span> <span class='ocrx_word' id='word_1_32' title='bbox 608 978 703 1041; x_wconf 89' lang='lat' dir='ltr'><strong>Patris</strong></span> <span class='ocrx_word' id='word_1_33' title='bbox 733 987 764 1041; x_wconf 86' lang='lat' dir='ltr'><strong>ct</strong></span> <span class='ocrx_word' id='word_1_34' title='bbox 793 978 921 1060; x_wconf 82' lang='lat' dir='ltr'><strong>Spiritus</strong></span> <span class='ocrx_word' id='word_1_35' title='bbox 944 981 1051 1059; x_wconf 88' lang='lat' dir='ltr'><strong>sancti,</strong></span> <span class='ocrx_word' id='word_1_36' title='bbox 1075 983 1123 1043; x_wconf 91' lang='lat' dir='ltr'><strong>cui</strong></span> <span class='ocrx_word' id='word_1_37' title='bbox 1145 981 1245 1065; x_wconf 83' lang='lat' dir='ltr'><strong>gloria</strong></span> <span class='ocrx_word' id='word_1_38' title='bbox 1267 992 1298 1046; x_wconf 91' lang='lat' dir='ltr'><strong>et</strong></span> <span class='ocrx_word' id='word_1_39' title='bbox 1320 987 1477 1066; x_wconf 89' lang='lat' dir='ltr'><strong>imperium</strong></span> <span class='ocrx_word' id='word_1_40' title='bbox 1500 986 1532 1048; x_wconf 93' lang='lat' dir='ltr'><strong>in</strong></span> <span class='ocrx_word' id='word_1_41' title='bbox 1554 1006 1629 1050; x_wconf 87' lang='lat' dir='ltr'><strong>sae·</strong></span> 
     </span>
     <span class='ocr_line' id='line_1_5' title="bbox 254 1074 1629 1166; baseline 0.008 -30"><span class='ocrx_word' id='word_1_42' title='bbox 254 1074 323 1136; x_wconf 88' lang='lat' dir='ltr'><strong>cula</strong></span> <span class='ocrx_word' id='word_1_43' title='bbox 345 1076 546 1141; x_wconf 89' lang='lat' dir='ltr'><strong>saeculorum.</strong></span> <span class='ocrx_word' id='word_1_44' title='bbox 591 1076 660 1140; x_wconf 93' lang='lat' dir='ltr'><strong>Non</strong></span> <span class='ocrx_word' id='word_1_45' title='bbox 680 1080 721 1140; x_wconf 90' lang='lat' dir='ltr'><strong>ita</strong></span> <span class='ocrx_word' id='word_1_46' title='bbox 749 1080 881 1154; x_wconf 88' lang='lat' dir='ltr'><strong>omnino,</strong></span> <span class='ocrx_word' id='word_1_47' title='bbox 903 1080 1044 1141; x_wconf 90' lang='lat' dir='ltr'><strong>unionem</strong></span> <span class='ocrx_word' id='word_1_48' title='bbox 1073 1083 1245 1161; x_wconf 81' lang='lat' dir='ltr'><strong>specierum</strong></span> <span class='ocrx_word' id='word_1_49' title='bbox 1275 1082 1401 1146; x_wconf 90' lang='lat' dir='ltr'><strong>duarum</strong></span> <span class='ocrx_word' id='word_1_50' title='bbox 1423 1083 1537 1146; x_wconf 87' lang='lat' dir='ltr'><strong>faciunt</strong></span> <span class='ocrx_word' id='word_1_51' title='bbox 1559 1085 1629 1166; x_wconf 92' lang='lat' dir='ltr'><strong>ple-</strong></span> 
     </span>
     <span class='ocr_line' id='line_1_6' title="bbox 252 1172 1628 1260; baseline 0.011 -27"><span class='ocrx_word' id='word_1_52' title='bbox 252 1172 342 1253; x_wconf 86' lang='lat' dir='ltr'>rique</span> <span class='ocrx_word' id='word_1_53' title='bbox 365 1175 546 1253; x_wconf 88' lang='lat' dir='ltr'><strong>Orientales,</strong></span> <span class='ocrx_word' id='word_1_54' title='bbox 569 1176 626 1238; x_wconf 90' lang='lat' dir='ltr'><strong>sed</strong></span> <span class='ocrx_word' id='word_1_55' title='bbox 648 1194 754 1256; x_wconf 91' lang='lat' dir='ltr'><strong>parum</strong></span> <span class='ocrx_word' id='word_1_56' title='bbox 783 1176 894 1239; x_wconf 78' lang='lat' dir='ltr'><strong>refert:</strong></span> <span class='ocrx_word' id='word_1_57' title='bbox 925 1195 992 1239; x_wconf 89' lang='lat' dir='ltr'><strong>cum</strong></span> <span class='ocrx_word' id='word_1_58' title='bbox 1021 1178 1159 1241; x_wconf 89' lang='lat' dir='ltr'><strong>omnibus</strong></span> <span class='ocrx_word' id='word_1_59' title='bbox 1187 1180 1314 1243; x_wconf 82' lang='lat' dir='ltr'><strong>solenne</strong></span> <span class='ocrx_word' id='word_1_60' title='bbox 1342 1183 1392 1260; x_wconf 88' lang='lat' dir='ltr'><strong>sit,</strong></span> <span class='ocrx_word' id='word_1_61' title='bbox 1415 1190 1448 1245; x_wconf 89' lang='lat' dir='ltr'><strong>ut</strong></span> <span class='ocrx_word' id='word_1_62' title='bbox 1469 1185 1500 1245; x_wconf 92' lang='lat' dir='ltr'><strong>in</strong></span> <span class='ocrx_word' id='word_1_63' title='bbox 1523 1184 1628 1248; x_wconf 87' lang='lat' dir='ltr'><strong>Latina</strong></span> 
     </span>
     <span class='ocr_line' id='line_1_7' title="bbox 252 1270 1224 1358; baseline 0.005 -25"><span class='ocrx_word' id='word_1_64' title='bbox 252 1270 403 1349; x_wconf 76' lang='lat' dir='ltr'><strong>Ecclesia,</strong></span> <span class='ocrx_word' id='word_1_65' title='bbox 425 1275 602 1355; x_wconf 88' lang='lat' dir='ltr'><strong>particulam</strong></span> <span class='ocrx_word' id='word_1_66' title='bbox 625 1293 723 1354; x_wconf 88' lang='lat' dir='ltr'><strong>unam,</strong></span> <span class='ocrx_word' id='word_1_67' title='bbox 747 1276 797 1338; x_wconf 87' lang='lat' dir='ltr'><strong>vel</strong></span> <span class='ocrx_word' id='word_1_68' title='bbox 818 1276 923 1358; x_wconf 91' lang='lat' dir='ltr'><strong>plures</strong></span> <span class='ocrx_word' id='word_1_69' title='bbox 946 1275 1031 1338; x_wconf 90' lang='lat' dir='ltr'><strong>calici</strong></span> <span class='ocrx_word' id='word_1_70' title='bbox 1055 1278 1224 1340; x_wconf 88' lang='lat' dir='ltr'><strong>immittere.</strong></span> 
     </span>
    </p>

    <p class='ocr_par' dir='ltr' id='par_1_3' title="bbox 247 1367 1953 3534">
     <span class='ocr_line' id='line_1_8' title="bbox 339 1367 1953 1461; baseline 0.013 -27"><span class='ocrx_word' id='word_1_71' title='bbox 339 1372 497 1445; x_wconf 82' lang='lat' dir='ltr'><strong>Quomodo</strong></span> <span class='ocrx_word' id='word_1_72' title='bbox 521 1373 660 1454; x_wconf 87' lang='lat' dir='ltr'><strong>Coptitae</strong></span> <span class='ocrx_word' id='word_1_73' title='bbox 689 1375 769 1437; x_wconf 91' lang='lat' dir='ltr'><strong>illam</strong></span> <span class='ocrx_word' id='word_1_74' title='bbox 802 1374 967 1437; x_wconf 85' lang='lat' dir='ltr'><strong>observent</strong></span> <span class='ocrx_word' id='word_1_75' title='bbox 988 1374 1086 1438; x_wconf 88' lang='lat' dir='ltr'><strong>videri</strong></span> <span class='ocrx_word' id='word_1_76' title='bbox 1108 1384 1211 1457; x_wconf 90' lang='lat' dir='ltr'><strong>potest</strong></span> <span class='ocrx_word' id='word_1_77' title='bbox 1232 1377 1263 1439; x_wconf 91' lang='lat' dir='ltr'><strong>in</strong></span> <span class='ocrx_word' id='word_1_78' title='bbox 1286 1376 1406 1440; x_wconf 91' lang='lat' dir='ltr'><strong>illorum</strong></span> <span class='ocrx_word' id='word_1_79' title='bbox 1428 1367 1574 1461; x_wconf 85' lang='lat' dir='ltr'><strong>liturgia,</strong></span> <span class='ocrx_word' id='word_1_80' title='bbox 1597 1388 1630 1443; x_wconf 90' lang='lat' dir='ltr'><strong>et</strong></span> <span class='ocrx_word' id='word_1_81' title='bbox 1676 1394 1750 1449; x_wconf 78' lang='lat' dir='ltr'><strong>Ritus</strong></span> <span class='ocrx_word' id='word_1_82' title='bbox 1772 1397 1903 1453; x_wconf 72' lang='lat' dir='ltr'><strong>incoant:</strong></span> <span class='ocrx_word' id='word_1_83' title='bbox 1926 1407 1953 1454; x_wconf 79' lang='lat' dir='ltr'><strong>et</strong></span> 
     </span>
     <span class='ocr_line' id='line_1_9' title="bbox 250 1469 1754 1556; baseline 0.006 -24"><span class='ocrx_word' id='word_1_84' title='bbox 250 1471 282 1532; x_wconf 90' lang='lat' dir='ltr'><strong>in</strong></span> <span class='ocrx_word' id='word_1_85' title='bbox 305 1469 529 1535; x_wconf 78' lang='lat' dir='ltr'><strong>Commentario</strong></span> <span class='ocrx_word' id='word_1_86' title='bbox 551 1473 588 1535; x_wconf 87' lang='lat' dir='ltr'><strong>ad</strong></span> <span class='ocrx_word' id='word_1_87' title='bbox 612 1492 681 1536; x_wconf 89' lang='lat' dir='ltr'><strong>eum</strong></span> <span class='ocrx_word' id='word_1_88' title='bbox 701 1474 818 1537; x_wconf 89' lang='lat' dir='ltr'><strong>locum:</strong></span> <span class='ocrx_word' id='word_1_89' title='bbox 849 1472 954 1553; x_wconf 85' lang='lat' dir='ltr'><strong>plures</strong></span> <span class='ocrx_word' id='word_1_90' title='bbox 978 1481 1076 1536; x_wconf 91' lang='lat' dir='ltr'><strong>autem</strong></span> <span class='ocrx_word' id='word_1_91' title='bbox 1100 1493 1188 1555; x_wconf 91' lang='lat' dir='ltr'><strong>quam</strong></span> <span class='ocrx_word' id='word_1_92' title='bbox 1219 1474 1288 1556; x_wconf 74' lang='lat' dir='ltr'><strong>Syri</strong></span> <span class='ocrx_word' id='word_1_93' title='bbox 1311 1480 1517 1541; x_wconf 85' lang='lat' dir='ltr'><strong>caeremonias</strong></span> <span class='ocrx_word' id='word_1_94' title='bbox 1541 1479 1629 1541; x_wconf 88' lang='lat' dir='ltr'><strong>adhi-</strong></span> <span class='ocrx_word' id='word_1_95' title='bbox 1642 1485 1754 1537; x_wconf 76' lang='lat' dir='ltr'><strong>aniona.</strong></span> 
     </span>
     <span class='ocr_line' id='line_1_10' title="bbox 252 1570 1629 1654; baseline 0.009 -23"><span class='ocrx_word' id='word_1_96' title='bbox 252 1570 336 1647; x_wconf 87' lang='lat' dir='ltr'><strong>beat,</strong></span> <span class='ocrx_word' id='word_1_97' title='bbox 360 1588 486 1651; x_wconf 90' lang='lat' dir='ltr'><strong>quarum</strong></span> <span class='ocrx_word' id='word_1_98' title='bbox 509 1579 610 1635; x_wconf 90' lang='lat' dir='ltr'><strong>tamen</strong></span> <span class='ocrx_word' id='word_1_99' title='bbox 632 1590 691 1635; x_wconf 89' lang='lat' dir='ltr'><strong>una</strong></span> <span class='ocrx_word' id='word_1_100' title='bbox 714 1579 762 1635; x_wconf 89' lang='lat' dir='ltr'><strong>est</strong></span> <span class='ocrx_word' id='word_1_101' title='bbox 784 1573 909 1634; x_wconf 89' lang='lat' dir='ltr'><strong>intentio</strong></span> <span class='ocrx_word' id='word_1_102' title='bbox 932 1580 962 1635; x_wconf 90' lang='lat' dir='ltr'><strong>et</strong></span> <span class='ocrx_word' id='word_1_103' title='bbox 990 1574 1182 1654; x_wconf 80' lang='lat' dir='ltr'><strong>signilnatio.</strong></span> <span class='ocrx_word' id='word_1_104' title='bbox 1232 1572 1289 1637; x_wconf 91' lang='lat' dir='ltr'><strong>Ubi</strong></span> <span class='ocrx_word' id='word_1_105' title='bbox 1319 1573 1426 1638; x_wconf 82' lang='lat' dir='ltr'><strong>Oblata</strong></span> <span class='ocrx_word' id='word_1_106' title='bbox 1449 1586 1629 1643; x_wconf 89' lang='lat' dir='ltr'><strong>consecrata</strong></span> 
     </span>
     <span class='ocr_line' id='line_1_11' title="bbox 251 1663 1628 1753; baseline 0.008 -23"><span class='ocrx_word' id='word_1_107' title='bbox 251 1671 352 1730; x_wconf 89' lang='lat' dir='ltr'><strong>statim</strong></span> <span class='ocrx_word' id='word_1_108' title='bbox 374 1669 405 1730; x_wconf 92' lang='lat' dir='ltr'><strong>in</strong></span> <span class='ocrx_word' id='word_1_109' title='bbox 427 1670 535 1733; x_wconf 88' lang='lat' dir='ltr'><strong>multas</strong></span> <span class='ocrx_word' id='word_1_110' title='bbox 557 1679 661 1751; x_wconf 92' lang='lat' dir='ltr'><strong>partes</strong></span> <span class='ocrx_word' id='word_1_111' title='bbox 683 1672 827 1735; x_wconf 91' lang='lat' dir='ltr'><strong>dividitur</strong></span> <span class='ocrx_word' id='word_1_112' title='bbox 848 1690 889 1733; x_wconf 84' lang='lat' dir='ltr'><strong>ex</strong></span> <span class='ocrx_word' id='word_1_113' title='bbox 912 1674 1026 1753; x_wconf 89' lang='lat' dir='ltr'><strong>majori,</strong></span> <span class='ocrx_word' id='word_1_114' title='bbox 1049 1690 1140 1753; x_wconf 90' lang='lat' dir='ltr'><strong>quam</strong></span> <span class='ocrx_word' id='word_1_115' title='bbox 1160 1663 1345 1736; x_wconf 80' lang='grc' dir='ltr'><strong><em>Σπουδικόν</em></strong></span> <span class='ocrx_word' id='word_1_116' title='bbox 1367 1683 1476 1737; x_wconf 85' lang='lat' dir='ltr'><strong>vocant</strong></span> <span class='ocrx_word' id='word_1_117' title='bbox 1492 1675 1628 1741; x_wconf 88' lang='lat' dir='ltr'><strong>Graecae</strong></span> 
     </span>
     <span class='ocr_line' id='line_1_12' title="bbox 251 1767 1630 1852; baseline 0.007 -23"><span class='ocrx_word' id='word_1_118' title='bbox 251 1767 408 1852; x_wconf 72' lang='lat' dir='ltr'><strong>liturgiae</strong></span> <span class='ocrx_word' id='word_1_119' title='bbox 430 1768 666 1847; x_wconf 80' lang='lat' dir='ltr'><strong>Alexandrinae,</strong></span> <span class='ocrx_word' id='word_1_120' title='bbox 695 1770 778 1833; x_wconf 90' lang='lat' dir='ltr'><strong>unde</strong></span> <span class='ocrx_word' id='word_1_121' title='bbox 801 1770 940 1850; x_wconf 89' lang='lat' dir='ltr'><strong>Coptitae</strong></span> <span class='ocrx_word' id='word_1_122' title='bbox 968 1787 1054 1831; x_wconf 90' lang='lat' dir='ltr'><strong>suum</strong></span> <span class='ocrx_word' id='word_1_123' title='bbox 1080 1771 1253 1846; x_wconf 82' lang='lat' dir='ltr'><strong>labodioon,</strong></span> <span class='ocrx_word' id='word_1_124' title='bbox 1276 1779 1327 1834; x_wconf 91' lang='lat' dir='ltr'><strong>aut</strong></span> <span class='ocrx_word' id='word_1_125' title='bbox 1354 1771 1531 1835; x_wconf 83' lang='lat' dir='ltr'><strong>Asbadicon</strong></span> <span class='ocrx_word' id='word_1_126' title='bbox 1559 1773 1630 1838; x_wconf 87' lang='lat' dir='ltr'><strong>lor·</strong></span> 
     </span>
     <span class='ocr_line' id='line_1_13' title="bbox 251 1869 1628 1949; baseline 0.004 -20"><span class='ocrx_word' id='word_1_127' title='bbox 251 1876 421 1946; x_wconf 83' lang='lat' dir='ltr'><strong>moverunt,</strong></span> <span class='ocrx_word' id='word_1_128' title='bbox 444 1869 634 1949; x_wconf 80' lang='lat' dir='ltr'><strong>consignatio</strong></span> <span class='ocrx_word' id='word_1_129' title='bbox 657 1869 689 1931; x_wconf 85' lang='lat' dir='ltr'><strong>iit</strong></span> <span class='ocrx_word' id='word_1_130' title='bbox 712 1869 826 1948; x_wconf 91' lang='lat' dir='ltr'><strong>calicis,</strong></span> <span class='ocrx_word' id='word_1_131' title='bbox 850 1877 880 1930; x_wconf 95' lang='lat' dir='ltr'><strong>et</strong></span> <span class='ocrx_word' id='word_1_132' title='bbox 903 1869 1026 1931; x_wconf 87' lang='lat' dir='ltr'><strong>aliarum</strong></span> <span class='ocrx_word' id='word_1_133' title='bbox 1049 1869 1276 1949; x_wconf 86' lang='lat' dir='ltr'><strong>particularum.</strong></span> <span class='ocrx_word' id='word_1_134' title='bbox 1311 1871 1344 1933; x_wconf 94' lang='lat' dir='ltr'><strong>ln</strong></span> <span class='ocrx_word' id='word_1_135' title='bbox 1367 1871 1505 1933; x_wconf 88' lang='lat' dir='ltr'><strong>omnibus</strong></span> <span class='ocrx_word' id='word_1_136' title='bbox 1528 1881 1628 1935; x_wconf 88' lang='lat' dir='ltr'><strong>autem</strong></span> 
     </span>
     <span class='ocr_line' id='line_1_14' title="bbox 250 1965 1628 2049; baseline 0.006 -22"><span class='ocrx_word' id='word_1_137' title='bbox 250 1965 397 2049; x_wconf 87' lang='lat' dir='ltr'><strong>Liturgiis</strong></span> <span class='ocrx_word' id='word_1_138' title='bbox 427 1966 650 2044; x_wconf 85' lang='lat' dir='ltr'><strong>Orientalibus,</strong></span> <span class='ocrx_word' id='word_1_139' title='bbox 679 1968 785 2030; x_wconf 88' lang='lat' dir='ltr'><strong>eadem</strong></span> <span class='ocrx_word' id='word_1_140' title='bbox 820 1985 918 2049; x_wconf 92' lang='lat' dir='ltr'><strong>prope</strong></span> <span class='ocrx_word' id='word_1_141' title='bbox 952 1968 1107 2031; x_wconf 80' lang='lat' dir='ltr'><strong>fractionis</strong></span> <span class='ocrx_word' id='word_1_142' title='bbox 1144 1970 1222 2031; x_wconf 89' lang='lat' dir='ltr'><strong>ratio</strong></span> <span class='ocrx_word' id='word_1_143' title='bbox 1260 1976 1317 2031; x_wconf 83' lang='lat' dir='ltr'><strong>est.</strong></span> <span class='ocrx_word' id='word_1_144' title='bbox 1367 1969 1443 2031; x_wconf 90' lang='lat' dir='ltr'><strong>Nam</strong></span> <span class='ocrx_word' id='word_1_145' title='bbox 1474 1970 1511 2031; x_wconf 88' lang='lat' dir='ltr'><strong>ab</strong></span> <span class='ocrx_word' id='word_1_146' title='bbox 1542 1973 1628 2036; x_wconf 92' lang='lat' dir='ltr'><strong>initio</strong></span> 
     </span>
     <span class='ocr_line' id='line_1_15' title="bbox 250 2064 1629 2148; baseline 0.004 -20"><span class='ocrx_word' id='word_1_147' title='bbox 250 2064 359 2128; x_wconf 84' lang='lat' dir='ltr'><strong>Oblata</strong></span> <span class='ocrx_word' id='word_1_148' title='bbox 381 2067 411 2128; x_wconf 93' lang='lat' dir='ltr'><strong>in</strong></span> <span class='ocrx_word' id='word_1_149' title='bbox 434 2066 542 2128; x_wconf 86' lang='lat' dir='ltr'><strong>multas</strong></span> <span class='ocrx_word' id='word_1_150' title='bbox 565 2075 669 2147; x_wconf 88' lang='lat' dir='ltr'><strong>partes</strong></span> <span class='ocrx_word' id='word_1_151' title='bbox 692 2067 848 2129; x_wconf 86' lang='lat' dir='ltr'><strong>dividitur:</strong></span> <span class='ocrx_word' id='word_1_152' title='bbox 879 2066 1046 2130; x_wconf 89' lang='lat' dir='ltr'><strong>Particulae</strong></span> <span class='ocrx_word' id='word_1_153' title='bbox 1075 2085 1154 2148; x_wconf 88' lang='lat' dir='ltr'><strong>quae</strong></span> <span class='ocrx_word' id='word_1_154' title='bbox 1182 2066 1270 2129; x_wconf 91' lang='lat' dir='ltr'><strong>calici</strong></span> <span class='ocrx_word' id='word_1_155' title='bbox 1291 2068 1489 2130; x_wconf 89' lang='lat' dir='ltr'><strong>immittantur</strong></span> <span class='ocrx_word' id='word_1_156' title='bbox 1519 2077 1550 2132; x_wconf 89' lang='lat' dir='ltr'><strong>et</strong></span> <span class='ocrx_word' id='word_1_157' title='bbox 1578 2072 1629 2133; x_wconf 91' lang='lat' dir='ltr'><strong>in-</strong></span> 
     </span>
     <span class='ocr_line' id='line_1_16' title="bbox 249 2164 1627 2250; baseline 0.005 -24"><span class='ocrx_word' id='word_1_158' title='bbox 249 2164 417 2247; x_wconf 89' lang='lat' dir='ltr'><strong>tinguntur,</strong></span> <span class='ocrx_word' id='word_1_159' title='bbox 440 2183 481 2227; x_wconf 83' lang='lat' dir='ltr'><strong>ex</strong></span> <span class='ocrx_word' id='word_1_160' title='bbox 502 2166 617 2247; x_wconf 79' lang='lat' dir='ltr'><strong>maJore</strong></span> <span class='ocrx_word' id='word_1_161' title='bbox 640 2166 691 2229; x_wconf 89' lang='lat' dir='ltr'><strong>ille</strong></span> <span class='ocrx_word' id='word_1_162' title='bbox 712 2173 783 2228; x_wconf 92' lang='lat' dir='ltr'><strong>sunt</strong></span> <span class='ocrx_word' id='word_1_163' title='bbox 806 2184 883 2247; x_wconf 89' lang='lat' dir='ltr'><strong>quae</strong></span> <span class='ocrx_word' id='word_1_164' title='bbox 906 2167 936 2227; x_wconf 94' lang='lat' dir='ltr'><strong>in</strong></span> <span class='ocrx_word' id='word_1_165' title='bbox 960 2165 1156 2229; x_wconf 88' lang='lat' dir='ltr'><strong>mediodisco</strong></span> <span class='ocrx_word' id='word_1_166' title='bbox 1179 2166 1356 2244; x_wconf 88' lang='lat' dir='ltr'><strong>collocatur,</strong></span> <span class='ocrx_word' id='word_1_167' title='bbox 1379 2175 1410 2228; x_wconf 90' lang='lat' dir='ltr'><strong>et</strong></span> <span class='ocrx_word' id='word_1_168' title='bbox 1433 2167 1515 2229; x_wconf 87' lang='lat' dir='ltr'><strong>circa</strong></span> <span class='ocrx_word' id='word_1_169' title='bbox 1538 2188 1627 2250; x_wconf 90' lang='lat' dir='ltr'><strong>quarn</strong></span> 
     </span>
     <span class='ocr_line' id='line_1_17' title="bbox 250 2263 1627 2347; baseline 0.004 -22"><span class='ocrx_word' id='word_1_170' title='bbox 250 2263 328 2326; x_wconf 87' lang='lat' dir='ltr'><strong>aliae</strong></span> <span class='ocrx_word' id='word_1_171' title='bbox 358 2264 466 2326; x_wconf 90' lang='lat' dir='ltr'><strong>ordine</strong></span> <span class='ocrx_word' id='word_1_172' title='bbox 492 2263 703 2346; x_wconf 87' lang='lat' dir='ltr'><strong>disponuntur.</strong></span> <span class='ocrx_word' id='word_1_173' title='bbox 739 2263 807 2326; x_wconf 82' lang='lat' dir='ltr'><strong>Alia</strong></span> <span class='ocrx_word' id='word_1_174' title='bbox 826 2273 926 2328; x_wconf 91' lang='lat' dir='ltr'><strong>autern</strong></span> <span class='ocrx_word' id='word_1_175' title='bbox 948 2272 995 2327; x_wconf 93' lang='lat' dir='ltr'><strong>est</strong></span> <span class='ocrx_word' id='word_1_176' title='bbox 1016 2266 1093 2327; x_wconf 90' lang='lat' dir='ltr'><strong>ratio</strong></span> <span class='ocrx_word' id='word_1_177' title='bbox 1116 2265 1283 2343; x_wconf 85' lang='lat' dir='ltr'><strong>fractionis,</strong></span> <span class='ocrx_word' id='word_1_178' title='bbox 1306 2284 1385 2347; x_wconf 92' lang='lat' dir='ltr'><strong>quae</strong></span> <span class='ocrx_word' id='word_1_179' title='bbox 1408 2265 1440 2328; x_wconf 89' lang='lat' dir='ltr'><strong>lit</strong></span> <span class='ocrx_word' id='word_1_180' title='bbox 1463 2265 1502 2327; x_wconf 90' lang='lat' dir='ltr'><strong>ad</strong></span> <span class='ocrx_word' id='word_1_181' title='bbox 1524 2268 1627 2331; x_wconf 90' lang='lat' dir='ltr'><strong>calicis</strong></span> 
     </span>
     <span class='ocr_line' id='line_1_18' title="bbox 250 2350 1628 2446; baseline 0.004 -22"><span class='ocrx_word' id='word_1_182' title='bbox 250 2363 511 2445; x_wconf 83' lang='lat' dir='ltr'><strong>consignationem</strong></span> <span class='ocrx_word' id='word_1_183' title='bbox 534 2371 565 2425; x_wconf 89' lang='lat' dir='ltr'><strong>et</strong></span> <span class='ocrx_word' id='word_1_184' title='bbox 587 2364 624 2425; x_wconf 91' lang='lat' dir='ltr'><strong>ad</strong></span> <span class='ocrx_word' id='word_1_185' title='bbox 647 2364 793 2425; x_wconf 84' lang='lat' dir='ltr'><strong>Sanctam</strong></span> <span class='ocrx_word' id='word_1_186' title='bbox 812 2366 953 2426; x_wconf 80' lang='lat' dir='ltr'><strong>unionem</strong></span> <span class='ocrx_word' id='word_1_187' title='bbox 974 2350 1032 2446; x_wconf 72' lang='grc' dir='ltr'><strong>τῆν</strong></span> <span class='ocrx_word' id='word_1_188' title='bbox 1054 2352 1150 2444; x_wconf 68' lang='lat' dir='ltr'><strong>e‘ytm</strong></span> <span class='ocrx_word' id='word_1_189' title='bbox 1172 2358 1302 2442; x_wconf 73' lang='grc' dir='ltr'><em>ἕνωσιν,</em></span> <span class='ocrx_word' id='word_1_190' title='bbox 1325 2372 1356 2426; x_wconf 88' lang='lat' dir='ltr'><strong>et</strong></span> <span class='ocrx_word' id='word_1_191' title='bbox 1378 2363 1513 2429; x_wconf 89' lang='lat' dir='ltr'><strong>aliarum.</strong></span> <span class='ocrx_word' id='word_1_192' title='bbox 1552 2365 1628 2429; x_wconf 90' lang='lat' dir='ltr'><strong>Nam</strong></span> 
     </span>
     <span class='ocr_line' id='line_1_19' title="bbox 249 2461 1627 2545; baseline 0.004 -24"><span class='ocrx_word' id='word_1_193' title='bbox 249 2461 345 2541; x_wconf 90' lang='lat' dir='ltr'><strong>prima</strong></span> <span class='ocrx_word' id='word_1_194' title='bbox 374 2462 406 2523; x_wconf 88' lang='lat' dir='ltr'><strong>lit</strong></span> <span class='ocrx_word' id='word_1_195' title='bbox 439 2463 538 2523; x_wconf 88' lang='lat' dir='ltr'><strong>statim</strong></span> <span class='ocrx_word' id='word_1_196' title='bbox 566 2469 656 2542; x_wconf 88' lang='lat' dir='ltr'><strong>alque</strong></span> <span class='ocrx_word' id='word_1_197' title='bbox 685 2461 765 2524; x_wconf 88' lang='lat' dir='ltr'><strong>dona</strong></span> <span class='ocrx_word' id='word_1_198' title='bbox 799 2470 1011 2544; x_wconf 87' lang='lat' dir='ltr'><strong>proponuntur</strong></span> <span class='ocrx_word' id='word_1_199' title='bbox 1032 2463 1062 2524; x_wconf 92' lang='lat' dir='ltr'><strong>in</strong></span> <span class='ocrx_word' id='word_1_200' title='bbox 1086 2462 1188 2524; x_wconf 90' lang='lat' dir='ltr'><strong>altari:</strong></span> <span class='ocrx_word' id='word_1_201' title='bbox 1225 2463 1358 2524; x_wconf 87' lang='lat' dir='ltr'><strong>secunda</strong></span> <span class='ocrx_word' id='word_1_202' title='bbox 1387 2465 1418 2524; x_wconf 90' lang='lat' dir='ltr'><strong>in</strong></span> <span class='ocrx_word' id='word_1_203' title='bbox 1449 2464 1627 2545; x_wconf 90' lang='lat' dir='ltr'><strong>quibusdam</strong></span> 
     </span>
     <span class='ocr_line' id='line_1_20' title="bbox 248 2559 1626 2643; baseline 0.003 -22"><span class='ocrx_word' id='word_1_204' title='bbox 248 2559 395 2622; x_wconf 87' lang='lat' dir='ltr'><strong>Ecclesiis</strong></span> <span class='ocrx_word' id='word_1_205' title='bbox 418 2562 448 2621; x_wconf 94' lang='lat' dir='ltr'><strong>in</strong></span> <span class='ocrx_word' id='word_1_206' title='bbox 471 2562 538 2641; x_wconf 87' lang='lat' dir='ltr'><strong>ipsa</strong></span> <span class='ocrx_word' id='word_1_207' title='bbox 560 2562 802 2640; x_wconf 89' lang='lat' dir='ltr'><strong>consecratione,</strong></span> <span class='ocrx_word' id='word_1_208' title='bbox 825 2580 893 2624; x_wconf 90' lang='lat' dir='ltr'><strong>cum</strong></span> <span class='ocrx_word' id='word_1_209' title='bbox 920 2561 1028 2625; x_wconf 90' lang='lat' dir='ltr'><strong>dicitur</strong></span> <span class='ocrx_word' id='word_1_210' title='bbox 1050 2561 1201 2641; x_wconf 76' lang='lat' dir='ltr'><strong>etfregit,</strong></span> <span class='ocrx_word' id='word_1_211' title='bbox 1224 2564 1309 2643; x_wconf 83' lang='lat' dir='ltr'><strong>cujus</strong></span> <span class='ocrx_word' id='word_1_212' title='bbox 1332 2560 1489 2624; x_wconf 83' lang='lat' dir='ltr'><strong>tractionis</strong></span> <span class='ocrx_word' id='word_1_213' title='bbox 1512 2563 1626 2625; x_wconf 91' lang='lat' dir='ltr'><strong>nullum</strong></span> 
     </span>
     <span class='ocr_line' id='line_1_21' title="bbox 252 2658 1625 2741; baseline 0.004 -21"><span class='ocrx_word' id='word_1_214' title='bbox 252 2666 336 2721; x_wconf 79' lang='lat' dir='ltr'><strong>extat</strong></span> <span class='ocrx_word' id='word_1_215' title='bbox 358 2660 389 2720; x_wconf 93' lang='lat' dir='ltr'><strong>in</strong></span> <span class='ocrx_word' id='word_1_216' title='bbox 413 2658 558 2741; x_wconf 76' lang='lat' dir='ltr'><strong>Syrorum</strong></span> <span class='ocrx_word' id='word_1_217' title='bbox 579 2661 639 2721; x_wconf 90' lang='lat' dir='ltr'><strong>ritu</strong></span> <span class='ocrx_word' id='word_1_218' title='bbox 660 2661 811 2722; x_wconf 89' lang='lat' dir='ltr'><strong>indicium.</strong></span> <span class='ocrx_word' id='word_1_219' title='bbox 856 2660 958 2723; x_wconf 78' lang='lat' dir='ltr'><strong>Tertia</strong></span> <span class='ocrx_word' id='word_1_220' title='bbox 980 2678 1047 2722; x_wconf 89' lang='lat' dir='ltr'><strong>cum</strong></span> <span class='ocrx_word' id='word_1_221' title='bbox 1074 2678 1114 2722; x_wconf 84' lang='lat' dir='ltr'><strong>cx</strong></span> <span class='ocrx_word' id='word_1_222' title='bbox 1137 2661 1244 2740; x_wconf 80' lang='lat' dir='ltr'><strong>majori</strong></span> <span class='ocrx_word' id='word_1_223' title='bbox 1265 2660 1422 2740; x_wconf 86' lang='lat' dir='ltr'><strong>particula,</strong></span> <span class='ocrx_word' id='word_1_224' title='bbox 1446 2661 1504 2722; x_wconf 91' lang='lat' dir='ltr'><strong>alia</strong></span> <span class='ocrx_word' id='word_1_225' title='bbox 1527 2662 1625 2725; x_wconf 88' lang='lat' dir='ltr'><strong>demi-</strong></span> 
     </span>
     <span class='ocr_line' id='line_1_22' title="bbox 252 2755 1626 2839; baseline 0.003 -20"><span class='ocrx_word' id='word_1_226' title='bbox 252 2765 313 2835; x_wconf 85' lang='lat' dir='ltr'><strong>tur,</strong></span> <span class='ocrx_word' id='word_1_227' title='bbox 336 2765 367 2819; x_wconf 93' lang='lat' dir='ltr'><strong>et</strong></span> <span class='ocrx_word' id='word_1_228' title='bbox 389 2758 476 2820; x_wconf 89' lang='lat' dir='ltr'><strong>celici</strong></span> <span class='ocrx_word' id='word_1_229' title='bbox 498 2759 676 2821; x_wconf 86' lang='lat' dir='ltr'><strong>immittitur:</strong></span> <span class='ocrx_word' id='word_1_230' title='bbox 689 2755 814 2839; x_wconf 87' lang='lat' dir='ltr'><strong>plures,</strong></span> <span class='ocrx_word' id='word_1_231' title='bbox 838 2777 906 2822; x_wconf 89' lang='lat' dir='ltr'><strong>curn</strong></span> <span class='ocrx_word' id='word_1_232' title='bbox 928 2759 1039 2822; x_wconf 86' lang='lat' dir='ltr'><strong>calices</strong></span> <span class='ocrx_word' id='word_1_233' title='bbox 1062 2758 1272 2821; x_wconf 88' lang='lat' dir='ltr'><strong>ministeriales</strong></span> <span class='ocrx_word' id='word_1_234' title='bbox 1284 2758 1336 2820; x_wconf 91' lang='lat' dir='ltr'><strong>illa</strong></span> <span class='ocrx_word' id='word_1_235' title='bbox 1348 2760 1525 2822; x_wconf 87' lang='lat' dir='ltr'><strong>admistione</strong></span> <span class='ocrx_word' id='word_1_236' title='bbox 1548 2780 1626 2823; x_wconf 90' lang='lat' dir='ltr'><strong>con-</strong></span> 
     </span>
     <span class='ocr_line' id='line_1_23' title="bbox 248 2857 1624 2939; baseline 0.003 -21"><span class='ocrx_word' id='word_1_237' title='bbox 248 2858 396 2936; x_wconf 77' lang='lat' dir='ltr'><strong>fimcndi</strong></span> <span class='ocrx_word' id='word_1_238' title='bbox 415 2865 495 2935; x_wconf 83' lang='lat' dir='ltr'><strong>aunt,</strong></span> <span class='ocrx_word' id='word_1_239' title='bbox 519 2865 551 2921; x_wconf 90' lang='lat' dir='ltr'><strong>ut</strong></span> <span class='ocrx_word' id='word_1_240' title='bbox 574 2859 688 2939; x_wconf 89' lang='lat' dir='ltr'><strong>antiqui</strong></span> <span class='ocrx_word' id='word_1_241' title='bbox 709 2858 807 2920; x_wconf 89' lang='lat' dir='ltr'><strong>Latini</strong></span> <span class='ocrx_word' id='word_1_242' title='bbox 829 2857 962 2921; x_wconf 83' lang='lat' dir='ltr'><strong>Rituales</strong></span> <span class='ocrx_word' id='word_1_243' title='bbox 985 2858 1158 2939; x_wconf 87' lang='lat' dir='ltr'><strong>loquuntur.</strong></span> <span class='ocrx_word' id='word_1_244' title='bbox 1190 2857 1303 2930; x_wconf 87' lang='lat' dir='ltr'><strong>Ouarta</strong></span> <span class='ocrx_word' id='word_1_245' title='bbox 1326 2857 1446 2920; x_wconf 89' lang='lat' dir='ltr'><strong>tandem</strong></span> <span class='ocrx_word' id='word_1_246' title='bbox 1469 2876 1537 2921; x_wconf 87' lang='lat' dir='ltr'><strong>cunr</strong></span> <span class='ocrx_word' id='word_1_247' title='bbox 1561 2866 1624 2922; x_wconf 92' lang='lat' dir='ltr'><strong>tota</strong></span> 
     </span>
     <span class='ocr_line' id='line_1_24' title="bbox 251 2954 1623 3038; baseline 0.003 -21"><span class='ocrx_word' id='word_1_248' title='bbox 251 2954 359 3017; x_wconf 89' lang='lat' dir='ltr'><strong>Oblata</strong></span> <span class='ocrx_word' id='word_1_249' title='bbox 383 2964 561 3019; x_wconf 85' lang='lat' dir='ltr'><strong>consecrata</strong></span> <span class='ocrx_word' id='word_1_250' title='bbox 584 2959 615 3019; x_wconf 92' lang='lat' dir='ltr'><strong>in</strong></span> <span class='ocrx_word' id='word_1_251' title='bbox 637 2957 743 3020; x_wconf 89' lang='lat' dir='ltr'><strong>multas</strong></span> <span class='ocrx_word' id='word_1_252' title='bbox 756 2957 920 3038; x_wconf 82' lang='lat' dir='ltr'><strong>particulas</strong></span> <span class='ocrx_word' id='word_1_253' title='bbox 937 2955 1089 3032; x_wconf 91' lang='lat' dir='ltr'><strong>dividitur,</strong></span> <span class='ocrx_word' id='word_1_254' title='bbox 1111 2964 1144 3017; x_wconf 93' lang='lat' dir='ltr'><strong>ut</strong></span> <span class='ocrx_word' id='word_1_255' title='bbox 1156 2955 1371 3019; x_wconf 87' lang='lat' dir='ltr'><strong>Sacerdotibus</strong></span> <span class='ocrx_word' id='word_1_256' title='bbox 1396 2957 1623 3038; x_wconf 88' lang='lat' dir='ltr'><strong>distribuantur,</strong></span> 
     </span>
     <span class='ocr_line' id='line_1_25' title="bbox 250 3055 1624 3138; baseline 0.003 -23"><span class='ocrx_word' id='word_1_257' title='bbox 250 3061 320 3115; x_wconf 87' lang='lat' dir='ltr'><strong>ante</strong></span> <span class='ocrx_word' id='word_1_258' title='bbox 343 3073 430 3135; x_wconf 89' lang='lat' dir='ltr'><strong>quarn</strong></span> <span class='ocrx_word' id='word_1_259' title='bbox 454 3056 534 3118; x_wconf 82' lang='lat' dir='ltr'><strong>calix</strong></span> <span class='ocrx_word' id='word_1_260' title='bbox 556 3056 630 3136; x_wconf 92' lang='lat' dir='ltr'><strong>ipsis</strong></span> <span class='ocrx_word' id='word_1_261' title='bbox 652 3057 846 3138; x_wconf 84' lang='lat' dir='ltr'><strong>praebeatur,</strong></span> <span class='ocrx_word' id='word_1_262' title='bbox 869 3064 920 3118; x_wconf 89' lang='lat' dir='ltr'><strong>ant</strong></span> <span class='ocrx_word' id='word_1_263' title='bbox 942 3055 1028 3117; x_wconf 88' lang='lat' dir='ltr'><strong>calici</strong></span> <span class='ocrx_word' id='word_1_264' title='bbox 1049 3055 1223 3117; x_wconf 89' lang='lat' dir='ltr'><strong>immittatur</strong></span> <span class='ocrx_word' id='word_1_265' title='bbox 1246 3055 1454 3118; x_wconf 88' lang='lat' dir='ltr'><strong>adLaicorum</strong></span> <span class='ocrx_word' id='word_1_266' title='bbox 1478 3073 1624 3119; x_wconf 85' lang='lat' dir='ltr'><strong>comanu-</strong></span> 
     </span>
     <span class='ocr_line' id='line_1_26' title="bbox 248 3153 1623 3236; baseline 0.001 -22"><span class='ocrx_word' id='word_1_267' title='bbox 248 3155 381 3219; x_wconf 89' lang='lat' dir='ltr'><strong>nionem.</strong></span> <span class='ocrx_word' id='word_1_268' title='bbox 425 3153 508 3216; x_wconf 89' lang='lat' dir='ltr'><strong>llaec</strong></span> <span class='ocrx_word' id='word_1_269' title='bbox 530 3157 570 3218; x_wconf 90' lang='lat' dir='ltr'><strong>ita</strong></span> <span class='ocrx_word' id='word_1_270' title='bbox 592 3173 628 3218; x_wconf 87' lang='lat' dir='ltr'><strong>se</strong></span> <span class='ocrx_word' id='word_1_271' title='bbox 650 3155 763 3218; x_wconf 88' lang='lat' dir='ltr'><strong>babere</strong></span> <span class='ocrx_word' id='word_1_272' title='bbox 787 3175 826 3217; x_wconf 86' lang='lat' dir='ltr'><strong>ex</strong></span> <span class='ocrx_word' id='word_1_273' title='bbox 853 3155 977 3217; x_wconf 91' lang='lat' dir='ltr'><strong>aliarum</strong></span> <span class='ocrx_word' id='word_1_274' title='bbox 998 3153 1201 3236; x_wconf 78' lang='lat' dir='ltr'><strong>liturgiarum</strong></span> <span class='ocrx_word' id='word_1_275' title='bbox 1224 3163 1421 3234; x_wconf 82' lang='lat' dir='ltr'><strong>natorumque</strong></span> <span class='ocrx_word' id='word_1_276' title='bbox 1445 3155 1623 3217; x_wconf 78' lang='lat' dir='ltr'><strong>testimoniis</strong></span> 
     </span>
     <span class='ocr_line' id='line_1_27' title="bbox 247 3250 1622 3335; baseline 0.003 -24"><span class='ocrx_word' id='word_1_277' title='bbox 247 3250 439 3334; x_wconf 90' lang='lat' dir='ltr'><strong>intelligitur:</strong></span> <span class='ocrx_word' id='word_1_278' title='bbox 463 3271 530 3315; x_wconf 88' lang='lat' dir='ltr'><strong>cum</strong></span> <span class='ocrx_word' id='word_1_279' title='bbox 546 3253 663 3317; x_wconf 88' lang='lat' dir='ltr'><strong>Graeca</strong></span> <span class='ocrx_word' id='word_1_280' title='bbox 675 3255 807 3317; x_wconf 83' lang='lat' dir='ltr'><strong>Robrica</strong></span> <span class='ocrx_word' id='word_1_281' title='bbox 830 3273 917 3335; x_wconf 82' lang='lat' dir='ltr'><strong>quarn</strong></span> <span class='ocrx_word' id='word_1_282' title='bbox 931 3253 1097 3331; x_wconf 75' lang='lat' dir='ltr'><strong>retulimus,</strong></span> <span class='ocrx_word' id='word_1_283' title='bbox 1121 3253 1250 3333; x_wconf 88' lang='lat' dir='ltr'><strong>aliquam</strong></span> <span class='ocrx_word' id='word_1_284' title='bbox 1263 3252 1372 3314; x_wconf 89' lang='lat' dir='ltr'><strong>habeat</strong></span> <span class='ocrx_word' id='word_1_285' title='bbox 1394 3253 1622 3315; x_wconf 86' lang='lat' dir='ltr'><strong>obscuritatem.</strong></span> 
     </span>
     <span class='ocr_line' id='line_1_28' title="bbox 248 3340 1622 3434; baseline 0.001 -22"><span class='ocrx_word' id='word_1_286' title='bbox 248 3349 356 3431; x_wconf 87' lang='lat' dir='ltr'><strong>Neque</strong></span> <span class='ocrx_word' id='word_1_287' title='bbox 379 3353 458 3413; x_wconf 90' lang='lat' dir='ltr'><strong>enim</strong></span> <span class='ocrx_word' id='word_1_288' title='bbox 481 3354 590 3416; x_wconf 91' lang='lat' dir='ltr'><strong>eodem</strong></span> <span class='ocrx_word' id='word_1_289' title='bbox 618 3363 768 3417; x_wconf 87' lang='lat' dir='ltr'><strong>momento</strong></span> <span class='ocrx_word' id='word_1_290' title='bbox 797 3353 1012 3416; x_wconf 82' lang='lat' dir='ltr'><strong>confirmantur</strong></span> <span class='ocrx_word' id='word_1_291' title='bbox 1033 3352 1155 3430; x_wconf 88' lang='lat' dir='ltr'><strong>calices,</strong></span> <span class='ocrx_word' id='word_1_292' title='bbox 1179 3368 1239 3433; x_wconf 94' lang='lat' dir='ltr'><strong>quo</strong></span> <span class='ocrx_word' id='word_1_293' title='bbox 1261 3354 1293 3414; x_wconf 90' lang='lat' dir='ltr'><strong>lit</strong></span> <span class='ocrx_word' id='word_1_294' title='bbox 1307 3340 1443 3425; x_wconf 83' lang='grc' dir='ltr'><strong><em>Ἕνωσις</em></strong></span> <span class='ocrx_word' id='word_1_295' title='bbox 1471 3354 1501 3415; x_wconf 91' lang='lat' dir='ltr'><strong>in</strong></span> <span class='ocrx_word' id='word_1_296' title='bbox 1525 3355 1622 3434; x_wconf 88' lang='lat' dir='ltr'><strong>primo</strong></span> 
     </span>
     <span class='ocr_line' id='line_1_29' title="bbox 250 3449 1108 3534; baseline 0 -24"><span class='ocrx_word' id='word_1_297' title='bbox 250 3449 355 3526; x_wconf 88' lang='lat' dir='ltr'><strong>calice,</strong></span> <span class='ocrx_word' id='word_1_298' title='bbox 378 3453 464 3533; x_wconf 89' lang='lat' dir='ltr'><strong>cujus</strong></span> <span class='ocrx_word' id='word_1_299' title='bbox 487 3452 581 3514; x_wconf 91' lang='lat' dir='ltr'><strong>solius</strong></span> <span class='ocrx_word' id='word_1_300' title='bbox 606 3453 723 3534; x_wconf 77' lang='lat' dir='ltr'><strong>Syriaci</strong></span> <span class='ocrx_word' id='word_1_301' title='bbox 744 3452 878 3515; x_wconf 85' lang='lat' dir='ltr'><strong>llituales</strong></span> <span class='ocrx_word' id='word_1_302' title='bbox 902 3454 1108 3514; x_wconf 90' lang='lat' dir='ltr'><strong>meminerunt.</strong></span> 
     </span>
    </p>

    <p class='ocr_par' dir='ltr' id='par_1_4' title="bbox 244 3533 1946 5017">
     <span class='ocr_line' id='line_1_30' title="bbox 335 3533 1946 3637; baseline 0.001 -28"><span class='ocrx_word' id='word_1_303' title='bbox 335 3548 369 3610; x_wconf 93' lang='lat' dir='ltr'><strong>ln</strong></span> <span class='ocrx_word' id='word_1_304' title='bbox 392 3551 499 3613; x_wconf 90' lang='lat' dir='ltr'><strong>eadem</strong></span> <span class='ocrx_word' id='word_1_305' title='bbox 521 3551 638 3613; x_wconf 87' lang='lat' dir='ltr'><strong>Graeca</strong></span> <span class='ocrx_word' id='word_1_306' title='bbox 661 3552 768 3614; x_wconf 83' lang='lat' dir='ltr'><strong>lacobi</strong></span> <span class='ocrx_word' id='word_1_307' title='bbox 790 3551 924 3632; x_wconf 89' lang='lat' dir='ltr'><strong>Liturgia</strong></span> <span class='ocrx_word' id='word_1_308' title='bbox 951 3550 1150 3631; x_wconf 88' lang='lat' dir='ltr'><strong>praemittitur</strong></span> <span class='ocrx_word' id='word_1_309' title='bbox 1170 3533 1298 3610; x_wconf 74' lang='grc' dir='ltr'><strong><em>Ἑνώσει</em></strong></span> <span class='ocrx_word' id='word_1_310' title='bbox 1320 3565 1382 3610; x_wconf 93' lang='lat' dir='ltr'><strong>non</strong></span> <span class='ocrx_word' id='word_1_311' title='bbox 1405 3549 1493 3612; x_wconf 90' lang='lat' dir='ltr'><strong>modo</strong></span> <span class='ocrx_word' id='word_1_312' title='bbox 1517 3549 1621 3612; x_wconf 87' lang='lat' dir='ltr'><strong>Oratio</strong></span> <span class='ocrx_word' id='word_1_313' title='bbox 1677 3566 1742 3622; x_wconf 67' lang='lat' dir='ltr'><strong>nmo</strong></span> <span class='ocrx_word' id='word_1_314' title='bbox 1769 3568 1872 3637; x_wconf 79' lang='lat' dir='ltr'><strong>quando</strong></span> <span class='ocrx_word' id='word_1_315' title='bbox 1902 3566 1946 3620; x_wconf 81' lang='lat' dir='ltr'><strong>bn</strong></span> 
     </span>
     <span class='ocr_line' id='line_1_31' title="bbox 249 3646 1818 3732; baseline 0.001 -26"><span class='ocrx_word' id='word_1_316' title='bbox 249 3646 415 3727; x_wconf 84' lang='lat' dir='ltr'><strong>Dominica,</strong></span> <span class='ocrx_word' id='word_1_317' title='bbox 438 3650 493 3712; x_wconf 86' lang='lat' dir='ltr'><strong>scd</strong></span> <span class='ocrx_word' id='word_1_318' title='bbox 515 3650 711 3732; x_wconf 86' lang='lat' dir='ltr'><strong>proclamatio</strong></span> <span class='ocrx_word' id='word_1_319' title='bbox 727 3649 842 3712; x_wconf 82' lang='lat' dir='ltr'><strong>Sancto</strong></span> <span class='ocrx_word' id='word_1_320' title='bbox 857 3652 991 3712; x_wconf 70' lang='lat' dir='ltr'><strong>carnotis.⁸</strong></span> <span class='ocrx_word' id='word_1_321' title='bbox 1013 3650 1044 3710; x_wconf 91' lang='lat' dir='ltr'><strong>in</strong></span> <span class='ocrx_word' id='word_1_322' title='bbox 1066 3650 1126 3711; x_wconf 91' lang='lat' dir='ltr'><strong>ritu</strong></span> <span class='ocrx_word' id='word_1_323' title='bbox 1148 3649 1275 3729; x_wconf 76' lang='lat' dir='ltr'><strong>Syriaco</strong></span> <span class='ocrx_word' id='word_1_324' title='bbox 1298 3648 1396 3710; x_wconf 91' lang='lat' dir='ltr'><strong>eidem</strong></span> <span class='ocrx_word' id='word_1_325' title='bbox 1416 3650 1619 3732; x_wconf 85' lang='lat' dir='ltr'><strong>subjungitur,</strong></span> <span class='ocrx_word' id='word_1_326' title='bbox 1634 3655 1685 3707; x_wconf 86' lang='lat' dir='ltr'><strong>ritu</strong></span> <span class='ocrx_word' id='word_1_327' title='bbox 1703 3654 1818 3723; x_wconf 73' lang='lat' dir='ltr'><strong>sariaco.</strong></span> 
     </span>
     <span class='ocr_line' id='line_1_32' title="bbox 250 3745 1622 3830; baseline 0.005 -25"><span class='ocrx_word' id='word_1_328' title='bbox 250 3762 311 3824; x_wconf 94' lang='lat' dir='ltr'><strong>quo</strong></span> <span class='ocrx_word' id='word_1_329' title='bbox 340 3747 370 3808; x_wconf 93' lang='lat' dir='ltr'><strong>in</strong></span> <span class='ocrx_word' id='word_1_330' title='bbox 398 3748 524 3810; x_wconf 88' lang='lat' dir='ltr'><strong>articulo</strong></span> <span class='ocrx_word' id='word_1_331' title='bbox 551 3751 654 3830; x_wconf 91' lang='lat' dir='ltr'><strong>potior</strong></span> <span class='ocrx_word' id='word_1_332' title='bbox 676 3748 795 3811; x_wconf 81' lang='lat' dir='ltr'><strong>videtur</strong></span> <span class='ocrx_word' id='word_1_333' title='bbox 817 3748 950 3829; x_wconf 76' lang='lat' dir='ltr'><strong>Syriaci,</strong></span> <span class='ocrx_word' id='word_1_334' title='bbox 979 3766 1068 3830; x_wconf 89' lang='lat' dir='ltr'><strong>quam</strong></span> <span class='ocrx_word' id='word_1_335' title='bbox 1090 3746 1199 3809; x_wconf 87' lang='lat' dir='ltr'><strong>Graeci</strong></span> <span class='ocrx_word' id='word_1_336' title='bbox 1227 3745 1349 3816; x_wconf 86' lang='lat' dir='ltr'><strong>Codicis</strong></span> <span class='ocrx_word' id='word_1_337' title='bbox 1379 3751 1533 3812; x_wconf 87' lang='lat' dir='ltr'><strong>autoritas.</strong></span> <span class='ocrx_word' id='word_1_338' title='bbox 1583 3749 1622 3812; x_wconf 92' lang='lat' dir='ltr'><strong>Ut</strong></span> 
     </span>
     <span class='ocr_line' id='line_1_33' title="bbox 249 3845 1621 3928; baseline 0.003 -23"><span class='ocrx_word' id='word_1_339' title='bbox 249 3845 327 3906; x_wconf 88' lang='lat' dir='ltr'><strong>enim</strong></span> <span class='ocrx_word' id='word_1_340' title='bbox 349 3847 472 3926; x_wconf 90' lang='lat' dir='ltr'><strong>saepius</strong></span> <span class='ocrx_word' id='word_1_341' title='bbox 494 3848 687 3910; x_wconf 88' lang='lat' dir='ltr'><strong>observatum</strong></span> <span class='ocrx_word' id='word_1_342' title='bbox 710 3856 767 3923; x_wconf 89' lang='lat' dir='ltr'><strong>est,</strong></span> <span class='ocrx_word' id='word_1_343' title='bbox 791 3865 859 3909; x_wconf 87' lang='lat' dir='ltr'><strong>cuin</strong></span> <span class='ocrx_word' id='word_1_344' title='bbox 884 3857 1007 3910; x_wconf 84' lang='lat' dir='ltr'><strong>veteres</strong></span> <span class='ocrx_word' id='word_1_345' title='bbox 1030 3865 1134 3909; x_wconf 91' lang='lat' dir='ltr'><strong>omnes</strong></span> <span class='ocrx_word' id='word_1_346' title='bbox 1157 3845 1311 3927; x_wconf 76' lang='lat' dir='ltr'><strong>liturgiae</strong></span> <span class='ocrx_word' id='word_1_347' title='bbox 1333 3846 1394 3908; x_wconf 88' lang='lat' dir='ltr'><strong>sint</strong></span> <span class='ocrx_word' id='word_1_348' title='bbox 1418 3847 1532 3928; x_wconf 91' lang='lat' dir='ltr'><strong>absque</strong></span> <span class='ocrx_word' id='word_1_349' title='bbox 1555 3845 1621 3909; x_wconf 81' lang='lat' dir='ltr'><strong>liu·</strong></span> 
     </span>
     <span class='ocr_line' id='line_1_34' title="bbox 247 3941 1622 4028; baseline 0.004 -25"><span class='ocrx_word' id='word_1_350' title='bbox 247 3941 356 4024; x_wconf 90' lang='lat' dir='ltr'><strong>bricis,</strong></span> <span class='ocrx_word' id='word_1_351' title='bbox 389 3946 415 4008; x_wconf 89' lang='lat' dir='ltr'><strong>si</strong></span> <span class='ocrx_word' id='word_1_352' title='bbox 444 3947 563 4026; x_wconf 92' lang='lat' dir='ltr'><strong>quando</strong></span> <span class='ocrx_word' id='word_1_353' title='bbox 591 3949 621 4009; x_wconf 91' lang='lat' dir='ltr'><strong>in</strong></span> <span class='ocrx_word' id='word_1_354' title='bbox 652 3947 817 4011; x_wconf 91' lang='lat' dir='ltr'><strong>Codicibus</strong></span> <span class='ocrx_word' id='word_1_355' title='bbox 847 3948 1055 4028; x_wconf 85' lang='lat' dir='ltr'><strong>reperiuntur,</strong></span> <span class='ocrx_word' id='word_1_356' title='bbox 1090 3962 1151 4007; x_wconf 92' lang='lat' dir='ltr'><strong>non</strong></span> <span class='ocrx_word' id='word_1_357' title='bbox 1178 3961 1302 4024; x_wconf 88' lang='lat' dir='ltr'><strong>semper</strong></span> <span class='ocrx_word' id='word_1_358' title='bbox 1336 3954 1420 4007; x_wconf 90' lang='lat' dir='ltr'><strong>recte</strong></span> <span class='ocrx_word' id='word_1_359' title='bbox 1457 3945 1622 4026; x_wconf 87' lang='lat' dir='ltr'><strong>dispositae</strong></span> 
     </span>
     <span class='ocr_line' id='line_1_35' title="bbox 248 4042 1622 4128; baseline 0.004 -25"><span class='ocrx_word' id='word_1_360' title='bbox 248 4050 327 4121; x_wconf 84' lang='lat' dir='ltr'><strong>sunt,</strong></span> <span class='ocrx_word' id='word_1_361' title='bbox 352 4045 432 4125; x_wconf 90' lang='lat' dir='ltr'><strong>quod</strong></span> <span class='ocrx_word' id='word_1_362' title='bbox 455 4047 485 4108; x_wconf 93' lang='lat' dir='ltr'><strong>in</strong></span> <span class='ocrx_word' id='word_1_363' title='bbox 508 4065 546 4110; x_wconf 90' lang='lat' dir='ltr'><strong>eo</strong></span> <span class='ocrx_word' id='word_1_364' title='bbox 570 4048 737 4128; x_wconf 86' lang='lat' dir='ltr'><strong>contigisse</strong></span> <span class='ocrx_word' id='word_1_365' title='bbox 759 4066 799 4109; x_wconf 85' lang='lat' dir='ltr'><strong>cx</strong></span> <span class='ocrx_word' id='word_1_366' title='bbox 822 4063 882 4126; x_wconf 92' lang='lat' dir='ltr'><strong>quo</strong></span> <span class='ocrx_word' id='word_1_367' title='bbox 902 4046 1019 4107; x_wconf 88' lang='lat' dir='ltr'><strong>Graeca</strong></span> <span class='ocrx_word' id='word_1_368' title='bbox 1042 4045 1145 4119; x_wconf 91' lang='lat' dir='ltr'><strong>editio,</strong></span> <span class='ocrx_word' id='word_1_369' title='bbox 1168 4051 1198 4105; x_wconf 91' lang='lat' dir='ltr'><strong>et</strong></span> <span class='ocrx_word' id='word_1_370' title='bbox 1220 4042 1325 4104; x_wconf 85' lang='lat' dir='ltr'><strong>Latina</strong></span> <span class='ocrx_word' id='word_1_371' title='bbox 1347 4045 1450 4107; x_wconf 86' lang='lat' dir='ltr'><strong>versio</strong></span> <span class='ocrx_word' id='word_1_372' title='bbox 1473 4064 1622 4127; x_wconf 87' lang='lat' dir='ltr'><strong>expressa</strong></span> 
     </span>
     <span class='ocr_line' id='line_1_36' title="bbox 248 4135 1622 4226; baseline 0.001 -23"><span class='ocrx_word' id='word_1_373' title='bbox 248 4150 306 4221; x_wconf 89' lang='lat' dir='ltr'><strong>est,</strong></span> <span class='ocrx_word' id='word_1_374' title='bbox 330 4143 449 4205; x_wconf 89' lang='lat' dir='ltr'><strong>videtur</strong></span> <span class='ocrx_word' id='word_1_375' title='bbox 471 4147 592 4209; x_wconf 89' lang='lat' dir='ltr'><strong>omnino</strong></span> <span class='ocrx_word' id='word_1_376' title='bbox 615 4146 787 4210; x_wconf 84' lang='lat' dir='ltr'><strong>verisimile.</strong></span> <span class='ocrx_word' id='word_1_377' title='bbox 835 4145 911 4208; x_wconf 89' lang='lat' dir='ltr'><strong>Nam</strong></span> <span class='ocrx_word' id='word_1_378' title='bbox 935 4135 1026 4226; x_wconf 77' lang='lat' dir='ltr'><strong>‘Aple</strong></span> <span class='ocrx_word' id='word_1_379' title='bbox 1055 4139 1179 4215; x_wconf 73' lang='grc' dir='ltr'><em>ἕνωσις,</em></span> <span class='ocrx_word' id='word_1_380' title='bbox 1202 4142 1268 4204; x_wconf 88' lang='lat' dir='ltr'><strong>sive</strong></span> <span class='ocrx_word' id='word_1_381' title='bbox 1291 4141 1367 4202; x_wconf 88' lang='lat' dir='ltr'><strong>Unio</strong></span> <span class='ocrx_word' id='word_1_382' title='bbox 1390 4141 1514 4204; x_wconf 87' lang='lat' dir='ltr'><strong>duarum</strong></span> <span class='ocrx_word' id='word_1_383' title='bbox 1544 4161 1622 4224; x_wconf 93' lang='lat' dir='ltr'><strong>spe·</strong></span> 
     </span>
     <span class='ocr_line' id='line_1_37' title="bbox 247 4239 1621 4324; baseline 0 -21"><span class='ocrx_word' id='word_1_384' title='bbox 247 4242 372 4320; x_wconf 87' lang='lat' dir='ltr'><strong>clerum,</strong></span> <span class='ocrx_word' id='word_1_385' title='bbox 395 4245 474 4305; x_wconf 90' lang='lat' dir='ltr'><strong>actio</strong></span> <span class='ocrx_word' id='word_1_386' title='bbox 497 4245 636 4307; x_wconf 87' lang='lat' dir='ltr'><strong>distincta</strong></span> <span class='ocrx_word' id='word_1_387' title='bbox 658 4253 705 4308; x_wconf 90' lang='lat' dir='ltr'><strong>est</strong></span> <span class='ocrx_word' id='word_1_388' title='bbox 731 4264 748 4307; x_wconf 91' lang='lat' dir='ltr'><strong>a</strong></span> <span class='ocrx_word' id='word_1_389' title='bbox 775 4244 932 4320; x_wconf 80' lang='lat' dir='ltr'><strong>fractione,</strong></span> <span class='ocrx_word' id='word_1_390' title='bbox 955 4261 1033 4324; x_wconf 90' lang='lat' dir='ltr'><strong>quae</strong></span> <span class='ocrx_word' id='word_1_391' title='bbox 1057 4245 1088 4302; x_wconf 92' lang='lat' dir='ltr'><strong>lit</strong></span> <span class='ocrx_word' id='word_1_392' title='bbox 1111 4241 1151 4303; x_wconf 87' lang='lat' dir='ltr'><strong>ad</strong></span> <span class='ocrx_word' id='word_1_393' title='bbox 1180 4239 1385 4302; x_wconf 89' lang='lat' dir='ltr'><strong>distribuenda</strong></span> <span class='ocrx_word' id='word_1_394' title='bbox 1416 4243 1621 4319; x_wconf 84' lang='lat' dir='ltr'><strong>Sacramenta,</strong></span> 
     </span>
     <span class='ocr_line' id='line_1_38' title="bbox 248 4340 1622 4421; baseline 0 -20"><span class='ocrx_word' id='word_1_395' title='bbox 248 4342 328 4421; x_wconf 91' lang='lat' dir='ltr'><strong>quod</strong></span> <span class='ocrx_word' id='word_1_396' title='bbox 353 4341 522 4405; x_wconf 89' lang='lat' dir='ltr'><strong>Olllciorum</strong></span> <span class='ocrx_word' id='word_1_397' title='bbox 546 4347 675 4407; x_wconf 89' lang='lat' dir='ltr'><strong>omnium</strong></span> <span class='ocrx_word' id='word_1_398' title='bbox 699 4343 895 4407; x_wconf 86' lang='lat' dir='ltr'><strong>Orientalium</strong></span> <span class='ocrx_word' id='word_1_399' title='bbox 918 4352 949 4405; x_wconf 88' lang='lat' dir='ltr'><strong>el</strong></span> <span class='ocrx_word' id='word_1_400' title='bbox 967 4340 1205 4405; x_wconf 88' lang='lat' dir='ltr'><strong>Occidentalium</strong></span> <span class='ocrx_word' id='word_1_401' title='bbox 1228 4341 1405 4402; x_wconf 87' lang='lat' dir='ltr'><strong>testimoniis</strong></span> <span class='ocrx_word' id='word_1_402' title='bbox 1429 4342 1622 4402; x_wconf 89' lang='lat' dir='ltr'><strong>demonstra-</strong></span> 
     </span>
     <span class='ocr_line' id='line_1_39' title="bbox 247 4438 1621 4522; baseline 0 -21"><span class='ocrx_word' id='word_1_403' title='bbox 247 4447 305 4502; x_wconf 90' lang='lat' dir='ltr'><strong>tur.</strong></span> <span class='ocrx_word' id='word_1_404' title='bbox 350 4441 474 4522; x_wconf 86' lang='lat' dir='ltr'><strong>Neque,</strong></span> <span class='ocrx_word' id='word_1_405' title='bbox 504 4450 537 4505; x_wconf 90' lang='lat' dir='ltr'><strong>ut</strong></span> <span class='ocrx_word' id='word_1_406' title='bbox 562 4462 632 4506; x_wconf 86' lang='lat' dir='ltr'><strong>mox</strong></span> <span class='ocrx_word' id='word_1_407' title='bbox 659 4444 851 4520; x_wconf 89' lang='lat' dir='ltr'><strong>dicebamus,</strong></span> <span class='ocrx_word' id='word_1_408' title='bbox 883 4443 970 4504; x_wconf 89' lang='lat' dir='ltr'><strong>unica</strong></span> <span class='ocrx_word' id='word_1_409' title='bbox 1000 4441 1106 4503; x_wconf 81' lang='lat' dir='ltr'><strong>fractio</strong></span> <span class='ocrx_word' id='word_1_410' title='bbox 1134 4447 1181 4501; x_wconf 88' lang='lat' dir='ltr'><strong>est</strong></span> <span class='ocrx_word' id='word_1_411' title='bbox 1211 4441 1335 4520; x_wconf 93' lang='lat' dir='ltr'><strong>proprie</strong></span> <span class='ocrx_word' id='word_1_412' title='bbox 1364 4438 1535 4520; x_wconf 91' lang='lat' dir='ltr'><strong>loquendo,</strong></span> <span class='ocrx_word' id='word_1_413' title='bbox 1565 4438 1621 4501; x_wconf 92' lang='lat' dir='ltr'><strong>sed</strong></span> 
     </span>
     <span class='ocr_line' id='line_1_40' title="bbox 245 4536 1621 4623; baseline -0.001 -23"><span class='ocrx_word' id='word_1_414' title='bbox 245 4539 414 4621; x_wconf 87' lang='lat' dir='ltr'><strong>multiplex,</strong></span> <span class='ocrx_word' id='word_1_415' title='bbox 437 4550 468 4604; x_wconf 91' lang='lat' dir='ltr'><strong>et</strong></span> <span class='ocrx_word' id='word_1_416' title='bbox 489 4543 638 4605; x_wconf 87' lang='lat' dir='ltr'><strong>distincta.</strong></span> <span class='ocrx_word' id='word_1_417' title='bbox 679 4544 806 4605; x_wconf 88' lang='lat' dir='ltr'><strong>Primam</strong></span> <span class='ocrx_word' id='word_1_418' title='bbox 829 4559 907 4623; x_wconf 90' lang='lat' dir='ltr'><strong>quae</strong></span> <span class='ocrx_word' id='word_1_419' title='bbox 930 4539 961 4602; x_wconf 91' lang='lat' dir='ltr'><strong>lit</strong></span> <span class='ocrx_word' id='word_1_420' title='bbox 985 4557 1051 4602; x_wconf 92' lang='lat' dir='ltr'><strong>cum</strong></span> <span class='ocrx_word' id='word_1_421' title='bbox 1075 4539 1183 4601; x_wconf 91' lang='lat' dir='ltr'><strong>Oblata</strong></span> <span class='ocrx_word' id='word_1_422' title='bbox 1207 4536 1292 4599; x_wconf 86' lang='lat' dir='ltr'><strong>altari</strong></span> <span class='ocrx_word' id='word_1_423' title='bbox 1314 4539 1485 4618; x_wconf 89' lang='lat' dir='ltr'><strong>imponitur,</strong></span> <span class='ocrx_word' id='word_1_424' title='bbox 1510 4539 1621 4600; x_wconf 91' lang='lat' dir='ltr'><strong>obser·</strong></span> 
     </span>
     <span class='ocr_line' id='line_1_41' title="bbox 244 4635 1621 4725; baseline 0 -26"><span class='ocrx_word' id='word_1_425' title='bbox 244 4657 320 4702; x_wconf 79' lang='lat' dir='ltr'><strong>nare</strong></span> <span class='ocrx_word' id='word_1_426' title='bbox 343 4641 438 4722; x_wconf 80' lang='lat' dir='ltr'><strong>Syros</strong></span> <span class='ocrx_word' id='word_1_427' title='bbox 461 4660 501 4703; x_wconf 83' lang='lat' dir='ltr'><strong>ex</strong></span> <span class='ocrx_word' id='word_1_428' title='bbox 524 4643 627 4706; x_wconf 92' lang='lat' dir='ltr'><strong>Olllcio</strong></span> <span class='ocrx_word' id='word_1_429' title='bbox 650 4642 788 4725; x_wconf 88' lang='lat' dir='ltr'><strong>generali</strong></span> <span class='ocrx_word' id='word_1_430' title='bbox 811 4647 944 4715; x_wconf 73' lang='lat' dir='ltr'><strong>constat:</strong></span> <span class='ocrx_word' id='word_1_431' title='bbox 975 4637 1138 4702; x_wconf 89' lang='lat' dir='ltr'><strong>secundam</strong></span> <span class='ocrx_word' id='word_1_432' title='bbox 1162 4637 1219 4699; x_wconf 92' lang='lat' dir='ltr'><strong>soli</strong></span> <span class='ocrx_word' id='word_1_433' title='bbox 1243 4636 1380 4717; x_wconf 88' lang='lat' dir='ltr'><strong>Coptitae</strong></span> <span class='ocrx_word' id='word_1_434' title='bbox 1403 4635 1530 4699; x_wconf 85' lang='lat' dir='ltr'><strong>faciunt:</strong></span> <span class='ocrx_word' id='word_1_435' title='bbox 1553 4645 1621 4699; x_wconf 90' lang='lat' dir='ltr'><strong>ter-</strong></span> 
     </span>
     <span class='ocr_line' id='line_1_42' title="bbox 245 4733 1717 4824; baseline -0.003 -25"><span class='ocrx_word' id='word_1_436' title='bbox 245 4740 316 4799; x_wconf 85' lang='lat' dir='ltr'><strong>tiam</strong></span> <span class='ocrx_word' id='word_1_437' title='bbox 339 4739 377 4801; x_wconf 90' lang='lat' dir='ltr'><strong>ad</strong></span> <span class='ocrx_word' id='word_1_438' title='bbox 400 4741 670 4824; x_wconf 87' lang='lat' dir='ltr'><strong>consignationem,</strong></span> <span class='ocrx_word' id='word_1_439' title='bbox 694 4758 809 4815; x_wconf 90' lang='lat' dir='ltr'><strong>omnes,</strong></span> <span class='ocrx_word' id='word_1_440' title='bbox 831 4747 901 4801; x_wconf 92' lang='lat' dir='ltr'><strong>ante</strong></span> <span class='ocrx_word' id='word_1_441' title='bbox 924 4757 1012 4819; x_wconf 90' lang='lat' dir='ltr'><strong>quam</strong></span> <span class='ocrx_word' id='word_1_442' title='bbox 1042 4739 1092 4800; x_wconf 87' lang='lat' dir='ltr'><strong>liat</strong></span> <span class='ocrx_word' id='word_1_443' title='bbox 1119 4737 1261 4812; x_wconf 81' lang='lat' dir='ltr'><strong>elevatio,</strong></span> <span class='ocrx_word' id='word_1_444' title='bbox 1285 4754 1351 4797; x_wconf 82' lang='lat' dir='ltr'><strong>cuin</strong></span> <span class='ocrx_word' id='word_1_445' title='bbox 1375 4735 1483 4797; x_wconf 89' lang='lat' dir='ltr'><strong>dicitur</strong></span> <span class='ocrx_word' id='word_1_446' title='bbox 1504 4735 1621 4796; x_wconf 83' lang='lat' dir='ltr'><strong>Sancta</strong></span> <span class='ocrx_word' id='word_1_447' title='bbox 1714 4733 1717 4741; x_wconf 79' lang='lat'>‘</span> 
     </span>
     <span class='ocr_line' id='line_1_43' title="bbox 246 4832 1620 4922; baseline -0.005 -23"><span class='ocrx_word' id='word_1_448' title='bbox 246 4841 381 4901; x_wconf 69' lang='lat' dir='ltr'><strong>coneda:</strong></span> <span class='ocrx_word' id='word_1_449' title='bbox 403 4847 434 4901; x_wconf 92' lang='lat' dir='ltr'><strong>et</strong></span> <span class='ocrx_word' id='word_1_450' title='bbox 456 4859 526 4903; x_wconf 82' lang='lat' dir='ltr'><strong>mox</strong></span> <span class='ocrx_word' id='word_1_451' title='bbox 550 4848 656 4922; x_wconf 84' lang='lat' dir='ltr'><strong>quarta</strong></span> <span class='ocrx_word' id='word_1_452' title='bbox 679 4849 709 4903; x_wconf 93' lang='lat' dir='ltr'><strong>et</strong></span> <span class='ocrx_word' id='word_1_453' title='bbox 731 4839 843 4916; x_wconf 89' lang='lat' dir='ltr'><strong>ultima,</strong></span> <span class='ocrx_word' id='word_1_454' title='bbox 872 4857 938 4900; x_wconf 87' lang='lat' dir='ltr'><strong>curn</strong></span> <span class='ocrx_word' id='word_1_455' title='bbox 969 4839 1099 4919; x_wconf 89' lang='lat' dir='ltr'><strong>majores</strong></span> <span class='ocrx_word' id='word_1_456' title='bbox 1122 4834 1289 4918; x_wconf 86' lang='lat' dir='ltr'><strong>particulae</strong></span> <span class='ocrx_word' id='word_1_457' title='bbox 1318 4836 1347 4895; x_wconf 92' lang='lat' dir='ltr'><strong>in</strong></span> <span class='ocrx_word' id='word_1_458' title='bbox 1377 4834 1509 4897; x_wconf 87' lang='lat' dir='ltr'><strong>minores</strong></span> <span class='ocrx_word' id='word_1_459' title='bbox 1531 4832 1620 4894; x_wconf 86' lang='lat' dir='ltr'><strong>iran-</strong></span> 
     </span>
     <span class='ocr_line' id='line_1_44' title="bbox 244 4932 1619 5017; baseline -0.005 -19"><span class='ocrx_word' id='word_1_460' title='bbox 244 4945 375 5017; x_wconf 89' lang='lat' dir='ltr'><strong>guntur‚</strong></span> <span class='ocrx_word' id='word_1_461' title='bbox 409 4945 472 5000; x_wconf 89' lang='lat' dir='ltr'><strong>tum</strong></span> <span class='ocrx_word' id='word_1_462' title='bbox 501 4938 538 5001; x_wconf 91' lang='lat' dir='ltr'><strong>ad</strong></span> <span class='ocrx_word' id='word_1_463' title='bbox 566 4940 803 5003; x_wconf 89' lang='lat' dir='ltr'><strong>communionem</strong></span> <span class='ocrx_word' id='word_1_464' title='bbox 838 4937 1050 5016; x_wconf 82' lang='lat' dir='ltr'><strong>Sacerdotem,</strong></span> <span class='ocrx_word' id='word_1_465' title='bbox 1081 4944 1143 4999; x_wconf 87' lang='lat' dir='ltr'><strong>turn</strong></span> <span class='ocrx_word' id='word_1_466' title='bbox 1173 4936 1210 4997; x_wconf 91' lang='lat' dir='ltr'><strong>ad</strong></span> <span class='ocrx_word' id='word_1_467' title='bbox 1241 4933 1461 4996; x_wconf 82' lang='lat' dir='ltr'><strong>confirmandos</strong></span> <span class='ocrx_word' id='word_1_468' title='bbox 1495 4932 1619 5005; x_wconf 89' lang='lat' dir='ltr'><strong>calices,</strong></span> 
     </span>
    </p>

    <p class='ocr_par' dir='ltr' id='par_1_5' title="bbox 120 5028 1619 5116">
     <span class='ocr_line' id='line_1_45' title="bbox 120 5028 1619 5116; baseline -0.003 -20"><span class='ocrx_word' id='word_1_469' title='bbox 120 5055 128 5064; x_wconf 79' lang='grc'><em>’</em></span> <span class='ocrx_word' id='word_1_470' title='bbox 243 5034 365 5098; x_wconf 89' lang='lat' dir='ltr'><strong>tandem</strong></span> <span class='ocrx_word' id='word_1_471' title='bbox 388 5036 426 5099; x_wconf 91' lang='lat' dir='ltr'><strong>ad</strong></span> <span class='ocrx_word' id='word_1_472' title='bbox 448 5038 647 5102; x_wconf 89' lang='lat' dir='ltr'><strong>immittendas</strong></span> <span class='ocrx_word' id='word_1_473' title='bbox 670 5038 744 5100; x_wconf 85' lang='lat' dir='ltr'><strong>aliea</strong></span> <span class='ocrx_word' id='word_1_474' title='bbox 767 5036 930 5116; x_wconf 87' lang='lat' dir='ltr'><strong>calicibus,</strong></span> <span class='ocrx_word' id='word_1_475' title='bbox 961 5056 1001 5099; x_wconf 84' lang='lat' dir='ltr'><strong>err</strong></span> <span class='ocrx_word' id='word_1_476' title='bbox 1029 5035 1137 5116; x_wconf 89' lang='lat' dir='ltr'><strong>quibas</strong></span> <span class='ocrx_word' id='word_1_477' title='bbox 1168 5052 1236 5097; x_wconf 91' lang='lat' dir='ltr'><strong>cum</strong></span> <span class='ocrx_word' id='word_1_478' title='bbox 1258 5030 1410 5095; x_wconf 89' lang='lat' dir='ltr'><strong>cochleari</strong></span> <span class='ocrx_word' id='word_1_479' title='bbox 1431 5028 1619 5094; x_wconf 81' lang='lat' dir='ltr'><strong>Eucharistia</strong></span> 
     </span>
    </p>
   </div>
   <div class='ocr_carea' id='block_1_3' title="bbox 1327 5148 1410 5222">
    <p class='ocr_par' dir='ltr' id='par_1_6' title="bbox 1327 5148 1410 5222">
     <span class='ocr_line' id='line_1_46' title="bbox 1327 5148 1410 5222; baseline 0 0"><span class='ocrx_word' id='word_1_480' title='bbox 1327 5148 1410 5222; x_wconf 74' lang='lat'><strong>17*</strong></span> 
     </span>
    </p>
   </div>
   <div class='ocr_carea' id='block_1_4' title="bbox 0 0 2268 6034">
    <p class='ocr_par' dir='ltr' id='par_1_7' title="bbox 0 0 2268 6034">
     <span class='ocr_line' id='line_1_47' title="bbox 0 0 2268 6034; baseline 0 6"><span class='ocrx_word' id='word_1_481' title='bbox 0 0 2268 6034; x_wconf 95' lang='lat' dir='ltr'><strong> </strong></span> 
     </span>
    </p>
   </div>
  </div>
 </body>
</html>
