4525 6034
411 621 590 700 lltnssotl
615 619 820 699 Mtcfllotts
846 619 1112 698 PATRIARCHAE
1139 619 1380 752 lluocflutt.
1441 738 1444 742 ,
1516 622 1594 698 437

216 804 380 870 indubitate
403 805 570 869 oredimus:
600 805 829 887 irrogamus,
858 813 892 868 ot
922 806 1032 892 dopurn
1054 806 1120 868 sive
1148 803 1264 868 fructus
1295 805 1430 887 ejusdem
1458 807 1597 887 mysterii

216 906 255 969 ad
283 922 341 970 nos
369 907 546 987 perveniat,
582 906 739 985 prositque
769 904 857 966 nolis
893 904 932 967 ad
959 904 1169 968 remissionom
1196 913 1402 985 peccatorum.
1454 903 1487 967 ld
1516 905 1596 968 enim

218 1006 317 1086 ipsum
340 1012 387 1068 est
410 1004 491 1086 quod
513 1005 545 1066 in
566 1002 704 1066 omnibus
729 1003 795 1066 aliis
819 1004 1005 1067 orationibus
1028 1003 1161 1066 antevel
1182 1011 1253 1085 post
1276 1002 1515 1067 communionem
1537 1002 1598 1066 lici

219 1102 316 1165 solitis
339 1104 403 1184 peti
425 1104 516 1166 solet:
539 1101 706 1182 solllcitque
730 1101 770 1163 ad
791 1103 876 1164 istius
907 1102 1151 1185 explicationem.
1203 1100 1284 1164 lstud
1314 1119 1390 1164 vero
1418 1104 1451 1165 ia
1484 1111 1598 1166 notura

218 1200 298 1264 idern
321 1201 493 1284 significare
517 1201 736 1277 existimamus,
768 1218 804 1262 ao
832 1219 906 1263 vere
929 1208 960 1263 et
983 1219 1017 1263 re
1040 1202 1122 1281 ipsa:
1151 1218 1220 1261 narn
1248 1216 1315 1262 curn
1342 1218 1405 1262 vox
1433 1213 1506 1269 trit)
1534 1221 1597 1263 no-

221 1306 321 1361 turom
343 1301 468 1381 proprie
491 1298 652 1382 significet,
674 1315 769 1378 saepe
792 1299 891 1377 etiam,
913 1298 1159 1362 obiabunrlantia
1175 1316 1412 1379 synonymorum
1428 1299 1595 1380 quaeritur,

219 1413 278 1478 pro
299 1400 433 1461 essentia
455 1405 488 1461 et
507 1396 673 1460 substantio
696 1403 870 1477 usmpator,
893 1404 924 1459 et
947 1398 1110 1479 opponitur
1131 1397 1332 1479 imaginario,
1356 1405 1388 1461 et
1409 1399 1549 1483 figurato.

304 1494 338 1558 ln
359 1495 484 1576 reliquis
506 1495 578 1558 nillil
599 1501 649 1559 cot
671 1495 752 1577 quod
775 1513 855 1558 nora
878 1495 979 1577 aliqum
1002 1496 1219 1559 observatione
1241 1495 1386 1578 indigeat.

651 2256 1154 2458 LITUR'GIA

537 2613 560 2677 ¹-
613 2612 656 2727 ιι
701 2610 1282 2729 rollolis

379 2846 1439 2928 rarrrlrcululrrroouuor.
1556 2951 1566 2962 q

626 3136 777 3208 Priorton
804 3136 927 3208 Oratio
952 3143 1034 3208 onte
1058 3138 1196 3209 Pacem,

288 3327 405 3430 Duos
439 3359 651 3452 omnipotens
684 3367 720 3429 et
751 3358 906 3445 Domine,
944 3364 1080 3451 praesto
1113 3350 1213 3424 nobis
1248 3363 1283 3424 ut
1318 3356 1518 3431 accedamus
1551 3358 1595 3430 od

218 3474 414 3564 mysterium
440 3493 596 3564 magnum
624 3482 658 3543 et
684 3472 848 3560 divinum,
881 3470 971 3565 qood
1005 3491 1068 3566 per
1099 3488 1250 3539 amorem
1283 3478 1372 3542 tuom
1406 3494 1490 3565 erga
1525 3473 1595 3548 ho·-

218 3585 325 3658 miues
350 3583 448 3660 nobis
474 3589 663 3675 instituisti3
690 3597 723 3658 et
750 3585 916 3658 danobis
949 3593 984 3655 ut
1017 3606 1079 3679 per
1112 3585 1283 3655 caritatem
1319 3593 1408 3656 trram
1433 3587 1594 3680 colligati,

217 3722 383 3795 peream
410 3725 543 3797 quoque
569 3702 764 3774 mundemur
791 3701 833 3774 ab
862 3703 951 3773 omni
976 3701 1167 3794 iniquitate,
1200 3709 1236 3769 et
1260 3722 1281 3770 a
1308 3698 1446 3773 maculis
1473 3704 1595 3794 cojus-

220 3836 361 3909 cumque
387 3821 536 3909 generis,
563 3818 630 3892 odii
657 3827 692 3889 et
716 3818 922 3888 inimicitiae:
955 3826 991 3887 ut
1015 3836 1078 3910 per
1104 3813 1323 3889 concordiam
1356 3827 1391 3888 et
1421 3822 1595 3891 caritatem

218 3952 350 4021 veram,
378 3935 479 4005 simus
506 3956 623 4006 omnes
650 3953 774 4028 corpus
800 3953 899 4004 unum
924 3931 1116 4017 indivisum,
1143 3930 1327 4003 secundum
1351 3930 1528 4026 Spiritum3
1561 3944 1595 4006 et

218 4058 376 4140 tanquam
400 4046 561 4136 membra,
588 4052 734 4121 invicem
760 4046 1010 4142 amplectamur,
1036 4049 1071 4117 in
1097 4044 1275 4117 dilectione
1295 4058 1422 4137 sanem,
1448 4051 1482 4119 in
1508 4071 1594 4144 par-

218 4164 411 4256 ticipatione
438 4166 590 4258 mysterii
615 4165 763 4236 caritatis
791 4161 931 4249 Christi,
958 4163 1120 4254 anigeniti
1146 4160 1222 4232 Filii
1257 4164 1322 4232 tui:
1355 4183 1431 4234 cum
1466 4187 1531 4258 quo
1559 4173 1592 4236 te

219 4273 318 4347 decet
342 4275 465 4369 gloria,
492 4287 527 4350 et
552 4278 661 4351 horror
688 4290 722 4351 et
746 4281 930 4375 imperium,
958 4299 1032 4349 eron
1059 4277 1185 4372 Spiritu
1210 4288 1268 4350 tuo
1295 4280 1515 4352 sanctissimo.

323 4390 485 4484 Populos.
538 4394 659 4467 Amen.

324 4504 509 4580 Sacerdos.
563 4488 677 4580 Parc

323 4621 485 4715 Populea.
537 4621 582 4694 Et
607 4646 682 4695 cum
708 4627 825 4720 spiritu
851 4636 918 4697 tuo.

323 4736 512 4809 Diocoooe.
565 4740 633 4810 Det
658 4763 778 4834 pacem
804 4742 1042 4836 unnsquisque,
1070 4748 1134 4811 etc.

324 4852 486 4946 Populos.
539 4854 689 4927 Praesta.

323 4966 513 5039 Dioconm.
566 4970 658 5042 Post.
688 5019 692 5025 ·

323 5081 486 5174 Populos.
541 5083 664 5157 Coram
692 5095 736 5157 te.
