4525 6034
446 544 560 620 ΒΕΑΤΙ
585 540 988 620 iucundissimus
1014 541 1186 621 misceri
1210 544 1402 623 EDESSENI.
1534 545 1611 621 3⁷5

235 748 340 820 usque
368 725 410 798 ad
436 728 520 802 fines
547 738 658 802 terrae
683 727 881 801 habitabilis.
937 726 1159 802 confirmetur
1185 753 1247 826 per
1272 730 1497 804 fortitudinem
1523 732 1610 805 hra-

233 840 297 913 chii
323 846 381 933 tui,
409 844 615 918 confortetur
639 868 702 942 per
728 847 884 918 virtutem
909 848 1082 941 potentiae
1106 856 1196 934 tuae,
1222 845 1414 942 referatque
1440 846 1499 919 tihi
1525 847 1609 938 glo.-

232 961 317 1030 riam
343 970 378 1030 et
402 960 535 1034 laudem
562 961 723 1057 simulque
750 964 921 1052 unigenito
947 960 1033 1033 Filio
1061 971 1117 1032 tuo
1146 971 1180 1033 et
1205 961 1342 1058 Spiritui
1366 975 1424 1037 tuo
1451 972 1579 1037 sancto.

337 1075 514 1148 Sacerdos
539 1077 732 1148 1111111111.
784 1076 829 1149 Et
853 1098 916 1171 per
942 1079 1047 1150 solam
1074 1077 1338 1150 misericordiam
1366 1089 1468 1170 tuam,
1495 1072 1610 1151 susci.-
1643 1112 1653 1137 ι

232 1195 330 1288 piens
356 1189 417 1265 has
451 1190 640 1265 oblationes
675 1216 723 1264 ex
755 1190 906 1264 manibus
939 1196 1024 1266 meis
1057 1190 1321 1289 peccatricibus,
1358 1215 1475 1265 eorum
1511 1196 1610 1265 etiem

234 1310 289 1402 qui
325 1318 526 1403 optaverunt
559 1306 681 1380 offerre
716 1317 750 1379 et
784 1306 977 1379 facultatem
1009 1329 1079 1379 non
1109 1304 1314 1398 hahuerunt,
1347 1317 1514 1381 memento
1548 1328 1611 1402 per

232 1423 496 1495 misericordiam
522 1435 622 1496 tuam.

337 1538 640 1610 1111111111111.
692 1539 737 1610 Et
770 1559 886 1610 eorum
918 1541 975 1632 qui
1000 1560 1076 1610 cum
1102 1537 1167 1610 lide
1193 1547 1227 1610 et
1251 1539 1327 1612 1111
1355 1539 1483 1617 ardenti
1509 1540 1609 1611 veri-

233 1657 324 1745 tatis,
350 1658 529 1751 primitias,
557 1654 724 1744 decimas,
751 1652 939 1727 oblationes
967 1662 1001 1726 et
1027 1654 1138 1743 dona,
1163 1652 1342 1727 Ecclesiae
1368 1666 1445 1726 tuae
1472 1663 1611 1725 sanctae

234 1782 392 1865 separant
426 1781 461 1842 et
489 1770 692 1863 largiuntur,
726 1773 849 1866 quique
879 1768 1137 1843 necessitatibus
1172 1779 1207 1840 et
1239 1771 1374 1866 inopiae
1413 1789 1609 1865 paupemm,

234 1887 439 1975 afflictorum,
466 1897 501 1958 et
525 1890 793 1982 persecutionem
815 1888 1287 1982 patientiumcommunicant,
1314 1888 1348 1957 in
1373 1885 1440 1958 hoc
1458 1894 1610 1980 tempore

234 2002 331 2096 hujus
358 2000 511 2075 sacrificii
538 2011 715 2074 memento.
769 2001 839 2074 Sed
865 2024 976 2097 neque
1002 2003 1147 2096 suspirie
1173 2010 1208 2072 et
1229 2002 1372 2093 gemitus
1399 2022 1528 2088 eorum,
1555 2003 1611 2094 qui

233 2120 268 2188 11
296 2122 450 2210 angustia
477 2120 624 2214 spiritus,
652 2127 686 2188 et
712 2117 824 2190 cordis
851 2118 1027 2189 afflictione
1053 2125 1141 2206 sunt,
1167 2115 1322 2209 negligas
1346 2115 1507 2188 Domine:
1534 2116 1610 2207 quia
1694 2108 1698 2117 '

233 2244 269 2306 tu
294 2231 425 2320 heatus,
450 2238 573 2305 veniae
599 2232 742 2325 largitor
769 2243 803 2304 11
827 2232 996 2304 hominum
1022 2241 1230 2321 amatores,
1256 2230 1382 2325 tihique
1408 2228 1549 2322 gloriam
1577 2238 1612 2299 et

232 2348 366 2422 laudem
392 2347 578 2436 referimus,
607 2371 681 2420 cum
709 2352 880 2440 unigenito
900 2347 987 2419 Filio
1014 2357 1085 2437 tuo,
1112 2355 1147 2418 et
1172 2344 1297 2441 Spiritu
1324 2355 1452 2419 111111.

337 2458 514 2535 Sacerdos
538 2464 730 2535 1111111111.
783 2465 953 2536 Memento
985 2464 1129 2536 Domine
1169 2455 1183 2496 ⁷
1216 2460 1348 2554 Regum
1382 2460 1528 2533 fidelium
1554 2465 1611 2555 qui

235 2581 393 2654 auxilium
421 2580 499 2651 dant
523 2578 701 2651 Ecclesiae
734 2591 812 2653 tuae
846 2587 999 2667 sanctae,
1034 2588 1068 2649 11
1105 2598 1218 2673 pugna
1251 2599 1314 2673 pro
1341 2580 1407 2668 eis,
1442 2588 1476 2650 11
1498 2578 1610 2670 Judica

234 2716 371 2768 causam
398 2716 529 2784 eorum,
557 2694 721 2767 adversus
747 2697 898 2767 inimicos
926 2716 1055 2766 eorum.

338 2810 464 2882 Eleoot
489 2832 615 2880 111111.
668 2810 713 2881 Et
745 2810 859 2905 lupos,
893 2817 992 2904 atque
1032 2819 1195 2904 tyrannos
1236 2811 1292 2902 qui
1325 2809 1425 2881 avide
1458 2807 1648 2880 frendent*

234 2925 387 2999 dentibus
418 2936 534 2998 contra
560 2924 750 2997 Ecclesiam
782 2936 888 3011 111111,
918 2932 963 2995 Ι11
995 2933 1114 2995 contra
1151 2944 1237 2995 oves
1268 2926 1385 3015 gregis
1419 2927 1465 2997 tui
1492 2928 1611 3015 sancti,

232 3042 339 3139 perde
366 3052 401 3113 et
426 3041 560 3136 dissipa.
615 3038 754 3113 Gladios
790 3043 890 3112 etiam
923 3041 1072 3112 sitientes
1106 3041 1304 3129 sanguinem
1330 3038 1538 3111 adorantium
1565 3049 1611 3130 te,

231 3180 354 3251 magna
382 3156 572 3229 fortitudine
598 3155 724 3228 brachii
758 3158 803 3228 tui
836 3153 957 3227 heheta
991 3164 1025 3226 et
1050 3153 1175 3249 perde,
1203 3152 1379 3249 confringe
1406 3165 1441 3227 et
1466 3154 1609 3251 repelle:

233 3273 381 3345 militiam
409 3293 542 3367 quoque
567 3272 655 3343 illam
684 3294 770 3365 quae
797 3271 947 3341 decertat
978 3291 1040 3365 pro
1068 3267 1299 3342 aedificatione
1325 3270 1501 3343 Ecclesiae
1528 3275 1609 3342 uni-

233 3392 339 3483 geniti
364 3388 439 3460 Filii
466 3390 530 3476 tui,
564 3389 687 3458 virtute
717 3397 774 3459 tua
806 3384 1022 3480 insuperabili
1049 3384 1210 3457 confirma
1242 3392 1276 3455 et
1302 3386 1442 3478 adjuva:
1470 3388 1547 3480 quia
1574 3397 1609 3457 tu

233 3505 418 3597 refugium,
445 3501 616 3592 salvator,
648 3513 683 3574 et
710 3502 841 3596 adjutor
867 3511 983 3575 noster
1010 3521 1067 3587 es,
1096 3500 1220 3596 tibique
1246 3500 1390 3592 gloriam
1417 3508 1451 3570 et
1476 3499 1607 3571 laudem

236 3621 427 3709 referimus,
455 3628 489 3690 et
514 3621 684 3710 unigenito
710 3617 798 3690 Filio
825 3628 881 3689 tuo
909 3627 944 3688 et
969 3616 1105 3712 Spiritui
1131 3627 1200 3689 tuo.

338 3735 515 3807 Sacerdos
546 3735 739 3806 1111111111.
801 3733 856 3805 Ad
897 3731 1019 3805 honam
1060 3734 1160 3804 etiam
1200 3734 1393 3805 memoriam
1428 3750 1609 3816 revocans,

235 3851 419 3948 Prophetas
443 3850 582 3939 electos,
603 3849 846 3921 revelationum
869 3847 1147 3940 investigatores:
1172 3854 1338 3918 memento
1359 3847 1529 3937 genitricis
1545 3843 1610 3914 Dei

234 3967 383 4056 Mariae,
418 3965 676 4061 Apostolorum,
711 3964 917 4060 Martyrum,
955 3961 1218 4052 confessorum,
1257 3959 1434 4054 Stephani,
1469 3960 1609 4031 1111111

234 4083 416 4179 Baptistae,
444 4093 477 4154 11
503 4084 648 4152 omnium
674 4079 874 4153 Sanctorum
900 4082 957 4173 qui
982 4102 1002 4150 1
1030 4077 1167 4149 saeculo
1194 4076 1390 4172 placuerunt
1415 4073 1482 4147 tihi.

338 4199 489 4269 Electrae
502 4218 628 4277 111111.
654 4194 780 4267 Eorum
795 4197 850 4289 qui
863 4197 1063 4289 interpretes
1075 4191 1210 4264 fuerunt
1223 4192 1459 4287 mysteriorum
1471 4191 1609 4262 inscru-

234 4312 382 4387 tabilium
410 4312 666 4406 dispensationis
694 4312 853 4401 unigeniti
870 4309 945 4381 Filii
971 4312 1029 4397 tui,
1057 4309 1111 4402 qui
1139 4305 1334 4378 abscondita
1362 4316 1417 4377 tua
1443 4304 1609 4389 viderunt,

236 4434 374 4524 quires
401 4425 572 4500 abstrusas
600 4428 891 4498 annuntiaverunt:
928 4427 983 4519 qui
1018 4422 1127 4495 futura
1161 4422 1407 4493 indicavemnt:
1442 4420 1498 4514 qui
1530 4439 1610 4491 ser-

235 4565 336 4617 mone
363 4542 513 4638 simplici,
542 4544 739 4637 sapientiam
766 4545 952 4636 sapientum
978 4537 1213 4611 confuderunt:
1241 4539 1349 4631 quiin
1369 4534 1612 4629 ipsocorporis

234 4658 424 4731 infirmitate
450 4659 588 4732 11111111
615 4679 733 4749 regum
767 4660 950 4752 potentium
982 4665 1114 4727 terrore
1148 4661 1407 4739 concusserunt,
1443 4660 1479 4721 ut
1513 4651 1612 4720 etiam

235 4796 351 4846 eorum
379 4778 434 4868 qui
462 4776 617 4846 cervices
644 4793 723 4845 suos
750 4771 955 4843 tradiderunt
980 4772 1153 4841 tormentis
1180 4776 1215 4839 et
1247 4765 1439 4856 doloribus,
1474 4771 1613 4860 propter

236 4911 359 4962 nomen
380 4899 469 4961 tuum
492 4900 661 4962 sanctum:
689 4909 805 4959 eorum
825 4888 881 4983 apri
898 4884 1020 4957 mundo
1043 4894 1077 4955 et
1096 4883 1374 4977 concupiscentiis
1395 4886 1469 4975 ejus
1483 4898 1609 4950 renun-

236 5007 423 5096 tiaverunt,
456 5013 490 5076 et
516 5014 733 5077 cucumerunt
763 5013 842 5098 post
867 5008 1049 5099 praecepta
1063 4997 1187 5073 Christi
1207 5000 1254 5071 tui
1272 5005 1437 5101 memento
1452 4994 1609 5079 Domine,
