4525 6034
589 581 978 693 truncamus
1020 613 1305 692 surricis.
1563 614 1633 689 ιιι

259 817 393 863 eremita.
438 797 507 861 lllas
530 799 623 884 igitur
644 800 862 861 orationesex
883 797 1063 880 Apostolico
1085 800 1221 862 instituto
1245 800 1393 880 originem
1416 799 1548 877 hahere,
1577 817 1639 861 non

259 906 320 960 tam
343 897 596 961 constitutionum
619 897 739 960 illarum
761 898 908 960 autoritas
931 899 1057 978 prohat,
1080 916 1169 979 quam
1199 898 1395 960 Orientalium
1422 898 1553 960 omnium
1583 897 1639 960 Li-

261 997 428 1077 turgiarunr
450 1015 638 1072 consensu&
665 1015 791 1078 quarum
812 996 912 1072 nulla,
943 996 1130 1059 Catholicnm
1157 998 1238 1059 illam
1265 1015 1389 1079 precem
1418 1015 1479 1060 non
1508 1015 1639 1079 reprae-

261 1103 369 1158 sentat.
414 1095 496 1158 lllius
519 1095 670 1159 Orationis
693 1096 824 1158 meminit
845 1096 978 1159 loannes
1002 1096 1236 1177 Chrysostomua
1260 1097 1305 1158 his
1336 1097 1438 1159 verbis
1461 1083 1556 1159 Aa‘f
1583 1090 1639 1159 καὶ
1686 1094 1716 1146 ¹¹·
1735 1094 1812 1146 nnn.
1828 1093 1899 1148 Hm
1918 1096 1962 1149 25.

262 1184 282 1255 ὁ
303 1182 412 1278 tapeta
434 1186 517 1279 ὑπὲρ
538 1191 598 1278 τῆς
619 1187 819 1278 οἰκουμένης,
842 1184 927 1280 ὑπὲρ
947 1194 1013 1258 τῶν
1036 1190 1213 1280 προτέρων,
1237 1185 1319 1280 ὑπὲρ
1340 1192 1406 1257 τῶν
1426 1194 1483 1257 νῦν
1504 1182 1640 1278 εὔχαρι·
1649 1198 1676 1249 Ρ·
1696 1179 1731 1231 ¹7
1731 1180 1758 1232 9.
1775 1180 1824 1232 M
1843 1179 1886 1233 θ’·

259 1293 352 1356 oraio
378 1284 514 1356 aeneia
542 1291 602 1378 τῆς
628 1288 753 1367 θυσίας
779 1286 994 1377 προκειμένης
1024 1288 1154 1378 ἐκείνης.
1201 1294 1283 1356 Unde
1316 1303 1347 1356 et
1374 1295 1546 1371 Sacerdos,
1580 1313 1640 1372 pro

258 1395 403 1453 converso
425 1392 515 1469 orbe,
535 1413 595 1472 pro
617 1394 659 1455 iia
680 1395 732 1473 qni
749 1395 839 1472 prius
859 1393 997 1472 suerunt,
1020 1395 1122 1473 etqui
1143 1413 1222 1454 nunc
1243 1401 1314 1455 mint
1331 1396 1454 1473 pretias
1475 1412 1567 1473 apere
1580 1397 1640 1471 jn·

258 1491 324 1568 het,
347 1492 406 1553 hoc
427 1492 581 1571 encn‘ficio
599 1493 767 1572 proposito.

347 1588 380 1650 ln
404 1608 440 1651 ea
463 1609 552 1671 quam
574 1591 729 1653 retulimus
752 1589 897 1667 formula,
922 1597 1085 1653 occurrunt
1107 1590 1183 1653 haec
1205 1589 1301 1653 verba
1324 1589 1362 1652 de
1385 1588 1523 1672 Angelis,
1547 1590 1639 1651 Elei
1704 1624 1708 1634 ·

256 1688 426 1760 (sacrificio
449 1689 583 1766 scilicet)
606 1710 673 1753 cnm
695 1698 813 1752 terrore
835 1691 1019 1764 mordeant,
1043 1709 1120 1771 quae
1145 1692 1174 1752 in
1197 1697 1283 1751 textu
1306 1689 1432 1771 Syriaco
1456 1688 1638 1772 ambiguita-

259 1784 298 1846 tis
320 1785 430 1868 aliquid
454 1788 566 1852 offerre
589 1790 780 1853 videbuntur.
827 1788 981 1853 Sententia
1009 1789 1228 1870 simplicissima
1247 1786 1304 1850 'est
1331 1806 1419 1869 quam
1454 1787 1530 1849 aliae
1566 1806 1639 1850 ora-

259 1884 360 1948 tiones
389 1888 484 1971 magis
514 1890 676 1969 perspicue
710 1890 899 1969 exprimunt,
931 1887 1081 1950 coelestes
1104 1889 1227 1970 spiritus
1251 1905 1352 1950 corana
1382 1887 1487 1964 altari,
1517 1886 1548 1948 in
1578 1905 1638 1967 quo

261 1980 373 2047 Christi
397 2003 508 2067 corpus
531 1995 595 2065 est,
629 1987 826 2050 ministerium
848 2004 950 2065 suum,
974 1987 1115 2067 obsequii
1137 1986 1271 2062 scilicet,
1299 1993 1331 2047 et
1352 1986 1557 2048 venerationis
1580 2004 1639 2048 en-

260 2080 377 2147 hibere.

783 2426 929 2496 Frnclt'o
958 2423 1112 2494 Ohlnlne.

351 2647 404 2725 De
428 2661 574 2724 fractione
597 2661 804 2726 Eucharistiae
827 2662 902 2725 haec
925 2662 1016 2724 hahet
1033 2660 1190 2723 Barsalihi.
1235 2660 1355 2742 Accipit
1370 2660 1506 2723 Ohlatarn
1523 2663 1636 2727 Sacer·
1685 2669 1787 2723 Frento
1805 2669 1911 2723 hornae.

260 2760 318 2823 dos
342 2777 468 2840 eamque
491 2759 603 2842 frangit
625 2762 655 2821 in
678 2761 753 2823 duas
776 2769 879 2844 partes
902 2779 963 2846 quo
986 2761 1137 2842 significet
1163 2760 1290 2822 verbum
1311 2778 1387 2822 vere
1413 2778 1536 2840 passum
1566 2779 1636 2824 esse

257 2863 290 2922 in
313 2879 407 2923 carne
429 2858 670 2940 immolatumque
693 2867 724 2921 et
746 2858 873 2922 fractum
895 2860 988 2922 fuisse
1018 2861 1048 2921 in
1073 2877 1180 2940 cruce.
1225 2858 1345 2939 Accipit
1378 2857 1486 2921 deinde
1519 2868 1637 2942 partem

261 2978 302 3021 ex
325 2976 624 3041 corpore,eamque
653 2959 771 3040 intingit
799 2960 830 3021 in
858 2961 1007 3042 sanguine
1037 2965 1069 3019 ot
1097 2976 1165 3019 cum
1195 2976 1231 3020 ea
1262 2959 1362 3041 signat
1391 2975 1485 3038 super
1513 2976 1637 3040 corpus,

261 3060 395 3136 etiamsi,
419 3075 486 3119 cum
508 3065 597 3138 parte
620 3075 698 3138 quae
720 3065 768 3120 est
790 3058 820 3119 in
843 3076 932 3120 manu
956 3058 1039 3138 ejus,
1061 3058 1147 3137 prius
1170 3056 1279 3118 leviter
1301 3051 1452 3138 tetigerit,
1483 3058 1548 3119 sive
1571 3075 1637 3138 pu-

259 3158 384 3241 pugerit
419 3174 487 3220 eam
520 3164 637 3238 partem
668 3175 746 3238 quae
775 3165 823 3219 est
854 3159 884 3218 in
913 3157 1008 3219 disco.
1054 3157 1098 3218 lta
1128 3155 1279 3237 significat
1309 3153 1506 3217 transfossum
1532 3155 1638 3219 lancea

259 3255 356 3319 fuisse
379 3255 531 3320 Christum
553 3257 583 3315 in
605 3254 701 3317 latere
724 3273 788 3317 suo.
831 3253 948 3316 Deinde
972 3273 1039 3317 cum
1062 3262 1157 3317 totum
1180 3272 1311 3334 corpus,
1335 3255 1400 3315 sive
1424 3271 1528 3317 omnes
1559 3274 1636 3335 quae

259 3357 291 3416 in
314 3354 401 3418 disco
424 3361 495 3417 sunt
518 3353 683 3434 particulas
705 3355 823 3437 signat,
847 3352 996 3436 significat
1026 3353 1123 3433 ipsum
1147 3371 1216 3415 esse
1239 3354 1289 3433 qui
1320 3354 1457 3431 occisus,
1489 3354 1637 3434 sanguine

257 3473 317 3518 sno
340 3471 502 3534 respersus
525 3459 585 3514 est:
608 3453 705 3532 ipsum
727 3453 778 3533 qui
801 3451 875 3514 dixit
898 3454 927 3513 in
951 3450 1117 3514 coenaculo
1140 3451 1198 3513 Hic
1220 3459 1266 3512 est
1286 3453 1412 3531 nunquia
1433 3470 1530 3512 mnes:
1555 3452 1637 3512 etin

261 3570 353 3615 cruce
376 3571 444 3615 cum
471 3551 549 3613 latus
582 3554 648 3631 ejus
675 3551 782 3612 lancea
813 3558 950 3630 apertum
978 3558 1043 3629 est,
1078 3551 1172 3612 exivit
1201 3568 1239 3611 ex
1270 3568 1308 3612 eo
1337 3550 1460 3631 sanguis
1490 3555 1637 3629 atraque,

261 3652 370 3732 quibus
393 3667 554 3730 respersus
578 3657 634 3712 est.
680 3649 807 3722 Quando
830 3668 869 3710 cx
891 3650 1041 3730 sanguine
1063 3667 1175 3730 corpus
1198 3651 1299 3730 signat
1321 3650 1351 3710 in
1379 3647 1503 3709 formam
1526 3648 1637 3723 crucis,

261 3750 403 3811 unionem
424 3745 496 3810 facit
519 3749 633 3810 animae
657 3767 723 3811 cum
754 3766 903 3828 corpore,
937 3748 1111 3831 significans
1142 3747 1223 3828 quod
1245 3755 1405 3829 postquam
1427 3753 1567 3825 separata
1590 3754 1638 3808 est

261 3849 358 3909 anima
380 3848 474 3909 Verhi
498 3866 514 3908 a
538 3866 669 3928 corpore
692 3849 774 3928 ejus,
798 3864 927 3909 reversa
956 3855 1017 3925 est,
1048 3846 1208 3928 eidemque
1236 3864 1343 3908 rursus
1372 3846 1470 3907 unita:
1502 3847 1637 3925 quamvis

261 3945 431 4007 nuliatenus
454 3945 593 4008 divinitas
618 3947 683 4027 ejus
707 3952 848 4026 separata
864 3944 954 4007 fuerit
976 3965 994 4007 a
1017 3963 1149 4026 corpore
1174 3948 1240 4025 ejus
1263 3952 1315 4006 aut
1329 3946 1435 4008 anima.
1479 3944 1567 4006 Panis
1590 3952 1638 4006 est

258 4061 374 4126 corpus
397 4045 489 4106 Verbi
513 4044 584 4107 Dei:
608 4046 709 4107 vinnm
731 4052 830 4107 autern
854 4046 918 4125 ejus
943 4046 1056 4107 anima:
1079 4046 1150 4125 quia
1173 4045 1296 4125 sanguis
1320 4052 1366 4108 est
1396 4052 1487 4125 typus
1511 4044 1636 4117 animae,

261 4145 339 4206 sicut
362 4147 580 4224 scriptumest,
605 4142 686 4224 quod
710 4145 806 4206 omnis
830 4145 930 4205 carnis
953 4135 1066 4220 anima,
1089 4145 1215 4226 sanguis
1238 4144 1303 4224 ejus
1319 4151 1374 4206 est.
1420 4144 1530 4205 lterum
1549 4150 1638 4222 post-

260 4261 349 4323 quam
371 4242 490 4324 signum
516 4240 588 4304 fecit
611 4262 652 4304 ex
674 4244 822 4325 sanguine
845 4260 939 4323 super
960 4259 1085 4323 corpus,
1109 4242 1172 4303 unit
1195 4250 1226 4304 et
1254 4243 1410 4324 conjungit
1440 4240 1477 4302 ad
1509 4241 1637 4302 invicem

255 4342 336 4404 ,duas
358 4340 425 4403 illas
448 4340 705 4421 partesOhlatae:
730 4348 819 4423 atque
842 4343 883 4403 ita
898 4341 1058 4423 significat,
1081 4340 1306 4402 Emmanuelem
1321 4356 1413 4400 unum
1428 4358 1512 4417 esse,
1537 4357 1637 4420 neque

262 4439 390 4501 divisum
412 4447 482 4518 post
510 4441 651 4502 unionem
674 4441 704 4502 in
727 4438 801 4502 ditas
824 4448 963 4502 naturas:
994 4439 1144 4523 significat
1174 4440 1277 4516 etiam,
1310 4437 1391 4519 quod
1418 4444 1578 4519 postquam
1608 4440 1637 4500 in

262 4556 355 4600 cruce
368 4537 535 4601 immolatus
548 4547 606 4617 est,
628 4539 797 4620 pacificavit
811 4556 867 4619 per
884 4541 1063 4621 sanguinein
1087 4540 1188 4601 crucis
1211 4556 1294 4615 suae,
1319 4538 1414 4599 univit
1429 4545 1460 4600 et
1483 4538 1638 4618 conjunxit

261 4637 409 4698 coelestia
433 4656 499 4698 cum
522 4641 668 4700 terrenis:
691 4638 836 4719 populum
860 4656 926 4699 cuni
950 4637 1069 4719 populis
1092 4647 1123 4700 et
1146 4639 1272 4699 animam
1295 4655 1362 4698 curn
1385 4653 1527 4717 corpore.
1572 4635 1638 4697 Oh-

260 4735 351 4796 latam
374 4752 495 4816 quoque
518 4735 587 4799 dum
610 4737 640 4798 in
664 4735 809 4798 circulum
833 4738 1015 4815 circumfert,
1038 4738 1189 4819 significat
1212 4735 1293 4817 quod
1316 4752 1372 4817 pro
1395 4742 1523 4817 peccato
1547 4737 1637 4797 totius

261 4834 347 4897 orbis
370 4833 537 4899 immolatus
561 4844 608 4899 est
631 4837 660 4898 in
683 4854 784 4899 cruce.
829 4836 928 4898 Primo
952 4835 1125 4898 circumfert
1148 4835 1227 4898 illam
1249 4834 1286 4896 ad
1310 4833 1479 4897 dexteram:
1502 4834 1637 4896 secundo

261 4951 282 4993 a
303 4934 424 4996 sinistra
447 4933 545 4996 refert
566 4934 603 4996 ad
626 4933 792 5010 dexteram,
816 4942 848 4995 ut
871 4937 1021 5016 significet
1046 4934 1125 5016 quod
1150 4934 1293 4997 Dominus
1317 4951 1335 4994 a
1356 4933 1489 5010 sinistra,
1512 4934 1576 4995 sive
1600 4932 1637 4996 ab

260 5049 372 5094 errore
396 5033 434 5095 ad
456 5033 613 5094 dexteram
636 5049 692 5094 nos
715 5032 881 5096 reduxerit.
