4525 6034
740 573 790 645 42
1247 570 1606 647 LITURGIA

840 759 1024 877 Sacerdos.
1064 756 1249 847 Sacrificio,
1277 758 1529 853 oblationesque
1548 761 1582 829 in
1597 760 1777 851 gratiarum
1795 762 1969 854 actionem,
1996 782 2103 835 corum

738 880 792 972 qui
819 877 961 949 offerunt
986 870 1115 946 laudem
1144 884 1178 946 et
1203 875 1344 968 gloriam
1370 877 1495 947 nomini
1522 885 1577 948 tuo
1605 886 1733 948 sancto.

840 992 1027 1064 Diaconos.
1082 991 1185 1063 Orate
1220 1014 1282 1087 pro
1318 992 1379 1065 illis
1415 995 1470 1087 qui
1503 991 1545 1063 de
1572 1015 1646 1083 suo,
1673 992 1836 1065 sacrificia
1863 1002 1897 1063 et
1923 991 2103 1066 oblationes

736 1109 896 1182 lecerunt.

840 1225 1023 1297 Sacerdos.
1077 1224 1219 1320 Suscipe
1255 1247 1296 1296 ea
1331 1248 1432 1320 super
1465 1223 1571 1298 altare
1600 1236 1691 1298 bium
1725 1226 1912 1323 spirituale,
1948 1228 2103 1319 coeleste,

738 1366 812 1415 cum
840 1342 945 1414 odore
978 1340 1097 1431 thule,
1137 1340 1179 1412 ad
1211 1343 1418 1431 majestatem
1451 1353 1539 1414 tuam
1565 1341 1765 1433 coelestem,
1797 1365 1859 1438 per
1892 1346 2103 1416 ministerium

736 1458 956 1551 Angelorum,
983 1467 1017 1528 et
1032 1454 1320 1549 Archangelorum
1347 1439 1475 1531 tuorum
1493 1470 1695 1547 sanctorum,
1722 1461 1808 1531 sicut
1822 1458 1865 1529 ad
1877 1468 1909 1529 ta
1929 1464 2102 1555 suscepisti

638 1592 648 1597 “
737 1596 874 1646 munera
888 1576 969 1666 justi
984 1571 1084 1663 Abel,
1110 1583 1145 1644 et
1169 1572 1365 1645 sacrificium
1385 1578 1489 1669 patris
1506 1578 1612 1648 nostri
1630 1573 1825 1664 Abraham,
1847 1585 1882 1646 et
1900 1579 2024 1646 minuta
2041 1575 2101 1649 duo

737 1689 868 1762 viduae.
920 1691 968 1762 lta
985 1712 1118 1785 quoque
1139 1700 1221 1762 vota
1239 1711 1415 1763 servorum
1437 1700 1566 1763 tuorum
1583 1704 1722 1788 accepta
1739 1689 1842 1762 habe:
1870 1694 1946 1763 sive
1964 1691 2104 1784 multum,

738 1811 813 1879 sive
838 1830 954 1902 parum
982 1810 1042 1897 sit3
1070 1817 1203 1881 secreto
1231 1815 1287 1877 aut
1312 1804 1506 1898 manifeste3
1539 1818 1574 1879 et
1599 1807 1663 1883 illis
1690 1812 1745 1904 qui
1772 1807 1952 1881 voluerunt
1978 1808 2105 1899 offerre,

736 1945 801 1993 nec
826 1924 915 1995 unde
930 1922 1083 1995 lacerent
1099 1919 1300 1994 habuerunt:
1326 1931 1362 1994 ut
1387 1926 1485 1995 etiam
1510 1923 1573 1996 illis
1602 1928 1657 2019 qrri
1676 1922 1776 2022 bodie
1796 1923 1881 1996 haec
1901 1924 1960 1996 tibi
1976 1948 2105 1997 munera

738 2038 937 2130 obtulerunt,
958 2039 1000 2111 da
1026 2037 1285 2135 incorruptibilia
1311 2062 1373 2135 pro
1394 2039 1679 2136 corruptibilibus:
1702 2040 1934 2136 coelestiapro
1953 2045 2105 2115 terrenis:

740 2167 877 2229 aeterna
894 2179 960 2253 pro*
978 2153 1237 2251 temporalibus:
1265 2155 1383 2229 domos
1397 2178 1511 2228 corum
1530 2167 1564 2228 et
1587 2156 1689 2230 cellas
1702 2160 1880 2253 penuarias
1898 2157 1995 2254 reple
2015 2157 2106 2231 bonis

739 2271 901 2347 omnibus.
955 2272 1132 2347 Circumda
1160 2296 1232 2362 cos,
1257 2274 1414 2362 Domine,
1429 2283 1595 2369 potestate
1609 2274 1818 2367 Angelorum
1844 2284 1879 2346 et
1903 2272 2105 2369 Archange-

738 2390 847 2461 lorum
874 2401 1002 2464 tuorum
1030 2400 1236 2466 sanctorum:
1264 2398 1298 2461 et
1324 2393 1410 2461 sicut
1434 2407 1601 2463 memores
1627 2390 1760 2463 luerunt
1776 2394 1917 2464 nominis
1932 2394 1980 2462 tui
2008 2396 2107 2466 sancti

684 2512 686 2523 '
739 2517 1007 2602 superterram,
1045 2517 1211 2579 memento
1246 2506 1377 2581 illorum
1403 2510 1436 2578 iu
1462 2529 1570 2600 regno
1597 2517 1666 2598 tuo,
1693 2510 1785 2579 etin
1812 2506 1876 2578 hoo
1902 2507 2041 2581 saeculo
2066 2532 2106 2580 ue

738 2623 947 2718 derelinquas
975 2645 1045 2695 cos.

840 2742 983 2813 Domine
1009 2743 1179 2813 miserere.

840 2856 1026 2928 Diaconos.
1080 2856 1183 2927 Orata
1210 2877 1271 2950 pro
1297 2857 1367 2927 vita
1394 2866 1428 2927 et
1453 2856 1673 2928 incolumitate
1699 2854 1909 2928 Patriarcbac
1943 2867 1979 2927 et
2005 2856 2107 2928 Patris

737 2978 843 3048 nostri
869 2971 1095 3064 venerabile,
1127 2971 1385 3068 Arcbiepiscopi
1419 2970 1525 3044 Patris
1558 2971 1600 3044 N.
1628 2983 1663 3044 ut
1690 2972 1841 3046 Christus
1874 2973 1969 3045 Deus
1998 2979 2107 3043 noster

739 3100 919 3164 conservet
944 3095 1048 3162 vitam
1075 3091 1149 3182 ejus
1178 3087 1219 3159 ad
1245 3088 1366 3162 multos
1393 3111 1511 3179 annos,
1538 3112 1577 3159 ac
1604 3088 1808 3184 temporibus
1835 3088 2030 3184 tranquillis.

839 3207 1024 3279 Sacerdos.
1075 3204 1302 3278 Patriarcbam
1337 3216 1488 3279 nostrum
1521 3205 1748 3278 venerabilem
1784 3203 1915 3277 Patrem
1941 3206 2043 3277 Anba
2068 3203 2106 3276 N.

738 3323 953 3397 custodiendo
982 3345 1149 3396 conserva
1176 3322 1274 3429 nobis
1302 3322 1344 3394 ad
1370 3323 1490 3396 multos
1518 3345 1637 3411 annos,
1673 3330 1706 3393 et
1731 3345 1793 3417 per
1819 3321 1995 3416 tranquilla
2023 3333 2106 3393 tem-

737 3463 834 3535 pora,
861 3449 897 3510 ut
922 3439 1099 3535 adimpleat
1132 3437 1282 3534 perfecte
1323 3439 1463 3511 officium
1496 3441 1603 3511 sancti
1635 3436 1849 3511 Pontificatus
1876 3441 1932 3533 qui
1959 3439 2006 3509 illi
2033 3461 2053 3508 a
2078 3446 2107 3507 te

738 3556 877 3629 nodatus
905 3566 973 3646 est,
1008 3554 1189 3628 secundum
1215 3554 1420 3628 voluntatem
1455 3563 1544 3626 tuam
1583 3565 1731 3626 sanctam
1765 3564 1799 3626 et
1833 3553 1985 3645 beatam,
2021 3563 2108 3624 recte

740 3673 936 3773 dispensans
962 3672 1105 3745 verbum
1130 3674 1297 3761 veritatis,
1334 3681 1368 3743 et
1399 3693 1544 3769 pascens
1576 3670 1733 3766 populum
1760 3680 1848 3743 tuum
1875 3673 1908 3741 in
1936 3674 2107 3743 sanctitate

741 3803 775 3863 et
797 3792 933 3881 justitia.
988 3787 1148 3863 Concede
1173 3787 1220 3859 illi
1246 3798 1279 3859 et
1305 3785 1402 3861 nobis
1434 3809 1553 3883 pacem
1588 3796 1622 3857 et
1654 3787 1793 3859 salutem
1826 3810 1872 3858 ex
1904 3807 2107 3881 quacumque

739 3914 853 4001 parte:
881 3917 914 3978 ct
940 3928 1062 4001 preces
1090 3907 1162 3997 ejus
1190 3928 1272 4000 quas
1299 3903 1380 3976 lacit
1404 3926 1467 4000 pro
1493 3901 1591 3976 nobis
1624 3914 1658 3975 et
1683 3926 1745 4000 pro
1774 3908 1862 3976 omni
1888 3905 2014 4000 populo
2041 3913 2106 3991 tuo,

737 4034 773 4095 ut
798 4046 858 4095 cas
879 4045 965 4118 quae
983 4044 1046 4118 pro
1063 4020 1119 4093 illo
1147 4045 1166 4092 a
1193 4019 1291 4093 nobis
1318 4021 1408 4109 liunt,
1428 4024 1562 4115 suscipe
1576 4042 1635 4092 eas
1649 4020 1690 4092 ad
1704 4031 1737 4092 te
1763 4042 1864 4116 super
1890 4020 1996 4091 altare
2022 4031 2108 4091 tuum

738 4140 946 4230 rationabile,
974 4137 1122 4212 coeleste
1150 4161 1224 4209 cum
1252 4137 1357 4210 odore
1384 4136 1497 4209 thuris.
1549 4138 1704 4210 Inimicos
1726 4159 1860 4232 quoque
1887 4140 1958 4229 ejus
1981 4157 2106 4223 omnes,

737 4258 889 4330 visibiles
916 4267 950 4328 ct
976 4253 1180 4345 invisibiles,
1215 4265 1353 4327 contere
1380 4264 1414 4326 et
1441 4253 1548 4346 dejice
1575 4254 1636 4327 sub
1663 4253 1804 4349 pedibus
1831 4256 1904 4346 ejus
1929 4251 2104 4325 velociter:

738 4373 828 4444 illum
856 4395 988 4470 quoque
1016 4392 1183 4444 conserva
1210 4374 1243 4442 in
1269 4394 1355 4467 pace
1382 4381 1416 4442 et
1438 4373 1575 4463 justitia,
1602 4373 1635 4441 iu
1660 4368 1814 4443 Ecclesia
1840 4381 1895 4441 tua
1922 4380 2048 4441 sancta.

842 4492 984 4563 Domine
1010 4491 1182 4560 miserere.

841 4606 1028 4681 Dincnnna.
1082 4603 1185 4676 Orate
1211 4626 1272 4699 pro
1299 4602 1448 4699 patribus
1474 4607 1596 4676 uostris
1612 4602 1788 4699 Episcopis
1815 4599 2011 4697 ubicumque
2034 4604 2105 4691 siut,

739 4731 775 4792 ut
802 4718 951 4795 Christus
976 4722 1070 4793 Deus
1102 4731 1219 4792 noster
1254 4732 1434 4793 conservet
1467 4724 1570 4792 vitam
1603 4743 1737 4810 eorum,
1774 4719 1816 4790 ad
1841 4718 1960 4790 multos
1988 4738 2104 4804 anuos,

740 4860 802 4933 per
828 4846 978 4933 tempora
1005 4838 1190 4934 tranquilla
1217 4847 1251 4909 ct
1276 4847 1391 4932 parcat
1416 4837 1524 4910 nobis,

843 4954 1025 5027 Sacerdos.
1077 4954 1268 5044 Memento,
1301 4956 1463 5045 Domine,
1497 4952 1742 5050 Episcoporum
1775 4951 2044 5025 Orthodoxorum
2071 4953 2104 5019 iu

741 5093 947 5167 quocumque
964 5071 1040 5144 loco
1057 5076 1137 5145 sint:
1160 5069 1392 5162 Sacerdotum
1407 5069 1958 5162 Diaoouorum,Subdiaconor11m‚
1975 5068 2103 5140 Lecto-
