4525 6034
465 589 585 669 mun
609 589 906 669 rnimrclrons
931 592 980 668 nr
1006 567 1303 671 nuncnunc.
1494 595 1568 672 177

198 787 288 852 strae
313 771 592 871 constringamur,
619 789 654 851 et
680 776 882 851 delectemur
907 781 942 850 in
968 783 1108 853 canate
1134 792 1190 854 trra
1217 780 1348 854 divina:
1382 791 1417 854 ct
1452 782 1568 856 dantes

197 895 295 967 nohis
322 896 464 967 invicem
497 917 616 991 pacem
641 898 676 967 in
708 894 825 968 osculo
855 906 989 986 sancto,
1024 901 1128 972 simus
1163 896 1224 970 tihi
1256 920 1342 972 oves
1374 899 1570 995 praeclarae

198 1011 325 1106 absque
352 1010 492 1101 macula,
520 1021 554 1084 et
580 1011 622 1084 ab
650 1014 740 1084 omni
765 1012 961 1085 confusione
988 1012 1124 1087 liberae.
1169 1016 1237 1087 Per
1262 1014 1379 1088 lesum
1401 1015 1570 1092 Christum

198 1127 376 1199 Dominum
401 1137 550 1200 nostrum
576 1130 780 1220 unigenitum
807 1127 926 1200 Filium
952 1139 1059 1218 tuum,
1090 1154 1153 1227 per
1189 1153 1308 1227 quem,
1341 1143 1475 1206 etcum
1504 1156 1569 1229 quo

197 1253 230 1315 te
258 1244 355 1316 decet
381 1241 501 1335 gloria,
527 1243 645 1334 honor,
671 1255 705 1316 et
730 1246 877 1340 potentia
904 1266 978 1315 cnm
1005 1245 1129 1342 Spiritu
1156 1257 1223 1320 tno.
1256 1286 1259 1294 =

301 1360 464 1452 Populus.
516 1360 636 1434 Amen.

301 1477 492 1549 Diaconos.
545 1479 633 1550 Date
659 1499 787 1573 pacem.

301 1593 485 1667 Sacerdos.
539 1592 685 1685 Caritas,
712 1605 776 1670 etc.

302 1711 465 1806 Populus.
518 1711 638 1784 Amen.
753 1789 760 1800 ¹

303 1827 490 1902 Sacerdos.
540 1828 681 1901 Sursum
706 1826 819 1900 corda.

301 1944 462 2038 Populus.
503 1943 674 2017 Habemus
700 1943 743 2016 ad
760 1944 948 2016 Dominum.

302 2059 487 2133 Sacerdos.
541 2059 674 2132 Gratias
701 2082 840 2152 agamus
866 2061 1022 2132 Domino.

302 2178 463 2271 Populos.
511 2180 656 2271 Dignum
684 2188 718 2249 et
739 2179 864 2269 justum
890 2187 951 2249 est.

303 2292 480 2366 Sacerdos
504 2294 695 2366 inclinatae.
747 2292 840 2364 Vere
865 2302 899 2365 te
915 2292 1058 2365 Domine
1078 2292 1176 2365 decet
1191 2294 1297 2366 omnis
1313 2291 1433 2384 gloria,
1462 2295 1569 2366 omnis

199 2413 380 2503 gratiarum
408 2413 508 2499 aetio,
534 2413 641 2484 omnis
667 2410 751 2498 laus,
779 2411 885 2483 omnis
911 2408 1037 2500 honor,
1078 2411 1184 2482 omnis
1217 2408 1394 2482 exultatio:
1425 2417 1459 2478 te
1489 2410 1569 2501 opi-

199 2526 296 2599 licem
323 2529 477 2615 omnium,
504 2526 612 2598 Deum
639 2536 673 2599 et
698 2527 845 2615 Patrem,
871 2549 946 2598 eum
972 2529 1143 2619 unigenita
1169 2523 1255 2597 Filio
1283 2534 1358 2617 tuo,
1385 2532 1419 2595 et
1445 2522 1570 2619 Spiritu

200 2653 259 2716 tuo
286 2647 382 2732 vivo,
409 2653 443 2715 et
470 2654 585 2717 sancto
612 2665 709 2731 nunc,
738 2652 801 2714 etc.
1590 2633 1592 2638 ‘

302 2760 454 2833 Eteonos
478 2783 605 2833 uocem.
658 2759 709 2831 'lc
736 2762 823 2832 enim
838 2780 923 2831 vere
950 2758 1104 2845 Domine,
1130 2755 1344 2846 benedicunt,
1371 2753 1570 2847 glorificant,

197 2875 345 2968 laudant,
371 2887 406 2949 et
430 2875 596 2950 honorant
619 2876 744 2969 Angeli
772 2886 806 2947 et
821 2873 1040 2965 Archangeli:
1067 2874 1288 2969 Principatus,
1315 2883 1349 2944 et
1365 2872 1569 2945 Potestates:

199 2993 335 3082 Throni,
363 3001 397 3063 et
422 2992 689 3066 Dominaticnes:
716 2992 865 3066 Virtutes
890 2994 1128 3086 incorporeae:
1163 2989 1357 3076 Cherubim,
1391 2999 1425 3060 et
1457 2986 1569 3060 Sera-

199 3108 298 3205 phim,
326 3131 401 3181 cum
429 3108 581 3182 omnibus
615 3106 838 3199 coelestibus,
872 3128 938 3178 nno
967 3105 1099 3202 aequali
1131 3115 1230 3178 cantu
1262 3103 1413 3198 gloriae,
1447 3109 1568 3178 conci-

199 3236 329 3312 nentes,
358 3223 550 3313 clamantes,
575 3223 803 3298 vociferantes
832 3234 866 3295 et
891 3223 1050 3294 dicentes.

304 3340 464 3434 Populus.
511 3342 663 3413 Sanctus.

304 3457 479 3528 Sacerdos
504 3457 695 3527 inclinatos.
747 3455 902 3545 Sanctus,
930 3454 1091 3545 Sanctus,
1125 3455 1269 3528 Sanctus
1305 3476 1343 3528 cs
1375 3454 1469 3527 Dens
1495 3454 1569 3525 Pa-

199 3586 251 3647 ter
278 3576 500 3668 omnipotens,
529 3595 602 3645 cnm
629 3571 715 3645 Filio
744 3576 799 3668 qni
826 3595 872 3644 ex
899 3582 932 3644 te
960 3582 1029 3661 est,
1057 3581 1092 3644 et
1116 3572 1242 3669 Spiritu
1267 3582 1324 3644 tuo
1352 3582 1485 3644 sancto:
1513 3574 1569 3665 qni

199 3714 274 3762 cum
303 3714 323 3762 a
357 3701 390 3762 tc
416 3692 628 3785 periissemus
660 3713 722 3786 per
754 3693 925 3785 praecepti
959 3693 1281 3781 transgressionem,
1316 3689 1436 3762 misisti
1462 3690 1568 3783 ipsum
1676 3743 1678 3750 .

197 3808 404 3898 unigenitum
436 3806 553 3879 Filium
590 3817 696 3894 tuum,
730 3807 772 3879 ad
808 3805 965 3878 auxilium
995 3816 1163 3879 nostrum:
1204 3809 1258 3901 qui
1292 3827 1354 3901 per
1391 3805 1568 3901 passiones

200 3944 280 3996 suas
307 3921 470 3995 salutares
497 3922 631 3995 reduxit
656 3944 719 3996 nos
747 3923 788 3994 ad
815 3920 1051 3994 haereditatem
1078 3930 1226 3994 nostram
1246 3924 1429 4017 pristinam,
1456 3929 1490 3991 et
1503 3922 1564 3991 vi-

197 4038 348 4110 vificavit
373 4060 435 4110 nos
461 4041 624 4131 sanguine
650 4059 712 4111 suo
740 4038 862 4110 divino.

303 4156 453 4227 Eteonos
478 4176 602 4225 uocem.
657 4153 740 4227 Cum
768 4176 852 4246 ergo
881 4154 922 4226 ad
948 4155 1137 4249 passionem
1163 4157 1268 4227 nostri
1288 4175 1390 4226 causa
1417 4155 1569 4225 venisset

197 4275 379 4360 incarne,
411 4273 638 4366 pergratiam
665 4294 777 4345 suam:
810 4274 886 4367 ipse
919 4274 952 4342 in
984 4293 1050 4366 quo
1085 4280 1259 4366 peccatum
1292 4292 1359 4343 non
1398 4271 1567 4341 inventum

197 4398 264 4474 cst,
291 4389 422 4482 accepit
446 4409 567 4482 panem
593 4391 627 4459 in
653 4410 770 4460 manus
797 4409 876 4461 suas
903 4396 1050 4475 sanctas,
1077 4395 1111 4459 et
1137 4390 1270 4483 aspexit
1295 4389 1329 4458 in
1356 4384 1507 4476 coelum,
1534 4398 1568 4458 et

48 4583 61 4594 ,
196 4508 326 4596 gratias
353 4507 439 4595 egit,
465 4510 486 4584 †
520 4514 553 4575 et
587 4503 780 4595 benedixit,
805 4511 826 4588 τ
854 4515 887 4576 et
913 4503 1146 4592 sanctificavit,
1174 4512 1195 4586 †
1221 4516 1255 4577 et
1280 4502 1397 4595 fregit,
1424 4514 1459 4575 et
1485 4502 1568 4574 dixit

197 4617 368 4715 discipulis
395 4621 475 4691 suis.
528 4618 603 4691 Hoc
629 4629 682 4694 est
707 4642 829 4716 corpus
854 4642 982 4709 meum,
1018 4623 1180 4718 accipite,
1211 4619 1407 4692 manducate
1434 4620 1477 4692 ad
1502 4642 1565 4691 re-

198 4739 392 4810 missionem
419 4745 633 4831 peecatorum
660 4747 848 4810 vestrorum
875 4746 909 4809 et
935 4739 1079 4809 omnium
1104 4737 1249 4810 fidelimn
1264 4758 1436 4827 verorum,
1463 4745 1497 4808 ct
1523 4734 1581 4808 ad,

196 4852 302 4923 vitam
329 4861 508 4926 aeternam.

303 4967 465 5062 Populus.
516 4970 637 5045 Amen.
