4525 6034
660 599 1197 678 alexanarino
1532 596 1607 669 359

224 791 351 864 Marco
377 798 584 876 numeratur,
610 788 658 859 cd
683 811 758 860 cmo
776 790 984 876 convenisse,
1011 786 1127 860 scribit
1141 784 1304 877 Severus,
1329 772 1461 881 plebem
1476 787 1609 860 Ortho-

224 908 375 996 doaeam,
402 907 602 979 sacerdotes
626 911 663 976 et
687 905 889 998 apocopae,
917 909 951 973 el
977 902 1021 973 ab
1049 902 1117 975 illis
1143 902 1285 973 electam
1312 902 1524 975 Cerdonem:
1550 915 1608 976 at-

225 1045 299 1116 que
325 1026 370 1094 ita
403 1026 436 1094 in
466 1022 669 1116 reliquorum
702 1017 966 1092 Patriarcharcm
997 1017 1153 1092 historia:
1185 1040 1296 1114 neque
1329 1019 1372 1092 dc
1403 1021 1471 1093 ullo
1503 1043 1610 1115 usque

225 1136 271 1208 ad
302 1135 522 1209 Athanasium
548 1139 730 1208 memoriae
755 1134 921 1232 proditum
948 1142 1018 1220 est,
1046 1133 1136 1228 quod
1162 1156 1209 1205 ex
1242 1135 1417 1208 duodecim
1451 1137 1609 1232 Presby-
1692 1232 1695 1237 ‚

223 1263 381 1325 terarum
409 1253 563 1345 collegio
589 1251 699 1340 buerit,
727 1262 784 1323 aut
808 1250 937 1322 illorum
965 1254 1088 1321 mentio
1115 1250 1151 1322 lit
1171 1250 1286 1323 saltem
1310 1253 1496 1357 leuissima.¹
1524 1252 1609 1324 Ple-

223 1368 310 1439 hem
338 1369 491 1441 electioni
517 1371 757 1457 intervenisse,
785 1370 883 1439 etiam
910 1367 1034 1461 ubique
1060 1367 1198 1459 legitur,
1225 1377 1260 1438 et
1287 1368 1481 1463 aliquando,
1515 1371 1611 1462 quasi

223 1484 338 1556 solius
365 1486 479 1581 populi
504 1485 671 1576 suffragiis
699 1484 798 1556 electi
823 1484 974 1554 dicuntur
1007 1482 1181 1579 Episcopi:
1214 1485 1350 1579 saepius
1383 1483 1426 1556 ab
1459 1483 1609 1579 Episco-

223 1603 307 1694 pis,
336 1600 437 1672 Clero
466 1608 499 1670 et
523 1600 666 1695 populo,
694 1620 858 1694 nunquam
887 1620 971 1670 vero
998 1602 1032 1669 in
1058 1602 1241 1693 primorum
1259 1600 1524 1672 Patriarcharum
1551 1600 1608 1671 hi-

223 1719 340 1787 storia
367 1716 526 1808 legimus,
554 1716 698 1811 aliquem
730 1738 750 1785 a
783 1715 865 1787 solis
902 1713 1135 1787 sacerdotibus
1169 1715 1330 1805 electum,
1364 1715 1466 1788 rnrdto
1502 1719 1609 1788 minus

223 1831 270 1903 ab
303 1831 369 1903 illis
403 1831 586 1904 duodecim.
647 1831 812 1926 Exempla
847 1830 901 1902 iila
941 1855 988 1903 ex
1024 1830 1146 1902 Severi
1177 1831 1315 1905 historia
1348 1834 1467 1927 partim
1500 1834 1611 1906 retulit
1679 1827 1742 1878 ΗΜ·
1766 1825 1837 1879 Μ’·
1861 1826 1935 1880 5¹⁶²·

222 1946 446 2021 Abrahamm
472 1947 698 2020 Echellensis:
726 1956 759 2018 et
785 1971 827 2019 ea
853 1945 958 2018 fusius
985 1970 1005 2017 a
1032 1946 1130 2021 nobis
1157 1946 1263 2019 relata
1289 1959 1365 2021 sunt
1395 1949 1430 2019 iu
1454 1945 1610 2043 Epitome
1637 1930 1664 1981 ¹''
1685 1912 1728 1965 ’θ’
1807 1940 1810 1947 ’

223 2075 371 2153 nostra,
397 2063 454 2136 uhi
479 2063 544 2136 hoc
569 2062 724 2159 Eutychii
750 2066 972 2136 testimonium
1000 2061 1209 2159 expenditur.

314 2194 318 2202 ‘
339 2180 448 2251 XXV.
490 2180 600 2253 Aliam
626 2188 804 2275 praetcrea
831 2180 1016 2252 solvendae
1042 2178 1128 2251 illius
1156 2179 1351 2253 difficultatis
1365 2183 1455 2253 viam
1476 2203 1609 2277 propo·
1669 2185 1828 2238 Echettcnsir
1847 2187 1935 2255 opinio

226 2300 299 2371 suit
326 2297 415 2368 idem
441 2294 667 2384 Echellensis,
693 2306 729 2367 ut
755 2294 893 2369 doceret
919 2318 983 2390 qua
1016 2299 1147 2368 ratione
1178 2294 1393 2401 intelligenda
1425 2297 1537 2370 forent
1570 2321 1611 2370 ca
1624 2271 1658 2324 ‘¹⁰
1677 2271 1763 2325 'effi'
1780 2272 1910 2340 Eum

226 2413 366 2500 verba,
394 2435 480 2506 quae
506 2410 697 2504 significare
723 2411 879 2484 videntur
905 2411 1101 2485 sacerdotes
1127 2412 1280 2484 undecim
1305 2416 1362 2483 uni
1389 2437 1435 2485 ex
1452 2437 1514 2487 suo
1542 2437 1612 2485 nu-·

225 2549 329 2599 mero
359 2549 475 2599 manus
501 2531 720 2622 imposuisse,
748 2539 847 2622 atque
874 2532 918 2600 ita
938 2512 1179 2599 ordinationem
1196 2527 1432 2624 Episcopalem
1460 2529 1502 2602 ab
1531 2533 1612 2626 ipsis

225 2641 421 2738 perfectam
447 2643 561 2716 luisse.
615 2641 786 2715 Observat
811 2646 899 2714 enim
926 2643 1090 2739 duplicem
1116 2641 1221 2715 brisso
1248 2666 1402 2715 manuum
1419 2648 1611 2741 impositio-

227 2782 333 2849 nem,
362 2781 422 2831 seu
448 2757 707 2856 Xapcronlcn:
733 2781 833 2830 unam
861 2759 904 2831 ad
934 2758 1092 2851 suffragia
1119 2757 1276 2831 ferenda:
1304 2760 1442 2832 alteram
1469 2761 1512 2834 ad
1548 2787 1612 2837 sa·
1695 2804 1699 2809 -

226 2898 328 2947 crum
357 2874 571 2946 ordinationis
599 2877 830 2947 ministerium:
856 2878 1015 2970 primam,
1044 2897 1130 2970 quae
1156 2898 1311 2949 manuum
1344 2881 1537 2950 extentione
1571 2878 1614 2950 ad

226 3012 439 3065 consensum
465 3011 559 3062 suum
587 2988 838 3082 significandum
864 2989 1055 3077 constabat,
1083 3013 1152 3063 uon
1186 2991 1286 3066 modo
1323 3017 1343 3065 a
1371 2994 1614 3086 sacerdotibus,

200 3082 294 3181 ‘sed
324 3108 424 3178 etiam
451 3128 470 3177 a
496 3104 609 3178 Laicis
636 3104 708 3177 lieri
734 3110 901 3201 potuisse:
929 3104 1110 3179 secundam
1137 3128 1205 3179 non
1230 3111 1327 3179 item:
1364 3121 1398 3181 et
1430 3111 1473 3181 de
1507 3113 1613 3205 prima

226 3222 485 3314 intelligendum
512 3244 591 3294 esse
616 3220 825 3319 Eutychium.
877 3221 972 3294 Haec
1000 3223 1181 3316 explicatio
1208 3223 1476 3313 modicamaut
1492 3225 1614 3298 nullam

228 3339 468 3413 certitudinem
502 3335 618 3410 habet:
654 3350 688 3411 ct
723 3341 751 3410 si
786 3337 997 3410 fundamento
1032 3360 1100 3410 non
1136 3349 1229 3410 caret
1259 3343 1392 3434 penitus
1421 3343 1616 3435 vsecundum

229 3456 393 3529 Graecae
417 3453 553 3543 linguae
580 3456 763 3547 originem,
795 3465 829 3526 at
860 3457 895 3524 in
929 3453 1079 3527 Arabica
1112 3453 1190 3525 nihil
1223 3454 1339 3529 simile.
1392 3457 1507 3542 Quod,
1527 3461 1615 3529 enim

228 3596 297 3644 usu
324 3573 422 3640 venit
446 3570 479 3638 in
511 3569 680 3664 plerisque
712 3568 833 3661 linguis
870 3593 957 3665 quae
988 3591 1096 3643 voces
1130 3574 1328 3665 peregrinas
1364 3575 1545 3667 accipiunt,
1580 3582 1617 3645 ut

227 3706 407 3784 persaepe
433 3683 499 3755 alic
524 3706 664 3780 prorsus
692 3685 879 3776 significatu
905 3687 1126 3781 accipiantur,
1164 3708 1261 3780 quiam
1293 3688 1324 3756 in
1360 3690 1516 3782 primaria
1554 3710 1616 3761 sua

230 3805 393 3894 origine,
418 3800 452 3872 id
478 3804 568 3872 circa
594 3822 717 3872 vocam
743 3800 977 3898 Xapocovlcc
1003 3798 1227 3873 observamus
1260 3802 1294 3871 iu
1319 3800 1477 3875 Arabica.
1529 3802 1615 3875 Eam

229 3916 370 3991 scilicet
396 3937 518 3988 vocem
543 3913 678 3988 Arabes
705 3913 884 3987 Christiani
909 3924 1152 4002 servaverunt3
1179 3923 1214 3986 at
1237 3914 1486 3989 Chartonictin
1500 3940 1617 3991 eorum

227 4033 333 4106 libris
361 4035 506 4102 occurrit
532 4029 708 4125 aliquando
735 4030 778 4102 ad
805 4029 1053 4122 significandam
1082 4028 1348 4119 ordinationem,
1383 4054 1468 4127 quae
1494 4032 1530 4105 fit
1555 4057 1617 4130 per

228 4147 486 4245 impositionem
511 4167 666 4217 manuum
693 4143 957 4245 Episcoporurn3
986 4168 1073 4240 quae
1097 4149 1234 4240 propria
1262 4156 1296 4217 et
1320 4151 1418 4219 unica
1441 4146 1615 4239 significa-

227 4268 282 4335 tio
314 4271 368 4335 est
393 4261 549 4333 Graecae
573 4262 672 4333 vocis
699 4259 786 4355 apud
814 4259 1029 4333 Christianos.
1057 4260 1169 4332 ¹Nam
1193 4259 1301 4332 'altera
1328 4285 1415 4356 quae
1434 4261 1475 4333 ad
1489 4263 1615 4335 suffra-

229 4381 284 4470 gii
314 4398 377 4471 per
403 4397 520 4447 manus
546 4378 772 4448 extentionem
798 4374 941 4462 ferendi,
970 4385 1026 4447 aut
1051 4375 1232 4471 simplicem
1256 4376 1510 4469 Magistratuum
1538 4378 1615 4450 ele-

229 4497 387 4564 ctionem
413 4501 560 4585 spectat,
588 4494 651 4563 etsi
678 4494 821 4586 antiquis
848 4489 1066 4587 scriptoribus
1094 4491 1267 4563 larniharis
1294 4491 1470 4587 aliquando
1505 4492 1631 4583 buerit,
1674 4570 1677 4575 ,

140 4681 148 4697 .
229 4610 301 4678 vix
328 4616 439 4676 tumen
467 4627 487 4675 a
515 4605 710 4680 Christianis
736 4617 892 4703 usurpata
918 4607 1054 4699 legitur:
1085 4629 1195 4701 neque
1226 4611 1334 4700 magis
1360 4607 1453 4679 valet
1485 4608 1616 4682 altero·
1661 4636 1663 4643 ·

231 4743 314 4793 rum
343 4722 504 4791 autoritas
531 4720 573 4792 ad
599 4721 688 4793 illam
715 4722 991 4810 confirmandam,
1019 4744 1117 4817 quam
1145 4725 1174 4793 si
1202 4725 1275 4817 quis
1290 4721 1467 4795 Ecclesiae
1483 4744 1616 4814 vocem,

233 4857 282 4907 eo
327 4832 416 4927 quod
459 4834 547 4929 apud
586 4835 846 4910 Demosthenem
883 4848 917 4910 et
955 4836 1103 4932 reliquos
1146 4837 1308 4910 Oratores
1350 4838 1618 4931 frequentissime

235 4951 403 5035 occurrit,
444 4971 489 5021 ex
522 4950 651 5025 illorum
687 4954 859 5025 semantiis
889 4951 1022 5045 juberet
1052 4955 1273 5048 interpretari.
1333 4953 1487 5026 Occurrit
1518 4958 1619 5047 igitur

233 5063 461 5161 Χειροτονία
487 5069 624 5141 siverit
650 5071 714 5164 ipsi
740 5067 880 5140 afferunt
905 5067 1126 5159 Chartoniol,
1153 5067 1240 5162 apud
1267 5070 1469 5165 antiquiores
1496 5058 1648 5145 Cano-⁸
