4525 6034
1141 568 1523 648 nlssuurlrlo

1185 1073 1375 1157 curor
1419 1072 1459 1193 r,

639 1294 728 1381 Quid
752 1295 967 1367 uerisimilius
991 1297 1096 1367 stetui
1118 1298 1231 1389 poscit
1256 1296 1299 1365 dc
1332 1301 1483 1388 tempore
1510 1313 1575 1388 qno
1602 1295 1754 1385 scriptae
1780 1300 1857 1364 eunt
1885 1295 2015 1366 Orien-

1174 1410 1260 1482 talee
1287 1410 1476 1508 Literpioe.

327 1649 575 1706 vestimentorum
589 1653 623 1705 <1⁰
695 1621 882 1752 Quemne
910 1648 1121 1720 obscuritatis
1148 1648 1251 1719 sitin
1278 1668 1320 1716 ea
1348 1644 1390 1716 de
1418 1669 1482 1740 qua
1509 1669 1596 1718 nunc
1617 1646 1783 1739 agendum
1810 1660 1873 1738 est,
1902 1674 2013 1746 quae-

310 1744 426 1875 “nflg‘
443 1756 496 1808 ‘¹¹¹⁰
513 1744 622 1877 ppulo
636 1769 746 1840 stione
773 1762 984 1859 erphonem,
1012 1786 1099 1858 quae
1124 1761 1189 1834 huc
1214 1783 1322 1856 usque
1346 1760 1489 1834 diximus
1516 1765 1597 1834 satis
1611 1763 1797 1836 ostendunt
1824 1765 1910 1838 'lres
1926 1791 2013 1842 vero

194 1962 199 1975 „
309 1838 378 1974 ἔξιθι),
404 1840 420 1876 e
445 1834 506 1879 sunt
553 1836 621 1880 rtur·
636 1880 679 1953 de
706 1903 748 1953 eo
776 1890 973 1971 argumento
1002 1881 1178 1975 opiniones
1211 1886 1295 1950 sunt
1340 1875 1451 1949 Prima
1483 1899 1599 1949 eorum
1634 1882 1689 1973 qui
1724 1879 1863 1971 lucebi,
1897 1881 2013 1956 Basilii

626 2007 669 2068 et
703 1995 939 2092 Chrysostomi
973 1994 1143 2086 Litargias
1178 1994 1220 2066 ah
1255 1991 1320 2064 illis
1354 1992 1471 2086 quihus
1507 1994 1726 2066 attribuuntur
1759 2000 1900 2092 scriptas
1933 2021 2012 2071 esse

634 2111 850 2201 contendunt
881 2132 990 2205 eaque
1022 2113 1206 2183 communis
1243 2119 1294 2181 est
1329 2107 1536 2181 Graecorum
1570 2113 1733 2202 omnium,
1769 2123 1803 2183 et
1835 2113 2011 2186 multorum

635 2224 883 2299 Catholicoram
916 2228 1089 2299 sententia.
1139 2223 1295 2297 Secunda
1328 2223 1458 2297 illorum
1491 2228 1546 2319 qui
1572 2229 1714 2322 scriptas
1743 2250 1763 2298 a
1790 2232 2009 2302 sanctissimis

632 2341 698 2417 illis
725 2347 811 2417 viris
838 2342 931 2414 credi
957 2341 1087 2431 volunt,
1114 2340 1270 2413 sednon
1298 2345 1431 2413 omnino
1460 2339 1575 2435 quales
1604 2341 1646 2413 ad
1672 2364 1735 2413 nos
1770 2354 2010 2438 pervenerunt,

633 2480 709 2530 amn
741 2481 806 2531 non
842 2481 951 2554 pauca
989 2457 1233 2554 posterioribus
1268 2455 1411 2529 saeculis
1448 2455 1558 2528 addita
1589 2455 1731 2545 luerint,
1768 2468 1802 2529 et
1835 2458 2010 2553 quamdam

633 2577 699 2646 sint
724 2576 1014 2671 interpolationem
1046 2595 1187 2670 passae:
1209 2576 1266 2646 'ita
1294 2572 1400 2644 ierme
1439 2573 1622 2662 Beronius,
1647 2573 1865 2645 Bellanninus
1895 2577 2011 2647 etalii

633 2698 687 2761 sat
720 2689 820 2761 multi.
866 2690 980 2762 Tertia
1016 2689 1151 2761 tandem
1185 2699 1219 2759 et
1253 2691 1399 2760 omnium
1432 2692 1601 2760 teterrhna
1636 2693 1798 2761 sententia
1832 2701 1896 2780 est,
1923 2691 2009 2765 ialso

631 2805 707 2878 illas
743 2828 822 2880 esse
857 2807 940 2879 viris
975 2808 1100 2879 sanetis
1128 2804 1336 2899 adscriptaS‚
1364 2826 1490 2898 easque
1518 2826 1595 2876 esse
1622 2808 1866 2900 supposititiam
1891 2805 2010 2897 falsas,

633 2932 732 3017 atque
759 2922 845 2994 adeo
872 2921 993 2994 nullius
1027 2926 1062 2993 in
1096 2918 1296 3012 Theologia
1318 2923 1512 2992 autoritatis.
1555 2920 1604 2991 lta
1639 2920 1743 3012 vulgo
1778 2921 2009 2994 Protestantes

631 3060 761 3128 omnes,
797 3061 881 3133 quos
915 3038 1047 3133 quidam
1075 3035 1238 3111 Catholici
1265 3038 1370 3107 secuti
1406 3046 1492 3126 sunt
1526 3057 1594 3107 nou
1620 3046 1731 3107 tamen
1757 3039 1802 3108 ita
1829 3048 1865 3108 ut
1891 3060 2009 3128 agno-

631 3158 754 3244 verint,
781 3154 859 3228 dolo
887 3154 975 3228 malo
1003 3153 1164 3227 confictas
1199 3151 1274 3224 illas
1302 3173 1392 3239 esse,
1428 3162 1463 3222 et
1496 3163 1652 3246 tanquam
1686 3154 1813 3223 zizania
1841 3150 2007 3225 frumento

633 3267 796 3342 dominico
825 3273 1107 3366 superseminata:
1138 3268 1213 3339 illas
1239 3279 1350 3339 mmen
1378 3270 1553 3340 autoritate
1587 3266 1643 3338 illa
1684 3290 1748 3363 qua
1781 3269 2008 3342 commendari

634 3381 757 3456 Graeci
784 3406 844 3457 eas
870 3384 1001 3474 volunt,
1028 3383 1166 3479 spoliari
1192 3381 1292 3454 facile
1318 3387 1411 3477 passi
1436 3384 1603 3456 videntur.

342 3529 486 3588 Garunna
500 3533 621 3591 aaroni
740 3500 830 3571 luter
857 3521 917 3572 eos
944 3501 1000 3593 qui
1026 3497 1231 3593 prudentius,
1259 3508 1293 3568 et
1319 3502 1504 3572 accuratius
1532 3499 1576 3572 de
1601 3500 1665 3570 illis
1689 3499 1888 3591 Judicarunt,
1912 3500 2007 3573 Car-

302 3613 435 3680 judicium.
633 3612 752 3685 dinalis
779 3613 960 3686 Perronius
986 3611 1058 3704 fuit
1087 3612 1163 3684 dum
1180 3614 1400 3705 conjectando
1430 3626 1605 3687 assecutus
1630 3625 1694 3704 est,
1722 3639 1797 3686 eam
1824 3639 1911 3711 quae
1937 3617 2007 3689 Ja-

632 3729 709 3801 cohi
736 3729 863 3819 dicitur,
889 3729 995 3802 fuisse
1021 3728 1350 3825 Hierosolymitanae
1374 3731 1552 3803 Ecclesiae
1578 3734 1767 3827 propriam:
1795 3754 1882 3826 quae
1898 3730 2007 3803 lllarci

631 3842 899 3917 Alexandrinae:
927 3843 1043 3916 Basilii
1069 3854 1103 3915 et
1130 3843 1362 3940 chrysostomi
1387 3846 1615 3919 Ecclesiamm
1644 3846 1892 3919 Patriarchatus
1907 3846 2006 3920 Gon-

632 3958 912 4053 santinopolitani.
952 3958 1004 4031 Ea
1031 3962 1162 4032 ratione
1188 3959 1314 4033 fraudis
1342 3966 1449 4035 omnis
1477 3967 1624 4058 suspicio
1651 3984 1790 4058 prorsus
1819 3965 2006 4051 evanescit,

561 4083 566 4093 ’
632 4083 666 4145 et
690 4072 813 4145 frustra
847 4083 922 4146 sunt
956 4078 1222 4169 impugnatorum
1257 4075 1519 4150 Ecclesiasticae
1553 4078 1745 4175 disciplinae
1781 4077 2006 4152 calumniosae

631 4188 866 4278 divinationes,
892 4211 956 4260 nec
983 4190 1047 4262 illis
1074 4191 1294 4265 incommodis
1321 4191 1452 4264 lahorat
1477 4192 1561 4265 haec
1577 4197 1740 4265 sententia
1768 4217 1854 4288 quae
1880 4196 1913 4263 in
1931 4194 2005 4265 aliis

629 4306 779 4395 maxima
804 4313 889 4376 sunt.
915 4302 965 4376 lta
990 4326 1058 4376 non
1085 4309 1149 4377 erit
1174 4306 1381 4400 litigandum⁷
1409 4312 1481 4403 quis
1509 4308 1617 4400 hujus,
1643 4309 1701 4381 vel
1728 4309 1814 4382 illius
1833 4309 2005 4401 Liturgiae

629 4429 724 4490 autor
749 4417 870 4509 fuerit,
896 4441 917 4490 a
944 4440 1009 4513 quo
1044 4420 1149 4493 literis
1177 4428 1374 4515 consignata
1409 4426 1472 4513 sit3
1499 4446 1543 4495 an
1569 4448 1623 4513 ea,
1651 4447 1737 4520 quae
1764 4423 1908 4499 saeculis
1936 4447 2003 4496 au-

625 4542 734 4605 torum
777 4532 895 4628 quihus
931 4532 1160 4607 adscribuntur
1193 4542 1415 4634 conveniant,
1448 4549 1697 4634 repraesentet,
1730 4563 1772 4612 an
1804 4543 2005 4612 mutationes

627 4647 753 4741 aliquot
777 4671 880 4744 passa
907 4653 959 4722 sit.
1004 4650 1145 4723 Constet
1176 4654 1277 4726 modo
1311 4653 1409 4725 talem
1443 4653 1627 4747 Litargiam
1662 4659 1834 4728 continere
1861 4655 2002 4729 iormam

626 4761 856 4836 Eucharistiae
881 4766 1145 4859 consecrandae,
1173 4791 1259 4862 quae
1298 4768 1452 4842 amaltis
1480 4772 1624 4845 saeculis
1656 4783 1813 4868 usurpata
1846 4775 1881 4843 in
1913 4772 2003 4841 insi-

626 4875 747 4970 gnibus
773 4877 936 4952 Ecclesiis
962 4878 1074 4971 fuerit,
1102 4883 1198 4956 salva
1213 4894 1266 4958 est
1281 4885 1353 4975 ejus
1370 4884 1512 4977 dignitas
1540 4896 1574 4958 et
1600 4890 1769 4960 autoritas.
1796 4887 1885 4960 Usus
1913 4888 2000 4958 enim

625 4991 753 5078 illarum
781 4989 1011 5067 Ecclesiarum
1039 4999 1094 5089 qui
1121 4994 1184 5068 huc
1209 5020 1316 5095 usque
1342 5002 1457 5093 viget,
1490 5011 1526 5073 ut
1552 5012 1664 5076 certus
1692 5013 1757 5095 est,
1785 5002 1871 5076 adeo
1897 5011 2004 5073 utne
