4525 6034
530 588 749 666 LITURGld
785 588 925 666 Musis
961 589 1270 666 utu-durnin.
1513 593 1586 666 391

211 775 406 868 largitorem
431 774 694 862 misericordiae,
721 775 882 846 Domine:
918 797 1099 870 coramque
1135 776 1232 847 altari
1258 783 1316 848 tuo
1343 786 1460 850 sancto
1488 779 1589 850 incli-

211 914 329 962 namus
356 890 443 963 eolla
470 893 651 962 animarum
680 899 918 984 etcorporum
944 902 1151 963 nostrorum:
1188 900 1323 962 etcum
1351 890 1590 985 deprecatione

211 1009 461 1101 propitiatoria,
498 1028 657 1096 rogamus
693 1014 727 1076 et
754 1003 972 1077 obsecramus
1005 1017 1047 1077 te.
1100 1005 1196 1076 Mitte
1229 1002 1480 1080 benedictiones
1516 1019 1590 1083 tuas

210 1121 347 1210 uberes,
374 1131 408 1192 et
433 1121 575 1194 benedic
603 1142 725 1192 servos
752 1131 786 1192 st
812 1119 1010 1194 adoratores
1037 1129 1121 1209 tuos,
1150 1131 1184 1193 et
1209 1118 1394 1196 referemus
1422 1122 1480 1196 tibi
1506 1125 1590 1218 glo-

212 1238 298 1308 riam
326 1245 360 1307 et
385 1234 528 1328 laudern,
556 1246 590 1307 et
615 1238 799 1328 unigenito,
826 1244 891 1307 etc.

317 1351 481 1444 Populus.
534 1354 654 1425 Arnen.

317 1464 502 1537 Sacerdos.
556 1467 609 1538 l'u
642 1469 729 1539 enim
762 1471 800 1538 s's
833 1466 977 1537 Domine
1013 1463 1055 1537 ab
1089 1468 1182 1538 initio
1215 1476 1348 1541 creator
1374 1472 1527 1564 sapione,
1555 1481 1591 1543 et

210 1582 245 1651 in
270 1579 336 1651 line
363 1590 548 1678 temporum
576 1586 713 1655 extitisti
739 1580 839 1653 nobis
866 1581 1034 1670 salvator,
1071 1590 1105 1653 et
1131 1585 1255 1655 veniae
1280 1583 1434 1676 largitor:
1469 1596 1503 1656 et
1528 1608 1590 1681 per

211 1693 331 1766 Filium
358 1707 449 1768 tuum
483 1697 637 1769 dilectum
670 1697 810 1770 salvasti
841 1718 924 1784 nos,
958 1705 1058 1792 atque
1095 1696 1138 1768 ad
1171 1696 1409 1771 haereditatem
1441 1708 1590 1773 nostram

211 1813 381 1906 pristinum
414 1834 477 1883 nos
512 1812 685 1885 reduxisti.
738 1812 835 1884 Nunc
871 1814 989 1899 etiam,
1024 1813 1183 1900 Domine,
1216 1812 1281 1886 hoc
1315 1824 1488 1910 ternpore,
1525 1840 1587 1913 per

210 1911 490 2017 misericordiam,
521 1928 654 2001 iacilem
687 1938 722 2000 te
755 1927 853 2000 nobis
886 1926 1034 2021 praebe,
1067 1937 1101 1999 et
1131 1931 1265 2024 suscipe
1297 1927 1363 2001 boc
1389 1932 1588 2005 sucrificium

212 2040 302 2135 quod
328 2046 559 2138 propeccatis
582 2046 706 2117 nostris
727 2043 893 2116 oderimus
920 2043 999 2130 ubi3
1021 2046 1119 2135 juxta
1142 2043 1324 2116 doctrinam
1344 2042 1588 2136 Evangelicam

212 2155 336 2229 Christi
357 2161 518 2251 unigeniti
544 2159 620 2232 Filii
647 2163 705 2249 tui,
731 2181 793 2255 per
819 2182 926 2254 quem,
954 2172 1017 2234 etc.

318 2271 480 2366 Populus.
533 2276 654 2347 Amen.

317 2388 502 2460 Diaconos.
556 2391 690 2462 Stemus
717 2391 885 2461 decenter.

324 2503 509 2576 Sacerdos.
565 2503 696 2578 Caritas
722 2505 851 2595 Patris,
877 2509 986 2598 gratia
1013 2506 1107 2597 Filii,
1135 2516 1169 2579 et
1195 2511 1449 2582 communicatio
1475 2508 1590 2606 Spiri-

211 2628 264 2692 tus
292 2623 411 2706 sancti,
438 2607 482 2691 sit
507 2643 581 2693 cum
609 2620 761 2694 omnibus
787 2619 895 2695 nobis.

315 2735 478 2828 Populus.
533 2735 617 2809 Cum
645 2739 761 2831 spiritu
788 2746 854 2807 tuo.

315 2849 500 2922 Sacerdos.
554 2851 695 2923 Sursum
722 2851 835 2922 corda.

234 3021 238 3026 .
319 2966 482 3059 Populus.
535 2964 707 3038 Habemus
735 2965 778 3035 ad
803 2966 990 3038 Dominum.

316 3080 501 3153 Sacerdos.
557 3076 690 3153 Gratias
718 3102 858 3173 agamus
885 3081 1038 3155 Domino.

314 3195 478 3289 Populus.
529 3196 675 3288 Dignum
702 3206 736 3267 et
757 3199 881 3289 justum
909 3207 970 3268 est.

317 3310 494 3384 Sacerdos
519 3313 711 3383 inclinatae.
765 3310 858 3383 Vere
891 3320 925 3383 et
960 3312 1135 3406 plusquam
1165 3315 1272 3405 juste,
1306 3334 1382 3384 cum
1408 3315 1527 3385 timore
1554 3324 1589 3385 et

210 3439 359 3499 tremore
391 3430 519 3518 gratiam
554 3449 694 3519 agemus
727 3425 805 3516 tibi,
846 3424 1060 3498 adorabimus
1098 3437 1132 3497 et
1163 3425 1371 3501 laudabimus
1405 3438 1439 3499 te
1470 3428 1587 3519 corde,

211 3551 338 3631 mente,
365 3552 400 3613 et
425 3541 553 3633 lingua:
581 3552 633 3631 ts,
659 3542 753 3613 Deus
780 3543 882 3614 Pater
908 3545 1136 3638 omnipotens,
1163 3545 1218 3637 qui
1245 3542 1412 3632 adorariS,
1439 3543 1587 3617 laudaris
1629 3639 1632 3646 ι

211 3665 246 3729 et
272 3653 457 3729 celebraris
484 3655 527 3728 ab
556 3655 709 3729 omnibus
735 3655 1041 3749 ordinibusigneis
1069 3668 1103 3729 et
1128 3655 1363 3753 spiritualibus.

314 3772 465 3844 Eleoaor
490 3793 616 3843 aecem.
670 3770 747 3844 Tibi
781 3776 890 3862 enim,
925 3773 1087 3862 Domine,
1121 3781 1198 3845 sunt
1231 3774 1266 3842 in
1292 3773 1390 3846 coelo
1419 3785 1454 3846 et
1481 3775 1587 3848 coelis

215 3887 415 3976 coelorum,
442 3889 579 3960 ministri
613 3909 779 3983 nunquam
806 3886 963 3977 silentes,
992 3898 1026 3959 et
1051 3886 1243 3960 laudatores
1270 3889 1442 3976 innumeri,
1472 3894 1527 3986 qui
1553 3900 1588 3962 te

166 4021 169 4028 '
212 4012 376 4098 perpetuo
404 4012 439 4073 et
457 4002 683 4076 indesinenter
707 4001 858 4075 laudant:
891 4003 1017 4096 Angeli
1044 4014 1078 4076 et
1099 4002 1316 4095 Archangeli,
1342 4003 1475 4100 hymnis
1502 4009 1588 4079 suis:

213 4118 339 4191 'l'hroni
366 4128 401 4189 et
426 4119 677 4192 Dominationes
706 4118 857 4192 cantibus
894 4121 977 4192 suis:
1010 4118 1241 4215 Principatus,
1272 4118 1421 4190 Virtutes
1454 4129 1488 4190 et
1513 4119 1588 4190 Po-

212 4243 369 4318 testates,
401 4231 514 4324 jubilis
548 4236 633 4308 suis:
670 4237 725 4329 qui
760 4232 873 4307 oribus
912 4237 1039 4326 igneis,
1076 4243 1274 4306 reverenter
1304 4244 1338 4320 te
1362 4232 1510 4323 laudant,
1537 4244 1589 4305 ter

212 4348 357 4421 clamant
382 4358 417 4419 et
442 4347 562 4421 dicunt.

318 4463 480 4555 Populus.
533 4464 687 4536 Sanctus.

316 4579 492 4650 Sacerdos
528 4578 719 4649 inclinatur.
773 4580 916 4653 Sanctus
943 4603 995 4671 es,
1021 4582 1114 4653 Deus
1141 4581 1243 4652 Pater
1269 4581 1496 4673 omnipotenS,
1533 4580 1588 4671 qui

213 4715 276 4788 per
302 4702 393 4764 tuum
427 4716 577 4767 amorem
613 4715 695 4786 erga
730 4694 899 4785 homines,
933 4696 1086 4768 mundum
1120 4693 1260 4768 salvasti
1293 4717 1314 4765 a
1346 4705 1474 4785 morte,
1506 4703 1588 4765 eta

213 4820 373 4904 peccato,
402 4832 470 4906 per
502 4812 763 4882 incarnationem
797 4810 874 4882 Filii
904 4814 951 4882 tui
983 4812 1162 4902 unigeniti,
1196 4811 1250 4903 qui
1283 4807 1454 4892 voluntate
1485 4808 1589 4895 bona,

215 4923 386 4998 descendit
419 4926 461 4997 de
494 4924 616 5014 coelis,
650 4946 714 4996 nec
747 4935 858 4997 tamen
889 4924 1020 5020 reliquit
1053 4928 1160 4998 sinum
1193 4933 1298 5013 tuum3
1335 4933 1369 4996 et
1399 4927 1589 4996 incarnatus

215 5048 268 5114 est
294 5041 337 5111 de
363 5035 490 5136 Spiritu
516 5049 632 5113 sancto
661 5039 724 5112 sibi
751 5038 1033 5131 consubstantiali,
1062 5051 1095 5112 ct
1121 5061 1168 5111 ex
1194 5039 1302 5112 illaria
1335 5037 1476 5131 Virgine
1503 5060 1588 5114 san-
