4525 6034
584 574 1215 653 Silllllllllllllllll.
1509 578 1586 651 219

212 762 301 830 omni
328 782 456 852 genere
484 761 665 837 afflictionis
692 774 726 836 et
753 761 1048 836 machinationibus
1075 763 1187 846 malis,
1215 773 1248 835 et
1274 765 1470 858 perniciosis
1498 762 1587 835 dae-

211 897 345 947 monum
373 887 407 948 et
432 875 598 949 homiuum
625 901 780 973 nequam,
808 889 842 950 et
868 877 909 950 ab
938 878 1090 951 omuibus
1106 878 1278 952 doloribus
1305 877 1585 952 intolerabilibus:

210 1012 230 1059 a
258 991 433 1085 tyrannide
461 994 623 1087 capitibus
644 998 767 1065 nostris
797 998 962 1089 imposita,
990 1004 1024 1065 et
1041 994 1274 1067 tentationibus
1297 996 1507 1085 gravissimis
1523 1017 1586 1067 nos

210 1107 319 1201 eripe:
347 1119 380 1179 et
406 1107 448 1179 da
475 1108 589 1196 nobis,
617 1119 652 1181 ut
679 1132 752 1181 cum
780 1122 899 1183 ornatu
926 1132 1062 1206 operum
1081 1109 1246 1183 bonorum
1264 1106 1501 1198 etbeatorum,
1529 1114 1587 1182 in-

206 1221 400 1311 grediamur
434 1227 466 1293 in
502 1229 691 1297 sanctuaria
718 1235 774 1297 tua
801 1235 936 1314 sancta,
969 1236 1003 1298 et
1035 1225 1210 1320 praeclare
1243 1223 1448 1317 gaudeamus
1490 1225 1591 1298 donis

210 1339 454 1432 spiritualibus,
483 1351 516 1412 et
543 1337 638 1413 simul
667 1341 892 1414 sacrificemus
920 1339 979 1412 tibi
1006 1341 1170 1414 sacrificia
1203 1338 1441 1435 acceptabilia,
1469 1351 1503 1412 et
1528 1344 1586 1412 in-

211 1448 404 1524 desinenter
429 1459 557 1546 gratias
585 1478 724 1548 agamus
750 1456 808 1528 tibi
836 1468 870 1528 et
895 1460 1066 1549 unigenito
1093 1456 1179 1528 Filio
1207 1466 1274 1528 tuo.

315 1567 478 1660 Populus.
530 1573 650 1644 Amen

316 1684 492 1757 Sacerdos
525 1687 716 1758 inclinatus.
777 1689 945 1760 Memento
980 1690 1143 1776 Domine,
1180 1690 1455 1781 congregationis
1491 1686 1587 1779 hujus

209 1796 408 1872 benedictae
435 1801 640 1874 adorantium
668 1812 718 1890 te,
746 1826 833 1898 quae
860 1827 933 1876 cum
961 1807 1080 1876 timore
1108 1815 1143 1875 et
1168 1802 1233 1875 lide
1259 1807 1291 1876 in
1319 1815 1365 1896 te,
1392 1812 1457 1874 stat
1472 1825 1587 1875 coram

200 1923 263 1986 'taz
292 1925 326 1986 et
353 1915 498 2005 Morum,
526 1922 581 2013 qui
608 1920 777 1990 orationes
803 1918 996 1992 infirmitatis
1023 1930 1160 1993 nostrae
1187 1918 1364 2015 postulant.
1417 1917 1586 1990 Memento

209 2029 354 2102 Domine
381 2035 524 2104 omnium
550 2032 773 2125 generaliter,
800 2046 834 2107 et
860 2040 1117 2131 uniuscujusque
1140 2033 1366 2127 singulariter,
1395 2034 1483 2127 quod
1504 2037 1586 2129 ipsis

212 2144 425 2238 adJumento,
465 2152 759 2244 necessariumque
793 2171 872 2222 esse
906 2161 1036 2246 potest,
1075 2150 1275 2222 concedens.
1327 2149 1453 2224 Eorum
1487 2153 1587 2221 etiam

211 2265 267 2355 qui
293 2263 468 2356 praeclare
495 2275 616 2356 agunt,
643 2276 677 2336 et
703 2268 757 2360 qui
784 2265 969 2360 producunt
993 2264 1119 2339 fructus
1134 2265 1311 2338 Ecclesiae
1338 2277 1414 2338 tuae
1434 2275 1586 2356 sanctae3

211 2400 328 2450 eorum
362 2382 461 2451 etiam
498 2384 552 2475 qui
580 2379 766 2454 oblationes
800 2382 989 2454 obtulerunt
1022 2405 1089 2454 non
1116 2381 1337 2454 obliviscere:
1377 2391 1411 2452 et
1444 2379 1586 2472 illorum,
1617 2459 1622 2472 ,

211 2497 267 2588 qui
296 2493 417 2566 adema
444 2495 621 2567 voluerunt
648 2507 681 2568 et
707 2518 773 2569 non
801 2508 995 2592 potuerunt,
1023 2498 1215 2570 recordare.

316 2611 478 2704 Populea.
532 2612 637 2706 llyrie
664 2611 801 2683 eleison.

315 2728 491 2799 Sacerdos
517 2728 654 2797 elevans
680 2750 805 2798 ccccm
858 2728 1001 2823 Suscipe
1028 2730 1172 2799 Domine
1198 2727 1405 2815 oblationes,
1440 2724 1586 2798 decimas

212 2855 246 2916 et
271 2847 450 2940 primitias,
477 2841 670 2937 fructusque
695 2845 808 2937 pacis,
835 2844 1072 2917 sacrificiorum
1100 2865 1277 2916 servorum
1293 2852 1424 2914 tuorum
1442 2844 1476 2911 in
1495 2840 1587 2912 odo-

210 2981 283 3030 rem
310 2960 504 3044 suavitatis,
541 2969 576 3030 et
614 2958 760 3030 retribue
804 2968 902 3054 atque
935 2964 1027 3031 mitte
1061 2959 1177 3047 nobis,
1214 2982 1235 3031 a
1270 2954 1452 3029 retributor
1484 2954 1586 3045 bone,

210 3077 354 3166 gratiam
381 3073 564 3162 donorum,
592 3073 903 3169 amplitudinemque
930 3098 1101 3147 munerum
1129 3097 1215 3170 quae
1249 3074 1291 3145 ad
1324 3070 1483 3142 auxilium
1516 3092 1586 3142 no-

212 3202 317 3262 strum
350 3200 520 3285 spectant,
540 3188 854 3284 abundantiamque
895 3201 1107 3262 aeternorum
1150 3190 1332 3274 bonorum,
1366 3187 1488 3258 divites
1523 3205 1587 3255 nos

210 3315 245 3377 ct
272 3304 347 3377 illos
374 3304 522 3392 iaciens,
551 3304 709 3400 operibus
724 3308 875 3399 pietatis,
904 3316 937 3377 et
950 3310 1113 3398 justitiae:
1141 3308 1370 3377 communiens
1385 3322 1449 3372 nos
1467 3309 1586 3372 custo-

210 3421 274 3492 diis
312 3419 503 3512 AngeliciS,
544 3431 578 3490 et
610 3442 671 3515 per
708 3419 955 3493 confessionem
992 3420 1233 3493 immaculatam
1269 3431 1302 3492 et
1336 3417 1586 3513 Apostolicam:

210 3540 289 3631 quia
322 3545 355 3606 tu
390 3535 584 3628 magnificus
620 3538 652 3605 in
687 3534 877 3608 muneribus
905 3558 962 3623 es,
996 3536 1121 3631 tibique
1163 3536 1305 3629 gloriam
1340 3546 1374 3606 et
1405 3535 1585 3624 gratiarum

210 3654 376 3726 actionem
404 3650 595 3737 referimus,
624 3660 658 3721 et
684 3653 855 3743 unigenito
882 3652 967 3723 Filio
995 3663 1069 3740 tuo,
1097 3663 1131 3725 et
1158 3653 1293 3748 Spiritui
1321 3660 1437 3721 sancto
1467 3659 1534 3720 tuo.

317 3767 479 3860 Papulas.
532 3768 652 3838 Amen.

318 3882 493 3954 Sacerdos
519 3883 711 3953 inclinatus.
765 3882 934 3953 Memento
961 3879 1105 3953 Domine
1131 3879 1262 3971 Regum
1291 3879 1432 3952 fidelium
1456 3877 1587 3954 Ortho-

211 4000 398 4087 doxorum,
426 4008 460 4069 et
491 3997 630 4094 pacifica
665 4000 837 4094 imperium
865 4018 999 4082 eorum,
1041 4007 1074 4067 et
1109 3995 1151 4066 da
1186 3996 1249 4067 illis
1286 4006 1322 4067 ut
1348 3996 1498 4070 subditos
1525 3994 1589 4068 sibi

210 4114 400 4207 gubernent
426 4137 500 4185 cum
528 4117 702 4208 aequitate.

316 4231 477 4323 Papulas.
531 4228 637 4324 Kprie
664 4229 802 4301 eleison.

316 4347 491 4419 Sacerdos
517 4346 655 4417 elevans
680 4368 805 4417 nocem.
859 4341 1050 4429 Defensor,
1077 4351 1112 4412 et
1138 4340 1288 4414 salvator
1315 4351 1403 4431 esto,
1429 4345 1586 4430 Domine,

210 4463 386 4534 Ecclesiae
427 4472 504 4534 tuae
546 4471 701 4549 sanctae,
742 4469 776 4531 et
819 4459 972 4531 omnibus
1011 4457 1131 4529 ovibus
1177 4441 1401 4553 spiritualibus
1439 4480 1587 4554 pascuae

211 4590 305 4650 tuae:
334 4588 368 4650 et
394 4577 492 4650 salva
518 4600 581 4649 uos
607 4599 669 4672 per
694 4575 917 4648 fortitudinem
946 4585 1052 4662 tuarn,
1087 4577 1139 4644 cui
1172 4572 1252 4644 nibil
1286 4572 1490 4667 impossibile
1523 4584 1587 4663 est,

211 4692 253 4765 ab
283 4696 371 4765 omui
397 4691 486 4764 lame
513 4693 657 4781 acerba,
684 4691 883 4763 mortalitate
910 4691 1119 4783 perniciosa,
1153 4712 1173 4759 a
1199 4688 1295 4760 bellis
1324 4698 1358 4759 et
1384 4686 1585 4775 tumrdtibus,

213 4832 233 4881 a
260 4808 551 4904 persecutionibus
578 4799 769 4881 exitialibus
797 4816 831 4878 et
856 4810 888 4877 in
916 4803 1150 4899 tranquillitate
1177 4816 1211 4877 et
1236 4823 1321 4899 pace
1347 4800 1498 4892 guberna
1524 4824 1587 4877 uos

211 4948 285 4996 cum
314 4945 411 5012 cura,
440 4922 591 4996 omnibus
619 4922 736 4995 diebus
762 4924 858 5023 uitae
885 4931 1044 5007 nostrae,
1077 4923 1154 5013 quia
1189 4942 1256 4994 nou
1291 4928 1344 4989 est
1376 4916 1473 4990 uobis
1506 4939 1587 5013 spes

210 5040 276 5113 alia
304 5039 443 5112 salutem
470 5039 716 5134 consequendi,
751 5041 815 5111 uisi
848 5041 882 5109 in
918 5049 972 5126 te,
1006 5037 1159 5108 Donum
1212 5035 1358 5108 Destrue
1392 5038 1490 5106 etiam
1525 5055 1587 5128 per

263 5178 351 5220 ranas
364 5178 387 5220 ιι
1338 5152 1383 5225 31
