4525 6034
658 558 734 631 118
1142 557 1545 636 PRAEFATIO

655 744 852 816 cedentibus
877 741 1009 837 aliqsm
1032 745 1189 834 saeculis,
1218 743 1374 839 Coptitas
1399 751 1530 817 tantam
1560 743 1698 839 linquae
1725 746 1884 818 Graecae
1906 742 2029 837 sacul-

654 865 758 930 tatem
783 881 853 930 non
878 858 1048 947 tabuisse,
1083 866 1121 930 at
1153 863 1239 932 istas
1263 861 1441 956 Liturpias
1476 864 1703 954 composuisse
1730 862 1925 953 potuerint:
1954 883 2030 931 eun

655 978 758 1046 edura
789 974 1038 1069 culpatissimas
1068 975 1236 1068 formulas
1267 998 1356 1070 qaae
1377 980 1508 1070 passim
1534 981 1718 1047 occarmrnt
1742 979 1780 1046 in
1805 978 1942 1068 officiis,
1969 998 2031 1048 eos

654 1094 716 1160 nis
740 1089 950 1162 intellexisse
973 1095 1190 1184 perspicuum
1214 1094 1267 1163 sit.
1320 1091 1378 1162 lta
1402 1091 1552 1163 ultimam
1577 1094 1678 1164 istam
1702 1114 1771 1162 uon
1796 1094 1904 1162 nunus
1930 1113 2031 1184 qaam

650 1208 793 1297 priores
821 1205 917 1294 duas,
944 1205 1210 1278 Alexandrinae
1234 1207 1418 1279 Ecclesiae
1448 1210 1629 1301 propriam
1651 1210 1761 1300 faisse
1786 1226 1856 1278 non
1882 1212 1934 1277 est
1958 1206 2028 1275 da-

654 1319 848 1391 bitandum:
878 1325 979 1391 istam
1011 1324 1078 1392 imo
1113 1325 1341 1416 antiquiorem
1374 1329 1409 1393 et
1425 1325 1614 1416 puriorem
1648 1325 1848 1393 existimare
1879 1327 2028 1414 oportet,

653 1456 723 1504 nan
748 1435 847 1505 moda
874 1437 965 1528 qaod
996 1440 1116 1508 noeais
1146 1437 1215 1509 illis
1247 1458 1331 1531 quos
1355 1436 1671 1531 Manoplpsitorum
1701 1436 1857 1508 haeresis
1881 1436 2028 1524 indotuit,

652 1553 828 1641 infuscata
853 1570 923 1620 non
949 1557 1010 1639 est,
1036 1574 1153 1622 seran
1178 1555 1281 1623 etiam
1306 1553 1398 1646 quod
1422 1552 1485 1622 illa
1509 1556 1587 1646 ipsa
1611 1552 1771 1623 uideatur
1791 1573 1865 1624 esse
1891 1552 1934 1622 de
1960 1574 2030 1644 qaa

328 1649 641 1722 ‘'mm-llum·
657 1663 855 1736 Tneouonn
880 1664 1067 1736 Balsamon
1092 1666 1241 1737 adsurde
1263 1689 1409 1759 prorsm
1443 1672 1478 1736 et
1489 1669 1605 1760 inique
1621 1667 1803 1757 judicarit.
1847 1665 1937 1737 Iliad
1950 1666 2029 1736 sal-
2095 1760 2100 1766 ‚

654 1785 720 1848 tem
745 1784 817 1870 ejas
842 1782 1034 1851 testimonio
1060 1781 1286 1876 intellipimus,
1312 1805 1406 1854 asum
1431 1781 1521 1853 illius
1547 1781 1692 1875 aliquem
1717 1786 1754 1853 in
1774 1782 1935 1876 partibas
1945 1782 2028 1852 Ae-

651 1896 764 1985 pppti,
799 1916 841 1965 eo
877 1918 943 1989 qao
977 1894 1154 1968 scribebat
1188 1902 1339 1990 tempore
1370 1900 1535 1992 riguisse,
1569 1897 1660 1990 qaod
1686 1898 1823 1969 aliunde
1847 1900 2030 1969 nonsatis

652 2014 803 2098 constat,
835 2013 903 2082 nisi
937 2012 1028 2104 qaod
1064 2014 1229 2082 neminem
1261 2011 1340 2104 stpli
1374 2012 1562 2084 censendi
1591 2015 1710 2104 pratia
1740 2012 1828 2084 tales
1852 2011 2030 2107 Liturqias

650 2128 840 2219 scripsisse,
866 2149 936 2198 non
961 2128 1146 2199 verisimile
1170 2124 1287 2217 mado,
1308 2129 1370 2198 sed
1394 2131 1615 2199 certissimum
1639 2128 1807 2198 rideatur.

755 2240 872 2313 Habet
896 2242 958 2313 illa
982 2263 1053 2313 non
1078 2244 1178 2314 moda
1206 2249 1344 2337 partem
1371 2246 1481 2337 officii
1513 2242 1763 2330 Eucharistici,
1797 2263 1886 2334 quae
1917 2242 2026 2312 Ana-

645 2354 764 2447 plmra
784 2358 931 2450 proprie
957 2358 1102 2447 dieitur,
1138 2363 1174 2429 et
1206 2379 1295 2452 quae
1329 2358 1463 2429 Canoui
1492 2360 1650 2431 Romano
1685 2359 1801 2452 aliqua
1835 2357 1935 2427 modo
1960 2380 2027 2428 re-

649 2471 804 2562 spondet,
831 2475 914 2565 qaia
938 2472 1072 2543 scilicet
1096 2496 1233 2544 samam
1258 2473 1441 2545 Actionem
1454 2476 1615 2562 eontinet,
1642 2473 1908 2565 aPraesatione
1921 2495 2029 2567 usque

651 2585 698 2654 ad
723 2590 995 2677 canunanionem,
1022 2593 1058 2658 et
1082 2591 1259 2660 orationes
1283 2592 1475 2685 pratiaram
1499 2591 1666 2660 mannis:
1690 2589 1870 2659 sedetiam
1883 2587 2029 2660 almrarn

650 2721 740 2793 quae
769 2724 894 2794 preces
927 2708 963 2774 et
994 2705 1083 2775 ritus
1115 2703 1160 2774 at
1192 2707 1293 2774 initio
1328 2704 1508 2799 Litarpiae
1548 2724 1654 2797 usqae
1685 2703 1734 2773 ad
1764 2702 2028 2796 Praefatioaem

649 2822 898 2909 repraesentat.
938 2817 997 2888 Ita
1031 2820 1119 2889 enim
1152 2819 1340 2912 dispositm
1372 2826 1450 2890 sant
1476 2818 1670 2889 Orientales
1696 2839 1810 2890 amnes
1834 2817 2029 2912 Litarpiae,

648 2936 688 3001 ut
712 2953 786 3002 cam
813 2932 932 3003 Canon
957 2933 1144 3022 Romanus,
1167 2941 1312 3027 praeter
1337 2957 1438 3005 anam
1463 2938 1525 3005 aut
1549 2934 1695 3004 alteram
1721 2936 1913 3004 orationem
1938 2935 2028 3005 idon

647 3068 781 3140 seraper
808 3069 883 3119 esse
908 3047 1038 3119 soleat:
1063 3071 1153 3143 qaae
1168 3048 1432 3142 Praefationem
1447 3048 1663 3136 antecedunt,
1688 3049 1872 3119 necandam
1897 3050 2029 3120 dieram

644 3164 876 3257 festorumqae
902 3164 1135 3235 diversitatem
1159 3167 1259 3235 narie
1284 3185 1322 3236 se
1348 3163 1518 3235 labeant:
1542 3167 1579 3233 in
1606 3163 1746 3234 Oriente
1774 3165 1891 3257 prima
1917 3167 2028 3257 officii

642 3300 741 3368 pars,
767 3279 799 3349 si
824 3276 990 3351 lectiones
1015 3301 1062 3350 en
1094 3277 1212 3351 Veteri
1242 3278 1465 3367 Testamenta,
1491 3277 1701 3372 Eaanpeliis,
1733 3279 1835 3349 Actis
1864 3278 2025 3371 Aposto-

647 3391 767 3480 lorum,
793 3398 830 3464 et
853 3393 1021 3487 Epistolis
1047 3397 1247 3488 esaipimus,
1269 3399 1438 3488 perpetuo
1463 3395 1510 3464 sit
1535 3393 1677 3479 eadem;
1702 3393 1816 3466 altera
1840 3396 1878 3471 in
1901 3396 2025 3486 sinara-

647 3505 690 3579 lis
715 3506 883 3601 Litarpiis
907 3511 954 3579 sit
979 3508 1138 3598 diuersa,
1154 3515 1192 3579 at
1217 3508 1302 3580 alili
1323 3511 1436 3602 fusius
1461 3510 1685 3601 exposuimus.

573 3714 576 3725 .
751 3623 794 3693 In
821 3622 949 3695 Codice
973 3624 1088 3719 Reqia
1117 3623 1438 3696 Graeco-Arabica
1466 3625 1616 3717 qumnu
1641 3625 1741 3695 initio
1755 3623 1922 3717 quaedam
1932 3623 2026 3715 folia

646 3737 895 3826 desiderentur,
920 3745 1069 3833 apparet
1094 3744 1208 3810 tannen
1233 3742 1371 3835 intepra
1390 3740 1525 3832 prioris
1550 3739 1763 3830 officiiitlias
1784 3742 1911 3831 foruna,
1933 3759 2024 3831 qaae

646 3858 684 3923 at
709 3856 746 3922 in
772 3852 925 3946 Captivis
951 3852 1144 3942 Codicibus,
1171 3853 1306 3925 Basilio
1333 3852 1505 3942 tribuitur,
1532 3857 1568 3922 et
1589 3875 1690 3946 qaam
1703 3853 1784 3924 inde
1805 3858 1929 3946 petere
1954 3853 2023 3923 de-

646 3968 774 4039 bebant
798 3967 1019 4057 Sacerdotes,
1046 3991 1121 4039 aaa
1146 3967 1278 4040 dandus
1304 3967 1384 4040 aliis
1402 3968 1565 4063 Greporii
1591 3973 1626 4038 et
1642 3966 1772 4060 Oprilli,
1798 3969 1871 4039 sine
1896 3968 2023 4054 Marci,

646 4083 694 4153 ad
719 4082 958 4154 celebrandam
981 4085 1192 4176 sacrificium
1216 4083 1407 4175 metantur.
1435 4081 1477 4153 la
1501 4082 1663 4171 secunda,
1689 4087 1727 4152 at
1751 4085 1789 4153 in
1816 4085 1922 4153 tertia
1948 4082 2023 4153 Co-

642 4202 758 4293 ptieis,
791 4198 878 4270 nilril
909 4197 1035 4288 simile,
1068 4199 1132 4269 sed
1169 4198 1361 4294 sinpulares
1400 4201 1529 4268 tantan
1568 4196 1736 4291 quaedam
1767 4200 1945 4269 mutones
1976 4197 2025 4268 ad

646 4314 794 4387 aemulum
816 4315 929 4407 pacis,
956 4319 991 4384 et
1016 4313 1065 4383 ad
1088 4313 1272 4410 anrnpelii
1296 4313 1494 4385 lectionem:
1519 4318 1558 4383 at
1583 4315 1620 4382 in
1636 4312 1777 4383 Graeca
1800 4313 2024 4400 idoneitate

641 4432 744 4524 prior
764 4451 865 4521 pars,
892 4449 981 4522 quae
1005 4450 1112 4522 usque
1138 4429 1186 4500 ad
1210 4428 1473 4521 Praefationem
1498 4426 1706 4513 extenditur,
1729 4429 1929 4519 perscripta
1961 4431 2022 4496 est.

644 4543 872 4615 Diuersitatis
903 4542 1000 4633 lsa‘as
1032 4545 1149 4614 statim
1188 4546 1343 4615 occurrit
1375 4544 1470 4613 ratio
1504 4540 1605 4612 ualde
1637 4541 1770 4634 quidem
1802 4543 1963 4633 speciosa
1988 4545 2024 4611 et

641 4657 853 4753 probabilis,
879 4660 972 4752 quod
995 4657 1084 4729 laec
1117 4658 1280 4754 Litarpia
1310 4657 1437 4746 Marci,
1465 4678 1566 4751 qaam
1594 4655 1719 4744 solam,
1753 4660 1791 4725 at
1821 4656 2022 4749 sipnificare

644 4774 833 4846 Balsamon
857 4775 1004 4863 oidetsn,
1032 4774 1163 4847 Graeci
1193 4771 1444 4869 apnoscebant,
1477 4771 1554 4843 sala
1579 4792 1713 4865 quoque
1738 4769 1831 4864 apud
1856 4770 2022 4841 Aleman-

645 4889 765 4967 drinos
791 4890 921 4961 Graeci
945 4893 1043 4977 ritas,
1069 4887 1318 4983 unupabatur:
1342 4886 1432 4959 ande
1457 4892 1495 4957 ut
1519 4889 1697 4958 orationes
1720 4908 2024 4986 προπαρασκευα-

645 5002 778 5094 στικαί,
803 5007 876 5075 sioe
901 5006 1200 5098 praeparatoriae
1219 5003 1497 5096 asljuaperentar,
1522 5023 1664 5074 neeesse
1688 5008 1776 5077 mat.
1812 5001 1885 5075 Sed
1911 4998 2025 5071 obstat
