4525 6034
819 557 868 632 DE
886 555 1028 634 tntum
1052 554 1224 633 cornel.
1597 553 1707 627 CXXI

193 800 208 811 .
334 764 404 840 qne
430 744 654 816 Testamento.
707 742 776 816 Sed
803 767 843 815 ea
870 746 1061 836 conjectura
1087 766 1173 840 opus
1198 747 1262 816 iste
1289 746 1352 818 sibi
1379 767 1457 818 esse
1484 744 1648 818 sentiebat
1673 753 1708 815 ut

335 851 469 945 impiam
497 845 643 921 fabulam
671 846 855 943 explicaret
879 847 1046 919 bominum
1059 846 1356 943 perditissimorum
1376 853 1430 944 qui
1456 859 1492 920 ut
1510 848 1706 940 religionem

337 950 559 1025 Christianam
591 949 790 1046 quandoque
826 961 1035 1040 everterent,
1071 951 1346 1043 genealogiarum
1383 955 1534 1024 veterum
1574 951 1707 1044 Regum

334 1056 490 1152 Aegypti
515 1055 673 1147 figmenta
701 1054 923 1143 obtrusenmt,
952 1076 1038 1150 quae
1060 1055 1225 1149 quomodo
1244 1055 1286 1126 ad
1308 1056 1479 1147 religionis
1494 1058 1708 1127 eversionem

337 1168 508 1254 spectent,
541 1160 735 1254 perspicere
767 1180 836 1231 non
868 1168 920 1230 est
954 1157 1062 1229 facile.
1114 1158 1338 1252 Amenopbis,
1365 1159 1566 1252 Mempbres,
1594 1158 1708 1230 etalii

337 1284 476 1358 quorum
504 1265 638 1334 nomina
663 1284 710 1333 ex
734 1262 847 1354 lingua
873 1260 1040 1333 Hebraico
1067 1264 1276 1358 interpretari
1303 1274 1452 1353 conatur,
1480 1261 1646 1357 quomodo
1666 1262 1709 1332 ad
1723 1260 2032 1332 &ebullata-28·

335 1387 409 1436 rem
440 1365 661 1438 Christianam
693 1369 879 1461 pertineant
911 1364 1051 1457 inteHigi
1083 1368 1206 1460 nequit.
1258 1367 1306 1441 At
1339 1366 1545 1463 etymologia
1578 1364 1709 1437 iHorum

335 1472 508 1541 nominum
539 1491 649 1564 neque
683 1491 757 1539 cum
783 1466 951 1539 Hebraica
977 1467 1106 1560 lingua,
1138 1490 1247 1564 neque
1279 1492 1352 1540 curn
1379 1472 1593 1567 Aegyptiace
1620 1491 1708 1540 con-

337 1582 431 1644 stare
471 1583 600 1668 potest,
632 1582 667 1643 ut
700 1575 781 1644 satis
812 1569 996 1663 intelhgunt
1028 1571 1157 1643 illarum
1190 1576 1297 1669 periti.
1351 1572 1482 1645 Deinde
1516 1571 1592 1667 quid
1625 1571 1708 1643 haec

337 1675 382 1746 ad
407 1677 553 1768 linguam
581 1675 774 1771 Copticam,
808 1699 883 1747 cum
909 1679 943 1746 in
968 1674 1061 1747 libris
1089 1675 1130 1748 de
1159 1675 1275 1770 quibus
1304 1680 1424 1768 agitur,
1450 1685 1602 1749 veterum
1629 1675 1710 1747 illo-

335 1802 413 1853 nrm
436 1779 570 1873 Regum
595 1801 639 1850 ne
664 1801 786 1851 nomeu
814 1778 944 1874 quidem
972 1790 1138 1869 occurrat,
1166 1780 1296 1873 qnando
1326 1779 1469 1875 quidem,
1495 1791 1530 1852 ut
1556 1783 1709 1875 superius

337 1882 460 1955 dictum
496 1892 566 1973 est,
600 1886 826 1977 antiquitatum
860 1884 1010 1978 Aegypti
1043 1882 1152 1973 nulla,
1185 1906 1294 1979 neque
1327 1884 1443 1956 saltem
1483 1884 1589 1980 qualis
1623 1885 1709 1981 apud
1757 1882 1787 1935 Ρ·
1806 1885 1850 1935 2⁸·

334 1983 604 2076 Eratosthenem,
631 1997 665 2058 et
690 1985 884 2060 Africanum
911 1989 1034 2057 mentio
1062 1984 1105 2058 lit.

450 2102 550 2188 Quod
588 2101 678 2173 addit
711 2106 746 2173 in
784 2104 916 2196 Regum
951 2104 1196 2196 Aegyptiorum
1228 2104 1406 2195 Dynmum
1444 2104 1536 2176 nelle
1566 2127 1711 2199 prorsus
1767 2105 1806 2159 ¹³⁰
1822 2107 1920 2176 Regum
1935 2115 2029 2169 erana

334 2208 555 2302 Aegyptiace
594 2209 732 2277 nemim
769 2208 942 2299 reperies,
978 2210 1091 2277 omnia
1121 2213 1199 2279 suot
1235 2230 1281 2277 ee
1311 2208 1492 2299 Hebraeis,
1522 2232 1638 2301 peuce
1664 2193 1875 2280 ec⁰⁰¹¹¹¹¹¹¹l¹¹⁸·

337 2310 486 2382 Graecis
507 2309 791 2403 petitesoutibec,
819 2311 973 2381 sustineri
999 2331 1066 2381 non
1093 2320 1213 2406 potest.
1265 2309 1362 2383 Licet
1387 2312 1544 2384 nonnuHa
1572 2315 1709 2385 istorum
1849 2328 1855 2339 ·

335 2416 524 2503 nominum,
549 2412 636 2485 band
661 2410 760 2483 facile
787 2412 947 2509 explicari
980 2435 1025 2485 ex
1058 2411 1171 2505 lingua
1208 2413 1348 2509 Coptica
1381 2420 1527 2511 possint,
1562 2415 1709 2489 fortasse

336 2516 428 2611 quod
454 2540 474 2588 a
502 2515 642 2588 Graecis
669 2527 825 2611 corrupta
852 2514 964 2605 there,
991 2520 1085 2588 utin
1112 2517 1265 2589 omnibns
1292 2517 1365 2590 fere
1380 2518 1708 2592 nominibusOrien-

334 2618 457 2692 talibus
485 2619 648 2692 accidisse
675 2617 945 2715 deprehenditur,
974 2619 1090 2691 sufficit
1115 2628 1242 2709 tamen,
1269 2630 1305 2691 ut
1330 2621 1486 2694 nonnulla
1519 2646 1564 2693 ex
1591 2623 1709 2695 eadem

333 2723 449 2814 lingua
487 2723 530 2795 ad
561 2722 837 2815 significationem
872 2744 891 2791 a
920 2721 1060 2795 Graecis
1089 2722 1306 2815 designatam
1320 2729 1477 2797 revocari
1505 2739 1638 2821 queant,
1665 2728 1709 2799 ad

334 2826 560 2898 subruendum
587 2836 636 2899 tot
659 2827 923 2916 conjectruarum
950 2826 1237 2900 substructionem.
1291 2830 1337 2900 At
1362 2852 1430 2901 non
1456 2853 1562 2924 pauca
1589 2842 1708 2903 vetera

333 2928 392 3002 illa
417 2934 552 3002 nomine
584 2935 619 3002 in
653 2927 794 3025 Coptica
827 2929 954 3023 lingua,
989 2929 1168 3002 secrmdum
1203 2932 1479 3023 significationem
1513 2957 1532 3004 a
1567 2932 1708 3006 Graecis

335 3030 544 3126 designatam
575 3032 725 3131 perfecte
756 3033 975 3128 explicantur.
1034 3030 1170 3134 Μάρης
1195 3057 1279 3107 unus
1307 3039 1607 3131 antiquissimorum
1627 3039 1708 3111 illo-

333 3159 409 3209 rum
433 3159 552 3230 regum
584 3137 625 3210 ab
651 3135 874 3210 Eratosthene
908 3140 1114 3228 nominatur,
1147 3141 1241 3229 cnjus
1274 3161 1395 3211 nomen
1426 3143 1523 3230 juxta
1558 3140 1709 3212 eumdem

335 3241 503 3332 significat
527 3237 751 3339 Ἡλιόδωρος.
796 3240 932 3312 Donum
957 3240 1039 3312 solia
1063 3268 1118 3336 pa
1145 3242 1266 3312 donum
1284 3273 1329 3340 ρη
1345 3242 1413 3331 eol,
1440 3247 1474 3314 in
1500 3242 1613 3336 lingua
1633 3242 1708 3316 Co-

332 3348 424 3439 ptica
452 3345 658 3437 significant:
691 3344 845 3439 idemque
876 3344 1007 3416 videtur
1050 3345 1239 3438 significare
1282 3346 1417 3418 alterius
1460 3368 1584 3419 nomen
1615 3354 1708 3421 Mo-

336 3452 479 3545 σχέρης,
507 3448 596 3543 quod
611 3453 868 3543 interpretantur
884 3443 1098 3538 Ἡλιόδοτος,
1126 3453 1201 3544 quia
1218 3451 1252 3519 in
1268 3452 1333 3521 isto
1348 3450 1454 3521 altero
1469 3461 1710 3546 expresserunt

336 3550 460 3622 Graeci
486 3574 547 3647 per
572 3581 617 3647 χ,
651 3551 779 3623 literam
814 3553 995 3646 aspiratam
1027 3553 1274 3649 Aegyptiacam
1309 3576 1395 3648 quae
1423 3558 1453 3632 ΓΙ
1478 3553 1709 3627 Hebraeorum

333 3653 535 3750 respondet,
562 3666 596 3727 et
621 3658 718 3728 istam
744 3658 942 3750 saepissime
975 3652 1095 3727 Graeci
1128 3678 1247 3729 sacrae
1280 3657 1472 3753 Scripturae
1506 3658 1708 3754 Interpretes

335 3779 399 3853 per
423 3787 451 3852 χ
478 3769 726 3855 expresserunt.
759 3754 910 3856 Χρύσης
934 3755 1090 3857 Χρύσου
1105 3756 1196 3844 dede:
1231 3761 1369 3832 ellerunt
1402 3759 1642 3833 Eratosthenes
1676 3769 1709 3831 et

336 3860 403 3950 alii,
430 3861 519 3956 quod
538 3862 753 3960 Aegyptiace
779 3861 950 3934 dicebatur
961 3859 1099 3960 Χνούβ
1119 3859 1296 3963 Xucdpov
1311 3861 1396 3948 ὑιός.
1432 3862 1569 3961 Χνούβ
1591 3888 1709 3936 numm

337 3963 443 4035 adhuc
462 3964 603 4062 Coptica
619 3966 790 4059 significat
835 3965 872 4039 Si
891 3965 1018 4062 reliqua
1039 3970 1173 4039 nomina
1188 3978 1344 4043 accurate
1358 3972 1481 4064 scripta
1496 3968 1708 4057 haberentur,

308 4062 531 4164 'plerumque
556 4072 718 4162 originem
746 4092 793 4142 ex
816 4068 935 4141 eodem
960 4069 1115 4142 idiomate
1141 4071 1388 4161 demonstrare,
1413 4093 1481 4143 non
1504 4071 1708 4167 impossibile

336 4169 433 4245 soret.
466 4176 514 4245 At
537 4177 791 4268 originationem
809 4172 1017 4269 Amenopbis
1034 4197 1079 4246 ex
1096 4174 1271 4247 Hebraicis
1288 4174 1433 4248 lontibus
1452 4174 1618 4246 deducere
1638 4196 1707 4247 non

337 4298 443 4370 aeque
468 4276 567 4348 facile
594 4286 655 4351 est.
696 4277 853 4370 Condate
878 4283 949 4368 est,
975 4279 1056 4372 iquit
1081 4282 1191 4350 Autor
1218 4278 1465 4370 Chronologiae
1494 4300 1634 4366 sacrae,
1661 4301 1707 4348 ec

335 4378 389 4451 bre
406 4379 546 4452 cocibur
565 4406 608 4453 ec
629 4380 825 4471 literiefllt,
852 4402 927 4451 cum
954 4382 1034 4501 ψη
1056 4383 1187 4477 impiae,
1209 4382 1416 4464 Cirthomo.
1457 4380 1588 4453 Primae
1609 4384 1706 4454 vocis

335 4482 430 4554 litera
457 4486 550 4579 prior
575 4489 614 4576 ιι,
643 4484 728 4556 adeo
749 4482 909 4556 abhorret
933 4507 952 4554 a
980 4483 1186 4558 Graecorum
1206 4484 1340 4558 auribus
1358 4496 1392 4557 et
1409 4494 1552 4577 gutture,
1578 4492 1614 4556 ut
1632 4508 1708 4556 eam

336 4605 442 4682 prope
470 4609 604 4682 semper
630 4588 807 4660 extulerint
832 4609 894 4682 per
918 4614 952 4688 y.
987 4592 1032 4660 ita
1069 4593 1208 4685 primam
1239 4589 1406 4662 secundae
1439 4591 1536 4660 vocis
1569 4610 1630 4683 per
1661 4614 1706 4682 χε

337 4695 466 4762 tertiam
482 4712 568 4762 vero
582 4685 664 4772 ellit
686 4695 794 4765 sciunt
810 4713 926 4764 omnes
946 4691 1022 4765 hnic
1040 4691 1117 4764 loco
1137 4716 1205 4765 non
1225 4696 1419 4781 convenire,
1439 4714 1512 4762 cum
1531 4697 1572 4764 Σ
1585 4688 1708 4783 Graeci

336 4791 488 4866 barbaris
500 4794 687 4869 nominibus
704 4794 898 4887 addiderint,
910 4800 1193 4890 pronunciationis
1208 4795 1366 4869 facilioris
1381 4817 1496 4883 causa,
1510 4798 1542 4865 in
1555 4795 1707 4891 Aegyp-

335 4900 428 4969 tiacis
460 4920 529 4969 nou
561 4903 668 4972 minus
702 4922 799 4994 quam
830 4902 864 4970 in
891 4897 1036 4974 Persicis
1062 4899 1222 4973 vocibus:
1257 4898 1341 4970 adeo
1374 4908 1409 4969 ut
1434 4898 1616 4970 masculina
1651 4898 1706 4969 illa

335 5004 521 5073 terminatio
552 5025 620 5075 non
650 5007 758 5095 magis
791 5002 944 5074 radicalis
975 5007 1034 5094 sit,
1071 5026 1170 5099 quam
1196 5000 1272 5086 ider
1305 5012 1361 5073 aut
1394 5031 1439 5076 ου
1470 5005 1503 5071 in
1537 5000 1706 5092 Genitivo,

336 5113 392 5175 aut
418 5105 504 5176 aliae
530 5109 565 5177 in
591 5106 663 5179 aliis
691 5105 833 5181 casibus.
886 5107 1002 5203 ltaque
1031 5107 1300 5200 Gamclteuoplris
1327 5105 1427 5178 scribi
1450 5104 1633 5280 ppbuisset.

366 5231 451 5273 Temno
463 5231 480 5273 l.
