4525 6034
665 569 740 646 104
1037 572 1655 655 osssuuvttlottus

661 765 695 821 ut
717 759 772 833 sit,
796 757 834 820 de
857 775 916 839 quo
939 758 1076 837 dubitari,
1100 766 1151 821 aut
1175 761 1205 821 in
1227 777 1287 840 quo
1309 760 1470 822 novitmem
1491 762 1641 842 suspicari
1661 763 1759 825 minus
1781 755 1882 842 queat.
1918 761 2027 825 Oratur

544 913 546 922 s
663 865 761 920 autem
782 856 876 934 Deus,
897 866 932 919 ut
949 860 1081 937 fidelium
1102 859 1310 939 defuncturum
1332 862 1453 922 unimus
1474 861 1630 940 quiescere
1643 862 1752 942 jatbeat
1772 864 1805 924 ia
1834 864 1903 923 urm
1924 862 2027 924 Abru-

372 2260 527 2315 Craecorum
550 2278 643 2316 recen·

662 955 742 1031 bum,
764 954 855 1019 lsaoc
870 965 908 1026 ‚et
926 956 1043 1030 decom
1064 959 1144 1020 iuter
1164 958 1385 1035 Putriurcbus,
1407 959 1588 1039 Prophetas,
1611 968 1641 1023 et
1661 961 1812 1042 Martyres
1817 1006 1829 1036 ,
1852 962 1931 1021 irater
1954 962 2027 1023 cbo-

662 1074 718 1116 roa
734 1055 914 1118 Sanctorum
937 1077 1070 1133 morum,
1091 1061 1124 1120 iu
1141 1061 1293 1139 paradiso
1315 1060 1476 1138 voluptatis
1497 1067 1527 1120 et
1547 1060 1735 1137 deberurum,
1757 1061 1837 1122 mue
1848 1059 1930 1139 fugit
1942 1061 2028 1122 dolor

663 1160 693 1214 et
709 1158 846 1233 qemitus.
885 1155 1024 1219 Canones
1046 1159 1121 1220 varii
1146 1158 1358 1234 Consiliorum,
1381 1159 1569 1220 recentiores
1592 1177 1711 1240 quoque
1735 1159 1897 1221 nonnullae
1919 1159 1958 1222 de
1980 1160 2028 1221 illa
2117 1195 2119 1204 =

663 1252 819 1333 disciplina
844 1255 1098 1336 Constitutiones,
1122 1257 1264 1341 leguntur
1285 1259 1316 1320 in
1339 1257 1574 1320 Collectiouibus
1598 1258 1730 1340 Syriacis
1757 1267 1789 1320 et
1810 1257 1969 1320 Arabicis:
1999 1265 2028 1320 et

661 1353 692 1413 iu
713 1352 845 1416 Historia
869 1353 1033 1418 occurrunt'
1058 1357 1196 1438 exempla
1219 1358 1296 1420 bene
1320 1358 1409 1419 multa
1422 1357 1587 1439 liturgiae,
1605 1376 1661 1439 pro
1684 1356 1834 1420 defunctis
1856 1356 2027 1421 celebratae

662 1454 691 1513 in
714 1452 832 1516 illorum
855 1454 1058 1535 depositione:
1088 1456 1256 1538 diebusque
1286 1457 1497 1538 sequentibus,
1529 1466 1560 1520 et
1589 1458 1813 1522 anniversariis.
1867 1458 2028 1520 Praeterea

660 1559 744 1613 extat
771 1554 849 1634 apud
881 1554 994 1636 Syros,
1017 1563 1050 1617 ut
1071 1556 1184 1619 similes
1207 1573 1326 1638 quoque
1349 1558 1379 1618 in
1402 1556 1467 1618 aliis
1489 1555 1652 1635 Ecclesiis,
1678 1556 1754 1620 liber
1776 1557 1941 1638 singularis
1964 1556 2028 1618 olli-

661 1652 708 1713 cia
730 1655 888 1716 continens
911 1657 1116 1736 exequiarum,
1141 1655 1307 1718 communia
1330 1656 1467 1719 omnibus
1489 1655 1608 1730 Laicis3
1636 1664 1697 1718 tum
1719 1655 1868 1719 destinata
1891 1657 2027 1736 exequiis

660 1751 874 1833 Diaconorum,
898 1756 1103 1832 sacerdotum,
1127 1756 1356 1837 Episcoporum,
1379 1756 1627 1834 Patriarcirarum,
1649 1757 1680 1818 iu
1702 1758 1810 1837 quibus
1833 1759 1939 1819 variae
1955 1775 2027 1837 pre-

661 1870 712 1914 ces
735 1861 818 1932 sunt,
850 1855 879 1915 in
910 1854 1044 1917 eamdem
1074 1857 1254 1917 sententiam
1285 1857 1504 1937 conspirantes.
1549 1855 1654 1918 Editus
1682 1864 1729 1917 est
1756 1864 1855 1918 autem
1878 1856 1957 1918 liber
1980 1855 2027 1917 ille

659 1950 783 2030 Romae,
807 1962 838 2015 et
859 1953 931 2016 Mss.
954 1953 1109 2018 codicibus
1130 1956 1204 2017 satis
1227 1964 1367 2018 accurate
1389 1954 1565 2036 respondet.
1608 1955 1655 2018 De
1681 1953 1805 2018 Graecis
1835 1974 1900 2018 non
1928 1956 2027 2037 loqui-

658 2068 739 2112 mur:
765 2070 841 2133 quos
863 2071 967 2131 nemo,
989 2054 1049 2116 nisi
1070 2073 1172 2117 rerum
1195 2054 1474 2118 Ecclesiastiearum
1495 2055 1750 2135 imperitissimus,
1772 2057 1870 2117 nescit
1892 2063 2026 2118 veterem

659 2149 739 2213 illam
761 2151 946 2232 disciplinam
969 2170 1091 2232 semper
1113 2160 1145 2215 et
1168 2155 1277 2235 ubique
1300 2156 1475 2232 retinuisse,
1500 2162 1531 2216 et
1553 2157 1712 2216 etiamnum
1735 2153 1911 2217 observare.

747 2250 859 2312 Verum
882 2252 1061 2335 pervulgata
1083 2260 1130 2315 est
1160 2253 1307 2315 adversus
1336 2255 1523 2316 recentiores
1553 2252 1671 2315 illorum
1695 2253 1870 2336 Theologos
1901 2263 2026 2317 contro·

336 2350 429 2401 aarum
455 2351 542 2418 opinio
575 2350 648 2416 Syria
659 2350 772 2428 versia,
796 2369 873 2431 quae
896 2352 1057 2413 animarum
1080 2360 1286 2433 separatarum
1310 2352 1509 2430 conditionem
1533 2360 1661 2433 spectat,
1685 2351 1722 2414 de
1746 2369 1805 2433 qua
1827 2353 1908 2415 inter
1929 2353 2026 2416 Grae-

337 2438 480 2505 incognita.

370 2745 400 2797 la.
419 2749 445 2798 7.
460 2764 487 2815 p.
512 2747 537 2799 1.
557 2765 580 2800 c.
603 2748 646 2798 15.

337 2841 362 2885 ct
376 2832 394 2885 l.
411 2835 437 2884 7.
455 2850 477 2884 c.
493 2834 537 2885 23.
548 2834 648 2887 Brere-

335 2920 405 2974 wod
423 2936 445 2971 c.
464 2919 508 2971 21.

661 2468 714 2512 cos
738 2457 768 2512 et
789 2448 911 2513 Latinos
934 2452 993 2513 buc
1015 2470 1111 2533 usquc
1135 2452 1317 2533 disputatur:
1345 2452 1426 2532 quod
1449 2452 1564 2515 scilicet
1586 2452 1747 2515 Beatorum
1770 2454 1907 2529 animae,
1930 2473 2024 2535 usque

661 2550 699 2611 ad
720 2567 891 2629 supremum
910 2551 1016 2632 judicii
1038 2550 1115 2615 diem
1138 2551 1263 2615 coelesti
1285 2551 1511 2615 felicitate‘uon
1532 2552 1701 2632 potiuntur,
1729 2571 1828 2633 neque
1850 2553 1949 2616 Deum
1979 2557 2025 2616 ιι·-

662 2650 743 2727 dent,
767 2657 798 2712 et
821 2650 901 2711 illum
924 2669 1062 2714 errorem
1083 2670 1144 2715 non
1166 2652 1255 2715 modo
1271 2651 1407 2730 Graecis,
1429 2651 1485 2715 sed
1508 2653 1595 2714 etiam
1613 2651 1755 2713 laeobitis
1772 2651 1868 2732 Syris,
1891 2654 2024 2715 nonnulli

661 2749 840 2828 attribuunt,
871 2757 902 2813 et
929 2752 1007 2812 iuter
1034 2751 1102 2813 illos
1130 2753 1312 2833 praecipuus
1336 2750 1529 2814 Orientalium
1559 2758 1718 2813 accusator
1741 2750 1870 2814 Thomas
1902 2752 2023 2833 alesu,

660 2857 799 2930 tanquam
821 2869 861 2911 ex
882 2849 1001 2912 illorum
1014 2849 1204 2914 Catachismo
1227 2854 1370 2936 agnitum,
1393 2869 1482 2933 quem
1504 2858 1613 2929 tamen,
1636 2856 1669 2912 ut
1691 2858 1756 2913 erat
1776 2850 1948 2932 linguarum
1970 2854 2024 2914 im-

658 2949 784 3029 peritus,
808 2966 868 3012 non
889 2950 946 3012 nisi
967 2968 1024 3031 per
1045 2951 1240 3031 interpretem
1262 2950 1368 3032 legere
1390 2956 1539 3031 potuerat.
1583 2948 1655 3012 inde
1678 2949 1831 3012 concludit
1856 2951 1928 3014 illos
1951 2952 2024 3014 Pur-

658 3049 806 3129 gaton‘um
829 3050 929 3132 ignem
949 3067 1011 3112 non
1034 3067 1221 3133 agnoscere:
1245 3049 1325 3130 quod
1349 3048 1475 3130 Coptitis
1496 3051 1611 3131 pariter
1636 3051 1788 3131 impingit3
1816 3049 1899 3112 unde
1928 3069 2042 3132 nequev

657 3148 726 3210 illos
749 3166 839 3210 orare
861 3167 917 3230 pro
941 3150 1078 3227 mortuis,
1100 3157 1216 3213 temere
1239 3150 1359 3211 omnino
1381 3149 1513 3214 affirmat.
1542 3149 1621 3224 Quid
1643 3149 1681 3211 de
1702 3149 1813 3212 talibus
1829 3149 2022 3213 Orientalium

658 3246 894 3311 Christianorum
917 3248 1144 3312 accusatoribus
1168 3247 1394 3312 existimandum
1418 3249 1467 3326 sit,
1490 3247 1528 3311 de
1543 3248 1654 3311 lboma
1675 3247 1727 3311 illo
1742 3251 1934 3330 praesertim,
1957 3249 2021 3311 alibi

657 3347 767 3410 dictum
790 3356 855 3409 est:
878 3356 968 3428 atque
991 3366 1052 3411 uno
1076 3348 1182 3426 verbo,
1204 3350 1372 3411 testimonia
1387 3347 1513 3410 bominis
1530 3346 1709 3429 linguarum,
1732 3354 1763 3409 et
1778 3366 1881 3410 rerum
1902 3351 2021 3430 imperi-

657 3446 772 3526 tissimi,
794 3464 882 3509 nemo
906 3447 1051 3511 adversus
1075 3449 1143 3512 illos
1166 3447 1255 3511 lacile
1278 3447 1391 3510 admitti
1412 3446 1525 3509 debere
1544 3447 1699 3529 judicabit.
1724 3446 1899 3511 Certissima
1915 3449 2021 3529 quippe

658 3552 776 3607 constat
797 3564 901 3608 omnes
924 3547 1137 3628 cujuscumque
1158 3547 1280 3630 liuguae
1305 3556 1357 3609 aut
1385 3554 1488 3608 sectae
1511 3546 1716 3623 Christianos,
1729 3573 1733 3580 ·
1746 3566 1786 3608 ex
1817 3549 2016 3628 antiquissima

657 3643 832 3724 disciplina,
854 3661 944 3708 orare
965 3665 1023 3728 pro
1046 3646 1170 3710 mannis
1193 3647 1222 3707 in
1244 3646 1395 3727 liturgia,
1418 3654 1450 3708 ut
1472 3665 1512 3708 ex
1534 3665 1573 3709 eo
1595 3646 1679 3725 loco,
1708 3665 1797 3727 quern
1827 3646 2018 3725 illustramus,

657 3744 894 3807 demonstratur:
918 3753 978 3807 tum
999 3747 1087 3809 etium
1105 3764 1143 3808 eo
1161 3746 1290 3809 maxime
1304 3746 1505 3822 confirmatur,
1528 3745 1610 3827 quod
1622 3746 1757 3827 liturgia
1775 3745 1856 3809 nulla
1872 3748 1922 3823 sit,
1944 3747 2018 3808 iuter

658 3852 717 3905 tam
738 3843 844 3906 multas
868 3861 942 3925 quas
964 3844 1075 3908 babent
1098 3846 1167 3927 Syri
1185 3845 1360 3923 lacebitae,
1389 3864 1468 3926 quae
1495 3854 1680 3908 mortuorum
1708 3849 2018 3909 commemorationem

657 3961 718 4005 non
742 3944 901 4006 contineat.
946 3943 1021 4007 Cum
1043 3953 1141 4007 tamen
1164 3964 1204 4007 ex
1225 3944 1310 4006 Actis
1333 3944 1461 4008 Consilii
1482 3944 1645 4006 Florentini
1668 3921 1770 4005 notum
1792 3945 1850 4023 sit,
1881 3948 2015 4027 agitatam

601 4067 604 4074 ⁴
655 4046 735 4106 inter
758 4044 891 4107 Graecos
914 4052 945 4107 et
966 4044 1088 4107 Latinos
1110 4043 1204 4107 fuisse
1226 4046 1432 4125 quaestionem
1454 4044 1533 4106 illam
1557 4044 1595 4106 de
1617 4051 1696 4105 statu
1719 4045 1896 4122 ammamm,
1923 4063 2016 4125 neque

573 4201 575 4208 ,
655 4143 724 4210 illos
752 4143 803 4224 qui
828 4143 969 4206 unionem
991 4146 1164 4226 rejecerunt
1186 4162 1203 4205 a
1225 4145 1351 4225 pristina
1373 4162 1427 4206 sua
1448 4145 1596 4206 sententia
1617 4144 1800 4221 recessisse,
1831 4153 1922 4225 atque
1944 4144 2014 4206 adeo

655 4244 865 4325 Purgatorium
888 4245 988 4327 ignem
1011 4262 1072 4306 non
1094 4261 1274 4325 agnoscere,
1296 4245 1327 4305 in
1350 4244 1456 4307 eodem
1479 4262 1585 4306 errore
1608 4242 1724 4306 versari
1747 4242 2015 4306 Orientalestri-

656 4344 769 4406 stianos
793 4361 884 4406 causa
906 4362 966 4407 uon
989 4345 1061 4405 satis
1082 4351 1255 4424 perspecta,
1278 4344 1495 4406 affirmaverunt
1517 4351 1638 4405 autores
1660 4342 1712 4405 illi.
1758 4341 1791 4404 Si
1812 4343 1851 4405 de
1874 4341 2013 4405 llelclritis

655 4442 828 4525 loquuntur,
850 4451 950 4525 potest
972 4444 1061 4505 etiam
1084 4444 1284 4506 accusationis
1304 4445 1418 4505 veritas
1440 4443 1614 4525 periclitari,
1638 4443 1773 4523 quamvis
1796 4442 1827 4504 in
1851 4442 1918 4505 illos
1936 4442 2012 4504 solos

657 4544 767 4607 eadere
790 4543 944 4623 videatur,
967 4561 1062 4624 quos,
1085 4562 1152 4606 cum
1173 4544 1330 4607 Ecclesiae
1354 4541 1489 4606 Graecae
1511 4543 1638 4624 subjecti
1661 4543 1736 4619 sint,
1759 4542 1790 4603 in
1814 4541 1936 4618 eadem,
1958 4559 2011 4620 qua

657 4640 765 4707 Graeci
785 4643 908 4724 reliqui,
939 4644 1081 4724 opinione
1108 4662 1179 4707 esse
1201 4642 1398 4726 probabiliter
1420 4649 1521 4723 potest
1538 4642 1675 4724 judicari.
1719 4641 1805 4703 Multi
1827 4648 1926 4703 tamen
1947 4647 2010 4702 sunt

656 4750 687 4805 et
707 4742 828 4806 inerunt
848 4746 880 4805 iu
901 4745 990 4826 Syria
1012 4742 1171 4806 Christiani
1193 4742 1367 4820 Metellae,
1390 4743 1441 4823 qui
1464 4740 1589 4823 Syriace
1610 4760 1697 4804 sacra
1728 4740 1935 4818 celebrantes,
1963 4748 2009 4803 aut

657 4842 774 4906 Graece
795 4846 902 4921 etiam,
931 4851 965 4906 ut
993 4844 1024 4905 in
1050 4843 1125 4906 locis
1156 4842 1319 4925 aliquibus,
1350 4842 1419 4923 quid
1443 4841 1705 4921 Constantinopoli
1726 4847 1870 4924 ageretur
1892 4855 2009 4920 prorsus

654 4942 876 5025 ignoraverint,
898 4942 978 5008 unde
999 4961 1098 5025 neque
1121 4944 1249 5006 turbatio
1271 4942 1322 5006 illa
1344 4960 1422 5024 quae
1445 4950 1514 5006 ante
1537 4948 1567 5005 et
1588 4948 1658 5022 post
1679 4940 1882 5004 Florentinum
1905 4939 2008 5003 Cond-
