4525 6034
666 576 1207 672 n‘unanuonrru.
1551 591 1628 666 suo

247 787 406 860 Attamen
433 807 479 856 ex
505 807 572 878 quo
599 784 778 880 Aegyptus
804 785 839 855 in
864 779 1182 853 blubamedanorum
1207 785 1407 874 potestatem
1421 777 1529 866 venit,
1557 778 1628 849 bo·

247 906 372 974 minuta
404 912 457 973 est
486 899 619 971 illorum
659 901 840 988 autoritas,
872 919 947 968 com
979 899 1109 969 etiamsi
1137 897 1193 987 jus
1225 896 1354 990 primae
1388 893 1627 990 propositionis

247 1021 394 1089 retinere
421 1025 641 1104 conarentur,
666 1013 744 1086 nibil
772 1026 882 1088 umen
909 1012 1040 1085 efficere
1066 1023 1205 1108 possent
1227 1011 1356 1106 absque
1374 1009 1627 1100 Cahiranorum,

246 1146 283 1207 et
325 1132 464 1205 aliorum
501 1133 557 1226 qui
598 1131 754 1226 populum
797 1128 1019 1204 Christianum
1059 1127 1279 1201 Jacobiticurn
1316 1124 1626 1223 repraesentabant,

248 1251 408 1341 sullragio
437 1259 471 1319 et
497 1245 752 1342 approbatione.
807 1245 941 1318 Certum
969 1244 1003 1315 id
1029 1266 1076 1315 ex
1101 1246 1208 1317 variis
1235 1243 1434 1335 acerbisque
1460 1243 1546 1313 inter
1564 1262 1626 1314 eus

248 1377 284 1438 et
308 1367 497 1460 Episcopus
525 1360 846 1451 concertationibus,
874 1383 961 1456 quae
989 1358 1167 1454 aliquando
1194 1359 1392 1432 electionum
1409 1353 1551 1429 Comitia
1571 1368 1627 1429 aut

247 1481 347 1576 plane
374 1490 545 1577 ruperunt,
572 1479 698 1552 autad
725 1498 860 1551 menses
887 1487 921 1548 ct
947 1497 1053 1547 annos
1073 1474 1320 1572 produxerunt3
1346 1473 1542 1547 sacerdotes
1558 1497 1625 1546 au-

248 1607 317 1667 tem
343 1595 563 1670 Alexandrini
588 1594 792 1687 Intelligendi
825 1603 916 1679 sunt,
951 1594 1007 1687 qui
1043 1602 1139 1663 erant
1172 1614 1218 1663 ex
1251 1588 1407 1664 Ecclesia
1438 1589 1474 1661 S.
1506 1586 1626 1680 Marci,

250 1734 336 1807 quae
351 1711 586 1786 Patriarcbalis
614 1709 858 1806 quodammodo
878 1709 1070 1800 dignitatem
1097 1719 1131 1779 et
1146 1710 1354 1780 autoritatem
1371 1705 1549 1780 obtinebat.
1575 1705 1626 1778 Illi

250 1850 296 1899 ex
323 1851 363 1900 ea
391 1830 631 1925 praerogativa
657 1849 725 1898 non
752 1826 859 1899 sulum
882 1827 939 1916 jus
965 1825 1151 1897 sententiae
1166 1827 1305 1919 primum
1320 1822 1481 1896 dicendae
1494 1826 1627 1895 retine-

248 1945 347 2034 bant,
374 1943 435 2017 sed
462 1953 565 2017 totum
592 1943 727 2017 Clarum
740 1940 1004 2015 Alexandrinum
1030 1939 1337 2034 repraesentabant.
1377 1940 1534 2011 Attamen
1558 1961 1627 2012 non

249 2072 375 2133 tantum
402 2060 507 2132 valuit
532 2081 648 2132 eorunm
676 2061 855 2146 autoritas,
883 2060 960 2152 quin
986 2057 1126 2129 aliorum
1153 2078 1199 2128 ex
1233 2055 1350 2127 eadem
1386 2055 1469 2128 orbe
1504 2078 1627 2128 sacer-

249 2176 364 2249 dotum
392 2176 637 2271 oppositionem
663 2185 866 2271 paterentur.
918 2172 1029 2246 Docet
1055 2195 1117 2245 nus
1153 2176 1198 2244 ita
1230 2193 1476 2265 nonnumquam
1513 2175 1627 2245 conti-

249 2296 360 2384 gisse,
388 2292 536 2364 Historia
562 2290 830 2363 Patriarchamm
856 2288 1162 2361 Alexandrinorum
1189 2290 1223 2359 in
1255 2294 1326 2363 vita
1352 2291 1498 2364 Simonis
1524 2289 1627 2363 XLII

247 2406 336 2479 Nam
362 2407 584 2481 Alexandrini
611 2406 806 2479 sacerdotes
834 2404 916 2477 duas
943 2407 977 2475 in
1003 2404 1167 2477 sactiones
1195 2405 1294 2478 divisi
1321 2417 1431 2495 erunt,
1465 2405 1538 2478 aliis
1557 2407 1626 2480 Jo-

247 2544 369 2594 annem
395 2523 563 2595 Abbatem
589 2522 737 2612 Nitriae,
764 2521 837 2594 aliis
864 2521 1036 2593 Victorem
1063 2520 1231 2593 Abbatem
1259 2521 1395 2595 alterius
1428 2522 1626 2597 Munasterii

248 2637 533 2732 proponentibus3
560 2639 605 2710 illi
630 2661 717 2711 vero
744 2646 839 2710 erant
865 2659 911 2709 ex
938 2634 1092 2729 Collegio
1118 2635 1297 2710 Ecclesiae
1324 2638 1475 2734 Aopclr't.
1527 2639 1626 2711 Neu-

246 2762 303 2824 ter
328 2761 439 2824 tamen
465 2775 579 2825 eorum
606 2755 732 2827 electus
765 2762 838 2839 est,
870 2763 968 2847 atque
1000 2757 1135 2848 saepius
1166 2755 1291 2825 irritam
1325 2753 1432 2828 fuisse
1467 2753 1625 2826 Alexan-

248 2868 418 2939 drinorum
455 2881 511 2941 ant
553 2868 793 2942 Cahiranorum
832 2870 1107 2958 nominationem,
1146 2870 1176 2942 si
1206 2867 1368 2965 Episcopi
1402 2870 1625 2957 dissentirent,

246 2983 350 3056 multa
378 2985 532 3081 exempla
559 2985 739 3058 declarant.
793 2985 869 3057 Fuit
894 2996 1004 3057 tamen
1032 3006 1166 3080 semper
1192 3008 1232 3056 ea
1259 2996 1327 3057 tum
1345 2985 1436 3059 Cleri
1454 2991 1625 3080 utriusque

245 3099 361 3187 urbis,
387 3109 455 3171 turn
480 3104 659 3197 primorum
687 3103 866 3175 Laicorum
893 3103 1021 3196 opinio,
1050 3100 1138 3196 quod
1164 3104 1227 3195 ipsi
1250 3103 1307 3193 jus
1337 3106 1551 3198 praecipuum
1583 3101 1627 3174 ad

247 3215 440 3307 eligendum
466 3218 694 3291 Patriarcham
723 3217 902 3307 baberent,
928 3217 1106 3313 Episcopis
1134 3216 1208 3290 sula
1235 3226 1441 3312 competeret
1471 3240 1626 3290 manuum

244 3335 432 3427 impositio,
470 3344 531 3427 per
566 3357 664 3429 quam
699 3333 871 3406 Ordinatio
907 3332 1133 3428 perficeretur.
1186 3333 1235 3404 Ita
1262 3336 1297 3404 in
1323 3332 1528 3429 Theophanii
1555 3336 1626 3406 vita

244 3448 391 3539 legimns
419 3470 506 3535 eum,
534 3472 609 3521 cum
626 3450 770 3545 superbe
796 3451 893 3521 nimis
910 3471 948 3521 sc
971 3449 1104 3520 ellerret
1120 3448 1284 3521 adversus
1302 3448 1565 3539 Alexandrinos,
1593 3458 1627 3523 et

243 3587 292 3635 ea
321 3566 515 3660 quaeipsis
542 3575 618 3636 ante
645 3564 897 3638 ordinationem
923 3564 1088 3661 pollicitus
1114 3563 1238 3653 luerat,
1265 3574 1440 3660 praestare
1459 3575 1626 3654 renueret,

245 3701 314 3752 eos
341 3678 484 3767 dixisse,
512 3691 664 3753 ornatum
691 3680 780 3754 illum
808 3692 842 3753 et
867 3692 997 3753 vestem
1025 3704 1090 3776 qua
1116 3684 1261 3754 caeteris
1289 3681 1500 3778 praestabat,
1531 3704 1627 3757 suum

243 3799 399 3892 ipsorum
425 3818 542 3869 munus
571 3820 668 3885 esse,
696 3798 798 3870 etad
826 3819 864 3869 se
891 3801 946 3891 qui
963 3796 1142 3885 dederant,
1169 3799 1346 3892 pertinere.
1400 3798 1525 3870 Verum
1541 3798 1627 3872 haec

243 3934 320 3983 nun
346 3912 719 3985 minuiscuntumeliosa
747 3935 844 4008 quam
871 3912 957 3986 falsa
991 3924 1102 3984 erant:
1136 3923 1263 3985 certum
1289 3912 1368 3984 illud
1400 3914 1625 3987 tantummodo

245 4025 358 4120 quod,
396 4029 459 4099 nisi
497 4050 682 4101 consensus
717 4032 900 4102 communis
937 4031 1081 4100 omnium
1115 4028 1307 4115 accederet,
1344 4028 1422 4101 nibil
1453 4041 1627 4124 peractum

243 4139 460 4214 censebatur.

356 4256 458 4330 XLII.
499 4257 563 4332 Ubi
597 4260 722 4333 Missae
757 4263 890 4333 comitia
929 4260 1051 4332 indicta
1084 4268 1199 4349 erant,
1233 4271 1390 4357 essetque
1425 4262 1556 4336 civibus
1592 4272 1626 4334 et
1674 4284 1766 4337 norae
1782 4300 1828 4337 seu
1842 4283 1953 4338 enutrio

245 4372 355 4445 Clero
382 4372 466 4446 illius
492 4373 585 4447 urbis
608 4379 663 4469 jus
690 4377 898 4473 proponendi
924 4399 1023 4472 quem
1051 4376 1238 4469 digniorem
1255 4379 1501 4466 existimarent,
1528 4371 1739 4469 ,picearum
1761 4371 1805 4436 1¹¹³
1836 4371 1951 4441 suffragii

241 4488 403 4561 bontilli
432 4495 628 4564 sententiam
655 4516 749 4565 suam
776 4497 884 4589 prImu
910 4493 1010 4582 locu,
1037 4496 1123 4566 sicut
1149 4491 1227 4564 olim
1250 4493 1381 4588 quando
1397 4493 1627 4566 Alexandriae
1639 4456 1748 4511 f⁰‘⁰¹¹d''

242 4601 439 4694 eligebatur
464 4606 676 4698 Patriarcha,
703 4609 787 4682 baec
814 4620 889 4681 erat
912 4609 1220 4684 Alexandrinorum
1247 4613 1495 4704 praerogativa.
1549 4611 1625 4698 Quo

242 4720 331 4791 locu
357 4719 603 4794 observandum
631 4734 682 4797 est
713 4747 760 4796 ex
793 4728 862 4797 vita
894 4726 1035 4798 Macarii
1066 4725 1188 4798 LXIX.
1248 4723 1391 4799 Cahirae
1424 4723 1558 4799 Clerum
1594 4737 1628 4798 et

245 4836 369 4921 cives,
395 4837 528 4930 quando
556 4838 598 4909 ad
625 4862 687 4913 eos
714 4840 836 4914 electio
870 4840 1061 4937 spectabat,
1092 4862 1216 4914 novam
1249 4863 1382 4935 quoque
1416 4844 1627 4915 autoritatem

246 4948 441 5041 adrogasse
467 4951 549 5043 sibi,
576 4954 690 5029 literas
717 4954 910 5053 encyclicas
937 4956 979 5030 ad
1007 4979 1124 5031 omnes
1158 4955 1350 5052 Episcopus
1385 4959 1626 5033 convocandos

247 5087 316 5162 per
344 5075 446 5139 totam
471 5069 667 5167 Aegyptum
692 5072 867 5163 mittendo,
895 5068 1085 5168 quoderat
1111 5073 1275 5170 adversus
1297 5075 1381 5166 juris
1398 5073 1628 5151 Ecclesiastici
