4525 6034
698 572 775 646 220
1026 665 1029 678 ⁸
1177 566 1597 646 cobbuttthltitts

698 760 767 821 dem
788 760 893 832 inmas,
913 757 1080 835 prationem
1106 772 1218 833 σοι-ραι
1240 750 1357 814 Christi
1376 755 1439 816 tati:
1461 759 1523 814 tum
1544 759 1704 835 postquam
1726 754 1801 817 dixit
1826 755 1984 835 Diaconos,
2009 757 2060 820 be·

698 859 788 920 nerlic
808 856 937 918 Domine
965 861 1102 917 sanctam
1129 853 1257 915 calicem
1282 837 1322 912 τὸ
1350 845 1387 914 δὲ
1409 844 1443 913 ἐν
1463 845 1607 935 ποτηρίῳ
1631 843 1752 934 τούτῳ,
1780 846 1890 930 τίμιον
1911 841 2061 934 alperti

698 951 849 1044 Χριστοῦ
872 971 948 1016 ooo:
976 954 1018 1016 lit
1037 952 1118 1034 ριιοιί
1139 953 1170 1014 ia
1196 952 1254 1014 hoc
1283 949 1379 1012 colice
1408 958 1455 1012 ert
1482 954 1658 1030 sanquinem
1686 954 1851 1031 pretiosam
1878 952 1989 1016 Cluirti
2012 957 2059 1030 tat,

699 1067 730 1121 et
751 1055 910 1136 interjecta
934 1053 991 1116 alia
1014 1050 1225 1114 benedictione
1248 1048 1404 1132 subiungit
1424 1037 1621 1129 μεταβαλών
1642 1047 1689 1131 τῷ
1715 1037 1878 1127 πνεύματι
1905 1052 1953 1135 σῷ
1979 1045 2060 1138 ἁγίῳ,

601 1176 607 1188 ·
699 1163 906 1221 ιιαιιαιιιιιαιιι
933 1152 1050 1232 Spiritu
1078 1158 1185 1213 sancto
1215 1156 1286 1211 tao:
1314 1166 1392 1229 quae
1422 1148 1524 1210 ultima
1553 1148 1647 1211 verba
1676 1147 1886 1231 chrysostomi
1917 1152 2060 1237 Litargiae

698 1255 824 1339 propria
847 1259 925 1314 sunt
947 1251 981 1314 ln
1004 1270 1040 1314 ea
1062 1249 1179 1327 iacobi,
1203 1248 1289 1330 cujus
1311 1247 1471 1329 antiquitas
1493 1265 1602 1330 magna
1625 1255 1672 1311 est
1694 1256 1726 1311 et
1752 1250 1917 1327 autoritas,
1938 1254 2005 1333 quia
2024 1271 2059 1315 ex

700 1375 737 1420 ea
759 1354 903 1436 Syriacae
927 1368 1032 1413 omnes
1055 1349 1204 1432 originem
1232 1346 1421 1411 habuerunt:
1450 1353 1521 1428 post
1549 1347 1723 1410 uberiorem
1752 1348 1791 1411 de
1822 1348 1949 1431 Spiritus
1975 1352 2060 1414 sancti

700 1454 845 1536 dignitate
866 1450 1065 1532 paraphrasin
1087 1451 1127 1511 ita
1150 1449 1271 1531 legitur.
1293 1438 1349 1509 ἵνα
1371 1439 1591 1532 ἐπιφοιτήσειν
1610 1444 1652 1530 τῇ
1681 1434 1760 1528 ἆγίρι
1788 1442 1854 1510 καί·
1876 1437 1986 1534 ἀγαθῇ
2012 1444 2061 1511 καὶ

699 1538 821 1632 ἐνδόξῳ
844 1539 949 1614 αὐτοῦ
970 1543 1141 1634 παρουσίᾳ
1162 1535 1285 1630 ἁγιάσῃ
1306 1541 1363 1609 καὶ
1383 1535 1522 1631 ποιήσῃ,
1550 1533 1607 1607 τὸν
1632 1540 1693 1622 μὲν
1715 1535 1814 1658 ι’ίρτον
1839 1546 1955 1613 τοῦτον
1974 1546 2060 1626 σῶμα

699 1638 792 1734 ἅγιον
811 1647 871 1714 τοῦ
892 1645 1042 1733 Χριστοῦ
1064 1663 1135 1709 σου.
1177 1635 1210 1708 ‘0
1238 1632 1327 1718 λαός,
1353 1634 1451 1732 ἆμὴν.
1500 1639 1571 1707 Καὶ
1599 1633 1639 1707 τὸ
1665 1663 1823 1729 ποτηριον
1847 1645 1960 1724 τοῦτο,
1987 1636 2061 1727 chre

698 1744 805 1828 τίμιον
825 1744 887 1811 τοῦ
908 1742 1056 1835 Χριστοῦ
1079 1762 1150 1828 σου.
1187 1734 1299 1830 Ἀμήν.
1341 1736 1396 1807 ἰ’να
1417 1736 1547 1829 γίνηται
1567 1742 1655 1808 πᾶσι
1674 1744 1746 1816 τοῖς
1771 1738 1809 1823 ἐξ
1835 1734 1945 1809 αὐτῶν
1968 1767 2062 1826 μετα·

699 1833 934 1928 λαμβάνουσιν,
965 1838 1012 1919 εἰς
1040 1833 1161 1932 ὅρασιν
1187 1832 1357 1929 α’μαριιῶν
1385 1838 1442 1906 καὶ
1470 1835 1521 1917 εἷς
1548 1832 1633 1927 ζωὴν
1663 1832 1808 1921 atavam,
1839 1838 1888 1920 τίς
1913 1834 2062 1930 apocopam

698 1944 835 2032 ψυχαῖν,
859 1954 917 2009 etc.
943 1945 1183 2020 praevertens,
1205 1951 1335 2018 macta,
1358 1942 1455 2019 botre,
1478 1951 1509 2006 et
1527 1944 1666 2024 ploriosa
1687 1961 1745 2005 ιιια
1762 1948 1941 2024 maerentia
1957 1946 2063 2007 ιαιισίί-

696 2046 773 2126 ftcet
793 2052 824 2108 et
842 2045 958 2124 semet,
977 2064 1089 2125 ρσιιαιιι
1110 2044 1230 2124 mitian
1251 2043 1359 2118 istam,
1389 2057 1501 2123 corpas
1522 2048 1661 2104 sonctmn
1689 2040 1805 2107 anati
1831 2046 1891 2108 sati.
1934 2043 2061 2124 Populus

699 2143 803 2206 Amen.
826 2143 868 2206 Et
888 2144 1014 2206 οαίίοιιιι
1035 2143 1115 2205 hane
1137 2143 1313 2223 ισιιριιίιιιιιι
1338 2143 1510 2220 probamen
1537 2139 1652 2203 Christi
1679 2143 1745 2219 tari,
1774 2150 1808 2205 at
1830 2143 1914 2223 simet
1939 2141 2063 2207 cumbet

700 2262 739 2305 eo
758 2243 1012 2324 percipientibus,
1034 2243 1067 2302 ιἰι
1088 2242 1297 2303 ιιιιιίιιίσιιιισ
1315 2247 1512 2319 peccatoram
1533 2246 1564 2301 et
1583 2241 1678 2301 citata
1699 2248 1869 2318 σιιιινισιιι,
1898 2244 1930 2304 in
1956 2243 2062 2304 terrei-

699 2341 878 2419 ficotioaem
900 2343 1087 2416 cainmranr,
1102 2347 1166 2424 ete.
1194 2338 1339 2401 Diversae
1362 2338 1429 2401 illas
1450 2339 1682 2420 praecipuarum
1703 2339 1907 2421 liturgiarum
1929 2341 2063 2404 lectiones

702 2440 854 2503 Orationis
884 2440 971 2503 istius
1002 2438 1120 2502 reterre
1150 2439 1415 2520 operaepretium
1438 2446 1520 2518 erat,
1549 2439 1620 2519 quia
1641 2456 1746 2502 omnes
1769 2437 1942 2504 Orierrtales
1969 2441 2062 2522 cnjus·

702 2557 830 2618 cumque
852 2539 975 2623 linguae
997 2538 1035 2600 ad
1058 2556 1145 2600 unam
1169 2537 1298 2618 aliquam
1322 2556 1362 2599 ex
1383 2536 1488 2600 relatis
1511 2537 1646 2600 formulis
1668 2536 1851 2620 reseruntur,
1876 2536 2062 2622 etCopticam

701 2639 880 2702 Basilianam
903 2657 942 2700 ex
965 2655 1002 2701 ea
1025 2636 1188 2700 collatione
1210 2635 1327 2699 facilius
1349 2654 1407 2717 per
1428 2644 1531 2717 partes
1554 2637 1799 2700 examinabimus.

394 2736 458 2803 ltjm
475 2738 662 2808 interpretatio.
789 2737 835 2800 Αο
856 2737 955 2819 primo
977 2735 1097 2818 quidem
1119 2737 1328 2817 interpretatio
1352 2736 1419 2816 ejus
1441 2741 1580 2798 constare
1611 2735 1711 2798 debet.
1753 2735 1926 2800 Postulatatr
1953 2755 1970 2798 a
1994 2735 2063 2812 oco,

701 2846 734 2902 ut
756 2838 896 2901 adveniat
918 2835 1048 2918 Spiritus
1070 2843 1192 2898 sanetius
1215 2852 1405 2916 supernos,
1429 2842 1459 2896 et
1487 2853 1581 2917 snper
1602 2834 1681 2897 dona
1705 2836 1873 2917 proposita.
1918 2835 1961 2900 lta
1981 2852 2061 2917 pror-

701 2957 752 3002 sus
775 2935 954 2999 vertendum
976 2954 1017 2998 ex
1040 2934 1169 3015 Coptica
1193 2934 1341 3012 verbum,
1364 2935 1525 3012 adveniat,
1555 2934 1635 2997 idem
1657 2953 1693 2997 ea
1716 2934 1819 3019 lingua
1841 2936 2011 3019 significans
2030 2949 2062 2997 ac

701 3037 850 3100 Graecum
871 3028 994 3098 ἐλθεῖν.
1018 3033 1060 3096 ht
1081 3035 1112 3096 in
1135 3033 1266 3097 Arabica
1297 3033 1439 3096 versione
1469 3041 1593 3114 praeter
1621 3033 1788 3114 simplicem
1813 3035 2062 3119 significationem,

699 3137 772 3199 latet
795 3134 852 3197 alia
875 3153 936 3197 non
958 3134 1112 3217 vulgaris,
1143 3134 1222 3195 haud
1252 3140 1312 3195 tam
1348 3151 1387 3194 ex
1417 3132 1512 3213 ipsius
1546 3132 1669 3216 linguae
1696 3135 1805 3216 genio,
1840 3152 1932 3216 quarn
1956 3153 1994 3197 en
2009 3143 2062 3196 usu

698 3233 915 3298 Ecclesiastico
938 3232 1077 3297 deducta.
1100 3231 1145 3294 Ea
1168 3239 1232 3310 est,
1255 3232 1382 3311 ι’ίίσριιιι
1403 3231 1468 3294 sive
1491 3218 1745 3317 ἐπιφοιτὴσιιος,
1767 3250 1845 3314 quae
1869 3235 1993 3314 proprie
2011 3233 2062 3295 bno

700 3352 778 3397 voce
801 3333 997 3414 exprimitur,
1028 3340 1060 3395 et
1088 3330 1169 3413 apud
1191 3330 1368 3414 'theologos
1398 3329 1569 3394 orientales
1600 3332 1798 3394 communiter
1827 3341 2005 3414 usurpatur,
2028 3330 2061 3394 nl

701 3431 929 3513 significandum
951 3430 1090 3512 illapsum
1112 3431 1242 3511 Spiritus
1264 3430 1362 3492 sancti
1382 3430 1413 3491 in
1435 3430 1592 3513 Virginem
1614 3428 1753 3508 blesiam,
1777 3432 1844 3512 ipso
1855 3430 2063 3495 lucarnationis

701 3529 796 3593 Verbi
819 3537 985 3609 momento,
1006 3531 1092 3612 juxta
1115 3528 1266 3592 Gabriilis
1289 3527 1476 3613 Archangeli
1498 3547 1682 3610 sermonem,
1713 3529 1847 3611 θριιναιν
1873 3540 1994 3595 macha
2012 3547 2061 3592 ιιι-

697 3631 855 3709 pen-veniet
875 3631 907 3690 ia
930 3638 975 3704 te,
1003 3636 1034 3691 et
1053 3631 1151 3691 cirtae
1178 3627 1328 3691 Altissimt'
1353 3627 1545 3693 obtmtbrobit
1568 3629 1631 3692 tibi
1681 3628 1734 3691 itta
1768 3630 1862 3713 igitur
1891 3632 1955 3712 ipsa
1983 3646 2062 3706 voce,

703 3727 773 3789 dnm
796 3726 945 3806 Arabiae,
977 3734 1027 3790 aut
1057 3727 1182 3808 Syriaca
1213 3726 1366 3805 scribunt,
1395 3725 1555 3791 adventum
1585 3728 1735 3792 illabentis
1766 3729 1864 3792 sancti
1887 3729 2062 3810 spiritatis

701 3825 780 3889 dona
802 3829 978 3907 proposita,
1002 3826 1040 3889 ad
1063 3825 1234 3889 mutandum
1257 3843 1294 3888 oa
1316 3826 1348 3887 in
1370 3845 1482 3908 corpas
1506 3836 1538 3892 et
1559 3828 1736 3912 sanguinem
1754 3827 1868 3891 Christi
1892 3829 2063 3910 exprimunt,

702 3943 761 4007 qua
784 3925 919 4006 ejusdem
942 3926 972 3988 in
994 3923 1117 3988 biariam
1140 3926 1299 4007 illapsum,
1330 3925 1368 3987 ad
1396 3925 1582 3990 formandum
1612 3946 1653 3990 ex
1683 3928 1750 4009 ejus
1777 3944 1871 3990 carne
1902 3944 2010 4009 eorpus
2035 3931 2063 3987 et

701 4025 878 4106 sangninem
902 4024 1030 4102 Christi,
1054 4024 1120 4088 sive
1143 4025 1240 4105 ipsum
1264 4041 1391 4106 corpus,
1414 4026 1447 4088 in
1467 4044 1527 4107 quo
1544 4026 1676 4089 Verbum
1691 4027 1748 4089 Ilei
1769 4025 1929 4089 burianam
1951 4042 2060 4089 earnem

700 4122 880 4204 adsumpsit,
903 4133 934 4186 et
956 4123 1006 4186 illa
1028 4143 1106 4187 voce
1129 4124 1347 4207 significantior
1369 4123 1505 4187 adhiberi
1527 4124 1609 4187 nulla
1630 4132 1759 4205 poterat.

786 4220 942 4305 Sequitur:
966 4232 1124 4304 erponem
1146 4223 1377 4304 quidmiraris,
1398 4223 1500 4302 sociat
1520 4243 1631 4305 corpas
1652 4233 1790 4288 τανιοιιιιιι
1815 4225 1940 4289 Domiti
1957 4221 2013 4289 oet
2036 4230 2062 4287 et

698 4319 871 4384 8σ1ααιαιίι
891 4324 990 4385 nosos
1008 4322 1084 4385 lesa
1106 4322 1239 4385 Christ:
1269 4339 1348 4403 quae
1375 4323 1471 4386 verba
1493 4331 1634 4387 accurate
1662 4323 1850 4405 respondent
1878 4324 2007 4405 Coptic'm
2033 4326 2062 4382 et

698 4417 856 4498 Arabicis,
878 4421 1109 4503 exprimuntque
1132 4421 1249 4484 Graeca
1271 4422 1327 4483 ista
1349 4420 1469 4497 ποιεῖν,
1492 4409 1699 4505 ἀποφαίνειν,
1722 4410 1969 4499 ἆποδειιινιίναι,
1991 4436 2060 4504 quae

698 4517 757 4580 hoc
780 4519 849 4582 loco
871 4538 998 4601 prorsus
1021 4521 1156 4583 eamdem
1178 4521 1424 4602 significationem
1447 4520 1575 4600 habent,
1598 4529 1631 4583 ut
1653 4529 1722 4584 ante
1744 4539 1800 4586 uos
1823 4522 1873 4585 alii
1893 4523 2058 4596 docueruut,

699 4634 760 4680 non
783 4618 873 4681 modo
897 4618 1060 4697 Catholici,
1084 4619 1139 4683 sed
1162 4621 1251 4683 etiam
1273 4621 1497 4699 Protestantes‚
1521 4628 1612 4701 atque
1634 4622 1714 4684 inter
1735 4622 1812 4683 alios
1845 4639 1977 4685 summus
1996 4620 2061 4682 lite·

699 4734 801 4780 rarum
824 4717 1006 4781 Graecarum
1029 4720 1176 4803 magister
1203 4718 1325 4782 isaacus
1353 4719 1560 4784 Casaubonus.
1606 4718 1635 4782 ls
1664 4722 1743 4783 enim
1773 4729 1879 4784 conha
1903 4717 2060 4785 Cardimlis

411 4833 521 4884 &creta
545 4835 571 4884 tn
591 4833 686 4887 Rana
699 4815 820 4879 baronii
842 4819 1040 4898 sententiam,
1064 4819 1299 4895 demonstravit,
1320 4819 1414 4882 verba
1438 4820 1467 4884 S.
1489 4819 1591 4882 Basilii
1613 4819 1665 4881 lib.
1689 4820 1727 4883 de
1750 4818 1863 4901 Spiritu
1885 4828 1988 4883 sancto
2007 4810 2059 4880 ἐπί

372 4935 400 4987 p.
419 4918 462 4968 52.
481 4919 509 4972 s.
526 4916 669 4998 liat-lm
700 4912 760 5000 τῆς
783 4904 979 4995 α’ναδείξεαις
1005 4916 1066 4983 τοῦ
1095 4905 1197 5003 ι’ίρτον
1218 4916 1276 5001 τῆς
1298 4904 1524 5004 εὐχαριστίας,
1557 4936 1635 4998 qnae
1662 4918 1800 5000 plerique
1828 4919 1866 4983 de
1895 4918 2059 4983 ostensione

701 5014 910 5080 Eucharistiae
944 5019 1134 5100 interpretati
1162 5016 1297 5093 inerant,
1327 5034 1397 5081 esse
1426 5018 1465 5082 de
1499 5019 1566 5100 ejas
1600 5020 1832 5082 consecratione
1867 5013 2059 5101 intelligenda
