4525 6034
548 577 589 653 u
605 575 813 655 masma
828 573 1023 670 coruom
1042 574 1073 652 s.
1090 573 1274 652 amcam
1527 572 1601 672 aas

225 852 385 943 Pacifico
423 872 487 922 nus
518 851 682 936 Dareine,
714 851 804 920 sicul
835 850 1062 939 sanctificasti
1096 847 1161 919 baa
1196 846 1395 917 Oblationes
1425 851 1461 915 el
1488 846 1606 937 fecisti

634 988 696 1036 eas
721 963 908 1036 invisibiles
934 986 981 1033 ea
1006 961 1204 1034 visibilibus.

329 1174 389 1253 Sic
410 1203 509 1266 prope
532 1186 569 1248 ad
592 1184 718 1248 verbum
740 1192 842 1248 textus
866 1182 1020 1264 Cepheus,
1045 1184 1084 1245 ita
1108 1191 1142 1245 ut
1165 1182 1317 1244 distinctio
1346 1182 1386 1243 sit
1415 1181 1494 1242 inter
1516 1180 1604 1262 puri-

225 1291 415 1362 ficationem,
439 1303 527 1366 qaam
549 1292 617 1347 orat
645 1284 796 1348 Sacerdos
824 1281 958 1345 conferri
980 1300 997 1343 a
1021 1281 1088 1344 Deo
1119 1281 1176 1344 sihi
1210 1289 1241 1343 et
1263 1279 1542 1358 circumstantibus,
1574 1288 1604 1342 et

226 1388 496 1453 aneaficationem
525 1384 751 1447 elementorum.
795 1382 827 1444 ln
857 1383 954 1463 prima
984 1381 1182 1465 significanda
1212 1380 1371 1443 adhibetur
1392 1398 1455 1442 vox
1487 1380 1605 1460 evodo,

228 1508 317 1571 quam
328 1484 448 1550 Arabes
471 1501 529 1565 per
551 1503 618 1545 eam
641 1485 812 1564 exprimunt
835 1501 913 1562 quae
936 1484 1059 1562 proprie
1082 1482 1305 1543 amaabonem
1318 1487 1348 1542 et
1363 1480 1607 1560 purificationem

228 1587 395 1672 significat,
418 1581 579 1663 aliquando
602 1569 998 1661 etiam'saucuacottonem:
1022 1581 1145 1643 alteram
1168 1580 1298 1642 reddunt
1315 1581 1474 1660 ipsa‘voce
1490 1577 1606 1640 Graeca

227 1677 392 1772 ἁγιάζων,
424 1700 501 1762 quae
525 1683 657 1744 occurrit
680 1683 710 1743 in
740 1682 858 1743 Graeco
881 1680 1002 1759 codice,
1026 1688 1158 1760 utroque
1182 1679 1213 1740 in
1242 1680 1321 1742 loco.
1367 1678 1467 1740 Arabs
1496 1675 1604 1737 Graeci

230 1784 351 1851 Codicis
374 1784 527 1862 interpres
551 1780 658 1843 eadem
683 1798 771 1857 voce,
796 1799 873 1861 quae
895 1776 942 1861 τῷ
963 1770 1220 1863 dylaooproprie
1243 1778 1424 1859 respondet,
1447 1794 1519 1839 usus
1543 1784 1606 1838 est:

229 1887 276 1949 alii
299 1885 449 1947 diversam
471 1879 681 1942 adhibuerunt.
727 1880 770 1941 lta
793 1879 1025 1956 distinctionem,
1048 1897 1108 1941 non
1132 1878 1252 1958 quidem
1279 1879 1368 1958 plaue
1389 1876 1605 1951 necessariam,

1652 910 1687 964 a.
1706 912 1722 964 t
1740 912 1785 965 aa.
1807 979 1810 984 y

230 1983 448 2048 consuluerunt
474 1981 552 2041 inter
574 1979 840 2041 sanctificationem
863 1981 1107 2060 suscipientium,
1139 1986 1169 2040 et
1198 1978 1345 2041 donorum
1374 1976 1607 2058 propositorum.
1707 1971 1714 1980 “

230 2084 303 2146 Nam
327 2081 445 2144 cavisse
469 2077 609 2141 videntur
632 2077 868 2158 quodammodo,
899 2098 937 2141 ne
960 2080 1145 2160 comparatio
1169 2096 1229 2139 non
1259 2078 1331 2141 satis
1361 2078 1528 2156 adaequate
1559 2076 1610 2135 in·
1652 2135 1657 2145 ,

231 2182 431 2262 telligeretur,
454 2196 520 2239 cum
536 2179 789 2262 sanctificationes
812 2177 924 2242 diuersi
946 2180 1067 2241 omuino
1089 2180 1213 2259 generis
1237 2179 1308 2240 sint:
1332 2177 1421 2239 aliter
1434 2174 1512 2237 enim
1535 2190 1610 2236 san·

232 2278 398 2340 ctificantur
428 2276 578 2354 homines,
614 2277 703 2339 aliter
736 2276 816 2339 dona
850 2279 1018 2358 proposita.
1082 2278 1142 2341 Sed
1172 2277 1342 2339 intellectus
1372 2273 1608 2354 simplicissimus

232 2386 294 2456 est,
318 2384 351 2438 ut
374 2375 568 2438 sanctificasti
590 2376 668 2439 dona
692 2379 865 2457 proposita,
889 2377 1035 2458 singulari
1057 2377 1173 2439 scilieet
1195 2377 1311 2438 ratione
1336 2391 1424 2454 quam
1452 2372 1609 2454 subjuncta

232 2476 326 2540 verba
348 2475 517 2557 explicant,
540 2475 581 2537 ita
604 2474 642 2537 ad
665 2476 856 2556 suscipienda
880 2477 930 2539 illa
953 2475 1044 2559 digne
1067 2474 1254 2538 Christianos
1277 2473 1458 2537 sanctifices.

316 2573 475 2649 Quomodo
497 2580 596 2636 autem
618 2574 851 2637 sanctificaverit
873 2576 955 2637 Deus
978 2574 1056 2636 dona
1080 2577 1237 2656 proposita
1260 2593 1332 2637 mox
1359 2573 1537 2653 exponitur,
1562 2568 1612 2632 la-

235 2673 343 2737 ciendo
366 2673 481 2736 scilicet
494 2692 540 2736 ea
563 2674 728 2735 divisibilia
751 2695 792 2735 ec
812 2674 999 2736 visibilibus:
1021 2661 1153 2759 α’όρατα
1166 2667 1203 2735 ἐκ
1220 2670 1286 2736 τῶν
1308 2662 1448 2759 ὁρατῶν,
1471 2678 1504 2732 ut
1522 2669 1613 2731 habet

235 2772 342 2836 Codex
365 2773 509 2837 Graecus.
554 2773 703 2835 Maronita
724 2791 830 2853 parum
852 2780 953 2853 recte,
977 2781 1007 2834 et
1026 2772 1131 2851 fecisti
1151 2773 1221 2834 illas
1242 2793 1303 2834 aon
1325 2771 1534 2844 adunbrmas,
1557 2760 1614 2828 sta

232 2873 379 2955 cenwald
399 2880 529 2952 apparet
549 2880 596 2933 est
615 2875 791 2954 mysterium
813 2879 895 2934 mum
917 2873 1089 2952 spirituale,
1120 2872 1203 2934 nullo
1230 2890 1340 2950 sensa,
1365 2877 1395 2932 et
1418 2877 1522 2932 contra
1547 2865 1612 2928 Co-

232 2975 322 3055 plici,
353 2970 612 3051 Arabicarumqae
644 2970 788 3034 Codicum
819 2971 917 3035 fidem.
970 2970 1123 3034 Sententia
1153 2971 1229 3034 baec
1257 2979 1320 3033 est:
1352 2972 1410 3032 bas
1438 2969 1615 3031 Oblationes

230 3072 336 3151 [scisti
355 3091 397 3133 ev
417 3072 458 3131 iis
478 3090 556 3151 quae
584 3070 781 3147 videbantur,
810 3089 878 3132 esse
906 3071 992 3133 aliud
1017 3073 1105 3152 quid,
1135 3074 1218 3154 quod
1244 3090 1305 3133 nan
1334 3070 1470 3132 videtur:
1504 3084 1612 3146 nempe

233 3178 320 3235 erant
343 3170 429 3251 panis
452 3176 484 3231 et
505 3170 621 3249 vinam,
653 3168 751 3232 iecisti
781 3187 834 3232 eas
857 3188 928 3232 esse
957 3188 1069 3251 corpus
1098 3179 1128 3233 et
1158 3172 1337 3254 sauguinem
1365 3167 1487 3232 Christi.
1532 3166 1613 3227 Ante

233 3270 501 3335 sanctificationem
530 3288 586 3331 seu
620 3270 894 3347 consecrationem,
926 3277 1027 3347 erant,
1055 3278 1086 3332 et
1115 3270 1296 3333 videbantur
1324 3270 1411 3350 panis
1440 3276 1471 3330 et
1497 3267 1614 3339 vinum;

233 3378 304 3453 post
327 3368 594 3432 sanctificationem
617 3376 686 3430 sunt
708 3386 820 3450 corpas
843 3377 873 3431 et
895 3369 1036 3450 sanguis,
1061 3387 1140 3449 qaae
1163 3387 1224 3432 non
1253 3368 1402 3432 videntur.
1447 3366 1535 3428 Nulla
1566 3365 1615 3428 bic

234 3470 424 3553 ambiguitas,
448 3486 582 3548 veraque
606 3470 812 3530 transmutatio
835 3471 864 3529 in
887 3469 952 3530 istis
980 3466 1083 3530 verbis
1112 3468 1301 3552 agnoscitur,
1324 3468 1416 3550 longe
1440 3467 1553 3528 distans
1577 3463 1614 3525 ab

234 3587 271 3630 ea
293 3586 383 3648 quam
406 3567 502 3628 solam
526 3566 680 3628 veteribus
704 3574 735 3629 et
757 3568 830 3648 ipsis
854 3566 982 3648 Coptitis
1006 3566 1151 3629 creditam
1166 3567 1276 3646 luisse,
1301 3575 1359 3629 mm
1374 3566 1519 3628 audacter
1532 3565 1614 3626 ablr-

234 3667 336 3729 mabat
358 3665 531 3730 Salmasius.
574 3663 602 3727 ls
626 3683 700 3728 vero
723 3667 749 3727 si
772 3664 849 3726 bona
874 3665 932 3728 bde
950 3665 1076 3749 egisset,
1102 3685 1169 3729 cum
1192 3668 1303 3751 nugaci
1325 3674 1355 3728 et
1372 3663 1501 3729 absurda
1517 3664 1615 3726 inter-

235 3767 407 3849 pretatione
430 3765 654 3827 lnvocationem
678 3765 806 3844 Spiritus
830 3766 939 3843 sancti,
963 3765 1051 3847 hujus
1073 3765 1228 3849 Liturgiae
1251 3766 1456 3828 contaminare
1487 3772 1614 3846 satage-

234 3866 304 3943 bat,
328 3882 505 3945 comparare
528 3863 604 3925 bane
627 3865 795 3926 orationem
817 3881 884 3925 eum
907 3865 979 3942 ista,
1004 3872 1034 3927 et
1057 3884 1124 3927 cum
1139 3873 1267 3947 utraque
1284 3882 1368 3927 suam
1381 3865 1613 3946 explicationem

236 3963 394 4028 debuerat.
433 3963 465 4025 ln
488 3965 545 4025 ista
568 3964 766 4026 sanctificatio
790 3962 1039 4039 Christianorum,
1063 3972 1093 4026 et
1116 3965 1210 4045 ipsius
1235 3947 1410 4028 Sacerdotis
1432 3964 1616 4045 postulatur,

237 4066 321 4126 utin
344 4064 440 4144 prima
464 4061 611 4124 adventus
642 4061 770 4143 Spiritus
798 4064 913 4138 sancti,
942 4081 1037 4143 super
1066 4082 1121 4126 ees
1152 4073 1183 4126 et
1213 4082 1307 4144 super
1335 4064 1412 4126 dona
1443 4065 1614 4146 proposita:

236 4181 347 4243 nempe
370 4163 411 4225 ait
433 4160 612 4238 Salmasius,
635 4171 669 4223 ut
690 4162 914 4224 sanctificemur
937 4168 968 4225 et
990 4170 1201 4226 convertamus
1224 4163 1279 4224 has
1293 4164 1469 4226 Oblationes
1492 4166 1522 4224 iu
1542 4182 1616 4225 cor-

236 4280 296 4344 pus
319 4269 350 4325 et
371 4263 549 4345 sanguinem
573 4261 701 4324 Christi:
726 4263 880 4341 quamam,
904 4269 1051 4341 utsupra
1075 4263 1325 4339 observavimus,
1354 4264 1426 4325 nibil
1450 4263 1546 4324 simile
1567 4264 1616 4324 le-

237 4368 329 4444 gatur
355 4362 386 4423 in
417 4368 503 4423 textu
532 4359 659 4441 Coptica
688 4369 719 4423 et
753 4362 894 4424 Arabico.
936 4361 969 4422 ln
998 4364 1053 4424 ista
1082 4363 1220 4423 oratione
1244 4381 1322 4443 quae
1345 4380 1405 4425 nou
1429 4362 1523 4443 longo
1547 4370 1640 4441 post·

237 4461 364 4541 primam
392 4457 552 4522 intervallo
581 4462 732 4540 sequitur,
763 4460 852 4541 plena
883 4461 1031 4541 paradoxi
1061 4461 1237 4524 Salmasiani
1270 4461 1410 4524 refutatio
1441 4469 1496 4523 est.
1542 4462 1617 4524 Orat

238 4561 317 4622 enim
332 4558 492 4621 ‘Sacerdos
513 4551 632 4635 Deum,
660 4568 693 4623 ut
715 4580 750 4622 se
779 4568 810 4622 et
832 4560 1266 4637 circumstantossanctilicet,
1294 4580 1355 4624 non
1379 4569 1410 4624 ut
1438 4569 1618 4624 convertant

237 4675 295 4738 per
318 4661 557 4721 communionem
580 4658 728 4722 elementa
750 4661 779 4722 in
804 4678 917 4740 eorpus
940 4668 971 4722 et
992 4663 1188 4742 sanguinem,
1212 4661 1454 4742 quandoquidem
1478 4662 1618 4745 agnoscit

238 4758 502 4820 consecrationem
520 4759 582 4839 jam
605 4758 729 4837 laetam,
760 4777 827 4821 cum
849 4760 933 4823 Deus
961 4760 1011 4822 illa
1042 4760 1150 4823 fecerit
1180 4760 1338 4822 invisibilia
1367 4780 1408 4822 ex
1435 4760 1618 4834 visibilibus;

240 4862 363 4937 totaque
387 4857 550 4919 rethorum
574 4859 671 4920 series
694 4859 850 4938 ostendat,
884 4861 1012 4942 eosqui
1035 4861 1086 4922 illa
1115 4861 1333 4940 pronunciant,
1364 4878 1476 4942 corpus
1507 4860 1619 4924 Christi

238 4972 388 5034 praesens
410 4957 440 5018 in
465 4956 551 5018 altari
573 4975 659 5036 esse,
683 4959 822 5021 credere.
866 4959 961 5023 Porro
984 4965 1061 5040 qu'ae
1084 4959 1122 5023 de
1137 4959 1283 5023 Salmasio
1297 4960 1425 5024 diximus
1446 4960 1483 5022 ad
1502 4960 1619 5022 Alber·

240 5053 350 5131 anum,
381 5054 418 5116 ad
449 5055 622 5133 Claudium,
654 5058 691 5118 ad
721 5057 886 5138 discipulos
917 5079 1022 5123 corum
1053 5076 1114 5121 uon
1144 5060 1240 5122 nunus
1264 5061 1433 5142 pertinent,
1468 5060 1518 5140 qui
1552 5077 1620 5122 cum

280 5190 368 5232 Tanna
380 5191 397 5233 l.
1361 5180 1410 5253 53
