4525 6034
699 579 773 654 174
882 651 886 658 ,
1202 575 1563 656 tutotuto

697 778 799 840 otum:
827 766 986 863 simulque
1012 766 1147 839 Domini
1174 769 1281 839 nostri
1306 766 1389 838 Jesu
1411 763 1543 854 Christi,
1570 775 1604 837 et
1619 763 1762 861 Spiritus
1788 767 1862 837 vivi
1887 776 1919 837 et
1943 771 2048 857 sandi,

695 904 793 956 nunc.
999 884 1161 977 Poprdns.
1215 883 1316 955 Sicut.

800 1000 984 1073 Sacerdos.
1037 1001 1121 1073 Pax.
1330 999 1492 1092 Populus.
1544 998 1690 1071 Etcum
1717 1002 1834 1096 spiritu
1860 1010 1925 1073 tuo.

690 1139 694 1144 ·
798 1116 983 1188 Sacerdos.
1037 1117 1118 1188 Sint.
1327 1116 1491 1209 Populus.
1543 1115 1699 1188 Etcum.

798 1233 982 1308 Sacerdos.
1037 1232 1212 1307 Credimus
1240 1242 1274 1304 et
1300 1232 1498 1305 accedimus.

799 1348 979 1422 Diaconos
1004 1351 1089 1420 dicit
1116 1349 1336 1421 Catholicam.

936 1627 1111 1698 Sacerdos
1138 1627 1224 1697 dicit
1251 1625 1448 1697 Orationem
1475 1633 1556 1697 ante
1581 1627 1682 1707 Pater
1707 1636 1833 1698 noster.

799 1817 942 1888 Domine
968 1819 1172 1909 misericors
1200 1825 1233 1888 ct
1258 1818 1357 1904 ruitis,
1384 1821 1439 1912 qui
1466 1838 1567 1912 supra
1595 1819 1704 1888 omnia
1731 1815 1908 1889 extolleris
1935 1826 1967 1888 et
1986 1816 2053 1889 lau-

696 1928 792 2006 dibus
820 1932 1016 2023 celebrans,
1043 1932 1218 2022 exaltaris.
1245 1943 1279 2004 et
1311 1931 1527 2025 glorificaris:
1561 1943 1596 2003 tu
1625 1934 1769 2005 Domine
1801 1944 1938 2028 praesta
1968 1937 2055 2006 etiam

694 2047 791 2123 nobis
818 2048 1019 2147 pauperibus
1047 2060 1080 2122 et
1112 2048 1231 2121 intimis
1261 2051 1370 2122 servis
1403 2052 1485 2136 tuis,
1519 2059 1554 2120 ut
1587 2072 1670 2145 pure
1705 2058 1739 2121 et
1771 2061 1886 2122 sancte
1922 2073 2055 2139 oremus,

694 2164 875 2241 clamemus
903 2177 936 2239 et
963 2167 1121 2239 dicamus.
1174 2166 1275 2239 Pater
1300 2177 1416 2240 noster
1442 2169 1498 2260 qui
1525 2187 1563 2238 es
1590 2169 1623 2237 in
1650 2166 1765 2238 coelis

638 2353 642 2374 ,
748 2297 758 2308 ”
796 2283 959 2376 Populos.
1013 2282 1255 2356 Sanctificetur.

798 2398 981 2471 Sacerdos.
1040 2400 1069 2471 Ο
1101 2399 1263 2485 Domine,
1300 2422 1321 2472 o
1356 2398 1521 2490 benigne.
1552 2421 1597 2469 ne
1633 2397 1797 2494 despicias
1829 2420 1915 2486 nos,
1956 2403 1998 2471 ita
2027 2410 2058 2471 ut

692 2518 891 2614 praevaleat
918 2516 1097 2589 adversum
1122 2538 1187 2588 nos
1214 2519 1367 2605 tentatio,
1395 2515 1455 2589 sed
1481 2513 1588 2587 libera
1615 2537 1678 2588 nos
1705 2538 1724 2586 a
1751 2514 1840 2588 malo
1868 2514 2004 2604 rebelli,
2029 2526 2058 2588 et

618 2693 621 2706 .
695 2637 806 2708 aviis
833 2635 906 2726 ejus
933 2638 1093 2706 tortuosis
1120 2643 1154 2705 et
1180 2635 1368 2729 perversis:
1396 2634 1472 2726 quia
1500 2642 1589 2702 tuum
1615 2640 1853 2726 astragum,
1883 2644 1918 2704 et
1943 2636 2056 2724 unige-

693 2752 753 2822 niti
779 2748 854 2821 Filii
881 2753 938 2838 tui,
965 2760 998 2823 et
1012 2751 1156 2847 Spiritus
1183 2751 1380 2822 sanctissimi
1406 2751 1464 2837 tui,
1491 2747 1581 2835 boni,
1608 2746 1769 2820 adorandi
1795 2759 1829 2819 et
1855 2749 2057 2822 vivificantis.

797 2866 959 2959 Populus.
1017 2867 1137 2938 Arnen.

758 3035 761 3044 .
798 2984 986 3055 Diaconos.
1039 2982 1207 3055 Inclinato.

797 3098 981 3170 Sacerdos.
1035 3099 1118 3170 Pax.

795 3215 959 3309 Populus.
1011 3214 1166 3294 Etcum.

796 3331 973 3404 Sacerdos
999 3332 1137 3404 elevans
1162 3354 1287 3403 nocem.
1339 3330 1504 3414 Benedic.
1540 3329 1699 3417 Domine,
1726 3328 1851 3425 populo
1881 3341 1941 3404 tuo
1968 3328 2058 3416 utet,

694 3453 749 3544 qui
777 3471 890 3521 coram
917 3460 950 3521 te
976 3450 1150 3523 inclinatus
1178 3459 1246 3522 est:
1274 3450 1432 3544 eripeque
1459 3449 1521 3518 'nos
1550 3467 1666 3518 omncs
1694 3468 1714 3516 a
1741 3444 1887 3519 damnis:
1916 3458 2057 3545 etprae-

693 3574 746 3638 sta
772 3563 882 3654 nohis,
909 3576 944 3637 ut
969 3569 1139 3666 mysteriis
1167 3565 1287 3637 divinis
1314 3589 1397 3662 pure
1424 3574 1458 3636 et
1483 3574 1598 3636 sancte
1624 3566 1921 3656 communicemus
1948 3576 1983 3638 et
2005 3586 2058 3660 per

693 3680 749 3752 illa
776 3685 950 3777 expiemur
976 3692 1010 3754 et
1037 3681 1295 3754 sanctificemur:
1323 3679 1574 3776 referemusque
1600 3676 1659 3750 tibi
1678 3676 1809 3750 laudern
1829 3692 1864 3752 et
1885 3685 2056 3774 gratiarum

693 3800 859 3871 actionem
885 3808 919 3869 et
944 3802 1115 3890 unigenito
1143 3795 1232 3872 Filio
1255 3809 1323 3871 tuo.

795 3905 957 4009 Populus.
1009 3916 1130 3988 Aaron.

796 4030 981 4102 Sacerdos.
1034 4032 1119 4103 Pax‘.

796 4146 958 4240 Populus.
1011 4146 1166 4219 Etcum.

795 4263 979 4335 Sacerdos.
1032 4264 1115 4336 Sint.
1323 4265 1485 4359 Populus.
1537 4265 1692 4339 Etcum.

797 4380 985 4452 Diaconos.
1040 4380 1285 4476 Unusquisque.
1463 4365 1468 4382 ⁸

796 4496 980 4568 Sacerdos.
1034 4497 1160 4569 Sancta
1186 4500 1321 4570 sanctis.

873 4771 878 4784 '
962 4774 1083 4845 Oratio
1108 4780 1189 4867 post
1215 4776 1463 4867 susceptionem
1488 4775 1798 4846 Sacramentornm.

799 4945 933 5019 Gratias
962 4951 1091 5039 agimus
1119 4944 1195 5035 tihi,
1226 4947 1368 5018 Domine
1394 4946 1505 5036 Deus,
1539 4948 1756 5021 obsecrantes
1784 4956 1818 5018 et
1845 4945 2054 5042 deprecantes

694 5068 743 5142 te:
770 5074 905 5158 praesta
921 5063 1031 5155 nobis,
1059 5074 1093 5135 nt
1120 5066 1164 5136 sit
1189 5061 1288 5134 nobis
1315 5068 1499 5135 communio
1526 5063 1610 5136 haec
1628 5063 1752 5154 divina,
1780 5062 1823 5134 ad
1839 5065 2053 5158 expiationem
