4525 6034
647 608 720 684 118
1019 607 1639 686 OBSERthTIONES

642 793 779 877 pluribus
802 794 916 870 verbis,
940 801 1129 875 quaerelas
1152 790 1281 856 iormula
1303 792 1399 854 trihus
1422 792 1627 872 exprimebat,
1657 793 1848 856 recentiores
1880 791 2020 872 explica-

642 895 751 957 verint.
796 892 1012 955 intellexerunt
1034 893 1138 974 igitur,
1161 892 1190 954 id
1213 891 1294 971 quod
1318 889 1465 953 Catholici
1492 891 1709 972 pertendimus,
1732 909 1790 971 per
1812 900 1920 952 concta
1940 910 2021 951 ιαιι-

643 996 710 1068 ctis,
734 1000 767 1054 et
790 991 908 1072 Corpus
931 990 1054 1054 Christi.
1078 991 1184 1067 Amen,
1208 989 1383 1071 significari,
1408 990 1465 1052 Ιιοο
1496 991 1575 1071 quod
1599 989 1769 1052 ostenditur
1796 998 1827 1051 et
1851 992 2021 1052 communi-

643 1092 780 1155 cantibus
808 1091 991 1171 praebetur,
1020 1108 1091 1152 esse
1123 1090 1219 1169 ipsum
1248 1106 1360 1168 corpus
1390 1088 1516 1167 Christi,
1546 1105 1608 1150 nou
1635 1088 1716 1170 quod
1744 1089 1920 1152 Albertinus
1947 1097 2022 1170 post

643 1191 723 1253 mille
753 1197 784 1251 et
813 1190 939 1270 amplius
968 1205 1062 1250 anrros
1093 1189 1296 1271 excogitavit,
1325 1188 1482 1270 mysticum
1511 1195 1540 1248 el
1565 1189 1819 1267 metaphoricam,
1850 1189 1930 1268 quod
1959 1189 2023 1267 ipsi

641 1290 745 1368 fideles
765 1308 827 1350 non
848 1290 1151 1367 nicomacheorum
1174 1288 1319 1347 elementa
1345 1295 1538 1361 consecrata,
1561 1286 1617 1348 sed
1640 1305 1755 1364 verum,
1778 1289 1808 1349 in
1831 1304 1892 1366 quo
1914 1288 2022 1349 incar·

643 1393 743 1462 natus,
766 1404 947 1467 passusque,
971 1385 1106 1448 ascendit
1132 1386 1162 1446 iu
1192 1383 1319 1446 coelum.
1365 1383 1439 1446 Cum
1468 1402 1561 1464 porro
1591 1386 1666 1448 istae
1691 1386 1910 1449 confessiones
1937 1385 2022 1463 fidei,

643 1503 704 1547 non
728 1485 792 1547 heri
815 1493 865 1547 aut
887 1486 995 1548 nudius
1018 1487 1125 1547 tertius
1148 1483 1333 1564 prodierint,
1362 1484 1417 1546 sed
1441 1484 1478 1545 ab
1500 1484 1639 1546 undecim
1668 1485 1799 1547 saeculis
1829 1486 1860 1546 iu
1888 1486 2023 1561 actione,

645 1602 704 1664 qua
726 1585 948 1665 religiosiorem
971 1602 1031 1647 non
1053 1583 1146 1646 habet
1167 1582 1316 1660 Ecclesia,
1339 1582 1473 1663 quotidie
1502 1583 1623 1663 publice
1653 1585 1873 1664 pronunciatae
1902 1583 2023 1658 luerint,
2080 1623 2088 1627 -

644 1684 747 1747 verbis
770 1686 809 1746 ita
832 1685 1002 1765 perspicuis
1025 1691 1057 1745 ut
1080 1682 1296 1744 dubitationem
1323 1699 1383 1743 non
1407 1683 1579 1760 admittant,
1608 1685 1635 1745 si
1664 1684 1763 1765 aliqua
1791 1690 1971 1764 superesset
1993 1684 2024 1744 iu

645 1782 828 1863 simpliciore
851 1783 987 1860 formula,
1011 1800 1069 1863 per
1091 1782 1203 1844 alteras
1234 1779 1444 1842 discuteretur.
1495 1782 1607 1843 Verum
1637 1782 1711 1844 istas
1745 1800 1804 1844 neo
1832 1781 2024 1857 hibernans,

644 1902 703 1945 nec
726 1880 906 1956 Salmasius,
938 1899 996 1943 nec
1026 1881 1075 1943 alii
1097 1881 1306 1942 Protastuntes
1329 1881 1510 1963 tetigerunt:
1542 1899 1630 1962 quam
1661 1883 1740 1945 bona
1768 1880 1845 1955 tide,
1875 1881 2024 1944 lectorum

645 1988 712 2045 usto
731 1981 886 2061 judicium.
928 1980 987 2053 Qut
1010 1980 1089 2042 enim
1111 1999 1153 2042 ex
1174 1979 1240 2040 istis
1264 1976 1408 2061 Liturgiis
1431 1978 1545 2042 habere
1567 1998 1602 2043 se
1624 1979 1703 2044 uude
1727 1978 1902 2042 Catholicos
1924 1978 2025 2042 reiel-

644 2080 753 2158 lereut,
777 2088 835 2141 tam
854 2081 1005 2160 jactanter
1028 2077 1221 2154 affirmabant,
1244 2076 1407 2139 Salmasius
1437 2098 1477 2140 ex
1501 2077 1627 2159 Coptica
1659 2079 1813 2162 Gregorii,
1843 2077 2023 2140 hibertinus

645 2198 686 2241 ex
713 2178 910 2260 Aethiopica,
942 2178 1173 2242 Confessionem
1201 2176 1280 2238 illam
1311 2175 1379 2238 iidei
1410 2195 1489 2257 quae
1515 2178 1545 2239 in
1575 2186 1704 2258 utraque
1733 2178 1833 2240 statim
1861 2177 2024 2258 subjuncta

644 2279 816 2361 legebatur,
840 2278 995 2359 explicare
1018 2277 1106 2339 nobis
1130 2274 1290 2340 debebant.
1348 2275 1468 2356 Operae
1492 2277 1603 2357 quippe
1626 2279 1754 2358 pretium
1778 2276 1885 2338 hrisset
1908 2276 2025 2339 dooere

645 2394 714 2455 nos,
736 2379 831 2439 verba
861 2378 983 2458 propria
1015 2385 1046 2438 et
1072 2377 1201 2438 maxime
1223 2375 1442 2457 significantia,
1470 2375 1552 2456 plebi
1581 2376 1670 2454 dicta,
1702 2385 1733 2438 et
1762 2371 2024 2438 demonstratione

647 2475 832 2539 Sacrameuti
856 2477 1033 2557 magnisque
1047 2474 1246 2555 religionibus
1260 2473 1466 2551 determinata,
1489 2493 1551 2537 non
1565 2476 1644 2537 illam
1656 2475 1823 2538 doctrinam
1847 2475 2023 2555 designare,

647 2593 746 2655 quam,
769 2576 905 2655 quisquis
928 2574 1019 2648 audit,
1045 2572 1200 2654 intelligit:
1229 2572 1284 2635 sad
1315 2572 1402 2634 aliam
1431 2575 1551 2654 penitus
1574 2574 1774 2652 contrariam,
1804 2591 1934 2653 eamque
1963 2590 2025 2635 ocu

647 2682 716 2736 ante
740 2675 887 2736 ducentos
911 2691 1004 2736 annos
1027 2680 1137 2750 numm,
1160 2689 1248 2751 quarn
1271 2674 1323 2753 qui
1341 2670 1449 2734 habeat
1472 2673 1502 2734 in
1525 2675 1633 2752 annuo,
1658 2674 1897 2754 quibuscumque
1922 2671 2025 2734 verbis

647 2770 724 2850 aliis,
748 2790 836 2852 quam
858 2771 1002 2835 similibus
1026 2771 1253 2853 exprimendam
1272 2771 1397 2852 judicet.

356 3058 387 3110 r.
405 3058 452 3111 ιι.
470 3057 487 3109 ι
508 3056 550 3108 13.
1009 3047 1185 3118 Sacerdos
1210 3050 1339 3139 occipit
1366 3068 1491 3139 corpus
1518 3046 1655 3117 Christi.

341 3243 491 3298 ⁰⁰¹¹¹¹¹¹¹¹¹¹i⁰
505 3246 633 3315 quomodo
754 3239 791 3316 la
815 3249 1036 3313 Commentario
1059 3250 1097 3312 ad
1120 3251 1206 3312 istam
1221 3248 1367 3330 Copticae
1380 3248 1534 3332 Liturgiae
1549 3258 1675 3329 partem,
1699 3251 1788 3311 ritum
1802 3249 2024 3311 communionis

322 3332 486 3399 percipiatur.
647 3357 720 3417 satis
743 3354 810 3417 fuse
832 3354 1038 3434 exposuimus,
1062 3353 1139 3415 adeo
1162 3361 1195 3414 ιιι
1216 3370 1312 3433 pauca
1335 3351 1462 3415 dicenda
1485 3354 1649 3433 supersint,
1673 3354 1743 3433 quia
1765 3360 1799 3413 ιιι
1821 3354 1923 3413 omnia
1946 3370 2024 3433 quae

647 3454 684 3516 ad
707 3453 922 3516 communionis
946 3452 1131 3532 disciplinam
1155 3458 1308 3532 spectant,
1339 3469 1400 3513 uno
1424 3459 1590 3532 conspectu
1614 3457 1861 3532 exponerentur,
1897 3469 1959 3512 nnn
1988 3467 2025 3510 ea

646 3552 747 3628 modo,
770 3570 848 3633 quae
872 3552 908 3614 ad
933 3551 1068 3632 Coptitas
1091 3551 1216 3631 proprie
1238 3549 1426 3630 spectabant,
1449 3551 1504 3612 sed
1528 3549 1617 3611 etiam
1650 3550 1741 3611 inulta
1773 3550 1859 3629 Syris
1888 3550 2024 3629 propria,

646 3650 734 3713 simul
758 3650 981 3730 explicavimus.
1027 3649 1115 3722 Quod
1138 3652 1231 3730 igitur
1252 3648 1399 3711 Ecclesiis
1427 3649 1564 3711 omnibus
1588 3668 1745 3712 commune
1774 3657 1840 3726 est,
1872 3648 2024 3710 Sacerdos

646 3751 760 3830 primus
784 3750 892 3831 accipit
914 3767 1025 3829 corpus
1049 3748 1169 3823 Christi,
1194 3755 1253 3810 tum
1276 3766 1316 3809 ex
1340 3748 1434 3810 calice
1457 3748 1531 3810 bibit
1553 3749 1732 3829 sanguinem
1756 3747 1878 3810 Christi.
1907 3747 2025 3809 Deinde

646 3846 854 3911 sacerdotibus
877 3849 929 3929 qui
950 3848 1099 3910 sacrificio
1130 3846 1340 3922 interfuerunt,
1364 3865 1480 3909 sacram
1503 3848 1678 3927 particulam
1702 3849 1768 3928 ipse
1792 3847 1941 3927 porrigit:
1969 3863 2025 3907 ca·

647 3947 735 4009 licem
758 3965 878 4028 quoque
901 3947 951 4009 dat
974 3949 1051 4028 ipse,
1076 3948 1126 4009 vel
1157 3946 1328 4024 Diaconus,
1359 3953 1391 4008 ιιι
1425 3966 1465 4008 ex
1495 3964 1533 4009 eo
1564 3947 1677 4008 bibant.
1721 3946 1765 4007 lta
1794 3946 1885 4006 etiam
1914 3943 2027 4006 alicubi

646 4046 840 4108 observatum
864 4046 918 4109 luit
937 4045 975 4109 ad
997 4046 1235 4107 communionem
1250 4045 1376 4109 Diaconi
1399 4045 1609 4120 mbrislrantis;
1633 4046 1725 4127 vulgo
1748 4052 1861 4122 tamen,
1886 4054 1945 4106 tarn
1966 4042 2026 4123 ipsi
2087 4033 2089 4036 ’

648 4163 735 4224 quam
758 4144 901 4208 Diaconis
924 4153 954 4207 et
976 4145 1101 4225 reliquis
1125 4163 1164 4206 ex
1188 4144 1292 4222 Cloro,
1315 4144 1462 4225 particula
1492 4145 1617 4206 intincta
1641 4144 1793 4206 cochleari
1825 4143 2026 4216 distribuitur,

646 4252 754 4324 postea
777 4244 897 4306 tandem
919 4244 1029 4306 Laicis.
1075 4243 1247 4306 Communis
1278 4251 1324 4305 est
1347 4244 1483 4322 Graecis,
1507 4252 1540 4304 ut
1562 4243 1700 4305 omnibus
1731 4242 1880 4305 Ecclesiis
1911 4241 2025 4302 Orien-

646 4344 754 4406 talibus
789 4342 865 4406 haec
894 4342 1069 4424 disciplina,
1102 4361 1190 4423 quam
1227 4343 1331 4422 paucis
1361 4341 1463 4404 verbis
1495 4340 1672 4422 complexus
1701 4349 1749 4403 est
1777 4341 1920 4404 bleletius
1953 4340 2027 4420 liga

359 4427 451 4495 (Μ
464 4426 508 4480 dr.
521 4426 634 4483 ΟΜ·
647 4441 819 4504 Patriarcha
843 4441 1027 4503 Graecorum
1051 4440 1275 4504 Alexandrinus
1314 4422 1420 4504 Τοῦτο
1449 4436 1485 4504 δὲ
1516 4460 1585 4524 παρ
1618 4431 1694 4523 ἡμῖν
1721 4439 1792 4511 τοῖς
1821 4428 2027 4510 ἆνατοιικοῐς

324 4519 369 4564 ⁶⁸⁰
385 4530 411 4582 Ρ
431 4512 492 4565 ¹¹¹
647 4528 1066 4656 circumplectentem
1089 4527 1139 4613 οἷς
1160 4533 1418 4614 visitabam
1388 4559 1436 4614 εις
1458 4560 1496 4603 το
1489 4529 1753 4624 θυσιαστήριον
1766 4537 1883 4612 (τοῦτο
1904 4528 1965 4650 γὰρ
1985 4525 2027 4598 sd

647 4629 735 4725 ἱερὸν
756 4637 862 4723 βῆμα)
894 4635 925 4702 οἱ
947 4627 1231 4725 tenerchebrei
1222 4627 1484 4750 ἅρχιερέιις,’
1463 4661 1483 4722 η
1506 4626 1636 4701 τοῦτόν
1653 4632 1781 4700 ἐκείνου
1803 4627 1910 4701 τόπον
1938 4631 2026 4698 ἐπέ-

647 4757 769 4815 χοντος,
792 4726 912 4811 στολαῖς
927 4731 1170 4817 ἐνδεδυμένοι,
1159 4727 1251 4849 ιερας
1266 4727 1417 4816 μιταξο
1406 4733 1658 4825 ιερονργοῦντες,
1681 4756 1736 4798 και
1725 4732 2025 4848 λειτριρμοῦπες

647 4829 877 4915 ἐκτεταμέναις
897 4837 971 4910 ταῖς
986 4855 1064 4922 χερο
1066 4826 1352 4918 ὶλαμβοὲνουσι
1315 4858 1353 4900 το
1367 4835 1464 4915 σῶμα
1485 4833 1724 4921 τοῦΧριστοῦ
1747 4855 1835 4913 μετα
1857 4829 2025 4902 δὲταῦτα,

647 4954 690 4996 τα
713 4931 806 5019 χειλη
827 4934 875 5018 τῷ
902 4930 980 5048 ιερῷ
1006 4925 1322 5048 προςιτιλάσαντες,
1341 4957 1396 4997 και
1423 4924 1655 5022 προςιίψαντες
1681 4931 1844 5019 ποτνρίῳ,
1872 4923 1912 4995 τὸ
1941 4950 2025 5007 αιμα

648 5020 822 5114 αρύοοοιν·
860 5024 946 5099 αλλα
982 5033 1089 5099 ταῦτα
1125 5026 1322 5121 ἡνωμένα
1308 5054 1424 5121 αμφω,
1461 5023 1519 5096 δια
1552 5053 1643 5107 τινος
1670 5020 1825 5117 ὄργανον,
1858 5025 2025 5118 appodians
