4525 6034
658 565 733 640 rsa
1123 539 1559 650 counnnrrnrns

654 749 803 815 fecarunt.
825 751 885 815 Ista
907 753 1027 817 videtur
1047 752 1184 834 prolecta
1213 757 1390 836 aperitiori
1417 758 1600 838 interprete,
1624 776 1682 821 nec
1704 776 1763 820 una
1794 757 1933 822 fortassis
1956 760 2020 839 luit,

656 851 763 915 multas
786 854 866 916 enim
886 852 1048 916 lectionum
1070 853 1121 916 vel
1144 856 1243 936 potius
1257 871 1366 918 vocum
1382 856 1574 920 diversitates
1589 859 1782 937 manuscripti
1804 857 1932 923 Codices
1948 861 2023 923 sub-

656 953 834 1033 ministrant,
865 953 947 1015 nullo
977 962 1074 1016 tamen
1111 956 1279 1017 sententiae
1314 955 1501 1019 detrimento.
1546 957 1647 1038 Atque
1675 957 1746 1019 inde
1768 960 1895 1051 agnosci
1922 966 2023 1040 potest

657 1061 743 1117 certo
767 1062 858 1135 atque
879 1053 1045 1116 indubitato
1069 1062 1246 1135 argumento
1270 1055 1463 1119 conformitas
1486 1054 1647 1119 Orientalis
1671 1056 1847 1138 disciplinae
1871 1075 1938 1120 curn
1957 1056 2023 1120 lio-

654 1165 753 1233 mana,
782 1172 859 1235 quae
886 1160 946 1215 tam
975 1153 1192 1216 contumeliosa
1220 1172 1237 1216 a
1265 1156 1504 1219 Protastantibus
1534 1158 1683 1240 exagitari
1712 1156 1801 1221 solat.
1846 1157 1920 1219 Nam
1943 1158 2024 1239 apud

655 1251 792 1334 Coptitas
814 1251 906 1315 multo
929 1254 1026 1314 minus
1048 1253 1225 1337 intelligitur
1237 1252 1428 1337 Aegyptiace
1449 1255 1603 1340 liturgiae
1625 1257 1738 1340 lingua,
1762 1275 1850 1337 quam
1864 1256 1969 1319 Latina
1991 1259 2024 1320 in

655 1352 834 1431 Occidente,
856 1353 907 1415 ubi
931 1351 1113 1415 Sacerdotes
1136 1355 1223 1434 pauci
1246 1355 1405 1418 admodum
1434 1363 1515 1435 sunt,
1545 1357 1596 1438 qui
1624 1356 1730 1420 Latine
1753 1358 1899 1419 nesciant.
1943 1354 2025 1421 lntar
2092 1396 2095 1401 -

655 1452 731 1517 alios
753 1453 926 1535 paucissimi
948 1451 1074 1533 Coptica
1097 1453 1205 1532 sciunt,
1228 1454 1310 1535 plebi
1331 1455 1434 1539 lingua
1457 1454 1507 1517 illa
1529 1474 1657 1536 prorsus
1680 1463 1727 1518 est
1751 1455 1889 1519 barbara.
1912 1457 2025 1519 Tamen

656 1553 761 1615 eadem
783 1553 896 1635 lingua,
926 1573 966 1616 ex
996 1552 1108 1633 antiqui
1136 1553 1228 1616 moris
1244 1556 1457 1635 veneratione,
1482 1557 1617 1636 quamvis
1640 1573 1701 1619 non
1724 1555 1876 1618 intellecta
1898 1556 2023 1637 populo,

656 1661 856 1716 conservatur
877 1659 907 1716 in
936 1653 1080 1735 liturgia,
1104 1654 1134 1714 in
1157 1652 1341 1734 Psalmodia,
1372 1656 1402 1718 in
1425 1655 1563 1719 omnibus
1590 1656 1791 1719 sacramentis
1818 1654 2023 1736 perficiendis.

653 1753 718 1816 Nae
742 1753 800 1815 alia
829 1760 875 1816 est
906 1752 1051 1835 Syrorum
1073 1752 1243 1834 disciplina,
1275 1756 1354 1817 inter
1377 1772 1453 1836 quos
1477 1755 1557 1818 docti
1580 1756 1733 1837 Syriacam
1756 1755 1889 1839 linguam
1910 1757 2024 1820 intelli-

651 1862 737 1936 gunt,
762 1872 839 1934 quae
862 1853 1010 1916 illiteratis
1033 1854 1138 1934 ignota
1160 1861 1220 1942 este
1242 1872 1300 1916 nac
1320 1853 1379 1917 alia
1402 1855 1596 1935 Graecorum,
1619 1854 1819 1918 Armanorum
1841 1863 1872 1917 et
1892 1854 2024 1919 Aetbio-

643 1973 723 2037 pum
746 1953 933 2020 consuetudo
956 1959 1012 2017 cst.
1035 1952 1102 2015 llac
1125 1953 1242 2017 accedit
1264 1939 1344 2036 quod
1364 1953 1454 2017 multa
1469 1956 1663 2018 intersacras
1676 1972 1787 2035 preces
1800 1955 1890 2017 etiam
1905 1957 2025 2020 Graece

599 2110 606 2125 ,
656 2055 807 2133 dicuntur,
830 2062 863 2116 ut
884 2056 947 2117 suis
969 2052 1045 2115 locis
1068 2052 1249 2130 notabimus,
1272 2073 1349 2135 quae
1373 2062 1421 2117 est
1443 2056 1625 2136 antiquitatis
1648 2062 1736 2133 nota,
1761 2064 1821 2117 tum
1844 2055 1934 2118 etiam
1956 2057 2024 2119 ori-

653 2154 733 2237 ginis
755 2154 872 2216 illarum
892 2152 1096 2235 liturgiarum
1118 2170 1136 2214 a
1159 2151 1294 2229 Graecis,
1318 2164 1526 2238 argumentum
1547 2155 1755 2219 certissimum.

345 2253 493 2309 nussum
507 2258 641 2325 injusti·
727 2254 852 2327 ‚Extant
873 2253 961 2335 hujus
984 2261 1014 2315 ct
1037 2252 1161 2315 aliarum
1181 2251 1384 2338 Liturgiarum
1407 2254 1598 2337 Copticarum
1626 2255 1811 2336 exemplaria
1838 2254 1869 2315 in
1892 2252 2022 2316 diversis

327 2347 429 2413 turgrae
441 2345 604 2414 exemplaria.
653 2351 846 2416 Bibliothecis
871 2353 963 2415 multa
993 2360 1024 2415 et
1052 2351 1173 2432 quidem
1202 2354 1417 2434 antiquissima,
1448 2355 1563 2436 absque
1592 2354 1653 2417 ulla
1688 2354 1800 2438 insigni
1829 2353 2021 2416 diversitate:

653 2470 754 2532 neque
783 2452 873 2515 ullum
903 2452 983 2533 quod
1015 2453 1122 2533 majori
1150 2461 1285 2534 praestet
1312 2463 1463 2518 vetustate
1493 2446 1731 2534 observavimus,
1763 2457 1794 2516 in
1818 2470 1877 2534 quo
1900 2452 2024 2515 deesset

653 2551 785 2615 Arabica
806 2554 921 2615 versio.
954 2552 988 2615 ld
1011 2558 1108 2615 autem
1131 2553 1312 2617 monendum
1335 2557 1403 2636 quia
1426 2554 1588 2627 nonnullis,
1611 2555 1690 2617 inter
1712 2572 1788 2636 quos
1811 2553 1931 2616 isaacus
1939 2553 2022 2616 Vos-

652 2652 716 2716 sius
739 2651 802 2731 iuit,
826 2651 902 2715 baec
923 2659 994 2715 nota
1017 2652 1200 2733 antiquitatis
1219 2653 1354 2735 judicata
1377 2662 1434 2735 est,
1459 2655 1594 2735 quamvis
1617 2653 1738 2737 quidam
1753 2654 1945 2735 reperiantur
1967 2670 2021 2714 re-

653 2754 818 2816 centissimi
840 2751 955 2834 absque
979 2752 1028 2814 illa
1041 2753 1195 2831 versione,
1219 2760 1249 2815 at
1271 2756 1468 2837 antiquissimi
1490 2754 1570 2817 illam
1587 2762 1828 2836 repraesentent.
1852 2753 1927 2816 Cum
1942 2753 2019 2815 enim

654 2852 797 2933 Copticae
820 2853 903 2916 solae
926 2854 1087 2916 orationes·
1102 2856 1278 2933 recitantur,
1300 2854 1431 2918 Arabica
1453 2856 1556 2918 versio
1575 2854 1727 2937 juvandae
1749 2852 1947 2919 Sacerdotum
1962 2852 2020 2914 im-

651 2955 780 3035 peritiae
802 2954 987 3034 scriptasit,
1009 2962 1043 3016 ut
1064 2961 1095 3015 et
1116 2954 1283 3036 scripturas
1313 2961 1345 3017 et
1374 2954 1510 3036 publicas
1527 2968 1649 3036 'preces
1677 2954 1872 3036 interpretari
1900 2952 1937 3014 ad
1960 2970 2020 3033 po-

650 3054 754 3135 pulum
775 3055 902 3136 possint,
926 3052 1023 3116 iactae
1046 3061 1116 3116 sunt
1137 3055 1295 3118 versiones
1320 3056 1419 3117 statim
1448 3064 1538 3136 atque
1560 3053 1694 3117 Arabum
1722 3054 1825 3135 lingua
1854 3052 2018 3116 eommunis

650 3173 709 3235 per
730 3163 821 3218 totam
842 3155 1016 3236 Aegyptum
1039 3173 1109 3217 esse
1133 3155 1252 3237 coepit,
1276 3154 1356 3235 quod
1380 3162 1449 3218 ante
1472 3153 1595 3217 saecula
1617 3171 1714 3235 prope
1742 3151 1847 3215 decem
1878 3153 2017 3235 contigit:

650 3253 744 3317 libros
767 3264 867 3317 antam
890 3256 941 3334 qui
964 3253 1002 3316 ad
1025 3272 1091 3316 earn
1114 3262 1243 3317 aetatem
1266 3253 1423 3334 accedant,
1445 3254 1643 3336 paucissimos
1671 3270 1742 3315 essa
1770 3256 1870 3315 sciunt
1899 3251 2017 3316 eruditi.
2049 3292 2053 3302 ·

650 3353 762 3417 Omnes
782 3354 883 3435 ,igitur
910 3352 1005 3417 ierme
1034 3361 1095 3416 tam
1123 3352 1280 3438 liturgici,
1311 3373 1399 3436 quam
1430 3372 1536 3418 sacrae
1567 3354 1753 3435 scripturae,
1781 3354 1940 3415 versiones
1962 3353 2018 3416 ad-

646 3452 766 3534 junctas
789 3453 916 3517 habant:
939 3453 1058 3534 quidam
1080 3472 1141 3516 non
1163 3454 1284 3535 habent,
1308 3463 1342 3519 ut
1364 3453 1744 3538 insignisEvangeliorum
1767 3454 1865 3516 codex
1887 3453 2018 3533 scriptus

651 3572 669 3614 a
690 3552 838 3615 Michaele
859 3552 1051 3635 bietropolita
1073 3555 1256 3616 Damiatensi
1286 3556 1319 3629 in
1346 3554 1526 3620 membranis
1548 3561 1617 3617 ante
1641 3571 1735 3616 annos
1759 3554 1942 3637 quingentos
1965 3571 2017 3616 se-
2088 3623 2101 3632 ,

651 3653 817 3734 ptuaginta‚
841 3654 891 3734 qui
914 3662 997 3716 extat
1017 3655 1049 3716 in
1070 3654 1254 3717 Bibliotheca
1277 3655 1384 3739 Regia.

325 3755 514 3811 Paucicodices
522 3758 638 3811 moriem
737 3752 826 3815 Pauci
849 3752 1003 3835 adjunctas
1025 3753 1138 3816 babent
1158 3754 1296 3818 mabricas
1325 3774 1382 3819 seu
1415 3755 1525 3817 breves
1548 3756 1658 3816 rituum
1679 3752 1783 3836 leges:
1807 3753 1937 3834 quaein
1960 3772 2016 3815 an-

324 3842 428 3898 habena
650 3851 740 3933 tiquis
762 3871 858 3935 propa
880 3853 1016 3917 omnibus
1040 3854 1166 3929 desunt;
1189 3873 1277 3935 quam
1299 3855 1546 3918 consuetudinem
1569 3852 1737 3916 observare
1758 3851 1829 3915 licet
1851 3853 1881 3914 in
1904 3853 2016 3917 blissa-

649 3950 728 4013 libus
744 3951 869 4016 Graecis
885 3962 915 4016 et
926 3953 1056 4016 Latinis:
1068 3972 1136 4016 nam
1152 3973 1230 4035 quaa
1245 3954 1283 4017 ad
1304 3957 1362 4018 rite
1384 3952 1792 4037 iungendumSacerdotium
1814 3953 2014 4034 pertinebant,

650 4070 722 4115 sero
745 4052 841 4116 literis
864 4056 1041 4139 consignata
1064 4063 1143 4118 sunt.
1166 4054 1208 4118 At
1228 4057 1414 4118 recentiores
1437 4053 1559 4116 codices
1582 4070 1635 4115 eas
1657 4060 1897 4133 repraesentant,
1921 4073 2015 4135 prae-

648 4153 752 4215 sertim
788 4155 918 4235 optimus
952 4162 983 4217 et
1018 4156 1232 4237 integerrimus
1268 4155 1472 4220 Bibliothecae
1506 4154 1633 4235 Regiae,
1668 4171 1756 4234 quern
1790 4152 2015 4234 interpretando

647 4254 814 4333 praecipue
841 4256 938 4318 secuti
968 4273 1086 4334 sumus,
1116 4274 1156 4318 ne
1184 4255 1256 4336 quid
1285 4256 1323 4318 ad
1352 4257 1462 4318 rituum
1490 4253 1610 4336 planam
1631 4252 1861 4335 intelligentiam
1883 4253 2014 4318 deesset.

646 4353 758 4416 Verum
782 4354 901 4416 aliunde
924 4356 1083 4437 suppletur
1104 4355 1242 4418 delectus
1264 4355 1460 4419 rubricarum.
1481 4353 1556 4416 Nam
1579 4360 1683 4416 extant
1705 4352 1845 4415 inmultis
1860 4352 2014 4417 codicibus

550 4442 553 4447 ’
646 4459 803 4532 tractatus,
827 4454 877 4534 qui
900 4463 1043 4518 accinate
1066 4472 1172 4518 omnes
1195 4454 1362 4536 explicant:
1387 4454 1424 4517 da
1454 4455 1561 4535 quibus
1591 4454 1681 4516 etiam
1710 4452 1906 4533 reperiuntur
1936 4454 2014 4533 apud

527 4560 532 4565 ⁷
646 4561 768 4617 autores
790 4554 898 4617 varins'
913 4556 1024 4638 integri
1048 4556 1261 4620 commentarii.
1296 4556 1377 4618 Talis
1400 4562 1447 4618 est
1470 4572 1558 4634 quem
1581 4555 1668 4635 operi
1689 4570 1745 4616 suo
1766 4553 1893 4615 inseruit
1915 4551 2016 4616 Abul-

645 4654 757 4716 bircat:
795 4653 991 4735 eamdemque
1026 4654 1213 4736 disciplinam
1250 4653 1350 4717 multis
1391 4653 1539 4734 capitibus
1575 4652 1769 4734 prosequitur
1804 4650 1950 4716 Abuseba
1986 4656 2016 4717 in

647 4756 778 4820 Scientia
801 4753 1027 4818 Ecclesiastica:
1060 4763 1090 4819 et
1112 4755 1264 4837 Anonymi
1289 4773 1351 4819 non
1372 4756 1469 4836 panai.
1505 4752 1566 4818 Sed
1588 4755 1743 4816 maximam
1765 4750 1824 4814 boc
1846 4752 1876 4815 in
1899 4770 2015 4834 genere

645 4855 855 4937 publicamque
883 4857 1072 4919 autoritatem
1101 4855 1193 4918 babet
1218 4854 1344 4918 liitualis
1372 4855 1450 4918 liber
1479 4853 1629 4917 Gabrielis
1655 4851 1847 4915 Patriarcbaa
1875 4851 2015 4916 Alexan-

647 4957 724 5019 drini
745 4954 950 5018 Jacobitarom
969 4953 1020 5019 88.
1046 4954 1143 5018 editus
1166 4973 1213 5017 an.
1247 4958 1411 5038 Martyrum
1435 4953 1529 5018 1127.
1552 4953 1579 5017 l.
1603 4951 1637 5018 C.
1662 4949 1755 5016 titt.
1779 4953 1810 5014 in
1833 4967 1893 5034 quo
1916 4952 2015 5014 omnia

645 5056 870 5119 accuratissime
893 5055 1131 5136 perscribuntur,
1156 5062 1188 5118 ct
1210 5074 1249 5118 ex
1271 5055 1322 5118 illo
1345 5055 1510 5137 plerosque
1531 5056 1607 5118 ritus
1631 5052 1853 5134 descripsimus.
