4525 6034
505 625 627 704 uinci
652 624 951 704 PRAEDIGATORIS
977 626 1025 704 ut
1050 625 1348 706 EVANGEHSTlt'.
1543 627 1617 703 183

239 814 419 888 Dominum
445 824 609 902 nostrum,
637 836 712 886 cum
739 835 805 908 quo
832 824 867 886 te
893 814 991 887 decet
1016 811 1144 907 gloria,
1171 823 1206 887 et
1230 811 1357 904 honor,
1385 821 1419 886 et
1443 816 1617 912 imperium

239 952 314 1001 cum
342 930 466 1028 Spiritu
492 941 560 1003 tuo.

343 1047 506 1140 Populus.
532 1047 653 1119 Arnen.

348 1162 533 1235 Sacerdos.
560 1163 644 1234 Pax.

346 1279 509 1372 Populus.
535 1276 680 1350 Etcum
706 1278 822 1373 spiritu
849 1286 917 1347 tuo.

345 1394 531 1466 Sacerdos.
558 1391 812 1467 Misericordiae
839 1394 913 1465 sint.

345 1510 533 1582 Diacouua.
562 1509 647 1583 Cum
674 1512 802 1581 timore.

346 1625 532 1697 Sacerdos.
560 1624 686 1696 Sancta
713 1625 848 1711 sanctis,
876 1633 938 1695 etc.

343 1741 506 1835 Papum.
534 1740 627 1813 Unus
654 1741 764 1812 Pater.

345 1856 535 1928 Diaconos.
563 1854 698 1928 Stemus
726 1854 894 1929 decenter.

343 1970 529 2044 Sacerdos.
557 1969 762 2044 confitemur
787 1970 863 2059 ubi,
890 1970 1068 2044 adoramus
1094 1978 1147 2056 te,
1175 1978 1209 2040 et
1234 1969 1361 2061 gratias
1389 1972 1519 2061 agimus
1545 1967 1616 2057 tibi,

237 2086 363 2160 multae
389 2088 649 2175 misericordiae,
677 2098 712 2159 et
737 2091 877 2180 gratiae,
904 2108 992 2158 nune
1007 2109 1082 2158 curn
1108 2106 1174 2158 nos
1200 2083 1322 2177 dignos
1347 2082 1467 2171 iecisti,
1494 2106 1616 2156 come-

240 2202 340 2275 dendi
367 2225 491 2300 corpus
519 2215 667 2276 sanctum
693 2206 853 2295 unigeniti
879 2202 956 2273 Filii
983 2205 1044 2288 tui,
1072 2211 1106 2273 et
1131 2199 1267 2274 bibendi
1301 2203 1497 2294 sanguinem
1531 2203 1616 2293 ejus,
1674 2275 1677 2280 Α

237 2340 378 2414 purum,
405 2328 440 2390 et
466 2330 624 2391 sanctum.
677 2319 749 2391 Fac
775 2319 935 2407 Domine,
961 2330 998 2391 ut
1024 2319 1145 2413 pignus
1176 2316 1241 2388 hoc
1272 2319 1306 2388 in
1339 2316 1437 2389 nobis
1472 2326 1616 2402 mancat,

238 2444 274 2505 et
299 2437 342 2507 sit
366 2431 464 2507 nobis
490 2438 524 2506 in
550 2438 837 2532 propitiationem,
865 2445 900 2506 et
923 2437 1029 2507 vitam
1053 2455 1197 2523 novam,
1231 2455 1299 2507 non
1333 2435 1368 2503 in
1403 2431 1616 2504 condemna-

237 2551 385 2640 tionem,
412 2559 447 2621 et
472 2561 612 2622 mortem
639 2561 825 2638 aeternam,
852 2560 889 2621 ut
913 2560 1053 2646 propter
1080 2552 1191 2622 omnia
1218 2556 1274 2621 tua
1302 2569 1386 2640 erga
1411 2568 1476 2620 nos
1502 2546 1616 2620 bene-

238 2664 336 2752 ficia,
363 2659 717 2761 gloriamperpctuam
732 2665 918 2740 referamus
943 2665 1016 2752 tihi,
1044 2675 1078 2737 et
1098 2667 1270 2757 unigenito
1289 2662 1375 2735 Filio
1403 2672 1472 2750 tuo,
1499 2660 1615 2758 Spiri-

237 2782 354 2875 tuique
379 2790 436 2852 tuo
464 2785 693 2870 sanctissimo,
721 2791 756 2854 et
780 2780 879 2854 bono.

343 2896 505 2990 Populus.
532 2898 652 2969 Amen.

343 3009 529 3084 Sacerdos.
558 3012 643 3083 Pax.

345 3126 507 3219 Populus.
534 3126 689 3199 Etcum.

344 3241 533 3315 Diaconos.
560 3243 683 3316 Iterum
711 3254 745 3315 et
770 3246 898 3315 iterum.

343 3354 527 3431 Sacerdos.
555 3356 689 3431 Christe
715 3357 794 3429 Rex
819 3355 959 3450 gloriae,
988 3353 1258 3427 commendamus
1271 3353 1332 3427 ubi
1350 3336 1502 3446 regimen
1521 3356 1614 3425 vitae

236 3482 394 3546 nostrae:
421 3472 475 3544 iac
502 3485 538 3546 ut
564 3496 680 3546 onrnes
707 3494 771 3545 nec
797 3475 929 3564 tentati,
956 3492 1020 3541 nec
1053 3470 1185 3565 spoliati
1220 3468 1262 3541 ab
1295 3468 1391 3542 hoste
1425 3474 1545 3557 sirnus,
1581 3480 1616 3541 et

238 3588 371 3662 eilunde
397 3611 586 3684 supernos
612 3588 872 3661 misericordiam
900 3598 989 3659 tuam
1004 3584 1391 3680 incomprehensibilem,
1419 3596 1454 3656 et
1478 3588 1614 3657 unicui·

237 3727 305 3800 que
332 3714 481 3777 nostrum
508 3705 597 3801 quod
623 3708 686 3801 ipsi
721 3705 949 3777 necessarium
976 3710 1043 3787 est,
1070 3699 1231 3772 concede.
1287 3698 1428 3772 Omnem
1462 3700 1614 3773 adoran-

235 3824 317 3893 tium
344 3831 378 3891 te
403 3824 700 3914 congregationem
726 3816 860 3906 robora,
888 3828 921 3889 et
939 3816 1078 3908 adjuva:
1107 3838 1208 3888 senes
1236 3815 1394 3887 confirma
1421 3836 1483 3909 per
1508 3824 1613 3910 pote-

237 3948 359 4010 statem
387 3949 473 4009 tuam
500 3958 673 4028 magnam3
697 3940 842 4029 juvenes
870 3934 1003 4004 contine
1037 3933 1072 4001 in
1107 3931 1347 4004 observatione
1383 3930 1611 4002 sollicitudinis

238 4056 344 4145 (erga
371 4052 466 4143 illos)
494 4062 586 4124 tuae:
613 4073 737 4147 pueros
765 4050 888 4137 educa3
924 4058 959 4119 et
984 4048 1108 4118 instrue
1145 4047 1296 4119 doctrina
1332 4056 1387 4117 tua
1421 4045 1548 4117 divina:
1581 4054 1615 4116 ct

237 4190 357 4242 onures
383 4168 526 4261 obsigna
553 4170 677 4239 invicta
704 4188 805 4238 cruce
830 4175 898 4252 tua,
925 4173 960 4236 ut
974 4161 1160 4234 reseramus
1175 4159 1231 4233 tilri
1246 4159 1398 4253 gloriam,
1426 4159 1613 4231 etlaudem.

342 4283 505 4377 Populus.
531 4283 654 4370 Arnen,

343 4400 527 4471 Sacerdos.
554 4398 703 4470 Benedic
730 4395 827 4469 nobis
855 4393 1016 4469 omnihus.

343 4518 531 4589 Diaconos.
558 4514 768 4586 Benedicam.

616 4790 723 4862 Aliae
751 4787 935 4858 Orationes
962 4807 1011 4855 cc
1038 4782 1119 4853 Cod.
1146 4782 1226 4852 Mea.

344 4981 427 5065 Quis
454 4980 597 5075 reperiri
622 4984 741 5073 posset
773 4979 858 5046 iuter
889 4970 1041 5045 homines
1069 4974 1124 5066 qui
1150 4970 1259 5067 possit
1293 4966 1393 5059 digna
1427 4965 1615 5061 rependere

234 5098 367 5190 gratiae
394 5106 491 5185 tuae,
525 5091 696 5165 Domine?
730 5093 785 5188 qui
817 5088 915 5162 nobis
943 5088 1058 5178 rnalis,
1097 5094 1131 5158 et
1164 5083 1305 5177 abjectis
1342 5081 1461 5156 dedisti
1494 5080 1616 5153 donum
