4525 6034
669 506 746 580 272
956 493 961 502 ⁸
1245 506 1477 583 NOTAE

669 698 774 753 rectae
801 687 871 752 lidei
898 707 985 769 mam
1016 689 1134 751 llaruta
1166 688 1365 769 profitebatur
1392 687 1474 752 illam
1503 694 1669 755 convenire
1696 690 1886 756 manifestum
1917 700 1985 771 est,
2015 702 2044 757 et

671 789 737 869 ejus
760 786 899 850 saeculo:
922 806 1022 868 neque
1045 787 1083 849 de
1105 787 1185 850 illius
1208 789 1382 870 antiquitate
1405 797 1436 851 et
1459 791 1619 854 autoritate
1643 790 1848 854 dubitandum.
1901 792 1986 855 llaec
2009 793 2045 857 de

669 887 787 951 Matuta
809 885 915 965 fusius,
938 885 1018 968 quod
1042 886 1131 948 obvia
1154 903 1215 948 non
1238 895 1318 966 sunt,
1343 888 1433 950 etad
1457 889 1662 952 illustrandam
1682 898 1800 971 partem
1812 889 1956 963 historiae
1971 910 2045 973 quae

669 984 751 1048 illum
774 993 903 1065 spectat,
927 1004 1041 1048 summe
1064 986 1247 1049 necessaria.
1293 987 1421 1050 Possent
1443 989 1523 1050 enim
1545 989 1596 1069 qui
1619 989 1746 1069 syriace
1767 989 1881 1066 sciunt,
1913 989 2043 1074 legendo

668 1082 836 1165 Liturgiam
858 1092 891 1146 ut
913 1084 1026 1146 Romae
1049 1083 1130 1147 edita
1153 1092 1209 1164 est,
1237 1084 1326 1147 alium
1355 1085 1514 1167 quemdam
1535 1087 1684 1150 llarutam
1707 1092 1874 1168 quaerere,
1904 1089 1958 1168 qui
1981 1106 2044 1151 cum

669 1183 848 1262 Philoxeno,
871 1184 997 1262 Jacobo,
1021 1184 1162 1247 Anthimo
1186 1192 1217 1246 et
1239 1184 1305 1246 aliis
1329 1183 1408 1247 idem
1430 1187 1574 1264 senserit,
1597 1203 1667 1248 nam
1688 1188 1768 1249 inter
1790 1203 1845 1249 eos
1868 1186 2045 1262 collocatur,

671 1282 760 1343 etiarn
783 1299 850 1344 cum
872 1283 1009 1362 blarone,
1032 1285 1063 1345 in
1086 1281 1263 1363 quibusdam
1282 1282 1517 1363 exemplaribus.
1539 1284 1584 1347 lta
1607 1287 1657 1365 qui
1680 1285 1841 1348 editiorm
1864 1293 2045 1349 cruareruut

672 1388 810 1443 sanctum
831 1382 914 1444 illum
943 1401 1029 1446 suurn
1050 1381 1196 1445 lacobitis
1227 1382 1465 1464 conjunxerunt,
1497 1384 1646 1465 aquibus
1672 1392 1771 1446 tamen
1801 1400 1863 1446 non
1891 1385 2045 1465 recipitur,

671 1480 727 1541 sed
749 1489 781 1542 ut
803 1480 1066 1543 Monothelitarum
1089 1482 1232 1562 princeps
1254 1482 1399 1563 rejicitur.

887 1770 922 1840 2.
963 1768 1093 1840 Panem
1115 1773 1356 1862 femceututum
1382 1773 1519 1863 occepit
1544 1773 1580 1839 iu
1605 1793 1724 1841 mouue
1749 1792 1838 1841 utos.

784 1958 860 2036 loru
889 1970 999 2054 legitur
1029 1973 1059 2034 in
1088 1972 1265 2054 quibusdam
1293 1971 1439 2056 liturgiis
1470 1970 1619 2053 Syriacis,
1649 1978 1682 2033 ut
1711 1971 1820 2053 Ignatii
1851 1971 2042 2035 Patriarcbue

670 2073 853 2137 Antiocheni
885 2073 936 2135 suti
966 2073 1089 2137 Wabib:
1122 2074 1267 2156 quaedam
1301 2075 1413 2138 habent
1440 2094 1549 2155 ponem
1568 2073 1754 2154 perlectum,
1783 2075 1865 2155 quod
1888 2074 1968 2137 idem
1990 2083 2042 2152 est,

670 2192 748 2255 quae
770 2171 865 2234 verba
887 2173 1027 2235 novitatis
1051 2180 1101 2235 aut
1122 2174 1362 2254 interpolationis
1375 2182 1477 2237 notam
1491 2172 1677 2254 praeierunt.
1707 2173 1783 2235 Nam
1797 2173 2042 2236 blarutaeaetate

671 2272 710 2335 de
732 2272 849 2352 Azymo
872 2279 904 2335 et
926 2273 1118 2335 Fermentato
1142 2273 1350 2334 controversia
1372 2270 1454 2333 nulla
1477 2279 1552 2334 erat.

701 2563 737 2634 3.
773 2565 948 2657 Accipite,
966 2564 1182 2654 manducate,
1209 2566 1353 2656 credite,
1370 2568 1458 2636 certi
1477 2569 1596 2650 estote,
1613 2564 1821 2656 praedicate
1840 2569 1878 2633 et
1893 2564 2019 2634 docete.

791 2752 927 2830 lmoauu
950 2768 1114 2829 verborum
1138 2765 1328 2848 adJunctione
1352 2767 1503 2848 eorrumpi
1525 2784 1612 2830 sacra
1635 2764 1729 2827 verba
1750 2765 1891 2828 Christus
1915 2784 2042 2846 pronun-

671 2870 771 2944 ciavit,
794 2875 825 2930 et
847 2887 924 2949 quae
948 2869 985 2931 ad
1010 2869 1271 2932 consecrationem
1287 2869 1501 2951 perficiendam
1514 2870 1642 2931 maxime
1658 2870 1822 2949 pertinent,
1846 2885 1940 2930 nemo
1962 2867 2041 2930 laeile

653 2968 866 3032 existimabit:
889 2971 1026 3051 quamvis
1049 2989 1089 3032 ex
1111 2969 1244 3032 Romana
1267 2969 1399 3032 editione
1421 2968 1539 3031 sublata
1562 2969 1631 3029 sint.
1667 2967 1883 3029 Verumtamen
1901 2968 2041 3042 eximiam,

672 3073 704 3128 et
727 3083 786 3147 qua
809 3068 905 3151 magis
928 3068 1090 3148 perspicua
1113 3086 1185 3131 esse
1207 3068 1287 3131 nulla
1310 3076 1426 3148 potest,
1451 3069 1605 3130 continent
1628 3067 1768 3146 adjuncta
1790 3065 1840 3128 illa
1863 3066 1962 3129 verba
1983 3065 2043 3127 idei

672 3164 710 3227 de
733 3165 924 3229 Eucharistia
947 3166 1188 3243 confessionem3
1216 3166 1333 3229 scilicet
1362 3174 1395 3228 ut
1418 3166 1539 3229 Christo
1569 3167 1637 3247 ipso
1660 3166 1785 3227 doctore
1809 3172 1843 3227 et
1863 3166 2040 3243 interprete,

671 3263 814 3327 credatur
835 3264 960 3326 firmiter
982 3273 1013 3327 et
1035 3266 1243 3347 praedicetur,
1275 3257 1384 3346 panem
1412 3273 1443 3328 et
1473 3265 1615 3348 calicem,
1645 3282 1715 3326 esse
1744 3264 1844 3343 ipsum
1874 3281 1986 3344 corpus
2013 3268 2041 3322 et

671 3365 849 3444 sanguinem
873 3366 952 3445 ejus:
977 3383 1089 3444 corpus
1112 3373 1211 3427 autem
1235 3365 1315 3446 quod
1335 3365 1504 3445 frangitur,
1527 3363 1594 3440 vel,
1618 3372 1650 3426 ut
1673 3361 1763 3426 habet
1785 3361 1843 3424 alia
1866 3362 1968 3438 lectio,
1988 3379 2042 3422 su-

671 3461 828 3538 crificutur
850 3471 880 3525 et
901 3464 1088 3525 immolabor:
1111 3462 1192 3545 quod
1214 3469 1248 3525 ul
1269 3464 1299 3525 in
1321 3463 1406 3547 liguo
1429 3465 1529 3524 crucis
1551 3460 1662 3523 lactum
1684 3469 1749 3537 est,
1773 3462 1803 3522 in
1826 3460 1915 3523 altari
1937 3462 2042 3542 pan'ter

671 3559 719 3620 lit:
750 3560 897 3641 simulque
928 3570 1112 3643 agnoscatur
1141 3564 1307 3626 doctrinam
1336 3566 1422 3625 istum
1457 3570 1488 3624 et
1519 3561 1657 3625 sacrificii
1691 3558 1880 3640 disciplinam
1915 3559 1952 3621 ab
1979 3561 2041 3639 ipso

674 3653 794 3720 Christo
816 3677 873 3739 per
894 3658 1072 3740 Apostolos,
1095 3661 1133 3723 ad
1154 3661 1322 3724 Ecclesiam
1345 3663 1533 3743 pervenisse.

1071 3955 1105 4024 l.
1146 3954 1325 4027 Iuoocutio
1352 3954 1504 4047 Spiritus
1529 3955 1651 4022 auucli.

782 4140 881 4218 lucan
904 4154 1071 4217 orationem
1095 4158 1301 4235 expressimus
1324 4156 1490 4219 secundum
1513 4163 1684 4217 accuratam
1693 4153 1839 4217 Codicum
1851 4154 1923 4217 Mss.
1937 4154 2039 4216 lectio·

671 4274 752 4331 nem,
776 4274 793 4317 a
815 4274 874 4337 qua
897 4257 1018 4339 longius
1041 4257 1103 4320 abit
1124 4277 1162 4321 ea
1177 4276 1265 4340 quam
1277 4259 1375 4322 Editio
1388 4259 1520 4322 Romana
1533 4266 1755 4339 repraesentat.
1786 4257 1832 4320 De
1845 4257 1896 4320 illa
1911 4259 2039 4319 oratione

672 4354 783 4416 dictum
812 4362 860 4417 est
882 4354 920 4417 ad
941 4355 1043 4417 Basilii
1067 4354 1223 4437 Copticam
1245 4357 1427 4441 liturgiam,
1459 4366 1490 4420 et
1512 4356 1551 4418 ad
1573 4375 1639 4420 eam
1661 4355 1766 4419 iacobi
1789 4354 1892 4419 fratris
1912 4356 2038 4419 Ilomiui:

673 4452 754 4515 unde
777 4470 854 4532 quae
877 4453 957 4515 illam
980 4455 1164 4537 generaliter
1186 4464 1326 4537 spectant
1348 4466 1490 4538 repetere
1511 4473 1640 4519 necesse
1663 4472 1723 4518 non
1746 4463 1804 4535 est,
1829 4474 1897 4518 curn
1912 4454 2038 4517 omnibus

673 4552 889 4632 cujuscumque
911 4551 1085 4631 Ecclesiae,
1115 4555 1209 4631 rituS,
1240 4564 1291 4617 aut
1311 4555 1434 4637 linguae
1455 4555 1601 4638 Liturgiis
1625 4557 1815 4618 conveniant.
1861 4555 1914 4617 llic
1934 4554 2039 4618 obser·

672 4649 802 4711 vandum
824 4641 1006 4731 praecipue,
1039 4652 1119 4732 quod
1143 4662 1306 4734 usurpetur
1335 4673 1399 4717 vox
1428 4637 1541 4743 anttt
1566 4660 1762 4731 transmutet,
1792 4661 1825 4715 ut
1855 4655 1886 4715 in
1912 4652 2039 4732 Liturgiu

670 4746 812 4827 Nestorii,
837 4756 868 4811 et
891 4750 920 4810 in
942 4749 1109 4813 Jacobitica
1130 4752 1238 4814 iacobi
1261 4753 1459 4835 Serugcnsis:
1483 4752 1521 4814 ad
1531 4752 1725 4816 imitationem
1738 4752 1894 4835 liturgiae
1910 4751 2037 4813 Graecae

671 4844 891 4928 Chrysostomi.
922 4847 1016 4931 Igitur
1039 4868 1080 4911 ex
1101 4853 1216 4914 autoris
1240 4854 1419 4934 quicumque
1443 4852 1543 4929 luerit,
1566 4859 1597 4913 et
1619 4866 1724 4912 eorum
1746 4852 1799 4931 qui
1813 4851 1872 4914 boc
1885 4850 1980 4914 Obicio
1993 4848 2037 4909 usi

668 4940 800 5026 luerunt,
815 4948 975 5027 sententia,
994 4948 1212 5027 duumuirum,
1226 4952 1385 5032 complere,
1393 4953 1549 5031 perficere,
1562 4949 1669 5028 fucere
1681 4961 1752 5016 tetro
1769 4932 1866 5016 ’Sutrii
1883 4961 1949 5016 'mu
1966 4957 2036 5019 7:90
