4525 6034
699 625 772 700 190
1174 623 1589 701 COMMENTARIUS

694 810 848 874 literarum
871 810 991 892 publice
1023 810 1202 892 scriptarum
1231 808 1398 887 exemplum
1425 809 1577 889 reperitur
1606 809 1637 871 in
1664 805 1827 871 Pontificali
1854 807 2049 891 Seguieriauo,

696 909 831 989 Graece,
857 910 983 990 Coptica
1007 916 1037 972 et
1058 908 1203 975 Arabiae.

404 1033 531 1087 emm,
554 1051 586 1088 ε,
604 1033 682 1088 Glos-
783 1009 920 1075 Suaderc
944 1026 1064 1089 quoque
1087 1009 1116 1071 id
1140 1014 1267 1090 possunt
1290 1006 1347 1068 alia
1375 1004 1488 1067 diversi
1515 1007 1640 1088 generis
1671 1006 1709 1069 ab
1735 1006 1792 1069 illis
1822 1024 1899 1086 quae
1928 1024 2050 1070 comme-

369 1123 453 1176 antia
694 1110 876 1174 moravimus
911 1108 1065 1171 Glossaria
1099 1105 1240 1190 Coptica,
1275 1124 1352 1188 quae
1384 1112 1488 1168 extant
1518 1107 1549 1167 in
1577 1106 1707 1170 diuersis
1735 1106 1938 1170 bibliothecis.
1985 1107 2050 1170 Cum

694 1210 775 1272 enim
805 1208 862 1271 alia
896 1225 991 1270 voces
1026 1207 1232 1290 Aegyptiacus
1272 1207 1444 1268 contineant
1471 1205 1604 1270 Arabica
1642 1207 1813 1288 expositas,
1843 1206 1901 1269 ista
1930 1205 2050 1268 Graecas

694 1307 803 1370 multas
834 1314 864 1370 et
895 1305 1015 1388 quidem
1042 1307 1264 1389 uulgatissimas
1293 1305 1415 1389 lingulae
1443 1305 1626 1386 particulae,
1657 1304 1782 1386 Coptica
1811 1305 1924 1386 primo,
1954 1303 2050 1367 deinde

694 1408 826 1470 Arabiae
850 1407 1014 1487 expositas.
1059 1405 1124 1469 liae
1147 1415 1247 1468 autem
1276 1404 1402 1467 Glossae
1431 1422 1516 1467 usum
1539 1403 1652 1467 habere
1684 1404 1795 1467 nullum
1823 1412 1975 1485 poterant,
2001 1404 2051 1466 nisi

695 1506 733 1568 ad
756 1506 872 1569 Graeca
895 1507 1042 1587 legenda:
1065 1524 1165 1587 neque
1188 1504 1305 1583 omnia,
1328 1503 1382 1566 sed
1406 1522 1442 1566 ea
1465 1504 1562 1567 solum
1585 1523 1662 1586 quae
1675 1505 1712 1567 ad
1725 1503 1955 1567 Ecclesiasticus
1967 1502 2050 1565 libros

692 1606 900 1685 pertinebant3
923 1605 1004 1668 unde
1025 1624 1116 1667 unum
1140 1624 1180 1668 ex
1201 1605 1265 1667 istis
1282 1602 1443 1666 Glossariis
1465 1604 1554 1666 scala
1565 1603 1785 1667 Ecclesiastico
1795 1604 1943 1666 Saluidica
1953 1601 2051 1683 appel-

693 1704 788 1782 latur,
811 1705 881 1785 quia
903 1704 1020 1767 scilicet
1048 1703 1222 1767 continebat
1250 1720 1345 1765 voces
1374 1722 1414 1765 ex
1442 1705 1537 1766 sacris
1565 1702 1649 1767 libris
1680 1703 1870 1786 depromtas,
1902 1709 1933 1764 et
1958 1702 2050 1784 lingua
2114 1732 2121 1739 ·

692 1804 807 1881 Sabid,
843 1822 899 1867 seu
933 1802 1109 1878 Thebaidis,
1144 1823 1222 1885 quae
1254 1803 1361 1884 purior
1394 1809 1477 1881 erat,
1508 1802 1685 1884 explicatas.
1742 1801 1940 1885 Coujecturas
1966 1817 2050 1882 porro

692 1913 813 1966 nostras
835 1903 956 1984 adjuvat
979 1904 1179 1966 testimouium
1202 1904 1290 1966 unius
1313 1903 1460 1984 ejusmodi
1484 1901 1678 1966 Collectionis
1700 1902 1892 1985 glossarum,
1919 1901 2000 1980 cujus
2024 1899 2051 1961 in

692 2002 879 2082 praefatione
901 2004 946 2065 sic
967 2000 1112 2066 habetur:
1142 2002 1303 2084 Antiquam
1324 2022 1439 2064 moran
1465 2001 1564 2081 fuisse
1592 2009 1626 2063 at
1654 2004 1803 2064 sectiones
1832 2019 1876 2062 eor
1905 2001 2051 2078 sosipatris

691 2100 861 2181 leqerentur
882 2102 1016 2178 Graece,
1038 2111 1269 2183 sequereturque
1287 2101 1414 2182 Coptica
1427 2103 1653 2181 interpretatio,
1674 2102 1764 2182 idque
1777 2099 1896 2179 factam
1907 2107 2052 2180 antequam

689 2202 753 2262 ulta
774 2204 895 2263 manino
917 2202 1000 2281 apud
1021 2200 1215 2263 Cbristianos
1234 2200 1318 2280 foret
1337 2198 1493 2263 habiens
1514 2201 1634 2281 linquae
1656 2202 1796 2281 coasilio.
1843 2199 1969 2279 Sedper
1987 2201 2053 2261 ati-

689 2317 810 2360 osrsarn
830 2298 1011 2383 Aeqyptum,
1040 2303 1204 2381 nmquitus
1233 2300 1400 2362 Christiani
1425 2299 1562 2380 tepebant
1587 2301 1749 2361 sectionem
1777 2299 1912 2375 Graece,
1941 2317 2051 2379 saraque

692 2397 814 2477 Coptica
841 2400 1036 2477 explicabant
1056 2408 1086 2462 et
1104 2409 1212 2479 postea
1233 2401 1342 2475 aliam
1371 2400 1450 2460 meua
1474 2418 1563 2477 nane,
1592 2399 1693 2479 lequnt
1712 2401 1877 2461 sationem
1900 2397 2050 2479 Copticarn,

691 2506 721 2559 et
742 2515 809 2567 eam
830 2495 964 2560 mattae
985 2501 1231 2579 interpretantur.
1276 2499 1381 2579 ltaque
1405 2517 1445 2560 ex
1467 2515 1505 2560 eo
1527 2498 1697 2565 testimonio
1712 2496 1874 2579 mrdtisque
1888 2497 1952 2559 aliis
1965 2513 2052 2578 arqu-

690 2596 798 2657 meutis
822 2603 950 2672 constat,
973 2615 1059 2660 usum
1082 2597 1194 2680 duplici
1216 2598 1319 2679 linqua
1342 2598 1508 2677 scripturas
1530 2596 1654 2679 legendi
1677 2614 1746 2659 esse
1768 2598 1799 2659 in
1812 2594 2050 2681 Aegypto'vetu·

691 2694 851 2757 stissimum
873 2695 1158 2779 Muhamedanisquc
1176 2696 1362 2779 temporibus
1385 2696 1583 2777 superiorem.
1629 2694 1695 2757 Jam
1716 2713 1792 2759 vero
1814 2696 1847 2757 iu
1869 2699 1986 2777 antiqua
1995 2694 2048 2770 illa,

690 2801 724 2856 ut
746 2801 777 2856 et
797 2795 914 2857 recenti
936 2794 1092 2877 disciplina
1114 2796 1354 2860 animadvertere
1376 2797 1448 2859 licet
1475 2814 1563 2858 usum
1590 2795 1713 2878 ignotae
1734 2795 1858 2879 linquae
1886 2814 1972 2877 quem
1996 2791 2050 2855 Ca-

690 2891 809 2956 tholicis
831 2893 1037 2959 Protestautes
1060 2903 1119 2958 tam
1142 2895 1253 2960 acerbe
1276 2894 1411 2977 objicere
1433 2894 1549 2975 solent,
1572 2894 1652 2977 apud
1675 2894 1845 2958 Orientales
1878 2914 1937 2958 uon
1964 2894 2049 2955 minus

691 3012 779 3075 quam
806 2994 884 3075 apud
907 3013 963 3058 nos
985 2996 1108 3080 vigere,
1132 2996 1191 3057 imo
1215 2996 1303 3058 etiam
1326 2994 1418 3057 multo
1440 2996 1547 3077 magis.
1592 2995 1668 3057 Nam
1689 2996 1750 3057 rari
1780 3001 1851 3157 sqqt
1882 2993 2048 3059 Sacerdotes

690 3095 741 3176 qui
763 3094 869 3156 Latine
892 3112 1019 3175 prorsus
1042 3096 1198 3174 nesciant,
1221 3095 1316 3178 magis
1338 3096 1400 3156 rari
1422 3094 1502 3174 apud
1525 3094 1698 3177 Aegyptios
1726 3095 1777 3177 qui
1827 3096 1928 3177 optice
1950 3093 2048 3157 sciant:

688 3194 767 3256 inter
796 3194 905 3257 Laicos
932 3193 1027 3255 senne
1053 3194 1143 3258 nulli:
1172 3214 1228 3258 nec
1257 3203 1356 3257 tamen
1378 3194 1492 3258 ideirco
1522 3194 1661 3257 desinunt
1692 3193 1885 3278 Aegyptiace
1911 3192 2048 3275 Liturgias

689 3292 847 3356 celebrare
869 3312 956 3373 suas,
979 3301 1030 3356 aut
1051 3296 1217 3375 scripturas
1241 3294 1346 3357 eadem
1368 3293 1472 3375 lingua
1486 3292 1606 3375 publice
1626 3293 1742 3376 legere.
1787 3294 1830 3357 lta
1846 3291 2047 3377 quoqueSyri,

689 3411 815 3474 quorum
838 3393 896 3474 ipsi
919 3392 1101 3458 Sacerdotes
1122 3393 1181 3455 uisi
1203 3393 1300 3472 docti,
1325 3392 1430 3474 Syram
1443 3391 1573 3475 linguam
1587 3393 1640 3454 vix
1654 3392 1834 3476 intelligunt.
1871 3393 2047 3456 lmoNesto-

688 3493 797 3571 rianis,
820 3493 871 3573 qui
893 3509 953 3554 non
979 3491 1036 3554 alia
1057 3492 1160 3577 lingua
1183 3493 1214 3555 in
1236 3493 1331 3555 sacris
1353 3498 1475 3555 utuntur
1497 3492 1652 3576 singulare
1674 3492 1747 3555 illud
1773 3492 1845 3572 fuit,
1879 3493 1956 3575 quod
1978 3509 2046 3568 eam,

688 3593 871 3673 ubicumque
890 3590 1044 3655 Ecclesias
1066 3590 1235 3656 habuerunt
1264 3593 1295 3655 in
1323 3592 1464 3670 Perside,
1494 3591 1646 3671 Tartaria,
1678 3589 1761 3655 ludia
1792 3600 1823 3655 et
1850 3590 2045 3656 remotissimis

688 3693 881 3776 regionibus,
903 3699 1141 3772 usurpaverunt,
1165 3694 1223 3755 etsi
1245 3692 1334 3775 plane
1356 3692 1490 3773 ignotam
1513 3698 1543 3754 et
1553 3694 1755 3774 peregrinam,
1778 3710 1840 3755 non
1862 3691 2045 3763 aliaratione,

690 3810 777 3872 quam
808 3790 889 3872 quod
919 3793 1095 3873 antiquitus,
1132 3810 1236 3855 sacras
1265 3793 1447 3873 scripturas,
1482 3799 1513 3854 et
1542 3790 1649 3854 Ollicia
1677 3810 1714 3854 ea
1741 3792 1846 3875 lingua
1876 3792 2045 3854 habuissent.

688 3888 795 3971 Neque
816 3891 905 3954 etiam
928 3891 1090 3955 omittenda
1112 3900 1161 3955 est
1183 3891 1369 3955 consuetudo
1391 3894 1516 3974 propria
1544 3892 1730 3955 Monasterio
1760 3893 1791 3957 S.
1821 3893 1944 3956 blacarii
1970 3890 2044 3972 cujus

688 3990 820 4050 meminit
841 3989 1018 4053 Abulbircat
1039 4000 1073 4054 ut
1093 3994 1125 4053 in
1147 3991 1288 4073 Liturqia
1308 3991 1441 4054 Arabica
1461 3992 1537 4054 nibil
1557 3992 1687 4057 dicatur.
1733 3990 1806 4074 Cap.
1836 3991 1888 4055 29.
1931 3990 2044 4071 nequ-

689 4098 738 4151 tur
759 4090 866 4151 deinde
888 4091 1028 4167 chartae,
1051 4091 1092 4153 ita
1114 4093 1281 4173 scripturas
1303 4099 1429 4170 vocant,
1459 4094 1553 4154 secas
1575 4094 1692 4155 scilicet
1720 4113 1760 4154 ea
1781 4091 1928 4172 Epistolis
1955 4088 2043 4163 Pauli,

688 4189 752 4250 alia
774 4209 815 4250 ea
833 4178 1015 4267 Catholicis,
1038 4194 1128 4253 tertia
1151 4212 1192 4254 ee
1211 4192 1298 4254 Actis
1318 4210 1395 4273 quas
1416 4190 1550 4253 Arabica
1572 4191 1803 4273 explicabantur
1824 4201 1860 4254 ut
1881 4191 1960 4272 plebi
1979 4196 2044 4251 setr-
2126 4258 2128 4265 ,

687 4305 741 4349 sus
761 4289 881 4351 illarum
899 4292 1003 4369 palam
1022 4292 1111 4370 fiat..
1136 4300 1261 4371 eccepto
1282 4290 1470 4353 Mortastert'o
1491 4290 1523 4354 S.
1546 4290 1680 4353 Macarii
1706 4291 1760 4354 abi
1786 4292 1864 4354 nibil
1894 4290 2042 4372 quidquam

687 4385 821 4450 Arabiae
851 4390 972 4471 teqitur,
995 4390 1038 4451 ad
1058 4390 1139 4451 banc
1160 4409 1253 4471 usque
1275 4391 1371 4452 diem:
1394 4389 1475 4471 quod
1498 4388 1536 4453 de
1553 4390 1722 4474 Evangelio
1746 4389 1867 4471 quidem
1892 4389 1972 4466 dicit,
1993 4382 2041 4448 sed

688 4485 727 4550 de
749 4487 874 4568 reliquis
896 4489 1053 4570 scripturis
1075 4490 1164 4551 etiam
1187 4496 1235 4552 est
1257 4488 1499 4574 intelligendum
1522 4491 1553 4551 iu
1575 4489 1682 4571 quibus
1694 4489 1833 4572 legendis
1850 4491 1929 4553 idem
1942 4488 2042 4551 obser-

687 4589 754 4650 vari
776 4587 855 4651 solet
877 4597 966 4670 atque
988 4590 1019 4650 in
1041 4588 1219 4672 Evangelio.

398 4701 674 4773 tersisqua00puue
775 4687 872 4750 Etiam
894 4693 925 4749 et
948 4685 1047 4751 obiter
1069 4687 1143 4750 illud
1166 4687 1387 4751 obseruandum
1409 4695 1456 4751 est
1472 4687 1754 4768 interpretationem
1768 4685 1922 4770 Copticam
1937 4706 1975 4749 er
1990 4699 2040 4764 qua

362 4797 468 4842 utuntur
484 4789 675 4843 asrsecundum
687 4785 836 4850 lectiones
858 4786 1065 4865 desumuntur,
1090 4786 1198 4848 luctam
1221 4806 1291 4850 esse
1305 4806 1345 4849 cx
1363 4784 1487 4851 Graecis
1510 4786 1732 4868 exemplaribus
1747 4789 1938 4871 septuaginta
1951 4783 2042 4845 luter-

363 4876 540 4947 Septuaginta.
687 4892 822 4967 prelum,
850 4905 927 4968 quae
957 4887 988 4948 in
1009 4886 1152 4950 Dioecesi
1174 4885 1379 4949 Alexandrina
1407 4905 1528 4967 semper
1559 4886 1590 4950 in
1623 4905 1680 4950 usu
1709 4886 1847 4950 fuerunt:
1881 4893 2040 4960 tantumque

688 4983 774 5047 abest
801 4993 835 5047 ut
857 5004 897 5048 ex
926 4984 1067 5070 Origenis
1097 4986 1283 5068 aliorumque
1310 4985 1462 5050 laboribus
1488 4985 1690 5068 profecerint,
1713 5005 1749 5050 ea
1772 5005 1839 5050 cum
1860 4980 2038 5049 versionibus

688 5102 729 5147 ax
758 5082 862 5146 codice
893 5084 1032 5150 Hebraeo
1063 5084 1150 5150 lactis
1180 5085 1399 5168 comparando,
1434 5095 1467 5150 ut
1497 5087 1530 5148 in
1556 5087 1618 5148 vita
1649 5087 1794 5152 Demetrii
1821 5092 1976 5149 acuuetur
2002 5094 2035 5141 eo
