4525 6034
508 589 636 667 NOTAE
661 590 702 667 nt
726 590 934 668 tumultu
959 589 1096 668 trouu
1121 592 1324 718 tumulti.
1526 592 1599 669 341

225 771 324 846 nobis
350 777 511 869 mysteria
538 784 594 847 tua
621 784 750 865 sancta,
776 775 838 848 sed
864 775 907 848 ad
932 779 1245 872 praeservationem
1270 776 1313 851 ab
1342 778 1496 853 omnibus
1522 802 1602 852 ma-

225 887 279 978 tis,
307 900 342 960 et
367 890 410 961 ad
435 888 667 964 liberationem
702 902 736 963 et
762 896 1056 965 conservationem
1087 890 1130 965 ab
1165 892 1318 965 omnibus
1352 897 1536 987 angustiis,
1570 905 1604 968 et

226 1004 269 1077 ad
296 1006 561 1079 emundationem
587 1007 630 1080 ab
658 1007 810 1082 omnibus
837 1007 996 1098 maccho,
1030 1018 1064 1080 et
1096 1009 1139 1081 ad
1172 1010 1443 1105 consequendam
1469 1033 1602 1107 purga-

225 1122 348 1192 tionem
375 1121 560 1217 perlectam
586 1122 629 1196 ab
658 1122 812 1197 omnibus
838 1122 1197 1220 praevaricationibus,
1224 1135 1258 1196 et
1284 1124 1327 1196 ad
1354 1132 1603 1223 susceptionem

226 1238 371 1308 omniurn
398 1234 666 1311 benedictionum
693 1250 727 1311 et
751 1238 934 1328 bonorum,
971 1250 1006 1311 et
1040 1238 1272 1312 liberationem
1303 1263 1324 1312 a
1349 1241 1456 1313 Belial
1486 1266 1602 1316 vena·
1685 1228 1687 1231 ⁵

225 1359 301 1423 tore
328 1354 522 1441 animarum,
549 1361 584 1424 et
609 1353 652 1425 ad
678 1354 868 1447 effugienda
894 1359 1103 1427 amarissima
1129 1359 1270 1450 suspiria
1299 1379 1386 1451 quae
1411 1357 1508 1430 linem
1533 1380 1603 1430 non

225 1464 359 1555 habent,
386 1479 667 1563 reservanturque
694 1470 910 1566 operantibus
936 1472 1034 1562 mala,
1062 1482 1096 1543 et
1121 1469 1164 1543 ad
1192 1474 1447 1568 consequendas
1466 1473 1601 1546 delicias

226 1586 460 1677 sempiternas,
488 1607 575 1679 quae
601 1589 772 1679 repositae
799 1599 874 1661 sunt
901 1586 1116 1682 operantibus
1142 1587 1250 1660 bona:
1284 1599 1321 1659 ut
1352 1611 1426 1661 cum
1454 1589 1518 1662 illis
1546 1592 1602 1685 qui

227 1697 319 1790 digni
344 1699 671 1777 erunthaereditate
698 1710 769 1789 tua,
804 1703 966 1775 laetemur
991 1706 1025 1774 in
1051 1701 1270 1775 tabernaculo
1297 1708 1394 1796 regni
1420 1709 1485 1795 tui,
1512 1703 1601 1800 quod

228 1812 351 1884 aulerri
368 1836 436 1888 non
451 1825 575 1910 potest,
593 1827 627 1888 et
642 1816 828 1889 referemus
846 1819 905 1892 tibi
927 1817 1071 1911 gloriam
1094 1827 1128 1890 et
1148 1817 1280 1890 laudem
1298 1819 1457 1914 Patrique
1484 1830 1540 1891 tuo
1565 1828 1600 1890 et

226 1927 364 2022 Spiritui
390 1940 508 2003 sancto
536 1940 593 2004 tuo
620 1954 707 2004 nunc
733 1941 768 2004 et
783 1953 916 2029 semper
943 1943 978 2005 et
1002 1937 1036 2004 in
1062 1932 1199 2006 saecula
1223 1932 1443 2007 saeculorum.
1476 1934 1597 2005 Arnen.

567 2287 1211 2338 ——aeoooe—-e—

313 2673 379 2769 Ill
425 2674 807 2768 tttuttttu
848 2673 1096 2769 tltosst
1152 2673 1507 2766 statuunt

825 2883 999 2967 norst.

712 3163 746 3234 1.
785 3164 947 3258 Lilurpiu
972 3161 1109 3234 Jocobi.

313 3368 387 3445 Hoc
416 3383 537 3445 nomine
571 3381 762 3445 famosissimi
790 3383 870 3464 apud
899 3385 995 3466 Syros
1022 3380 1176 3444 Jacobitas
1205 3379 1335 3443 extitere
1365 3380 1488 3460 plures,
1519 3402 1596 3463 quos

223 3500 338 3563 aeque,
369 3498 429 3542 non
456 3478 546 3542 modo
568 3488 600 3543 ut
624 3480 770 3559 Sanctus,
799 3482 855 3544 sed
882 3490 915 3544 ut
945 3482 1101 3545 Ecclesiae
1132 3498 1207 3543 suae
1236 3480 1418 3560 praecipuos
1448 3480 1597 3545 Doctores

221 3588 422 3656 venerantur,
459 3586 490 3640 et
518 3580 549 3641 in
578 3579 735 3661 Diptychis
766 3589 1010 3646 commemorant.
1055 3580 1085 3643 ls
1115 3598 1204 3661 quem
1232 3598 1252 3641 a
1283 3578 1409 3641 Graecis
1436 3578 1597 3644 Zanzalum

220 3679 316 3760 vulgo
339 3677 521 3759 appellatum
544 3677 639 3740 brisce
661 3686 792 3741 testatur
813 3679 1021 3761 Nicephorus,
1045 3686 1075 3740 et
1098 3695 1188 3758 quem
1211 3675 1281 3758 Syri
1303 3678 1367 3753 sui,
1398 3677 1511 3758 duplici
1540 3697 1598 3742 co·
1628 3690 1729 3761 Neept.
1748 3691 1762 3741 t
1784 3690 1825 3742 18.
1840 3708 1862 3745 ο.
1877 3692 1921 3747 52.

221 3778 364 3858 gnomine
388 3776 567 3856 designant,
598 3775 724 3856 Syriaca
747 3777 867 3858 quidem
896 3778 1083 3853 scribentes,
1113 3777 1279 3854 Formido,
1307 3775 1439 3839 Arabiae
1466 3777 1598 3854 Barcini,

222 3893 311 3955 quarn
334 3892 441 3936 vocam
464 3873 589 3954 Syriaca
612 3879 801 3955 exprimunt,
824 3884 856 3937 ut
877 3875 926 3939 hic
949 3877 1062 3956 scripta
1085 3882 1150 3953 est,
1172 3874 1357 3957 Bardyoeo:
1392 3876 1502 3939 Graeci
1530 3876 1599 3938 Bo·

221 3974 365 4035 raucum
386 3974 590 4053 pronuntiant.
636 3974 696 4037 Alii
718 3976 906 4037 recentiores
928 3975 1066 4053 luerunt,
1090 3972 1308 4052 Botnanensis,
1330 3992 1386 4036 seu
1399 3974 1596 4057 Serugensis:

221 4069 412 4148 Messenes,
435 4070 569 4134 famosus
592 4072 673 4152 apud
703 4090 757 4135 eos
788 4073 978 4155 Theologus‚
1015 4081 1045 4135 et
1075 4074 1245 4153 scripturae
1276 4073 1439 4153 interpres.
1481 4073 1597 4136 Primus

222 4169 260 4231 de
290 4188 351 4250 quc
382 4170 540 4233 dicendum
569 4178 630 4250 est,
665 4173 812 4253 cujusque
842 4173 963 4235 nomine
993 4171 1069 4233 hanc
1098 4171 1263 4252 liturgiam
1291 4170 1419 4249 babent,
1449 4178 1480 4232 ut
1509 4174 1597 4234 ctiam

221 4268 348 4331 duorum
371 4269 534 4332 alterorum
557 4268 711 4353 singulas,
733 4269 855 4333 Eordoi
875 4267 1046 4352 appellatus
1069 4277 1116 4332 est
1145 4271 1227 4350 quod
1255 4272 1286 4331 ei
1313 4273 1443 4332 amictus
1474 4278 1556 4347 eret,
1580 4290 1598 4331 c

222 4368 403 4446 regiminibus
424 4368 599 4431 Alborodoi
619 4389 673 4431 aen
694 4370 883 4432 dormoliom
904 4388 984 4449 qaue
996 4370 1144 4448 jumentis
1164 4369 1293 4430 iostemi
1313 4370 1423 4446 colant,
1452 4371 1594 4431 wasalia.
1668 4390 1773 4459 motget.
1803 4393 1865 4445 tom.
1894 4396 1920 4447 2,

220 4464 324 4526 Verba
345 4474 415 4528 sunt
436 4466 576 4546 Eutychii
597 4467 795 4530 Alexandrini
825 4469 989 4531 secundum
1017 4469 1191 4530 versionem
1213 4466 1364 4531 Pococlrii.
1408 4468 1504 4530 Favet
1526 4468 1746 4548 buicpep.1t7.

221 4563 424 4645 etymologiae
448 4565 585 4647 ejusdem
607 4567 693 4630 vocis
713 4557 887 4651 Ὁμολογία
909 4575 941 4629 ιιι
963 4585 1078 4650 graece
1099 4574 1226 4628 vocatur
1247 4585 1302 4629 seu
1324 4566 1495 4644 Confessio,
1518 4584 1596 4647 quac

220 4661 553 4741 Syro-Jacobiticarum
566 4664 793 4729 ordinationum
815 4668 876 4729 ritu
897 4667 1029 4749 erigitur
1051 4666 1089 4728 ab
1112 4664 1300 4743 ordinandis,
1324 4667 1355 4728 in
1383 4684 1441 4746 qua
1462 4664 1596 4728 lacobus

221 4758 273 4821 ille
296 4761 375 4823 inter
397 4763 472 4825 alios
494 4763 644 4827 Doctores
666 4767 836 4829 recensitus
849 4766 1018 4846 appellatur
1029 4765 1187 4838 rosseum,
1211 4764 1296 4844 cujus
1318 4765 1404 4827 vocis
1427 4764 1515 4847 origo
1538 4772 1609 4843 cst,²

220 4857 259 4918 ab
283 4876 320 4920 ea
344 4878 422 4940 quae
444 4861 604 4942 Sepmento
625 4862 789 4945 significat,
812 4883 871 4945 qua
895 4864 1114 4948 significatione
1137 4851 1336 4947 ῥακενδύτης
1357 4862 1436 4943 apud
1461 4863 1595 4925 Graecos

219 4959 409 5021 recentiores
439 4968 612 5040 usurpatur.
658 4959 840 5042 Conjectura
870 4971 970 5027 tamen
998 4981 1069 5026 esse
1097 4969 1200 5041 potest
1221 4960 1342 5024 Batrioi
1363 4956 1507 5024 vocatum
1525 4978 1594 5025 esse

218 5052 257 5117 ab
281 5056 357 5120 urbe
379 5058 524 5139 samaa,
554 5077 632 5140 quae
654 5079 715 5123 non
737 5060 829 5143 longo
852 5064 890 5126 ab
913 5052 1067 5125 lstacbara
1089 5062 1205 5142 aberat,
1228 5062 1258 5122 in
1281 5069 1422 5123 moutam
1444 5060 1592 5145 Regionc,

1300 5164 1385 5239 46*
