4525 6034
1459 562 1606 636 400
2461 564 3179 642 LITURGIA

1653 749 1976 843 Populus.
2079 749 2165 823 Et
2218 773 2367 824 cum
2421 752 2652 846 spiritu
2705 759 2842 824 tuo.

1657 866 2022 937 Sacerdos.
2128 867 2407 940 Sursum
2460 865 2688 938 corda.

1659 982 1979 1075 Populus.
2085 981 2424 1054 Habemus
2479 982 2565 1053 ad
2615 982 2988 1054 Dominum.

1653 1096 2018 1169 Sacerdos.
2127 1097 2389 1169 Gratias
2446 1120 2741 1188 agamus.

1650 1213 1972 1306 Populus.
2078 1212 2367 1305 Dignum
2424 1221 2491 1283 et
2516 1217 2766 1306 justum
2820 1220 2941 1285 est.

1654 1328 2004 1401 Sacerdos
2054 1329 2437 1400 inclinatus.
2543 1328 2725 1400 Vere
2790 1328 3053 1421 dignum
3129 1337 3199 1399 et
3252 1331 3498 1419 justum
3578 1343 3718 1419 est,
3794 1331 4003 1403 deeens
4055 1347 4103 1403 et

1455 1443 1769 1534 debitum,
1826 1454 1895 1515 ut
1945 1445 2420 1537 glorificemuS,
2471 1442 2852 1531 laudemus,
2907 1466 3221 1517 canamus
3278 1455 3342 1515 et
3406 1447 3875 1519 senetifleeruus
3923 1459 3979 1519 te
4019 1449 4103 1519 fs-

1451 1571 1698 1632 rterem
1754 1566 1968 1633 omnis
2024 1572 2396 1648 creaturae,
2449 1558 2730 1633 visibilis
2786 1570 2851 1631 et
2904 1558 3346 1651 intelligibilis.

1652 1676 1950 1749 Elevans
2000 1699 2250 1748 vocem.
2322 1676 2424 1748 Te
2478 1679 2654 1747 enim
2704 1673 3102 1747 benedicunt
3154 1688 3222 1748 et
3251 1679 3682 1763 senetifiennt,
3742 1703 3875 1747 eum
3927 1683 4107 1751 timere

1451 1807 1515 1863 rt
1565 1802 1854 1863 tremore
1908 1815 2178 1885 magno,
2232 1792 2501 1865 ordines
2555 1794 2727 1883 ignis
2783 1802 2850 1862 et
2904 1795 3201 1887 spiritus:
3278 1803 3642 1887 petest-stes
3698 1795 3843 1863 illae
3891 1795 4107 1867 heatae:

1451 1911 1713 1999 agmina
1768 1906 2166 1983 flammantia
2219 1930 2609 1980 numerosa:
2667 1907 3075 1980 substantiae
3108 1912 3538 2003 principat-ue,
3598 1911 3976 2003 urdinesque
4019 1935 4111 1983 su-

1447 2028 1673 2119 perni:
1728 2024 2000 2097 militiae
2051 2025 2435 2116 gloriosae,
2487 2047 2820 2120 personae
2884 2027 3126 2115 igneae
3188 2023 3614 2097 honen-undae
3682 2039 3750 2095 et
3815 2027 4111 2095 tituendae:

1450 2141 1690 2233 rtiigeli
1747 2163 2012 2235 quoque
2065 2150 2132 2211 et
2181 2140 2619 2231 Archangeli,
2684 2144 2793 2238 qui
2848 2145 3247 2214 constituunt
3298 2151 3530 2215 eeetus
3598 2143 3967 2235 splendidus
4023 2163 4115 2211 er-

1449 2259 1704 2330 ilinatos
1759 2256 1844 2328 ad
1894 2255 2155 2332 laudem
2210 2267 2418 2328 tuam:
2476 2254 2832 2329 Cherubim
2884 2256 3164 2349 subjecti
3229 2280 3378 2328 cum
3454 2271 3746 2327 tremere
3802 2259 3907 2327 tihi
3955 2283 4115 2327 eres-

1451 2375 1595 2461 turi,
1646 2383 2122 2469 portantesque
2173 2375 2587 2465 majestatem
2643 2382 2853 2445 tuam:
2908 2374 3255 2470 Seraphim
3322 2399 3446 2447 sex
3502 2375 3622 2443 alis
3678 2379 3995 2463 instructi,
4039 2379 4119 2467 qui

1447 2489 1803 2581 rireulatim
1860 2488 2257 2563 benedicunt
2310 2488 2449 2576 tibi,
2504 2499 2570 2559 et
2622 2488 2883 2585 hymnis
2938 2489 3089 2563 Deo
3156 2489 3370 2582 dignis
3446 2487 3774 2559 entellum
3831 2503 3919 2575 te,
3983 2511 4115 2559 euti-

1451 2607 1746 2700 tihusque
1793 2603 2115 2679 suavibus
2171 2615 2238 2677 et
2279 2603 2590 2698 jucundis
2643 2604 2913 2677 laudant
2962 2615 3054 2698 te,
3107 2605 3418 2679 volantes
3490 2631 3650 2679 iuius
3726 2607 3806 2675 ed
3875 2607 4119 2691 alterum,

1447 2723 1800 2795 riemantes
1855 2732 1923 2793 et
1974 2721 2287 2794 dicentes

1647 2837 1968 2930 Populus.
2072 2836 2380 2909 Sanctus.

1648 2951 1998 3024 Sacerdos
2047 2952 2434 3022 inclinatus.
2540 2949 2824 3023 Sanctus
2879 2955 3052 3022 enim
3106 2974 3183 3025 es
3236 2952 3434 3023 Peter
3486 2955 3778 3043 luminis,
3835 2959 4123 3047 omnisque

1447 3071 1806 3142 sanctitatis
1882 3070 2193 3162 largitor:
2278 3078 2546 3142 sanctus
2637 3073 2831 3140 etiam
2909 3071 3282 3160 unigenitus
3366 3071 3570 3143 Filius
3642 3083 3823 3163 tuus,
3879 3075 4123 3143 selvatel-

1447 3190 1729 3259 emnium
1814 3195 2295 3258 creaturarum:
2377 3194 2642 3258 sanctus
2722 3206 2986 3280 quoque
3062 3184 3342 3281 Spiritus
3446 3199 3588 3259 tuus
3674 3199 3959 3263 sanetus.
4051 3187 4120 3255 Tu

1443 3305 1661 3375 [reunia
1716 3305 2015 3374 contines
2070 3310 2137 3373 et
2190 3303 2411 3375 omnia
2463 3310 2681 3397 potes,
2736 3303 2844 3395 qui
2894 3299 3110 3373 fecisti
3149 3300 3478 3375 hominem
3514 3307 3823 3399 primurn,
3879 3307 3955 3375 ed
3991 3311 4123 3375 ime-

1447 3423 1664 3507 uinem
1717 3428 1925 3490 tuam:
1976 3421 2036 3491 is
2093 3428 2313 3489 autem
2366 3439 2512 3488 cum
2564 3415 2938 3488 mandatum
2992 3427 3170 3489 tuum
3223 3431 3406 3491 esset
3470 3431 3975 3511 transgressus,
4031 3443 4124 3491 neu

1447 3537 1792 3607 deseruisti
1847 3556 2033 3622 eum,
2100 3542 2171 3604 ut
2219 3537 2289 3605 in
2342 3537 2768 3629 corruptione
2821 3542 3310 3621 veterasceret,
3378 3535 3498 3607 sed
3566 3541 3806 3607 misisti
3879 3539 3957 3607 ed
4015 3559 4127 3607 eum

1447 3652 1939 3743 praedicatores
1992 3652 2141 3724 veri
2193 3661 2261 3721 et
2292 3652 2507 3745 aequi,
2562 3650 3118 3744 expositoresque
3158 3671 3374 3723 reruni
3410 3651 3967 3723 absconditarum.
4019 3655 4127 3747 lpse

1447 3790 1609 3840 vero
1663 3789 1810 3842 cum
1865 3767 2192 3839 adversus
2242 3764 2651 3838 voluntatem
2706 3775 2884 3836 tuam
2934 3762 3362 3855 rebellasset,
3430 3771 3694 3839 tetidem
3754 3791 3879 3863 per
3931 3771 4127 3855 unige-

1447 3887 1642 3955 nitum
1696 3881 1932 3954 Filium
1986 3893 2190 3973 tuum,
2244 3904 2392 3953 eum
2448 3881 2750 3967 salvasti,
2805 3890 2871 3950 et
2924 3878 3007 3950 ad
3056 3879 3235 3953 bona
3290 3887 3562 3979 pristine
3618 3887 3983 3955 restituisti.

1646 3998 1943 4070 Elevans
1993 4021 2243 4070 vocem.
2361 3998 2614 4070 Volens
2682 4008 2900 4068 autem
2957 4001 3203 4090 juvare
3268 3999 3646 4091 figmentum
3722 4023 3915 4071 suum
3983 3995 4127 4067 denis

1443 4119 1619 4201 suist,
1675 4125 1741 4185 et
1791 4117 2133 4210 imperium
2187 4118 2419 4188 mortis
2473 4125 2687 4187 morte
2741 4137 2863 4186 sua
2918 4113 3294 4187 destruere:
3366 4123 3510 4211 ipse
3566 4127 3722 4187 unte
3794 4115 4127 4211 passionem

1443 4254 1624 4302 susm
1680 4229 2033 4303 salutarem
2088 4234 2347 4327 accepit
2397 4253 2635 4326 panem
2690 4252 2891 4325 super
2943 4253 3175 4303 manus
3218 4254 3370 4303 suns
3406 4255 3630 4327 purus,
3690 4227 4131 4311 inmaculatus,

1443 4359 1503 4419 et
1555 4345 1871 4439 illibatas,
1925 4358 1991 4419 et
2043 4352 2311 4444 aspexit
2364 4347 2448 4419 ad
2501 4359 2567 4419 te
2619 4349 2802 4419 Deus
2854 4347 3090 4435 Pater3
3146 4358 3213 4419 et
3266 4355 3514 4439 gratius
3582 4371 3802 4439 egens
3863 4355 3899 4427 †
3951 4347 4128 4415 hene-

1443 4467 1604 4535 uixit
1662 4470 1703 4545 †
1757 4463 2226 4554 sanctificavit,
2291 4471 2332 4546 †
2395 4463 2635 4557 fregit,
2705 4462 3009 4557 deditque
3081 4463 3414 4559 discipulis
3478 4469 3614 4535 suis
3686 4479 3758 4535 et
3831 4463 4131 4555 Apustelis

1443 4582 1683 4653 sunctis
1739 4579 1995 4651 dicens:
2070 4584 2384 4675 accipite,
2438 4579 2828 4653 manducate
2881 4602 2973 4650 ex
3026 4603 3143 4652 eo:
3208 4580 3354 4652 Hee
3422 4595 3522 4651 est
3590 4583 3867 4675 Cet-pus
3939 4599 4131 4659 mensi,

1443 4699 1648 4787 ipsum
1703 4695 1880 4790 quod
1932 4718 2057 4790 pro
2110 4696 2310 4769 vobis
2365 4697 2713 4789 frangitur,
2767 4704 2836 4767 et
2888 4695 3108 4786 datur,
3163 4700 3226 4768 in
3266 4703 3714 4795 expiationem
3762 4695 4131 4775 delicturum,

1443 4814 1894 4885 remissionem
1948 4823 2419 4908 peccatorum,
2474 4824 2542 4886 et
2591 4816 2796 4888 vitam
2852 4828 3190 4889 aeternam
3244 4815 3754 4915 suscipientibus
3817 4815 3987 4887 illud.

1644 4928 1964 5021 Populus.
2069 4932 2311 5002 Amen.

1645 5042 2011 5118 Sacerdos.
2118 5046 2435 5120 Similiter
2489 5060 2557 5120 et
2608 5049 2880 5122 calicem
2933 5062 3282 5147 postquam
3338 5059 3835 5139 coenaverunt,
3891 5051 4131 5123 inissetis
