4525 6034
438 628 489 704 DE
503 625 746 704 uoruuuuuu
759 622 1314 713 ALEXANDRIXORUELITURGHS.
1471 621 1567 695 XCV

209 819 348 890 haeresin
374 818 538 888 contineri
562 836 741 910 perperam
767 815 978 904 existiment,
1005 823 1039 884 et
1065 835 1107 884 eo
1135 815 1268 885 nomine
1291 809 1567 884 Calchedonense

208 933 377 1007 Concilium
403 936 544 1025 ejusque
570 930 779 1003 definitiones
805 933 965 1021 rejiciant
1007 929 1091 1015 Quia
1118 932 1217 1021 igitur
1242 940 1446 1025 postremam
1472 932 1566 1001 istius

207 1049 425 1125 Confessionis
450 1046 662 1144 particulam,
691 1070 777 1142 quae
803 1047 882 1118 lieet
908 1043 1139 1118 Eucharistiae
1164 1045 1260 1118 iidem
1287 1044 1464 1142 despiciat,
1493 1068 1567 1116 eam

204 1179 307 1240 mmen
331 1188 417 1261 quae
444 1163 486 1235 de
512 1164 752 1235 iucarnationis
780 1166 941 1258 mysterio
970 1172 1040 1251 est,
1067 1162 1215 1257 explicat
1240 1166 1413 1258 conceptis
1439 1161 1567 1252 uerbis,

204 1294 240 1355 ut
263 1283 302 1354 ad
325 1278 634 1377 llonophpsitarum
659 1284 790 1374 potius,
818 1301 915 1373 quam
942 1279 985 1351 ad
1010 1278 1280 1351 orthodoxorum
1308 1301 1444 1351 sensum
1468 1277 1568 1349 reie-

204 1401 332 1473 rendam
358 1419 575 1487 censeamus,
603 1396 689 1467 duae
715 1399 921 1492 potissimum
949 1419 1074 1469 causae
1088 1405 1172 1469 sunt
1200 1395 1329 1486 Prima,
1357 1395 1445 1490 quod
1464 1394 1566 1468 ἐποί-

205 1540 284 1613 ησιν
307 1513 421 1610 αὐτὴν
446 1514 548 1609 μίαν,
565 1516 653 1607 feeit
678 1536 816 1583 caraem
842 1519 1020 1585 manantem
1045 1535 1147 1583 enom
1173 1534 1246 1583 cum
1274 1510 1462 1599 diuinitate,
1483 1534 1564 1582 ma-

204 1633 347 1706 nilestam
373 1630 474 1704 habet
499 1632 594 1702 unius
621 1640 761 1701 naturae
787 1631 1068 1719 enunciationem,
1093 1651 1204 1724 nepus
1226 1628 1322 1699 alium
1347 1649 1481 1699 sensum
1500 1627 1568 1698 ad-

203 1754 311 1840 mittit,
347 1770 422 1820 cnm
456 1745 498 1818 ad
532 1744 782 1837 significandum
816 1748 993 1835 unionem,
1033 1745 1128 1818 salva
1160 1748 1366 1840 proprietate
1399 1746 1569 1839 utriusque

204 1876 355 1954 numae,
383 1866 458 1936 sive
484 1861 704 1954 substantiae,
731 1861 804 1933 aliis
831 1865 965 1933 omnino
991 1860 1106 1935 verbis
1130 1858 1343 1933 Calchedoue
1370 1864 1570 1951 congregati

204 1983 315 2056 Patres
340 1984 393 2053 usi
417 1979 556 2068 fuerint,
591 1979 757 2072 multaque
784 1978 847 2048 alia
888 1977 1041 2049 Graecae
1073 1978 1207 2070 linguae
1234 1975 1369 2048 ubertas
1404 1975 1569 2047 submini-

205 2109 290 2172 stret.
343 2096 498 2170 Secunda
523 2098 609 2166 ratio
638 2117 684 2166 ex
709 2094 877 2166 Historiae
897 2093 1163 2167 Patriareharum
1181 2092 1487 2166 Alexandrinorum
1502 2092 1569 2165 Ja-

205 2214 318 2289 cohitis
349 2212 521 2286 autoribus
556 2211 693 2282 ducitur.
752 2210 838 2282 Nam
872 2211 1010 2284 saeculo
1044 2211 1173 2283 demum
1208 2210 1403 2285 duodecimo
1439 2208 1567 2281 additas

206 2330 308 2401 dicunt
333 2341 449 2426 partes
475 2328 548 2401 illes
575 2328 705 2400 udtimas
733 2326 963 2418 Gonlessioni3
992 2349 1111 2423 nempe
1138 2348 1260 2399 vocem
1286 2328 1472 2418 vivificato:
1501 2336 1569 2398 uum

204 2446 256 2518 illa
279 2446 405 2535 verba,
429 2449 516 2540 feeit
540 2445 633 2516 illam
658 2467 759 2515 stoma
786 2466 858 2514 eom
886 2445 1064 2515 divinitate
1090 2444 1218 2538 adaque
1236 2446 1480 2529 commistione,
1509 2444 1569 2513 di-

205 2567 343 2649 eiaioce,
378 2569 439 2632 aut
464 2556 693 2651 mescone,
727 2571 762 2632 et
794 2569 904 2633 tamen
931 2559 1052 2633 Codex
1077 2560 1206 2653 Regius
1233 2581 1274 2631 eu
1302 2569 1412 2631 aetate
1437 2558 1571 2631 uidetur

207 2683 371 2775 antiquior.
424 2678 494 2751 Sed
520 2701 607 2774 quae
634 2678 676 2750 ad
701 2676 788 2748 hanc
814 2680 999 2750 orationem
1033 2688 1185 2774 spectant
1217 2686 1427 2772 exponuntur
1462 2702 1571 2752 aecu-

205 2801 301 2871 ratius
329 2799 362 2866 in
390 2798 625 2867 commentario
652 2794 695 2865 ad
719 2793 898 2886 Liturgias.

302 2911 458 2985 XXXIV.
491 2911 573 2983 Iliad
606 2911 710 2984 solum
743 2909 1025 3001 observabimus,
1057 2933 1099 2982 ea
1131 2934 1218 3005 quae
1250 2915 1339 2984 cirea
1374 2915 1573 2987 additionem
1604 2932 1897 2988 Addiutovideuarami-

205 3030 320 3102 iactam
349 3027 560 3100 confessioni
588 3026 748 3098 dicendae
778 3037 855 3099 ante
882 3030 1173 3116 communionem,
1206 3027 1394 3103 referuntur
1430 3030 1471 3104 ab
1504 3032 1571 3103 lli-
1587 3020 1664 3087 ‘¹⁰³⁰'
1682 3035 1758 3119 quan
1777 3021 1897 3121 “mvii

207 3151 332 3219 storicis
358 3146 556 3240 Aegyptiis,
582 3146 766 3235 contigisse
794 3147 828 3216 in
853 3144 1059 3233 llonasterio
1086 3148 1191 3217 suncti
1213 3145 1369 3237 llaearii,
1396 3147 1451 3220 uhi
1474 3151 1571 3240 juxta
1584 3104 1752 3242 urtiplepanunm
1782 3108 1898 3161 ‘'⁰⁶¹⁶‘'

207 3266 384 3356 antiquam,
409 3272 445 3332 nt
472 3264 579 3351 aiunt,
605 3260 895 3350 consuetudinem,
923 3261 984 3333 sed
1011 3284 1097 3355 quae
1123 3260 1306 3353 Benjamlni
1341 3275 1483 3336 aetatem
1510 3287 1573 3337 su-

207 3400 342 3473 perasse
367 3400 435 3465 non
461 3376 614 3467 videtur,
641 3380 723 3447 novi
749 3376 964 3449 Patriareluae
990 3388 1067 3473 post
1084 3377 1334 3475 ἐνθρονισμόγ
1346 3381 1574 3453 Alexandriae

209 3492 344 3582 lacuum,
373 3492 546 3565 solennem
571 3492 755 3585 Liturgiam
782 3492 956 3565 celebrare
984 3491 1187 3565 tenebantur.
1230 3495 1279 3566 lta
1307 3496 1406 3569 docet
1427 3497 1575 3587 historia,

209 3620 239 3681 et
268 3610 444 3681 coufirmat
475 3607 702 3700 Ebnassalus,
733 3619 827 3681 autor
860 3612 971 3702 magui
1006 3612 1091 3681 inter
1124 3610 1294 3683 Jacobitas
1325 3617 1487 3704 nominis,
1521 3616 1576 3709 qui

210 3725 246 3797 de
272 3725 495 3798 observandis
522 3729 612 3797 circa
640 3725 903 3798 Patriarcharum
931 3725 1128 3797 electionem
1149 3738 1182 3798 et
1198 3727 1458 3819 ordinationem,
1485 3734 1576 3801 scri-

210 3847 270 3936 psit
296 3841 557 3935 diligentissime.
585 3841 690 3913 Erant
715 3842 870 3915 Monachi
897 3841 1077 3914 Macerioni
1103 3846 1222 3915 rituum
1242 3867 1392 3918 ,suorum
1422 3850 1575 3919 retinen-

211 3962 343 4049 tissimi,
379 3962 424 4029 ita
456 3968 492 4029 ut
526 3980 601 4030 cum
634 3958 677 4030 uh
710 3957 835 4054 aliquot
869 3959 1012 4031 saeculis
1044 3980 1118 4030 mos
1149 3960 1345 4033 invaluisset
1378 3985 1440 4057 per
1475 3972 1576 4036 mam

212 4075 416 4170 Aegyptum,
443 4084 479 4145 ut
504 4077 537 4144 in
564 4072 749 4169 synaxibus
775 4075 931 4146 nonnulla
958 4072 1105 4147 Muhiee
1135 4075 1344 4171 legerentur,
1371 4100 1491 4174 nempe
1514 4102 1577 4151 se·
1687 4160 1691 4169 ,

211 4198 336 4264 stiones
371 4214 418 4263 ex
452 4190 669 4283 Evangeliis,
704 4190 883 4287 Epistolis,
917 4201 952 4263 et
986 4191 1102 4263 Veteri
1134 4190 1366 4283 Testamento,
1405 4206 1577 4290 postquam

213 4308 348 4404 Coptice
373 4307 482 4380 lectae
508 4306 653 4380 fuerant:
688 4312 721 4381 in
743 4307 948 4382 llonasterio
983 4307 1040 4381 illo
1074 4307 1153 4379 nihil
1179 4332 1322 4403 unquam
1343 4311 1492 4383 Arabiae
1519 4308 1576 4381 le-

214 4433 296 4495 ctum
323 4426 357 4494 in
384 4423 548 4495 Ecclesia.
579 4421 662 4496 (hum
688 4428 788 4517 igitur
813 4423 892 4496 nihil
918 4429 1057 4513 mutari,
1083 4423 1162 4496 nihil
1189 4425 1264 4497 addi
1280 4427 1474 4523 disciplinae
1497 4450 1578 4501 suae

215 4544 375 4631 sinerent,
401 4540 473 4611 lieri
500 4545 634 4613 omnino
659 4545 787 4637 potuit,
819 4553 855 4613 ut
881 4564 967 4636 quae
994 4540 1071 4613 alibi
1098 4544 1132 4612 in
1158 4563 1220 4612 usu
1247 4552 1361 4633 erant,
1396 4543 1482 4637 apud
1515 4565 1578 4617 eos

215 4658 464 4749 ignorarentur,
499 4666 598 4752 atque
630 4662 675 4731 ita
709 4681 798 4731 nova
829 4661 910 4754 ipsis
944 4657 1068 4748 forent,
1101 4681 1187 4752 quae
1222 4661 1447 4731 vetustissima
1473 4672 1578 4737 erant.

215 4768 410 4869 Exemplum
436 4778 510 4869 capi
535 4784 647 4870 potest
671 4777 705 4845 in
731 4775 832 4848 rebus
859 4775 947 4871 apud
972 4796 1034 4847 nos
1060 4772 1310 4865 vulgatissimis.
1366 4774 1450 4850 Sunt
1476 4777 1578 4850 Reli-

217 4891 332 4977 giosae
358 4889 502 4962 familiae
528 4913 615 4986 quae
641 4890 795 4965 diuersos
822 4895 855 4964 in
873 4891 977 4966 llissa
999 4888 1200 4963 celebranda
1227 4914 1248 4962 a
1275 4896 1438 4965 communi
1453 4894 1579 4968 Ordine

217 5003 247 5073 iu
272 5004 426 5078 Ecclesia
452 5005 604 5078 Romana
632 5020 769 5103 recepto
796 5012 878 5081 ritus
909 5006 1050 5099 hebent,
1084 5018 1120 5080 ut
1159 5010 1244 5081 inter
1276 5009 1359 5083 ulios
1391 5005 1579 5087 cartusiam

220 5129 248 5191 ct
274 5121 497 5216 Dominicani,
523 5144 591 5196 non
618 5123 707 5219 quod
731 5128 935 5199 institutores
960 5126 1138 5222 quidquam
1164 5129 1383 5219 mutaverint,
1410 5129 1471 5202 sed
1491 5130 1580 5226 quod
