4525 6034
689 562 829 637 318-
1265 561 1496 641 NOTAE

685 755 748 810 tum
771 755 801 811 et
823 747 979 828 discipulis
1002 746 1141 809 traditum
1148 768 1157 824 ;
1186 765 1246 810 non
1268 747 1421 810 inuentum
1450 747 1603 811 Romanae
1632 746 1803 828 Ecclesiae,
1837 768 1856 811 a
1886 765 1946 829 qua
1977 748 2052 810 illam

686 846 857 911 Orientales
880 866 940 910 non
963 855 1163 929 acceperunt,
1194 847 1249 910 sed
1272 847 1308 908 ab
1339 846 1518 928 Apostolica
1547 846 1721 911 Traditione
1744 848 1906 928 divinaque
1936 850 2051 911 institu-

684 949 783 1022 tione,
805 966 863 1029 per
885 948 1029 1010 infinitum
1053 966 1127 1029 erga
1150 964 1247 1030 genus
1269 945 1430 1009 humanum
1452 946 1649 1025 benelieium,
1672 948 1751 1029 quod
1779 949 1922 1025 alterius,
1951 966 2053 1029 nempe

685 1047 902 1110 iucarnationis
926 1048 1072 1130 unigeniti
1095 1047 1147 1109 filii
1168 1046 1243 1125 Dei,
1266 1053 1297 1108 et
1319 1046 1385 1127 ejus
1407 1046 1438 1108 in
1461 1064 1553 1109 carne
1584 1048 1822 1110 conversationis
1852 1048 2054 1129 complemen-

685 1155 747 1208 tum
769 1146 832 1209 luit
878 1144 982 1208 Omnia
1006 1164 1080 1209 sanc
1104 1165 1181 1228 quae
1203 1146 1280 1209 haec
1303 1146 1401 1208 oratio
1424 1147 1573 1225 continet,
1603 1146 1640 1209 ad
1662 1147 1843 1210 sacrilicium
1871 1148 1972 1209 crucis
1997 1164 2053 1209 non

685 1265 776 1328 posse
799 1246 926 1325 referri,
951 1246 1004 1309 sed
1028 1245 1065 1309 ad
1088 1246 1223 1327 ejusdem
1245 1247 1276 1307 in
1298 1245 1434 1328 Liturgia
1463 1248 1773 1327 repraesentationem
1801 1265 1891 1310 nemo
1923 1265 1982 1311 non
2009 1250 2054 1310 in-

685 1346 807 1430 telligit:
837 1347 948 1428 quippe
972 1345 1066 1408 verba
1096 1347 1162 1426 ipsa
1191 1345 1418 1427 intelligentiam
1447 1345 1665 1425 determinant,
1696 1365 1764 1409 cum
1794 1364 1855 1409 uon
1886 1346 2054 1428 simpliciter

685 1447 724 1510 de
746 1445 896 1508 sacrificio
919 1446 1095 1527 loquantum
1119 1445 1175 1508 sed
1197 1445 1235 1508 de
1258 1444 1317 1507 hoc
1340 1446 1417 1525 ipso,
1441 1444 1522 1526 quod
1545 1447 1644 1508 statim
1664 1445 1814 1511 Sacerdos
1831 1446 1988 1510 oblaturus
2002 1455 2054 1510 est.

685 1546 815 1608 Videant
838 1547 889 1625 qui
911 1545 1103 1624 Plessaeum,
1126 1544 1320 1621 Molinaetrm,
1342 1543 1480 1606 Rivetum
1496 1553 1527 1607 ct
1550 1545 1625 1608 alios
1647 1545 1794 1628 ejusmodi
1808 1546 1940 1610 Criticos
1963 1544 2053 1607 admi-

685 1654 809 1720 rantur,
833 1663 871 1706 an
894 1651 979 1707 recte
1004 1643 1230 1723 affirmaverint,
1254 1643 1365 1706 nullam
1388 1645 1419 1706 in
1442 1643 1565 1707 Graecis
1587 1643 1731 1727 Liturgiis
1761 1645 1902 1708 sacrificii
1930 1647 2053 1708 mentio-

686 1765 754 1808 nem
770 1744 846 1821 lieri,
871 1761 938 1805 cum
959 1743 1098 1807 Ecclesia
1120 1732 1341 1820 Alexandrina,
1365 1761 1382 1805 a
1404 1742 1484 1805 mille
1508 1752 1537 1806 et
1560 1743 1686 1826 amplius
1710 1746 1794 1807 annis
1817 1746 1924 1809 avulsa
1947 1764 1964 1807 a
1985 1744 2053 1807 reli-

685 1863 810 1927 quarum
833 1845 1061 1925 communione,
1085 1845 1267 1908 eontrarium
1289 1845 1398 1908 doceat
1421 1853 1480 1906 tam
1501 1846 1680 1927 perspicue,
1711 1844 1792 1927 quod
1815 1846 1939 1927 quidem
1960 1864 2053 1908 noua

685 1945 834 2007 Dioscoro
858 1951 889 2006 et
911 1943 977 2006 aliis
1001 1947 1066 2027 ejus
1089 1943 1292 2008 sectatoribus
1315 1944 1478 2020 didicerat,
1500 1943 1556 2007 sed
1579 1945 1616 2007 ab
1630 1944 1768 2008 Ecclesia
1781 1944 1948 2009 Catholica.
1980 1943 2053 2007 San-

685 2053 750 2108 ctos
772 2045 878 2106 Patres
901 2044 952 2123 qui
975 2044 1080 2107 similia
1102 2045 1213 2126 passim
1236 2043 1419 2123 docuerunt,
1443 2043 1643 2107 rhetoricatos
1673 2063 1761 2121 esse,
1790 2045 2053 2127 uon‘Tbeologice

686 2142 820 2221 locutos,
845 2141 986 2206 Calvinus
1008 2143 1178 2224 pertendit,
1201 2151 1292 2224 atque
1315 2142 1392 2205 adeo
1415 2161 1515 2224 neque
1538 2143 1606 2206 illos
1628 2146 1771 2206 excusari
1792 2144 1869 2221 vult,
1892 2163 1990 2227 neque
2001 2163 2053 2207 au-

686 2243 753 2307 diri.
798 2242 839 2305 At
862 2241 1030 2306 Christiana
1052 2242 1151 2325 plebS,
1173 2251 1206 2306 ut
1234 2243 1403 2326 Episcopus
1425 2242 1663 2325 sacerdotesque
1679 2240 1970 2326 praetermittamus,
1992 2245 2052 2306 illos

687 2342 842 2419 audiebat,
864 2342 1045 2425 plenamque
1068 2342 1228 2405 adhibebat
1255 2343 1358 2405 verbis
1385 2342 1505 2406 illorum
1534 2342 1637 2419 fidem,
1667 2361 1734 2409 cum
1762 2344 1877 2408 similes
1908 2346 2051 2407 orationes

685 2441 900 2505 acclamatione
927 2439 988 2506 τοῦ
1015 2441 1112 2505 Amen
1141 2442 1345 2505 confirmabat.
1389 2442 1496 2525 Neque
1525 2442 1672 2527 Aegyptii
1700 2444 1793 2507 nativi
1820 2462 1890 2507 curn
1913 2444 2051 2507 Graecam

686 2541 851 2625 Liturgiam
873 2558 929 2603 sua
951 2541 1053 2625 lingua
1075 2540 1190 2624 populo
1213 2542 1355 2605 illiterato
1383 2541 1602 2627 exbibuerunt,
1631 2542 1769 2607 emollire
1796 2552 1982 2607 curaverunt
2006 2544 2050 2604 in-

688 2641 861 2705 commodas
884 2639 967 2720 illas,
990 2649 1021 2703 et
1043 2642 1082 2704 ad
1103 2642 1346 2723 superstitionem
1370 2641 1529 2718 ducentes
1551 2651 1585 2705 ut
1613 2642 1794 2707 calvinistae
1817 2644 1941 2723 volunt,
1971 2643 2052 2705 locu-

686 2743 785 2804 tiones
791 2761 801 2816 ;
835 2739 890 2802 sed
918 2759 956 2802 ne
985 2742 1118 2825 ipsorum
1150 2741 1237 2822 culpa
1268 2743 1313 2803 vis
1343 2742 1477 2823 ipsorum
1507 2744 1669 2807 verborum
1698 2761 1755 2825 per
1791 2744 1999 2826 migrationem
2023 2745 2051 2805 in

686 2840 812 2902 alienam
834 2839 966 2921 linguam
989 2839 1197 2919 detereretur,
1221 2840 1272 2903 illa
1294 2841 1358 2922 ipsa
1381 2845 1587 2906 retinuerunt:
1611 2851 1641 2905 ct
1662 2844 1837 2906 versionum
1861 2835 2051 2907 Arabicarum

687 2948 810 3003 autores
832 2940 898 3019 pari
919 2937 1070 3021 religione
1098 2958 1151 3002 eas
1173 2949 1414 3021 usurpaverunt,
1438 2961 1515 3023 quac
1539 2941 1674 3007 Graecae
1700 2935 1806 3026 θυσίᾳ
1834 2946 2050 3009 accuratissime

688 3040 921 3122 responderent.
966 3039 1082 3103 Cedant
1104 3038 1213 3102 eruditi
1235 3039 1293 3119 illi,
1316 3042 1367 3122 qui
1389 3048 1434 3104 tot
1450 3041 1589 3107 Arabicis
1611 3042 1742 3120 laciniis,
1765 3043 1914 3108 inutiliter
1935 3053 1966 3108 ut
1987 3044 2051 3125 plu-

688 3142 811 3219 rimum,
834 3138 1072 3203 Dissertationes
1095 3156 1166 3201 suas
1194 3147 1339 3217 onerant,
1369 3141 1419 3203 vel
1447 3159 1537 3203 unum
1565 3141 1767 3226 Liturgiarum
1789 3144 1987 3225 interpretem
2006 3150 2051 3205 aut

688 3241 895 3324 Theologum,
918 3239 969 3320 qui
991 3238 1078 3300 aliter
1100 3255 1187 3320 quam
1210 3237 1248 3300 ad
1270 3238 1387 3301 literam
1410 3240 1486 3303 baec
1515 3243 1661 3325 explicet3
1691 3242 1817 3304 verbum
1844 3261 1909 3307 nort
1936 3241 2050 3325 ampliu

689 3341 847 3405 addemus:
871 3339 926 3402 sed
948 3338 978 3401 id
999 3346 1158 3420 praestare
1180 3356 1268 3401 nemo
1290 3339 1398 3420 possit.

912 3600 1012 3678 ’Ἀιω
1039 3608 1185 3698 σχῶμεν
1209 3599 1272 3687 τᾶς
1296 3586 1459 3701 καρδίας.Ι
1506 3601 1647 3675 Sursum
1673 3605 1790 3676 corda.

780 3813 1006 3892 Aouomrrours
1029 3826 1131 3900 istius,
1163 3818 1240 3906 quae
1270 3843 1286 3887 a
1310 3823 1474 3888 Sacerdote
1497 3825 1530 3888 iit
1557 3844 1614 3907 per
1639 3825 1759 3888 modum
1781 3826 1897 3911 dialogi
1925 3827 1961 3891 ad
1993 3828 2048 3889 cir-

685 3934 868 3993 cumstantes
881 3923 1002 3988 Cicrum
1024 3931 1055 3987 et
1070 3924 1225 4005 populum,
1251 3923 1346 3986 torma
1368 3925 1498 4006 simplex
1520 3933 1551 3987 ct
1573 3926 1662 3988 unica
1685 3934 1731 3989 cst
1749 3927 1779 3987 in
1797 3928 1936 3991 omnibus
1947 3924 2048 3990 Eccle-

685 4031 752 4109 siis,
776 4031 802 4092 si
825 4025 1022 4089 Nestoriauos
1046 4024 1231 4105 excipimus,
1253 4025 1304 4105 qui
1325 4023 1551 4106 paraphrastice
1574 4024 1653 4087 illam
1676 4027 1853 4106 enunciant,
1878 4045 1938 4110 qua
1963 4026 1999 4088 dc
2017 4043 2048 4086 rc

685 4129 802 4193 dicetur
823 4129 855 4189 in
877 4125 957 4188 notis
979 4124 1018 4186 ad
1039 4123 1159 4187 illorum
1181 4122 1357 4206 Liturgiam.
1393 4124 1558 4203 Diaconus,
1582 4123 1663 4206 quod
1685 4123 1862 4207 frequenter
1886 4126 1965 4205 iacit,
1987 4142 2047 4187 mo-

685 4236 737 4292 net
760 4229 934 4305 adstanteS,
968 4233 1002 4286 ut
1031 4224 1167 4288 modeste
1196 4230 1278 4286 stent
1306 4222 1437 4302 Στῶμεν
1466 4219 1589 4301 καλῶς,
1611 4242 1688 4306 quae
1717 4224 1844 4288 formula
1877 4227 1908 4289 in
1938 4226 2045 4288 Graeco

684 4330 770 4405 Ritu,
794 4327 920 4409 Syriaco
943 4332 975 4387 et
997 4324 1062 4387 aliis
1084 4331 1234 4405 perpetuo
1257 4324 1397 4386 resumit.
1443 4322 1582 4404 Coptitae
1611 4325 1690 4387 idem
1712 4323 1848 4406 pluribus
1877 4325 1978 4389 verbis
2003 4322 2018 4384 i
2029 4356 2047 4370 ·

686 4431 782 4492 ciunt:
806 4427 861 4489 sed
884 4424 1002 4487 Graece
1030 4423 1170 4487 dicuntur
1199 4425 1313 4501 omnia,
1343 4424 1478 4503 quamvis
1505 4423 1544 4485 ad
1571 4422 1728 4504 imperitos
1759 4423 1895 4488 Graecae
1924 4424 2046 4507 linguae,

687 4547 728 4590 ex
751 4525 934 4607 antiquitatis
957 4523 1162 4586 veneratione.
1207 4517 1412 4608 Προςφέρειν
1432 4509 1517 4586 κατὰ
1536 4511 1667 4607 τρόπον.
1711 4515 1873 4608 adepte.
1896 4517 1955 4598 Εἰς
1975 4512 2047 4588 ἄνα·

685 4613 785 4699 votae
799 4618 950 4706 βλέπετε.
973 4609 1186 4707 flodegarium.
1200 4609 1313 4695 Ἔλεος
1329 4609 1462 4707 εἰρήνης.
1494 4617 1603 4687 &votor
1621 4615 1788 4697 αἰνέσεωςι
1812 4642 1890 4705 quae
1912 4622 2045 4687 iorrnulac

688 4733 792 4789 extant
814 4725 926 4806 passim
956 4724 987 4784 in
1016 4722 1142 4784 Graccis
1165 4720 1319 4785 codicibus
1341 4720 1543 4805 Liturgiarum
1570 4723 1695 4802 Jacobi,
1725 4723 1826 4786 Basilii
1855 4733 1886 4787 et
1920 4723 2046 4806 Chryso-

687 4827 786 4889 stomi.
833 4826 908 4886 Turn
931 4823 1081 4886 Sacerdos
1105 4821 1190 4896 dicit,
1212 4822 1359 4884 Dominus
1379 4823 1548 4885 vobiscum:
1571 4823 1783 4906 respondetur.
1827 4824 1868 4886 Et
1894 4843 1960 4887 oron
1985 4822 2045 4902 api·

687 4927 749 4987 ritu
771 4934 831 4988 tuo.
876 4923 1002 5003 Reliqua
1026 4940 1060 4985 se
1082 4921 1209 5001 babent,
1232 4929 1265 4983 ut
1287 4923 1318 4983 iu
1340 4921 1406 4984 aliis
1430 4923 1566 4986 omnibus
1589 4923 1703 5002 officiis,
1725 4943 1794 4987 nam
1808 4925 1925 4987 Graece
1947 4920 2044 4983 dcun-

690 5024 790 5087 turin
814 5023 940 5106 Coptica
961 5023 1107 5106 Liturgia.
1151 5021 1271 5084 Arabes
1293 5023 1630 5105 quomodopotuerunt,
1652 5023 1737 5087 varie
1758 5024 1943 5105 interpretati
1968 5024 2044 5084 sunt:
