<?xml version="1.0" encoding="UTF-8"?>
<!DOCTYPE html PUBLIC "-//W3C//DTD XHTML 1.0 Transitional//EN"
    "http://www.w3.org/TR/xhtml1/DTD/xhtml1-transitional.dtd">
<html xmlns="http://www.w3.org/1999/xhtml" xml:lang="en" lang="en">
 <head>
  <title>
</title>
<meta http-equiv="Content-Type" content="text/html;charset=utf-8" />
  <meta name='ocr-system' content='tesseract 3.04.00' />
  <meta name='ocr-capabilities' content='ocr_page ocr_carea ocr_par ocr_line ocrx_word'/>
</head>
<body>
  <div class='ocr_page' id='page_1' title='image "./liturgiarumorie00unkngoog/liturgiarumorie00unkngoog_0854.png"; bbox 0 0 4525 6034; ppageno 0'>
   <div class='ocr_carea' id='block_1_1' title="bbox 685 588 1545 668">
    <p class='ocr_par' dir='ltr' id='par_1_1' title="bbox 685 588 1545 668">
     <span class='ocr_line' id='line_1_1' title="bbox 685 588 1545 668; baseline 0.001 -3"><span class='ocrx_word' id='word_1_1' title='bbox 685 589 758 668; x_wconf 79' lang='lat' dir='ltr'><strong>tto</strong></span> <span class='ocrx_word' id='word_1_2' title='bbox 874 634 882 644; x_wconf 92' lang='lat'>·</span> <span class='ocrx_word' id='word_1_3' title='bbox 1188 588 1545 667; x_wconf 79' lang='lat' dir='ltr'><strong>LITURGIA</strong></span> 
     </span>
    </p>
   </div>
   <div class='ocr_carea' id='block_1_2' title="bbox 634 751 2051 4483">
    <p class='ocr_par' dir='ltr' id='par_1_2' title="bbox 680 751 2042 1106">
     <span class='ocr_line' id='line_1_2' title="bbox 682 751 2039 869; baseline 0.001 -18"><span class='ocrx_word' id='word_1_4' title='bbox 682 778 771 851; x_wconf 90' lang='lat' dir='ltr'><strong>oculi</strong></span> <span class='ocrx_word' id='word_1_5' title='bbox 796 782 902 853; x_wconf 81' lang='lat' dir='ltr'>nostri</span> <span class='ocrx_word' id='word_1_6' title='bbox 928 777 970 851; x_wconf 90' lang='lat' dir='ltr'><strong>ad</strong></span> <span class='ocrx_word' id='word_1_7' title='bbox 984 751 1041 869; x_wconf 72' lang='lat' dir='ltr'><strong>te,</strong></span> <span class='ocrx_word' id='word_1_8' title='bbox 1068 779 1230 866; x_wconf 71' lang='lat' dir='ltr'><strong>Domine,</strong></span> <span class='ocrx_word' id='word_1_9' title='bbox 1266 777 1375 852; x_wconf 87' lang='lat' dir='ltr'><strong>donee</strong></span> <span class='ocrx_word' id='word_1_10' title='bbox 1400 779 1592 852; x_wconf 86' lang='lat' dir='ltr'><strong>miserearis</strong></span> <span class='ocrx_word' id='word_1_11' title='bbox 1618 781 1733 851; x_wconf 78' lang='lat' dir='ltr'><strong>nostri.</strong></span> <span class='ocrx_word' id='word_1_12' title='bbox 1786 776 1948 852; x_wconf 74' lang='lat' dir='ltr'><strong>Miserere</strong></span> <span class='ocrx_word' id='word_1_13' title='bbox 1970 803 2039 852; x_wconf 92' lang='lat' dir='ltr'><strong>no-</strong></span> 
     </span>
     <span class='ocr_line' id='line_1_3' title="bbox 682 893 2042 986; baseline 0.001 -17"><span class='ocrx_word' id='word_1_14' title='bbox 682 899 755 986; x_wconf 74' lang='lat' dir='ltr'><strong>stri,</strong></span> <span class='ocrx_word' id='word_1_15' title='bbox 780 895 932 969; x_wconf 85' lang='lat' dir='ltr'><strong>Domine.</strong></span> <span class='ocrx_word' id='word_1_16' title='bbox 985 894 1151 968; x_wconf 80' lang='lat' dir='ltr'><strong>Miserere</strong></span> <span class='ocrx_word' id='word_1_17' title='bbox 1182 897 1249 966; x_wconf 91' lang='lat' dir='ltr'><strong>mei</strong></span> <span class='ocrx_word' id='word_1_18' title='bbox 1284 904 1319 966; x_wconf 90' lang='lat' dir='ltr'><strong>et</strong></span> <span class='ocrx_word' id='word_1_19' title='bbox 1348 893 1455 966; x_wconf 89' lang='lat' dir='ltr'><strong>libera</strong></span> <span class='ocrx_word' id='word_1_20' title='bbox 1488 917 1543 967; x_wconf 89' lang='lat' dir='ltr'><strong>me</strong></span> <span class='ocrx_word' id='word_1_21' title='bbox 1576 894 1617 968; x_wconf 91' lang='lat' dir='ltr'><strong>ab</strong></span> <span class='ocrx_word' id='word_1_22' title='bbox 1652 894 1784 968; x_wconf 92' lang='lat' dir='ltr'><strong>bomine</strong></span> <span class='ocrx_word' id='word_1_23' title='bbox 1814 894 1914 968; x_wconf 87' lang='lat' dir='ltr'><strong>malo.</strong></span> <span class='ocrx_word' id='word_1_24' title='bbox 1963 895 2042 970; x_wconf 85' lang='lat' dir='ltr'><strong>ble-</strong></span> 
     </span>
     <span class='ocr_line' id='line_1_4' title="bbox 680 1010 1647 1106; baseline -0.004 -20"><span class='ocrx_word' id='word_1_25' title='bbox 680 1023 791 1086; x_wconf 90' lang='lat' dir='ltr'><strong>mento</strong></span> <span class='ocrx_word' id='word_1_26' title='bbox 818 1015 884 1087; x_wconf 90' lang='lat' dir='ltr'><strong>mei</strong></span> <span class='ocrx_word' id='word_1_27' title='bbox 910 1015 944 1085; x_wconf 89' lang='lat' dir='ltr'><strong>in</strong></span> <span class='ocrx_word' id='word_1_28' title='bbox 969 1035 1076 1106; x_wconf 83' lang='lat' dir='ltr'><strong>regno</strong></span> <span class='ocrx_word' id='word_1_29' title='bbox 1102 1024 1173 1100; x_wconf 74' lang='lat' dir='ltr'><strong>tuo,</strong></span> <span class='ocrx_word' id='word_1_30' title='bbox 1200 1033 1273 1083; x_wconf 89' lang='lat' dir='ltr'><strong>cum</strong></span> <span class='ocrx_word' id='word_1_31' title='bbox 1301 1010 1474 1099; x_wconf 80' lang='lat' dir='ltr'><strong>advenies,</strong></span> <span class='ocrx_word' id='word_1_32' title='bbox 1501 1011 1547 1083; x_wconf 89' lang='lat' dir='ltr'><strong>lili</strong></span> <span class='ocrx_word' id='word_1_33' title='bbox 1571 1010 1647 1084; x_wconf 90' lang='lat' dir='ltr'><strong>Dei.</strong></span> 
     </span>
    </p>

    <p class='ocr_par' dir='ltr' id='par_1_3' title="bbox 680 1127 2047 1458">
     <span class='ocr_line' id='line_1_5' title="bbox 783 1127 2047 1225; baseline 0 -24"><span class='ocrx_word' id='word_1_34' title='bbox 783 1130 933 1203; x_wconf 76' lang='lat' dir='ltr'><strong>Elaeam</strong></span> <span class='ocrx_word' id='word_1_35' title='bbox 963 1152 1088 1201; x_wconf 82' lang='lat' dir='ltr'><strong>vocem.</strong></span> <span class='ocrx_word' id='word_1_36' title='bbox 1141 1129 1298 1201; x_wconf 89' lang='lat' dir='ltr'><strong>Sanctum</strong></span> <span class='ocrx_word' id='word_1_37' title='bbox 1326 1132 1470 1218; x_wconf 72' lang='lat' dir='ltr'><strong>sanctis,</strong></span> <span class='ocrx_word' id='word_1_38' title='bbox 1496 1127 1763 1224; x_wconf 84' lang='lat' dir='ltr'><strong>inperfectione</strong></span> <span class='ocrx_word' id='word_1_39' title='bbox 1789 1137 1823 1199; x_wconf 87' lang='lat' dir='ltr'><strong>et</strong></span> <span class='ocrx_word' id='word_1_40' title='bbox 1848 1130 1989 1225; x_wconf 87' lang='lat' dir='ltr'><strong>puritate</strong></span> <span class='ocrx_word' id='word_1_41' title='bbox 2014 1137 2047 1201; x_wconf 91' lang='lat' dir='ltr'><strong>et</strong></span> 
     </span>
     <span class='ocr_line' id='line_1_6' title="bbox 680 1242 2046 1321; baseline -0.004 0"><span class='ocrx_word' id='word_1_42' title='bbox 680 1248 856 1321; x_wconf 78' lang='lat' dir='ltr'><strong>sanctitate</strong></span> <span class='ocrx_word' id='word_1_43' title='bbox 881 1245 985 1318; x_wconf 90' lang='lat' dir='ltr'><strong>datur.</strong></span> <span class='ocrx_word' id='word_1_44' title='bbox 1045 1246 1093 1317; x_wconf 88' lang='lat' dir='ltr'><strong>Et</strong></span> <span class='ocrx_word' id='word_1_45' title='bbox 1118 1245 1244 1316; x_wconf 83' lang='lat' dir='ltr'><strong>dicant.</strong></span> <span class='ocrx_word' id='word_1_46' title='bbox 1297 1242 1390 1317; x_wconf 90' lang='lat' dir='ltr'><strong>Unus</strong></span> <span class='ocrx_word' id='word_1_47' title='bbox 1417 1244 1518 1318; x_wconf 89' lang='lat' dir='ltr'><strong>Pater</strong></span> <span class='ocrx_word' id='word_1_48' title='bbox 1545 1255 1695 1319; x_wconf 88' lang='lat' dir='ltr'><strong>sanetus:</strong></span> <span class='ocrx_word' id='word_1_49' title='bbox 1722 1268 1805 1317; x_wconf 89' lang='lat' dir='ltr'><strong>unus</strong></span> <span class='ocrx_word' id='word_1_50' title='bbox 1831 1244 1935 1320; x_wconf 82' lang='lat' dir='ltr'><strong>Filius</strong></span> <span class='ocrx_word' id='word_1_51' title='bbox 1962 1266 2046 1316; x_wconf 91' lang='lat' dir='ltr'><strong>san·</strong></span> 
     </span>
     <span class='ocr_line' id='line_1_7' title="bbox 682 1359 2046 1458; baseline -0.002 -24"><span class='ocrx_word' id='word_1_52' title='bbox 682 1372 769 1434; x_wconf 84' lang='lat' dir='ltr'><strong>atus:</strong></span> <span class='ocrx_word' id='word_1_53' title='bbox 797 1383 881 1433; x_wconf 91' lang='lat' dir='ltr'><strong>unus</strong></span> <span class='ocrx_word' id='word_1_54' title='bbox 901 1362 1042 1456; x_wconf 87' lang='lat' dir='ltr'><strong>Spiritus</strong></span> <span class='ocrx_word' id='word_1_55' title='bbox 1070 1370 1215 1435; x_wconf 89' lang='lat' dir='ltr'><strong>sanctus.</strong></span> <span class='ocrx_word' id='word_1_56' title='bbox 1269 1359 1383 1434; x_wconf 81' lang='lat' dir='ltr'><strong>Gloria</strong></span> <span class='ocrx_word' id='word_1_57' title='bbox 1409 1360 1499 1433; x_wconf 90' lang='lat' dir='ltr'><strong>Patri</strong></span> <span class='ocrx_word' id='word_1_58' title='bbox 1525 1371 1560 1433; x_wconf 92' lang='lat' dir='ltr'><strong>et</strong></span> <span class='ocrx_word' id='word_1_59' title='bbox 1586 1362 1684 1452; x_wconf 87' lang='lat' dir='ltr'><strong>Filio,</strong></span> <span class='ocrx_word' id='word_1_60' title='bbox 1710 1371 1744 1433; x_wconf 90' lang='lat' dir='ltr'><strong>et</strong></span> <span class='ocrx_word' id='word_1_61' title='bbox 1758 1361 1893 1458; x_wconf 92' lang='lat' dir='ltr'><strong>Spiritui</strong></span> <span class='ocrx_word' id='word_1_62' title='bbox 1920 1370 2046 1434; x_wconf 87' lang='lat' dir='ltr'><strong>sancto.</strong></span> 
     </span>
    </p>

    <p class='ocr_par' dir='ltr' id='par_1_4' title="bbox 679 1477 2047 1924">
     <span class='ocr_line' id='line_1_8' title="bbox 784 1477 2047 1551; baseline -0.001 -2"><span class='ocrx_word' id='word_1_63' title='bbox 784 1478 961 1549; x_wconf 76' lang='lat' dir='ltr'><strong>Sacerdos</strong></span> <span class='ocrx_word' id='word_1_64' title='bbox 987 1478 1124 1550; x_wconf 80' lang='lat' dir='ltr'><strong>elevans</strong></span> <span class='ocrx_word' id='word_1_65' title='bbox 1158 1477 1300 1548; x_wconf 81' lang='lat' dir='ltr'><strong>calicem</strong></span> <span class='ocrx_word' id='word_1_66' title='bbox 1325 1478 1418 1550; x_wconf 74' lang='lat' dir='ltr'><strong>assit</strong></span> <span class='ocrx_word' id='word_1_67' title='bbox 1472 1478 1501 1550; x_wconf 89' lang='lat'>0</span> <span class='ocrx_word' id='word_1_68' title='bbox 1527 1479 1670 1551; x_wconf 89' lang='lat' dir='ltr'><strong>Domine</strong></span> <span class='ocrx_word' id='word_1_69' title='bbox 1700 1480 1734 1549; x_wconf 90' lang='lat' dir='ltr'><strong>in</strong></span> <span class='ocrx_word' id='word_1_70' title='bbox 1763 1481 1907 1550; x_wconf 84' lang='lat' dir='ltr'><strong>veritate</strong></span> <span class='ocrx_word' id='word_1_71' title='bbox 1934 1477 2047 1549; x_wconf 91' lang='lat' dir='ltr'><strong>credi-</strong></span> 
     </span>
     <span class='ocr_line' id='line_1_9' title="bbox 679 1592 2047 1689; baseline 0 -23"><span class='ocrx_word' id='word_1_72' title='bbox 679 1616 752 1666; x_wconf 87' lang='lat' dir='ltr'><strong>mus</strong></span> <span class='ocrx_word' id='word_1_73' title='bbox 789 1604 823 1666; x_wconf 91' lang='lat' dir='ltr'><strong>et</strong></span> <span class='ocrx_word' id='word_1_74' title='bbox 853 1593 1037 1684; x_wconf 82' lang='lat' dir='ltr'><strong>credimus,</strong></span> <span class='ocrx_word' id='word_1_75' title='bbox 1070 1597 1157 1667; x_wconf 90' lang='lat' dir='ltr'><strong>siout</strong></span> <span class='ocrx_word' id='word_1_76' title='bbox 1191 1592 1296 1665; x_wconf 89' lang='lat' dir='ltr'><strong>credit</strong></span> <span class='ocrx_word' id='word_1_77' title='bbox 1321 1596 1355 1664; x_wconf 89' lang='lat' dir='ltr'><strong>in</strong></span> <span class='ocrx_word' id='word_1_78' title='bbox 1380 1604 1414 1667; x_wconf 87' lang='lat' dir='ltr'><strong>te</strong></span> <span class='ocrx_word' id='word_1_79' title='bbox 1439 1592 1593 1667; x_wconf 87' lang='lat' dir='ltr'><strong>Ecclesia</strong></span> <span class='ocrx_word' id='word_1_80' title='bbox 1619 1605 1755 1685; x_wconf 75' lang='lat' dir='ltr'><strong>sancta,</strong></span> <span class='ocrx_word' id='word_1_81' title='bbox 1782 1593 1870 1689; x_wconf 94' lang='lat' dir='ltr'><strong>quod</strong></span> <span class='ocrx_word' id='word_1_82' title='bbox 1896 1597 1940 1668; x_wconf 90' lang='lat' dir='ltr'><strong>sit</strong></span> <span class='ocrx_word' id='word_1_83' title='bbox 1965 1616 2047 1666; x_wconf 90' lang='lat' dir='ltr'><strong>unns</strong></span> 
     </span>
     <span class='ocr_line' id='line_1_10' title="bbox 679 1708 2046 1808; baseline -0.001 -25"><span class='ocrx_word' id='word_1_84' title='bbox 679 1711 780 1783; x_wconf 89' lang='lat' dir='ltr'><strong>Pater</strong></span> <span class='ocrx_word' id='word_1_85' title='bbox 806 1722 959 1785; x_wconf 90' lang='lat' dir='ltr'><strong>sanctus:</strong></span> <span class='ocrx_word' id='word_1_86' title='bbox 993 1733 1078 1783; x_wconf 90' lang='lat' dir='ltr'><strong>unus</strong></span> <span class='ocrx_word' id='word_1_87' title='bbox 1110 1708 1214 1783; x_wconf 86' lang='lat' dir='ltr'><strong>Filius</strong></span> <span class='ocrx_word' id='word_1_88' title='bbox 1247 1720 1400 1784; x_wconf 90' lang='lat' dir='ltr'><strong>sanctus:</strong></span> <span class='ocrx_word' id='word_1_89' title='bbox 1434 1733 1518 1783; x_wconf 89' lang='lat' dir='ltr'><strong>unus</strong></span> <span class='ocrx_word' id='word_1_90' title='bbox 1554 1711 1696 1808; x_wconf 89' lang='lat' dir='ltr'><strong>Spiritus</strong></span> <span class='ocrx_word' id='word_1_91' title='bbox 1734 1720 1878 1783; x_wconf 83' lang='lat' dir='ltr'><strong>sanctrrs.</strong></span> <span class='ocrx_word' id='word_1_92' title='bbox 1933 1710 2046 1782; x_wconf 85' lang='lat' dir='ltr'><strong>Gloria</strong></span> 
     </span>
     <span class='ocr_line' id='line_1_11' title="bbox 679 1825 1871 1924; baseline 0 -25"><span class='ocrx_word' id='word_1_93' title='bbox 679 1827 771 1899; x_wconf 91' lang='lat' dir='ltr'><strong>Patri</strong></span> <span class='ocrx_word' id='word_1_94' title='bbox 798 1837 832 1898; x_wconf 92' lang='lat' dir='ltr'><strong>et</strong></span> <span class='ocrx_word' id='word_1_95' title='bbox 846 1827 944 1916; x_wconf 79' lang='lat' dir='ltr'><strong>Filio,</strong></span> <span class='ocrx_word' id='word_1_96' title='bbox 971 1836 1006 1899; x_wconf 90' lang='lat' dir='ltr'><strong>et</strong></span> <span class='ocrx_word' id='word_1_97' title='bbox 1031 1828 1167 1924; x_wconf 91' lang='lat' dir='ltr'><strong>Spiritui</strong></span> <span class='ocrx_word' id='word_1_98' title='bbox 1193 1837 1322 1917; x_wconf 82' lang='lat' dir='ltr'><strong>sancto,</strong></span> <span class='ocrx_word' id='word_1_99' title='bbox 1349 1831 1404 1922; x_wconf 93' lang='lat' dir='ltr'><strong>qui</strong></span> <span class='ocrx_word' id='word_1_100' title='bbox 1430 1850 1530 1900; x_wconf 89' lang='lat' dir='ltr'><strong>unum</strong></span> <span class='ocrx_word' id='word_1_101' title='bbox 1555 1837 1641 1917; x_wconf 86' lang='lat' dir='ltr'><strong>sunt,</strong></span> <span class='ocrx_word' id='word_1_102' title='bbox 1667 1825 1871 1899; x_wconf 91' lang='lat' dir='ltr'><strong>insaecula.</strong></span> 
     </span>
    </p>

    <p class='ocr_par' dir='ltr' id='par_1_5' title="bbox 783 1942 1867 2041">
     <span class='ocr_line' id='line_1_12' title="bbox 783 1942 1867 2041; baseline 0.002 -27"><span class='ocrx_word' id='word_1_103' title='bbox 783 1943 936 2037; x_wconf 80' lang='lat' dir='ltr'><strong>Papulas</strong></span> <span class='ocrx_word' id='word_1_104' title='bbox 962 1944 1009 2015; x_wconf 88' lang='lat' dir='ltr'><strong>ad</strong></span> <span class='ocrx_word' id='word_1_105' title='bbox 1033 1943 1184 2039; x_wconf 81' lang='lat' dir='ltr'><strong>sinpoloa</strong></span> <span class='ocrx_word' id='word_1_106' title='bbox 1208 1966 1336 2032; x_wconf 74' lang='lat' dir='ltr'><strong>oersra,</strong></span> <span class='ocrx_word' id='word_1_107' title='bbox 1363 1944 1460 2015; x_wconf 82' lang='lat' dir='ltr'><strong>dicit</strong></span> <span class='ocrx_word' id='word_1_108' title='bbox 1508 1944 1576 2041; x_wconf 92' lang='lat' dir='ltr'><strong>lpsi</strong></span> <span class='ocrx_word' id='word_1_109' title='bbox 1602 1944 1721 2036; x_wconf 83' lang='lat' dir='ltr'><strong>gloria,</strong></span> <span class='ocrx_word' id='word_1_110' title='bbox 1747 1942 1867 2016; x_wconf 81' lang='lat' dir='ltr'><strong>Amen.</strong></span> 
     </span>
    </p>

    <p class='ocr_par' dir='ltr' id='par_1_6' title="bbox 783 2058 1599 2156">
     <span class='ocr_line' id='line_1_13' title="bbox 783 2058 1599 2156; baseline -0.001 -26"><span class='ocrx_word' id='word_1_111' title='bbox 783 2058 959 2132; x_wconf 76' lang='lat' dir='ltr'><strong>Sacerdos</strong></span> <span class='ocrx_word' id='word_1_112' title='bbox 984 2062 1098 2153; x_wconf 80' lang='lat' dir='ltr'><strong>sipont</strong></span> <span class='ocrx_word' id='word_1_113' title='bbox 1124 2082 1227 2131; x_wconf 87' lang='lat' dir='ltr'><strong>araca</strong></span> <span class='ocrx_word' id='word_1_114' title='bbox 1248 2060 1420 2156; x_wconf 72' lang='lat' dir='ltr'><strong>papatiam,</strong></span> <span class='ocrx_word' id='word_1_115' title='bbox 1446 2066 1482 2131; x_wconf 87' lang='lat' dir='ltr'><strong>et</strong></span> <span class='ocrx_word' id='word_1_116' title='bbox 1506 2061 1599 2131; x_wconf 78' lang='lat' dir='ltr'><strong>dicit.</strong></span> 
     </span>
    </p>

    <p class='ocr_par' dir='ltr' id='par_1_7' title="bbox 678 2173 2051 3304">
     <span class='ocr_line' id='line_1_14' title="bbox 783 2173 2048 2273; baseline -0.002 -25"><span class='ocrx_word' id='word_1_117' title='bbox 783 2174 899 2250; x_wconf 86' lang='lat' dir='ltr'><strong>Gloria</strong></span> <span class='ocrx_word' id='word_1_118' title='bbox 925 2176 1015 2248; x_wconf 90' lang='lat' dir='ltr'><strong>Patri</strong></span> <span class='ocrx_word' id='word_1_119' title='bbox 1042 2179 1098 2271; x_wconf 90' lang='lat' dir='ltr'><strong>qui</strong></span> <span class='ocrx_word' id='word_1_120' title='bbox 1124 2175 1363 2268; x_wconf 80' lang='lat' dir='ltr'><strong>sanctificavit,</strong></span> <span class='ocrx_word' id='word_1_121' title='bbox 1391 2187 1425 2249; x_wconf 91' lang='lat' dir='ltr'><strong>et</strong></span> <span class='ocrx_word' id='word_1_122' title='bbox 1450 2175 1536 2249; x_wconf 89' lang='lat' dir='ltr'><strong>Filio</strong></span> <span class='ocrx_word' id='word_1_123' title='bbox 1564 2181 1621 2271; x_wconf 92' lang='lat' dir='ltr'><strong>qui</strong></span> <span class='ocrx_word' id='word_1_124' title='bbox 1638 2179 1798 2273; x_wconf 91' lang='lat' dir='ltr'><strong>propitius</strong></span> <span class='ocrx_word' id='word_1_125' title='bbox 1819 2175 1890 2267; x_wconf 70' lang='lat' dir='ltr'><strong>tiit,</strong></span> <span class='ocrx_word' id='word_1_126' title='bbox 1912 2185 1947 2248; x_wconf 92' lang='lat' dir='ltr'><strong>et</strong></span> <span class='ocrx_word' id='word_1_127' title='bbox 1964 2173 2048 2271; x_wconf 91' lang='lat' dir='ltr'><strong>Spi-</strong></span> 
     </span>
     <span class='ocr_line' id='line_1_15' title="bbox 679 2291 2050 2389; baseline -0.001 -25"><span class='ocrx_word' id='word_1_128' title='bbox 679 2295 755 2364; x_wconf 86' lang='lat' dir='ltr'><strong>ritui</strong></span> <span class='ocrx_word' id='word_1_129' title='bbox 782 2303 918 2380; x_wconf 78' lang='lat' dir='ltr'><strong>sancta,</strong></span> <span class='ocrx_word' id='word_1_130' title='bbox 953 2295 1008 2389; x_wconf 82' lang='lat' dir='ltr'><strong>qui</strong></span> <span class='ocrx_word' id='word_1_131' title='bbox 1033 2291 1169 2388; x_wconf 89' lang='lat' dir='ltr'><strong>illapsus</strong></span> <span class='ocrx_word' id='word_1_132' title='bbox 1197 2303 1267 2383; x_wconf 75' lang='lat' dir='ltr'><strong>est,</strong></span> <span class='ocrx_word' id='word_1_133' title='bbox 1294 2295 1410 2388; x_wconf 90' lang='lat' dir='ltr'><strong>etqui</strong></span> <span class='ocrx_word' id='word_1_134' title='bbox 1437 2303 1489 2365; x_wconf 91' lang='lat' dir='ltr'><strong>est</strong></span> <span class='ocrx_word' id='word_1_135' title='bbox 1513 2296 1721 2389; x_wconf 80' lang='lat' dir='ltr'><strong>principium,</strong></span> <span class='ocrx_word' id='word_1_136' title='bbox 1747 2295 1989 2366; x_wconf 88' lang='lat' dir='ltr'><strong>consummatio</strong></span> <span class='ocrx_word' id='word_1_137' title='bbox 2016 2301 2050 2363; x_wconf 90' lang='lat' dir='ltr'><strong>et</strong></span> 
     </span>
     <span class='ocr_line' id='line_1_16' title="bbox 680 2408 2049 2505; baseline -0.003 -22"><span class='ocrx_word' id='word_1_138' title='bbox 680 2409 823 2502; x_wconf 85' lang='lat' dir='ltr'><strong>sigillum</strong></span> <span class='ocrx_word' id='word_1_139' title='bbox 849 2412 992 2482; x_wconf 89' lang='lat' dir='ltr'><strong>omnium</strong></span> <span class='ocrx_word' id='word_1_140' title='bbox 1019 2431 1105 2505; x_wconf 90' lang='lat' dir='ltr'><strong>qnae</strong></span> <span class='ocrx_word' id='word_1_141' title='bbox 1132 2418 1208 2481; x_wconf 91' lang='lat' dir='ltr'><strong>sunt</strong></span> <span class='ocrx_word' id='word_1_142' title='bbox 1234 2419 1268 2481; x_wconf 89' lang='lat' dir='ltr'><strong>et</strong></span> <span class='ocrx_word' id='word_1_143' title='bbox 1292 2408 1425 2481; x_wconf 89' lang='lat' dir='ltr'><strong>luerunt</strong></span> <span class='ocrx_word' id='word_1_144' title='bbox 1457 2413 1492 2481; x_wconf 91' lang='lat' dir='ltr'><strong>in</strong></span> <span class='ocrx_word' id='word_1_145' title='bbox 1519 2408 1615 2480; x_wconf 90' lang='lat' dir='ltr'><strong>caelo</strong></span> <span class='ocrx_word' id='word_1_146' title='bbox 1643 2418 1677 2480; x_wconf 87' lang='lat' dir='ltr'><strong>et</strong></span> <span class='ocrx_word' id='word_1_147' title='bbox 1702 2412 1735 2480; x_wconf 92' lang='lat' dir='ltr'><strong>in</strong></span> <span class='ocrx_word' id='word_1_148' title='bbox 1760 2419 1865 2480; x_wconf 87' lang='lat' dir='ltr'><strong>terra:</strong></span> <span class='ocrx_word' id='word_1_149' title='bbox 1899 2412 1955 2502; x_wconf 92' lang='lat' dir='ltr'><strong>qui</strong></span> <span class='ocrx_word' id='word_1_150' title='bbox 1982 2408 2049 2479; x_wconf 92' lang='lat' dir='ltr'><strong>ad-</strong></span> 
     </span>
     <span class='ocr_line' id='line_1_17' title="bbox 678 2525 2049 2624; baseline -0.003 -23"><span class='ocrx_word' id='word_1_151' title='bbox 678 2526 808 2601; x_wconf 86' lang='lat' dir='ltr'><strong>volavit</strong></span> <span class='ocrx_word' id='word_1_152' title='bbox 833 2550 894 2624; x_wconf 89' lang='lat' dir='ltr'><strong>per</strong></span> <span class='ocrx_word' id='word_1_153' title='bbox 919 2528 1150 2599; x_wconf 86' lang='lat' dir='ltr'><strong>miserationes</strong></span> <span class='ocrx_word' id='word_1_154' title='bbox 1177 2548 1269 2615; x_wconf 75' lang='lat' dir='ltr'><strong>suas,</strong></span> <span class='ocrx_word' id='word_1_155' title='bbox 1296 2535 1330 2598; x_wconf 91' lang='lat' dir='ltr'><strong>et</strong></span> <span class='ocrx_word' id='word_1_156' title='bbox 1356 2525 1529 2599; x_wconf 85' lang='lat' dir='ltr'><strong>demittens</strong></span> <span class='ocrx_word' id='word_1_157' title='bbox 1556 2548 1594 2598; x_wconf 89' lang='lat' dir='ltr'><strong>se</strong></span> <span class='ocrx_word' id='word_1_158' title='bbox 1621 2547 1682 2621; x_wconf 90' lang='lat' dir='ltr'><strong>per</strong></span> <span class='ocrx_word' id='word_1_159' title='bbox 1708 2525 1915 2597; x_wconf 89' lang='lat' dir='ltr'><strong>clementiam</strong></span> <span class='ocrx_word' id='word_1_160' title='bbox 1942 2548 2049 2616; x_wconf 89' lang='lat' dir='ltr'><strong>suam,</strong></span> 
     </span>
     <span class='ocr_line' id='line_1_18' title="bbox 679 2640 2051 2737; baseline -0.002 -19"><span class='ocrx_word' id='word_1_161' title='bbox 679 2647 772 2718; x_wconf 80' lang='lat' dir='ltr'><strong>venit</strong></span> <span class='ocrx_word' id='word_1_162' title='bbox 797 2653 832 2715; x_wconf 90' lang='lat' dir='ltr'><strong>et</strong></span> <span class='ocrx_word' id='word_1_163' title='bbox 857 2646 1069 2716; x_wconf 89' lang='lat' dir='ltr'><strong>consecravit</strong></span> <span class='ocrx_word' id='word_1_164' title='bbox 1094 2640 1295 2715; x_wconf 89' lang='lat' dir='ltr'><strong>oblationem</strong></span> <span class='ocrx_word' id='word_1_165' title='bbox 1324 2652 1485 2734; x_wconf 81' lang='lat' dir='ltr'><strong>nostram,</strong></span> <span class='ocrx_word' id='word_1_166' title='bbox 1512 2642 1768 2737; x_wconf 79' lang='lat' dir='ltr'><strong>obsignauitque</strong></span> <span class='ocrx_word' id='word_1_167' title='bbox 1787 2640 1989 2732; x_wconf 74' lang='lat' dir='ltr'><strong>Ecclesiam,</strong></span> <span class='ocrx_word' id='word_1_168' title='bbox 2017 2652 2051 2715; x_wconf 88' lang='lat' dir='ltr'><strong>et</strong></span> 
     </span>
     <span class='ocr_line' id='line_1_19' title="bbox 678 2757 2048 2856; baseline -0.004 -21"><span class='ocrx_word' id='word_1_169' title='bbox 678 2761 764 2835; x_wconf 83' lang='lat' dir='ltr'><strong>lilios</strong></span> <span class='ocrx_word' id='word_1_170' title='bbox 792 2763 865 2852; x_wconf 90' lang='lat' dir='ltr'><strong>ejus</strong></span> <span class='ocrx_word' id='word_1_171' title='bbox 891 2782 953 2856; x_wconf 92' lang='lat' dir='ltr'><strong>per</strong></span> <span class='ocrx_word' id='word_1_172' title='bbox 980 2763 1135 2832; x_wconf 86' lang='lat' dir='ltr'><strong>virtrrtem</strong></span> <span class='ocrx_word' id='word_1_173' title='bbox 1162 2780 1319 2851; x_wconf 77' lang='lat' dir='ltr'><strong>magnam</strong></span> <span class='ocrx_word' id='word_1_174' title='bbox 1345 2763 1469 2831; x_wconf 86' lang='lat' dir='ltr'><strong>crucis:</strong></span> <span class='ocrx_word' id='word_1_175' title='bbox 1504 2763 1577 2854; x_wconf 94' lang='lat' dir='ltr'><strong>ipse</strong></span> <span class='ocrx_word' id='word_1_176' title='bbox 1603 2757 1750 2830; x_wconf 90' lang='lat' dir='ltr'><strong>demittat</strong></span> <span class='ocrx_word' id='word_1_177' title='bbox 1776 2757 1950 2830; x_wconf 84' lang='lat' dir='ltr'><strong>dexteram</strong></span> <span class='ocrx_word' id='word_1_178' title='bbox 1977 2762 2048 2831; x_wconf 92' lang='lat' dir='ltr'><strong>mi-</strong></span> 
     </span>
     <span class='ocr_line' id='line_1_20' title="bbox 679 2873 2048 2970; baseline -0.004 -18"><span class='ocrx_word' id='word_1_179' title='bbox 679 2876 885 2952; x_wconf 89' lang='lat' dir='ltr'><strong>sericordiae</strong></span> <span class='ocrx_word' id='word_1_180' title='bbox 912 2898 1014 2965; x_wconf 79' lang='lat' dir='ltr'><strong>suae,</strong></span> <span class='ocrx_word' id='word_1_181' title='bbox 1046 2897 1148 2970; x_wconf 87' lang='lat' dir='ltr'><strong>snper</strong></span> <span class='ocrx_word' id='word_1_182' title='bbox 1182 2878 1355 2968; x_wconf 83' lang='lat' dir='ltr'><strong>regionem</strong></span> <span class='ocrx_word' id='word_1_183' title='bbox 1390 2879 1487 2947; x_wconf 88' lang='lat' dir='ltr'><strong>istam</strong></span> <span class='ocrx_word' id='word_1_184' title='bbox 1521 2885 1555 2947; x_wconf 91' lang='lat' dir='ltr'><strong>et</strong></span> <span class='ocrx_word' id='word_1_185' title='bbox 1589 2897 1705 2948; x_wconf 88' lang='lat' dir='ltr'><strong>omnes</strong></span> <span class='ocrx_word' id='word_1_186' title='bbox 1735 2873 1942 2948; x_wconf 86' lang='lat' dir='ltr'><strong>habitatores</strong></span> <span class='ocrx_word' id='word_1_187' title='bbox 1973 2879 2048 2968; x_wconf 87' lang='lat' dir='ltr'><strong>ejus</strong></span> 
     </span>
     <span class='ocr_line' id='line_1_21' title="bbox 678 2990 2048 3091; baseline -0.003 -23"><span class='ocrx_word' id='word_1_188' title='bbox 678 2993 807 3086; x_wconf 80' lang='lat' dir='ltr'><strong>fideles,</strong></span> <span class='ocrx_word' id='word_1_189' title='bbox 834 3001 1046 3091; x_wconf 85' lang='lat' dir='ltr'><strong>praestetque</strong></span> <span class='ocrx_word' id='word_1_190' title='bbox 1071 2995 1220 3088; x_wconf 89' lang='lat' dir='ltr'><strong>requiem</strong></span> <span class='ocrx_word' id='word_1_191' title='bbox 1245 2990 1369 3065; x_wconf 86' lang='lat' dir='ltr'><strong>bonam</strong></span> <span class='ocrx_word' id='word_1_192' title='bbox 1391 2991 1554 3065; x_wconf 88' lang='lat' dir='ltr'><strong>defunctis</strong></span> <span class='ocrx_word' id='word_1_193' title='bbox 1576 2994 1665 3084; x_wconf 89' lang='lat' dir='ltr'><strong>ejus:</strong></span> <span class='ocrx_word' id='word_1_194' title='bbox 1692 3012 1851 3087; x_wconf 91' lang='lat' dir='ltr'><strong>spemque</strong></span> <span class='ocrx_word' id='word_1_195' title='bbox 1873 3000 1906 3062; x_wconf 90' lang='lat' dir='ltr'><strong>et</strong></span> <span class='ocrx_word' id='word_1_196' title='bbox 1926 3002 2048 3064; x_wconf 90' lang='lat' dir='ltr'><strong>custo-</strong></span> 
     </span>
     <span class='ocr_line' id='line_1_22' title="bbox 679 3106 2047 3205; baseline -0.004 -20"><span class='ocrx_word' id='word_1_197' title='bbox 679 3113 765 3185; x_wconf 91' lang='lat' dir='ltr'><strong>diam</strong></span> <span class='ocrx_word' id='word_1_198' title='bbox 791 3108 982 3184; x_wconf 83' lang='lat' dir='ltr'><strong>viventibus</strong></span> <span class='ocrx_word' id='word_1_199' title='bbox 1008 3112 1042 3181; x_wconf 91' lang='lat' dir='ltr'><strong>in</strong></span> <span class='ocrx_word' id='word_1_200' title='bbox 1069 3132 1122 3199; x_wconf 70' lang='lat' dir='ltr'><strong>ea,</strong></span> <span class='ocrx_word' id='word_1_201' title='bbox 1150 3119 1183 3181; x_wconf 92' lang='lat' dir='ltr'><strong>et</strong></span> <span class='ocrx_word' id='word_1_202' title='bbox 1217 3132 1335 3183; x_wconf 89' lang='lat' dir='ltr'><strong>omnes</strong></span> <span class='ocrx_word' id='word_1_203' title='bbox 1368 3114 1424 3205; x_wconf 90' lang='lat' dir='ltr'><strong>qui</strong></span> <span class='ocrx_word' id='word_1_204' title='bbox 1457 3112 1491 3181; x_wconf 91' lang='lat' dir='ltr'><strong>iu</strong></span> <span class='ocrx_word' id='word_1_205' title='bbox 1517 3132 1559 3181; x_wconf 90' lang='lat' dir='ltr'><strong>ea</strong></span> <span class='ocrx_word' id='word_1_206' title='bbox 1585 3118 1678 3195; x_wconf 89' lang='lat' dir='ltr'><strong>sunt,</strong></span> <span class='ocrx_word' id='word_1_207' title='bbox 1705 3117 1862 3203; x_wconf 83' lang='lat' dir='ltr'><strong>protege,</strong></span> <span class='ocrx_word' id='word_1_208' title='bbox 1889 3106 2047 3198; x_wconf 81' lang='lat' dir='ltr'><strong>Domine,</strong></span> 
     </span>
     <span class='ocr_line' id='line_1_23' title="bbox 679 3225 1217 3304; baseline -0.015 0"><span class='ocrx_word' id='word_1_209' title='bbox 679 3228 740 3304; x_wconf 91' lang='lat' dir='ltr'><strong>snb</strong></span> <span class='ocrx_word' id='word_1_210' title='bbox 768 3228 836 3303; x_wconf 81' lang='lat' dir='ltr'><strong>alis.</strong></span> <span class='ocrx_word' id='word_1_211' title='bbox 855 3225 1105 3300; x_wconf 86' lang='lat' dir='ltr'><strong>misericordiae</strong></span> <span class='ocrx_word' id='word_1_212' title='bbox 1131 3236 1217 3297; x_wconf 89' lang='lat' dir='ltr'><strong>tuae.</strong></span> 
     </span>
    </p>

    <p class='ocr_par' dir='ltr' id='par_1_8' title="bbox 781 3339 1545 3431">
     <span class='ocr_line' id='line_1_24' title="bbox 781 3339 1545 3431; baseline -0.004 -16"><span class='ocrx_word' id='word_1_213' title='bbox 781 3344 971 3415; x_wconf 83' lang='lat' dir='ltr'><strong>Diaconos.</strong></span> <span class='ocrx_word' id='word_1_214' title='bbox 1000 3340 1082 3414; x_wconf 80' lang='lat' dir='ltr'><strong>Cum</strong></span> <span class='ocrx_word' id='word_1_215' title='bbox 1110 3346 1204 3415; x_wconf 89' lang='lat' dir='ltr'><strong>statis</strong></span> <span class='ocrx_word' id='word_1_216' title='bbox 1232 3339 1455 3431; x_wconf 76' lang='lat' dir='ltr'><strong>Sacerdotes,</strong></span> <span class='ocrx_word' id='word_1_217' title='bbox 1482 3351 1545 3413; x_wconf 89' lang='lat' dir='ltr'><strong>etc.</strong></span> 
     </span>
    </p>

    <p class='ocr_par' dir='ltr' id='par_1_9' title="bbox 678 3453 2046 3881">
     <span class='ocr_line' id='line_1_25' title="bbox 782 3453 2046 3553; baseline -0.003 -22"><span class='ocrx_word' id='word_1_218' title='bbox 782 3460 957 3531; x_wconf 78' lang='lat' dir='ltr'><strong>Sacerdos</strong></span> <span class='ocrx_word' id='word_1_219' title='bbox 990 3460 1129 3553; x_wconf 66' lang='lat' dir='ltr'><strong>styrmes</strong></span> <span class='ocrx_word' id='word_1_220' title='bbox 1162 3457 1330 3545; x_wconf 73' lang='lat' dir='ltr'><strong>oblatam,</strong></span> <span class='ocrx_word' id='word_1_221' title='bbox 1370 3457 1463 3528; x_wconf 80' lang='lat' dir='ltr'><strong>dicit.</strong></span> <span class='ocrx_word' id='word_1_222' title='bbox 1504 3456 1667 3544; x_wconf 87' lang='lat' dir='ltr'><strong>Benedio,</strong></span> <span class='ocrx_word' id='word_1_223' title='bbox 1704 3458 1865 3545; x_wconf 79' lang='lat' dir='ltr'><strong>Domine,</strong></span> <span class='ocrx_word' id='word_1_224' title='bbox 1901 3453 2046 3528; x_wconf 88' lang='lat' dir='ltr'><strong>oblatam</strong></span> 
     </span>
     <span class='ocr_line' id='line_1_26' title="bbox 678 3571 2046 3669; baseline -0.004 -20"><span class='ocrx_word' id='word_1_225' title='bbox 678 3582 777 3650; x_wconf 87' lang='lat' dir='ltr'><strong>istam</strong></span> <span class='ocrx_word' id='word_1_226' title='bbox 804 3579 837 3648; x_wconf 91' lang='lat' dir='ltr'><strong>in</strong></span> <span class='ocrx_word' id='word_1_227' title='bbox 864 3576 1071 3648; x_wconf 88' lang='lat' dir='ltr'><strong>sanctuario:</strong></span> <span class='ocrx_word' id='word_1_228' title='bbox 1097 3571 1306 3669; x_wconf 89' lang='lat' dir='ltr'><strong>benedicque</strong></span> <span class='ocrx_word' id='word_1_229' title='bbox 1325 3595 1442 3665; x_wconf 81' lang='lat' dir='ltr'><strong>agrum</strong></span> <span class='ocrx_word' id='word_1_230' title='bbox 1463 3597 1509 3645; x_wconf 87' lang='lat' dir='ltr'><strong>ex</strong></span> <span class='ocrx_word' id='word_1_231' title='bbox 1530 3594 1594 3668; x_wconf 91' lang='lat' dir='ltr'><strong>qua</strong></span> <span class='ocrx_word' id='word_1_232' title='bbox 1616 3572 1778 3668; x_wconf 88' lang='lat' dir='ltr'><strong>producta</strong></span> <span class='ocrx_word' id='word_1_233' title='bbox 1793 3581 1852 3643; x_wconf 87' lang='lat' dir='ltr'><strong>est</strong></span> <span class='ocrx_word' id='word_1_234' title='bbox 1906 3571 2046 3643; x_wconf 88' lang='lat' dir='ltr'><strong>Praesta</strong></span> 
     </span>
     <span class='ocr_line' id='line_1_27' title="bbox 680 3687 2045 3785; baseline -0.004 -22"><span class='ocrx_word' id='word_1_235' title='bbox 680 3695 778 3764; x_wconf 91' lang='lat' dir='ltr'><strong>etiam</strong></span> <span class='ocrx_word' id='word_1_236' title='bbox 805 3694 974 3785; x_wconf 70' lang='lat' dir='ltr'><strong>requiem,</strong></span> <span class='ocrx_word' id='word_1_237' title='bbox 1001 3699 1035 3761; x_wconf 91' lang='lat' dir='ltr'><strong>et</strong></span> <span class='ocrx_word' id='word_1_238' title='bbox 1060 3710 1163 3784; x_wconf 90' lang='lat' dir='ltr'><strong>parce</strong></span> <span class='ocrx_word' id='word_1_239' title='bbox 1188 3687 1269 3776; x_wconf 85' lang='lat' dir='ltr'><strong>ntis,</strong></span> <span class='ocrx_word' id='word_1_240' title='bbox 1295 3711 1357 3783; x_wconf 90' lang='lat' dir='ltr'><strong>pro</strong></span> <span class='ocrx_word' id='word_1_241' title='bbox 1391 3687 1508 3784; x_wconf 90' lang='lat' dir='ltr'><strong>quibus</strong></span> <span class='ocrx_word' id='word_1_242' title='bbox 1542 3687 1653 3761; x_wconf 88' lang='lat' dir='ltr'><strong>oblata</strong></span> <span class='ocrx_word' id='word_1_243' title='bbox 1689 3697 1722 3760; x_wconf 92' lang='lat' dir='ltr'><strong>et</strong></span> <span class='ocrx_word' id='word_1_244' title='bbox 1753 3697 1950 3761; x_wconf 89' lang='lat' dir='ltr'><strong>consecrata</strong></span> <span class='ocrx_word' id='word_1_245' title='bbox 1981 3696 2045 3776; x_wconf 85' lang='lat' dir='ltr'><strong>est,</strong></span> 
     </span>
     <span class='ocr_line' id='line_1_28' title="bbox 679 3806 883 3881; baseline -0.01 -2"><span class='ocrx_word' id='word_1_246' title='bbox 679 3806 883 3881; x_wconf 90' lang='lat' dir='ltr'><strong>insaecula.</strong></span> 
     </span>
    </p>

    <p class='ocr_par' dir='ltr' id='par_1_10' title="bbox 679 3920 2043 4243">
     <span class='ocr_line' id='line_1_29' title="bbox 783 3920 2043 4015; baseline -0.001 -22"><span class='ocrx_word' id='word_1_247' title='bbox 783 3922 957 3994; x_wconf 83' lang='lat' dir='ltr'><strong>Sacerdos</strong></span> <span class='ocrx_word' id='word_1_248' title='bbox 980 3924 1114 4015; x_wconf 79' lang='lat' dir='ltr'><strong>sraepit</strong></span> <span class='ocrx_word' id='word_1_249' title='bbox 1140 3921 1303 4009; x_wconf 78' lang='lat' dir='ltr'><strong>oblatam,</strong></span> <span class='ocrx_word' id='word_1_250' title='bbox 1331 3928 1366 3992; x_wconf 88' lang='lat' dir='ltr'><strong>et</strong></span> <span class='ocrx_word' id='word_1_251' title='bbox 1391 3921 1484 3992; x_wconf 85' lang='lat' dir='ltr'><strong>dicit.</strong></span> <span class='ocrx_word' id='word_1_252' title='bbox 1510 3922 1671 4011; x_wconf 74' lang='lat' dir='ltr'><strong>Praesta,</strong></span> <span class='ocrx_word' id='word_1_253' title='bbox 1697 3920 1858 4008; x_wconf 73' lang='lat' dir='ltr'><strong>Domine,</strong></span> <span class='ocrx_word' id='word_1_254' title='bbox 1894 3920 2043 3993; x_wconf 88' lang='lat' dir='ltr'><strong>manibus</strong></span> 
     </span>
     <span class='ocr_line' id='line_1_30' title="bbox 680 4036 2043 4132; baseline -0.001 -20"><span class='ocrx_word' id='word_1_255' title='bbox 680 4045 763 4112; x_wconf 90' lang='lat' dir='ltr'><strong>meis</strong></span> <span class='ocrx_word' id='word_1_256' title='bbox 791 4039 942 4127; x_wconf 68' lang='lat' dir='ltr'><strong>infirmis,</strong></span> <span class='ocrx_word' id='word_1_257' title='bbox 969 4047 1004 4108; x_wconf 92' lang='lat' dir='ltr'><strong>ut</strong></span> <span class='ocrx_word' id='word_1_258' title='bbox 1029 4037 1190 4108; x_wconf 88' lang='lat' dir='ltr'><strong>accedant</strong></span> <span class='ocrx_word' id='word_1_259' title='bbox 1215 4047 1249 4108; x_wconf 92' lang='lat' dir='ltr'><strong>et</strong></span> <span class='ocrx_word' id='word_1_260' title='bbox 1273 4036 1432 4130; x_wconf 82' lang='lat' dir='ltr'><strong>frangant</strong></span> <span class='ocrx_word' id='word_1_261' title='bbox 1457 4060 1579 4132; x_wconf 88' lang='lat' dir='ltr'><strong>corpus</strong></span> <span class='ocrx_word' id='word_1_262' title='bbox 1607 4048 1696 4108; x_wconf 92' lang='lat' dir='ltr'><strong>tuum</strong></span> <span class='ocrx_word' id='word_1_263' title='bbox 1723 4048 1884 4127; x_wconf 72' lang='lat' dir='ltr'><strong>sanctum,</strong></span> <span class='ocrx_word' id='word_1_264' title='bbox 1912 4049 1946 4110; x_wconf 93' lang='lat' dir='ltr'><strong>et</strong></span> <span class='ocrx_word' id='word_1_265' title='bbox 1971 4037 2043 4109; x_wconf 82' lang='lat' dir='ltr'><strong>tiliis</strong></span> 
     </span>
     <span class='ocr_line' id='line_1_31' title="bbox 679 4152 2042 4243; baseline -0.001 -14"><span class='ocrx_word' id='word_1_266' title='bbox 679 4156 856 4230; x_wconf 88' lang='lat' dir='ltr'><strong>Ecclesiae</strong></span> <span class='ocrx_word' id='word_1_267' title='bbox 883 4164 1018 4226; x_wconf 90' lang='lat' dir='ltr'><strong>sanctae</strong></span> <span class='ocrx_word' id='word_1_268' title='bbox 1045 4153 1189 4226; x_wconf 88' lang='lat' dir='ltr'><strong>dividam</strong></span> <span class='ocrx_word' id='word_1_269' title='bbox 1215 4152 1310 4243; x_wconf 77' lang='lat' dir='ltr'><strong>ntus,</strong></span> <span class='ocrx_word' id='word_1_270' title='bbox 1338 4176 1410 4226; x_wconf 91' lang='lat' dir='ltr'><strong>cum</strong></span> <span class='ocrx_word' id='word_1_271' title='bbox 1438 4153 1502 4225; x_wconf 89' lang='lat' dir='ltr'><strong>lide</strong></span> <span class='ocrx_word' id='word_1_272' title='bbox 1528 4175 1621 4226; x_wconf 89' lang='lat' dir='ltr'><strong>vera.</strong></span> <span class='ocrx_word' id='word_1_273' title='bbox 1673 4152 1872 4225; x_wconf 86' lang='lat' dir='ltr'><strong>Benedictus</strong></span> <span class='ocrx_word' id='word_1_274' title='bbox 1901 4177 1939 4227; x_wconf 90' lang='lat' dir='ltr'><strong>es</strong></span> <span class='ocrx_word' id='word_1_275' title='bbox 1965 4156 2042 4227; x_wconf 83' lang='lat' dir='ltr'><strong>llo-</strong></span> 
     </span>
    </p>

    <p class='ocr_par' dir='ltr' id='par_1_11' title="bbox 634 4269 2044 4483">
     <span class='ocr_line' id='line_1_32' title="bbox 680 4269 2044 4366; baseline -0.004 -20"><span class='ocrx_word' id='word_1_276' title='bbox 680 4278 769 4346; x_wconf 91' lang='lat' dir='ltr'><strong>mine</strong></span> <span class='ocrx_word' id='word_1_277' title='bbox 801 4273 884 4346; x_wconf 89' lang='lat' dir='ltr'><strong>Jesu</strong></span> <span class='ocrx_word' id='word_1_278' title='bbox 920 4269 1069 4358; x_wconf 82' lang='lat' dir='ltr'><strong>Christe,</strong></span> <span class='ocrx_word' id='word_1_279' title='bbox 1108 4272 1204 4366; x_wconf 88' lang='lat' dir='ltr'><strong>panis</strong></span> <span class='ocrx_word' id='word_1_280' title='bbox 1235 4272 1335 4344; x_wconf 87' lang='lat' dir='ltr'><strong>vivus</strong></span> <span class='ocrx_word' id='word_1_281' title='bbox 1369 4273 1424 4365; x_wconf 90' lang='lat' dir='ltr'><strong>qui</strong></span> <span class='ocrx_word' id='word_1_282' title='bbox 1457 4269 1499 4340; x_wconf 91' lang='lat' dir='ltr'><strong>de</strong></span> <span class='ocrx_word' id='word_1_283' title='bbox 1533 4269 1631 4344; x_wconf 90' lang='lat' dir='ltr'><strong>coelo</strong></span> <span class='ocrx_word' id='word_1_284' title='bbox 1668 4281 1724 4343; x_wconf 89' lang='lat' dir='ltr'><strong>tuo</strong></span> <span class='ocrx_word' id='word_1_285' title='bbox 1760 4270 1980 4363; x_wconf 82' lang='lat' dir='ltr'><strong>descendisti,</strong></span> <span class='ocrx_word' id='word_1_286' title='bbox 2010 4279 2044 4343; x_wconf 88' lang='lat' dir='ltr'><strong>et</strong></span> 
     </span>
     <span class='ocr_line' id='line_1_33' title="bbox 634 4369 2041 4483; baseline -0.002 -20"><span class='ocrx_word' id='word_1_287' title='bbox 634 4369 637 4379; x_wconf 42' lang='lat'>¹</span> <span class='ocrx_word' id='word_1_288' title='bbox 679 4391 788 4463; x_wconf 89' lang='lat' dir='ltr'><strong>lactus</strong></span> <span class='ocrx_word' id='word_1_289' title='bbox 823 4412 860 4462; x_wconf 90' lang='lat' dir='ltr'><strong>es</strong></span> <span class='ocrx_word' id='word_1_290' title='bbox 897 4390 967 4460; x_wconf 81' lang='lat' dir='ltr'><strong>vita</strong></span> <span class='ocrx_word' id='word_1_291' title='bbox 1003 4386 1257 4482; x_wconf 88' lang='lat' dir='ltr'><strong>suscipientibus</strong></span> <span class='ocrx_word' id='word_1_292' title='bbox 1288 4397 1338 4473; x_wconf 87' lang='lat' dir='ltr'><strong>te,</strong></span> <span class='ocrx_word' id='word_1_293' title='bbox 1373 4388 1408 4457; x_wconf 89' lang='lat' dir='ltr'><strong>in</strong></span> <span class='ocrx_word' id='word_1_294' title='bbox 1440 4385 1586 4459; x_wconf 89' lang='lat' dir='ltr'><strong>saecula.</strong></span> <span class='ocrx_word' id='word_1_295' title='bbox 1647 4387 1786 4459; x_wconf 86' lang='lat' dir='ltr'><strong>Omnem</strong></span> <span class='ocrx_word' id='word_1_296' title='bbox 1820 4387 1951 4460; x_wconf 85' lang='lat' dir='ltr'><strong>fidelem</strong></span> <span class='ocrx_word' id='word_1_297' title='bbox 1989 4392 2041 4483; x_wconf 89' lang='lat' dir='ltr'><strong>qui</strong></span> 
     </span>
    </p>
   </div>
   <div class='ocr_carea' id='block_1_3' title="bbox 676 4501 2103 5084">
    <p class='ocr_par' dir='ltr' id='par_1_12' title="bbox 676 4501 2103 5084">
     <span class='ocr_line' id='line_1_34' title="bbox 680 4501 2103 4604; baseline -0.001 -25"><span class='ocrx_word' id='word_1_298' title='bbox 680 4506 853 4580; x_wconf 88' lang='lat' dir='ltr'><strong>nobiscum</strong></span> <span class='ocrx_word' id='word_1_299' title='bbox 880 4505 1146 4592; x_wconf 73' lang='lat' dir='ltr'><strong>communicavit,</strong></span> <span class='ocrx_word' id='word_1_300' title='bbox 1172 4504 1366 4599; x_wconf 89' lang='lat' dir='ltr'><strong>participem</strong></span> <span class='ocrx_word' id='word_1_301' title='bbox 1394 4501 1483 4574; x_wconf 91' lang='lat' dir='ltr'><strong>illum</strong></span> <span class='ocrx_word' id='word_1_302' title='bbox 1498 4501 1564 4591; x_wconf 85' lang='lat' dir='ltr'><strong>fac,</strong></span> <span class='ocrx_word' id='word_1_303' title='bbox 1581 4503 1736 4591; x_wconf 75' lang='lat' dir='ltr'><strong>Domine,</strong></span> <span class='ocrx_word' id='word_1_304' title='bbox 1761 4508 1859 4596; x_wconf 85' lang='lat' dir='ltr'><strong>regni</strong></span> <span class='ocrx_word' id='word_1_305' title='bbox 1884 4508 1931 4577; x_wconf 90' lang='lat' dir='ltr'><strong>tui</strong></span> <span class='ocrx_word' id='word_1_306' title='bbox 1957 4526 2041 4577; x_wconf 87' lang='lat' dir='ltr'><strong>eae-</strong></span> <span class='ocrx_word' id='word_1_307' title='bbox 2101 4597 2103 4604; x_wconf 21' lang='grc' dir='ltr'>Ι</span> 
     </span>
     <span class='ocr_line' id='line_1_35' title="bbox 676 4617 2039 4710; baseline -0.001 -14"><span class='ocrx_word' id='word_1_308' title='bbox 676 4623 774 4697; x_wconf 91' lang='lat' dir='ltr'><strong>lestis</strong></span> <span class='ocrx_word' id='word_1_309' title='bbox 802 4626 834 4694; x_wconf 93' lang='lat' dir='ltr'><strong>in</strong></span> <span class='ocrx_word' id='word_1_310' title='bbox 862 4618 1006 4694; x_wconf 89' lang='lat' dir='ltr'><strong>saecula.</strong></span> <span class='ocrx_word' id='word_1_311' title='bbox 1058 4617 1136 4691; x_wconf 92' lang='lat' dir='ltr'><strong>Non</strong></span> <span class='ocrx_word' id='word_1_312' title='bbox 1162 4622 1196 4689; x_wconf 91' lang='lat' dir='ltr'><strong>iu</strong></span> <span class='ocrx_word' id='word_1_313' title='bbox 1222 4618 1542 4710; x_wconf 75' lang='lat' dir='ltr'><strong>condemnationem,</strong></span> <span class='ocrx_word' id='word_1_314' title='bbox 1569 4631 1626 4692; x_wconf 91' lang='lat' dir='ltr'><strong>aut</strong></span> <span class='ocrx_word' id='word_1_315' title='bbox 1642 4623 1887 4693; x_wconf 90' lang='lat' dir='ltr'><strong>accusationem</strong></span> <span class='ocrx_word' id='word_1_316' title='bbox 1906 4626 1950 4697; x_wconf 91' lang='lat' dir='ltr'><strong>sit</strong></span> <span class='ocrx_word' id='word_1_317' title='bbox 1974 4645 2039 4695; x_wconf 88' lang='lat' dir='ltr'><strong>no·</strong></span> 
     </span>
     <span class='ocr_line' id='line_1_36' title="bbox 680 4736 2038 4833; baseline -0.002 -20"><span class='ocrx_word' id='word_1_318' title='bbox 680 4738 733 4813; x_wconf 91' lang='lat' dir='ltr'><strong>bis</strong></span> <span class='ocrx_word' id='word_1_319' title='bbox 760 4760 884 4833; x_wconf 88' lang='lat' dir='ltr'><strong>corpus</strong></span> <span class='ocrx_word' id='word_1_320' title='bbox 910 4747 1000 4808; x_wconf 89' lang='lat' dir='ltr'><strong>tuum</strong></span> <span class='ocrx_word' id='word_1_321' title='bbox 1026 4745 1061 4807; x_wconf 91' lang='lat' dir='ltr'><strong>et</strong></span> <span class='ocrx_word' id='word_1_322' title='bbox 1086 4739 1223 4828; x_wconf 82' lang='lat' dir='ltr'><strong>sanguis</strong></span> <span class='ocrx_word' id='word_1_323' title='bbox 1250 4745 1324 4809; x_wconf 91' lang='lat' dir='ltr'><strong>tuus</strong></span> <span class='ocrx_word' id='word_1_324' title='bbox 1350 4736 1512 4828; x_wconf 82' lang='lat' dir='ltr'><strong>Domine,</strong></span> <span class='ocrx_word' id='word_1_325' title='bbox 1538 4739 1571 4807; x_wconf 93' lang='lat' dir='ltr'><strong>in</strong></span> <span class='ocrx_word' id='word_1_326' title='bbox 1597 4736 1651 4809; x_wconf 90' lang='lat' dir='ltr'><strong>die</strong></span> <span class='ocrx_word' id='word_1_327' title='bbox 1672 4736 1804 4830; x_wconf 74' lang='lat' dir='ltr'><strong>judicii,</strong></span> <span class='ocrx_word' id='word_1_328' title='bbox 1838 4739 2038 4812; x_wconf 86' lang='lat' dir='ltr'><strong>insaecula</strong></span> 
     </span>
     <span class='ocr_line' id='line_1_37' title="bbox 681 4850 2037 4948; baseline -0.001 -21"><span class='ocrx_word' id='word_1_329' title='bbox 681 4854 825 4927; x_wconf 90' lang='lat' dir='ltr'><strong>Domine</strong></span> <span class='ocrx_word' id='word_1_330' title='bbox 852 4855 935 4926; x_wconf 84' lang='lat' dir='ltr'><strong>lesu</strong></span> <span class='ocrx_word' id='word_1_331' title='bbox 962 4850 1093 4926; x_wconf 86' lang='lat' dir='ltr'><strong>Christo</strong></span> <span class='ocrx_word' id='word_1_332' title='bbox 1120 4851 1162 4925; x_wconf 90' lang='lat' dir='ltr'><strong>da</strong></span> <span class='ocrx_word' id='word_1_333' title='bbox 1188 4850 1286 4926; x_wconf 92' lang='lat' dir='ltr'><strong>nabis</strong></span> <span class='ocrx_word' id='word_1_334' title='bbox 1312 4852 1541 4925; x_wconf 88' lang='lat' dir='ltr'><strong>confidentiam</strong></span> <span class='ocrx_word' id='word_1_335' title='bbox 1567 4875 1682 4926; x_wconf 87' lang='lat' dir='ltr'><strong>coram</strong></span> <span class='ocrx_word' id='word_1_336' title='bbox 1707 4862 1751 4943; x_wconf 89' lang='lat' dir='ltr'><strong>te,</strong></span> <span class='ocrx_word' id='word_1_337' title='bbox 1778 4854 1909 4948; x_wconf 90' lang='lat' dir='ltr'><strong>quando</strong></span> <span class='ocrx_word' id='word_1_338' title='bbox 1935 4876 2037 4926; x_wconf 87' lang='lat' dir='ltr'><strong>reve-</strong></span> 
     </span>
     <span class='ocr_line' id='line_1_38' title="bbox 680 4967 2034 5084; baseline 0 -43"><span class='ocrx_word' id='word_1_339' title='bbox 680 4968 805 5044; x_wconf 90' lang='lat' dir='ltr'><strong>laberis</strong></span> <span class='ocrx_word' id='word_1_340' title='bbox 833 4994 908 5044; x_wconf 90' lang='lat' dir='ltr'><strong>cum</strong></span> <span class='ocrx_word' id='word_1_341' title='bbox 933 4967 1073 5063; x_wconf 84' lang='lat' dir='ltr'><strong>Angelis</strong></span> <span class='ocrx_word' id='word_1_342' title='bbox 1100 4971 1164 5041; x_wconf 91' lang='lat' dir='ltr'><strong>tuis</strong></span> <span class='ocrx_word' id='word_1_343' title='bbox 1189 4971 1224 5040; x_wconf 91' lang='lat' dir='ltr'><strong>in</strong></span> <span class='ocrx_word' id='word_1_344' title='bbox 1249 4969 1505 5084; x_wconf 71' lang='lat' dir='ltr'><strong>gloriamque,</strong></span> <span class='ocrx_word' id='word_1_345' title='bbox 1532 4968 1726 5046; x_wconf 90' lang='lat' dir='ltr'><strong>insaecula.</strong></span> <span class='ocrx_word' id='word_1_346' title='bbox 1765 4969 1845 5042; x_wconf 82' lang='lat' dir='ltr'><strong>vivi</strong></span> <span class='ocrx_word' id='word_1_347' title='bbox 1871 4977 1905 5041; x_wconf 90' lang='lat' dir='ltr'><strong>et</strong></span> <span class='ocrx_word' id='word_1_348' title='bbox 1922 4971 2034 5043; x_wconf 88' lang='lat' dir='ltr'><strong>mortui</strong></span> 
     </span>
    </p>
   </div>
   <div class='ocr_carea' id='block_1_4' title="bbox 0 0 2268 6034">
    <p class='ocr_par' dir='ltr' id='par_1_13' title="bbox 0 0 2268 6034">
     <span class='ocr_line' id='line_1_39' title="bbox 0 0 2268 6034; baseline 0 2"><span class='ocrx_word' id='word_1_349' title='bbox 0 0 2268 6034; x_wconf 95' lang='lat' dir='ltr'><strong> </strong></span> 
     </span>
    </p>
   </div>
  </div>
 </body>
</html>
