4525 6034
649 648 725 721 1oo
1095 636 1319 718 LITURGIA
1352 635 1383 712 S
1412 635 1628 713 eeuuontl

647 833 813 906 donorum
846 829 1115 926 Episcoporum‚
1152 829 1206 921 qui
1232 832 1326 895 recte
1369 826 1446 896 τῶν
1470 815 1809 919 ὀρθοτομησύντων
1838 816 1906 893 τὸν
1935 813 2047 917 λόγον

648 936 842 1032 dispensant
867 932 1009 1006 verbum
1036 934 1199 1003 veritatis
1369 930 1431 1019 τῆς
1449 922 1629 1021 ἀληθείας.

861 1085 981 1141 Elaeam
1005 1098 1109 1139 vocem.
1617 1070 1669 1124 Ἐκ
1654 1093 1724 1138 arpa
1726 1069 1788 1137 λιιι.

699 1205 886 1299 Praecipue
913 1202 1112 1274 sanctissimi
1133 1207 1167 1269 et
1192 1195 1326 1269 beatis-
1420 1192 1622 1318 Ἑξαιρέτρος
1655 1196 1724 1265 τοῦ
1756 1186 1960 1290 ύγιωτύτοα
1986 1190 2047 1265 καὶ

652 1312 744 1383 simi
771 1304 939 1378 Pontificis
985 1305 1092 1375 nostri
1136 1299 1236 1375 Abba
1284 1297 1327 1371 N.
1371 1293 1657 1420 μακαριωτάτοα
1699 1291 1889 1394 ἀρχιερέως
1942 1294 2048 1388 ripario

649 1414 764 1507 Papae
791 1421 825 1480 et
849 1405 1063 1480 Patriarcbae
1094 1425 1239 1495 magnae
1272 1404 1328 1473 ci·
1363 1401 1491 1500 ’Ἀββα
1510 1398 1570 1475 Δ’.
1606 1394 1709 1472 πύπα
1732 1397 1792 1471 καὶ
1819 1394 2047 1495 πατριάρχου

650 1517 762 1586 vitatis
802 1509 1051 1595 Alexandriam
1088 1518 1122 1578 et
1161 1528 1225 1601 pro
1264 1504 1327 1577 illis
1371 1512 1432 1600 τῆς
1470 1497 1741 1637 μεχαλοπόλεως
1773 1497 2046 1598 Ἀλεξανδρείας

653 1619 707 1710 qui
724 1617 920 1709 superstites
942 1609 1220 1704 suntItpiscopis,
1235 1610 1326 1680 Pre-
1372 1605 1494 1682 Καὶ(
1471 1613 1559 1704 οπερ
1582 1611 1657 1679 τῶν
1678 1600 1878 1702 περιόντων
1899 1600 2048 1675 ε’πισκύ-

653 1718 819 1812 sbyteris‚
871 1715 1051 1801 Diaconis,
1107 1712 1328 1802 Anagnostis‚
1370 1736 1472 1800 πων,
1520 1710 1796 1807 πρεσβυτερων,
1850 1703 2047 1794 διακόνων,

651 1818 786 1908 Psaltis‚
811 1819 1014 1903 Exoremus,
1034 1818 1253 1888 monasticam
1267 1815 1327 1885 vi-
1371 1812 1802 1938 ἅναγνωστων,ψαλτιῦν,
1816 1809 2048 1906 ἐξορκιστῶν,

650 1932 718 1993 tam
736 1932 769 1992 et
783 1929 979 2016 perpetuam
1000 1920 1227 2009 virginitatem
1239 1938 1328 2011 pro·
1370 1913 1625 2010 μοναζόντων,
1637 1910 1930 2038 datnapda'vma‚'
1912 1938 2049 2040 εγκρα-

651 2023 829 2111 fitentibuS‚
851 2019 1106 2110 continentibus,
1122 2019 1244 2107 vidum,
1264 2041 1328 2090 οι·-
1371 2026 1459 2109 τῶν,
1476 2024 1616 2116 χηρῶν,
1628 2013 1814 2139 ὀριρανιύν,
1830 2019 1977 2104 λαικων,
1986 2041 2049 2086 και

651 2127 778 2222 phanis,
805 2124 912 2215 laicis,
940 2135 973 2195 et
998 2146 1061 2220 pro
1096 2125 1186 2194 omni
1212 2120 1396 2216 pleni-‘
1372 2128 1461 2220 οπερ
1478 2119 1612 2203 παντὸς
1627 2146 1694 2192 τοο
1679 2113 1970 2216 πληρώματος,
1986 2123 2049 2212 τῆς

651 2230 762 2301 tudine
788 2227 931 2299 fidelium
957 2235 1094 2299 sanctae
1120 2225 1185 2296 Dei
1200 2223 1396 2296 ΕσιΙθ-ς
1372 2225 1475 2323 αγίας
1512 2230 1579 2298 τοῦ
1617 2224 1710 2295 θεοῦ
1751 2220 1934 2317 ἐκκλησίας
1972 2225 2049 2293 των

652 2335 734 2404 siae.
1371 2333 1521 2402 πιστῶν.

703 2433 865 2526 Populus.
891 2432 997 2528 Kyrie
1025 2430 1164 2503 eleison.
1420 2434 1568 2516 ὀΛαός
1589 2437 1685 2525 λέγει
1729 2422 1842 2523 Κύριε
1859 2429 2012 2521 stem

703 2534 888 2607 Sacerdos.
915 2534 1084 2606 Memento
1103 2533 1246 2606 Domine
1260 2555 1328 2605 eo·
1420 2538 1455 2610 ‘O
1476 2535 1595 2631 Ἱερεύς
1617 2539 1714 2626 λέγει.
1758 2522 2049 2623 Μνήσθνγτικύὲ

650 2661 724 2710 rum
751 2641 806 2733 qui
831 2642 886 2733 pie
912 2646 1063 2729 regnant.
1373 2665 1426 2736 ριε
1442 2639 1517 2710 τῶν
1534 2633 1687 2731 εὐσεβῶς
1703 2629 2012 2763 βασιλευρύντων.

657 2806 662 2819 .
702 2741 871 2813 Memento
917 2741 1061 2812 Domine
1113 2762 1228 2812 eorum
1275 2740 1329 2833 qui
1425 2732 1745 2866 Μνήρθνμικύριε
1761 2741 1837 2811 τῶν
1853 2737 1892 2809 ἕν
1906 2762 1958 2829 τῳ
1973 2762 2048 2807 πα-

652 2853 729 2917 sunt
754 2847 787 2915 in
813 2844 947 2939 palatie,
972 2842 1110 2915 fratrum
1137 2853 1328 2915 nostrorum
1371 2840 1536 2936 taeim,‘
1513 2850 1619 2935 ημῶν
1635 2838 1806 2936 ἀδελφων
1822 2843 1975 2926 πιστῶν,
1988 2835 2049 2910 και

651 2946 794 3019 fidelium
827 2957 861 3019 et
897 2946 1181 3037 orthodoxorum,
1208 2957 1242 3017 et
1269 2954 1328 3016 to·
1371 2941 1604 3042 ύρθούόὲων,
1625 2941 1686 3017 καὶ
1705 2939 1838 3025 παντὸς
1853 2946 1921 3014 τοῦ
1933 2962 2049 3038 στρα-

651 3053 715 3121 tius
742 3053 922 3123 exercitus.
1372 3045 1537 3121 τοπιᾝύου

703 3152 872 3224 Memento
918 3154 1061 3224 Domino
1109 3173 1226 3223 eorum
1275 3154 1331 3246 qui
1417 3146 1633 3245 Masabadan
1662 3144 1763 3247 κύριε
1798 3151 1873 3221 τῶν
1891 3173 2048 3244 προςφε-

652 3254 793 3327 offerunt
818 3266 933 3328 sancta
960 3255 1045 3327 haec
1072 3254 1180 3346 dona,
1209 3264 1242 3325 et
1268 3276 1330 3350 pro
1375 3249 1518 3385 ρύντων
1542 3249 1588 3326 τοὶ
1613 3251 1699 3377 ἅγια
1721 3248 1827 3380 δῶρα
1844 3255 1970 3339 ταῦτα,
1989 3245 2049 3321 καὶ

653 3356 770 3452 quibus
817 3370 852 3429 et
895 3381 959 3453 per
1004 3379 1087 3452 quos
1130 3355 1398 3448 obtulenmt‘
1374 3361 1463 3455 οπὲρ
1480 3349 1546 3444 ὥν,
1561 3383 1622 3428 και
1613 3347 1737 3428 ⁸‘da'
1705 3350 2047 3451 ωνπροςεκόμισαν,

653 3460 910 3555 mercedemque
957 3460 1140 3532 coelestem
1183 3460 1329 3533 retribue
1372 3456 1435 3532 καὶ
1467 3456 1612 3554 μισθὸν
1647 3454 1821 3557 οὐράνιον
1854 3459 2049 3555 παρασχοῦ

654 3561 718 3634 illis
746 3560 906 3635 omnibus
1373 3567 1485 3637 πᾶσιν
1502 3559 1631 3644 αὐτοῖς.

705 3664 874 3735 Memento
922 3659 1066 3736 Domine
1115 3687 1233 3739 eorum
1275 3667 1330 3759 qui
1427 3661 1634 3761 Mvrjcdpm
1669 3658 1768 3792 κύριε
1802 3659 1862 3791 κριὲ
1895 3666 1972 3735 των
2010 3663 2049 3733 ἐν

655 3770 766 3838 sunt
757 3790 790 3837 tn
808 3766 986 3858 montibus,
1005 3766 1185 3864 speluncis,
1213 3779 1247 3840 ct
1263 3792 1329 3840 oa·
1376 3766 1485 3865 όρεσι,
1502 3796 1562 3842 και
1553 3766 1764 3864 σπηλαίοις
1779 3763 1840 3837 καὶ
1856 3776 1932 3848 ταῖς
1949 3761 2049 3846 ὀπαῖς

654 3871 770 3941 vernis
797 3879 916 3941 terrae
993 3932 997 3947 .
1376 3882 1437 3966 τῆς
1449 3876 1522 3969 γῆς.

707 3973 751 4043 Ει
765 3994 882 4044 eorum
900 3977 955 4068 qui
977 3978 1011 4045 in
1034 3977 1227 4070 captivitate
1245 3982 1332 4063 sunt,
1430 3972 1503 4047 Καὶ
1516 3978 1591 4049 τῶν
1602 3977 1641 4048 ἐν
1655 3969 1951 4068 αἰχμαλωσίαις”
1930 3996 2050 4045 οντων

654 4072 793 4146 fratrum
825 4086 1033 4171 mmmmm,
1068 4078 1198 4171 illisque
1230 4079 1331 4173 paci·
1374 4073 1545 4174 ἀδελφῶν
1562 4075 1665 4172 ἡμῶν
1686 4074 1747 4149 καὶ
1763 4071 1940 4171 εἰρηνικάς
1956 4071 2052 4146 ἁπο-

654 4176 753 4250 ficum
778 4178 918 4251 reditum
945 4180 988 4251 ad
1014 4184 1151 4276 propria
1172 4179 1330 4251 concede.
1375 4177 1607 4263 καταστάσεις
1629 4180 1675 4261 εἰς
1696 4176 1742 4252 τύ
1764 4176 1840 4251 Mea
1858 4175 2022 4273 χάρισαι.

706 4282 894 4355 Βιασωιιιι.
923 4282 1026 4356 Orate
1052 4306 1115 4379 pro
1143 4285 1295 4378 captivis.
1424 4286 1458 4358 Ὁ
1479 4283 1640 4369 Διύκονος
1659 4290 1754 4377 λέγει.
1794 4278 2053 4379 Πρσςεύξασθε

1374 4385 1463 4482 ὑπὲρ
1484 4392 1560 4460 τῶν
1576 4380 1832 4509 αἰχμαλώτων.

707 4489 869 4581 Populus.
896 4490 1003 4585 Kyrie
1030 4488 1169 4562 eleison.
1425 4490 1574 4576 ὉΛαός
1597 4496 1693 4585 λέγει.
1729 4483 1842 4584 Κύριε
1859 4488 2014 4581 ε’λεησον.

712 4592 805 4663 Tuae
831 4592 976 4664 inclinat
1005 4592 1182 4664 Sacerdos
1217 4596 1331 4684 caput,
1432 4592 1516 4668 Τοιε
1552 4600 1655 4668 κλίνει
1689 4592 1854 4708 Ἱερεύς
1838 4624 1897 4686 ινν
1930 4596 2054 4665 ἑαυτοῦ

656 4693 774 4764 diceas
799 4702 944 4767 secreto.
1375 4683 1520 4777 κεφαλὴν
1542 4685 1642 4774 λέγων
1664 4684 1768 4752 καθ“
1755 4677 1872 4753 εαοτόν
1886 4682 2051 4769 ἐνιαυτῷ.

708 4796 879 4870 Memento
914 4798 1058 4870 Domine
1093 4801 1193 4867 etiam
1223 4799 1331 4868 mise-
1429 4792 1637 4892 Μνήσθιγτι
1664 4792 1765 4921 κύριε
1785 4795 1845 4869 καὶ
1870 4800 1932 4890 τῆς
1967 4798 2053 4888 ἐμῆς

655 4920 717 4969 rae
753 4923 850 4971 meae
885 4911 918 4971 et
944 4900 1086 4973 infelicis
1122 4904 1271 4988 animae,
1299 4910 1333 4970 et
1375 4897 1579 5026 αθλίαςκαι
1570 4894 1829 5029 ταλαιπώρου
1845 4903 1975 4997 ψυχῆς,
1989 4924 2053 4969 τα-

655 4998 889 5075 bumiliationis
915 5026 1024 5093 meae,
1051 5006 1229 5075 etremitte
1255 5000 1333 5073 mibi
1375 5001 1572 5087 πεινιύσεώς
1603 5031 1698 5096 μου,
1722 5001 1783 5076 καὶ
1812 4996 2053 5127 συγχώρησόν

657 5107 767 5176 omnia
799 5104 918 5176 delicta
951 5129 1026 5178 mea
1060 5117 1094 5179 et
1129 5103 1187 5177 ubi
1220 5103 1332 5178 abun·
1374 5135 1441 5202 μοι
1463 5104 1585 5184 πάντα
1608 5105 1653 5180 τοὶ
1672 5104 1740 5202 ἐμοὶ
1763 5101 2053 5203 πλημμελήματα
