4525 6034
544 632 596 707 ΙΝ
630 620 925 707 LITURGIAS
961 626 1275 705 stolicis..
1532 632 1581 702 57

204 818 300 882 ocrlra
325 819 459 897 somnam
487 816 590 878 crucis
617 816 799 895 exprimant.
844 812 957 875 Postea
986 812 1157 893 Episcopus
1185 812 1319 874 tabulam
1342 814 1472 876 collocat
1492 834 1584 894 snper

204 935 342 981 mensam
363 918 455 990 oilae,
477 915 535 977 lion
558 920 606 977 cst
629 912 741 976 ultore:
762 930 824 973 non
846 914 879 972 in
899 913 1011 989 medio,
1033 912 1115 992 quod
1138 910 1244 974 solium
1267 921 1389 989 vocent,
1413 914 1466 975 ubi
1479 914 1584 977 labda

204 1022 385 1078 consenum
402 1015 492 1094 prius
513 1014 615 1093 defien
637 1021 697 1088 est,
723 1012 780 1073 sed
801 1013 844 1073 ad
865 1013 944 1075 latus
966 1014 1129 1077 sinistncm.
1175 1012 1212 1073 Si
1228 1014 1333 1092 plures
1355 1015 1584 1076 consecrandae

203 1125 289 1193 sinit,
312 1115 383 1177 illas
404 1132 459 1175 suo
481 1132 629 1194 quamque
650 1113 755 1174 ordine
777 1114 969 1192 mperponit,
990 1111 1160 1192 Episcopus
1187 1120 1295 1191 postea
1323 1119 1503 1175 omsamento
1525 1132 1583 1175 sna

202 1219 332 1297 accipit:
354 1215 548 1289 Sacerdotes,
571 1213 713 1291 Dioeoni,
736 1220 766 1273 ct
786 1213 902 1292 reliqui,
926 1219 1025 1273 oestes
1046 1230 1163 1292 qunque
1184 1210 1298 1273 Ordine
1319 1231 1376 1274 suo
1398 1214 1583 1274 convenien-

202 1325 247 1378 tes
269 1317 405 1393 indurmt,
428 1322 566 1394 stantque
588 1315 675 1374 eirca
696 1313 804 1373 altore
847 1309 1100 1393 Areliprresbqter
1119 1310 1220 1390 desert
1241 1330 1372 1385 mueon,
1395 1320 1425 1374 ct
1445 1314 1586 1374 considit

198 1432 297 1496 prope
324 1417 442 1476 altare.-
471 1432 550 1474 unus
576 1432 617 1474 en
639 1410 809 1473 senioribus
831 1409 1048 1472 Sacerdotibus
1070 1409 1169 1488 defert
1187 1404 1388 1490 paropsides,
1416 1414 1448 1472 in
1475 1411 1583 1492 quibus

199 1502 270 1575 suut
292 1513 450 1574 lenticulae
464 1511 550 1573 sacri
563 1510 751 1571 cirismatis:
773 1509 906 1572 Diaconi
916 1508 1036 1587 flabella
1045 1516 1180 1588 qestant,
1205 1510 1261 1570 eslii
1275 1529 1389 1573 cereos.
1413 1508 1583 1590 Episcopus

202 1632 220 1674 n
245 1632 306 1694 qno
329 1611 396 1674 solo
419 1611 495 1673 haee
518 1609 707 1672 consecratio
730 1608 903 1689 perlinitur,
932 1610 1041 1669 recitat
1066 1610 1221 1669 uuttmes
1249 1610 1378 1689 aliquot,
1405 1630 1446 1671 ee
1473 1607 1583 1690 Officio

201 1713 442 1774 consecrationis
455 1710 624 1784 Ecclesiae,
646 1709 782 1780 Sedras;
805 1709 974 1770 orationem
991 1707 1116 1781 incensi,
1140 1727 1181 1768 ee
1203 1708 1324 1769 eodem:
1343 1716 1416 1788 post
1435 1727 1513 1789 quos
1535 1709 1583 1770 te-

199 1814 283 1892 qitur
303 1810 442 1890 Epistola
471 1820 501 1872 et
526 1808 723 1889 Eonnqelium
752 1814 782 1868 ct
802 1808 952 1868 recitatur
972 1805 1153 1888 Symbolum.
1182 1805 1322 1887 Sequitur
1344 1809 1444 1870 oratio
1466 1816 1583 1869 secreto

201 1912 343 1974 dicenda.
374 1909 517 1972 Psalmus
537 1908 590 1970 23.
635 1907 781 1969 Dominus
803 1906 883 1987 regit
906 1924 963 1981 me,
987 1913 1045 1967 ete.
1069 1904 1239 1985 Episcopus
1260 1907 1378 1987 siqnum
1400 1909 1502 1968 erneis
1524 1907 1580 1969 de·

201 2010 424 2089 lincotpollice,
447 2009 546 2070 ductis
568 2006 688 2068 dualrus
709 2007 806 2080 lineis,
829 2013 859 2066 ct
879 2005 1013 2067 tollemus
1035 2006 1275 2067 consecrandam
1298 2008 1432 2086 imponit,
1455 2008 1486 2066 ei
1505 2024 1583 2086 quae

199 2110 266 2187 fisa
278 2117 325 2170 est
334 2110 366 2169 in
380 2102 488 2169 altori.-
510 2126 599 2187 msam
621 2105 730 2168 deinde
742 2105 865 2183 deponit
885 2105 928 2166 ad
948 2105 1029 2167 totus
1039 2105 1134 2182 aliud,
1149 2111 1179 2164 et
1194 2105 1335 2186 reliquas,
1349 2108 1380 2167 si
1387 2098 1491 2185 plures
1503 2112 1583 2181 sunt,

198 2207 524 2287 primaesuperponit:
546 2212 636 2285 atque
657 2205 775 2265 interea
791 2200 905 2264 Clerici
919 2205 1056 2282 psalmos
1078 2212 1108 2265 et
1127 2204 1253 2285 hymnos
1274 2212 1392 2266 canunt.
1413 2201 1582 2265 Arelidio»

203 2325 298 2367 conns
318 2325 429 2386 qrnece
451 2306 526 2366 dicit
547 2301 681 2380 Στῶμεν
701 2298 818 2375 καλῶς.
842 2300 1042 2364 Prooemium.
1064 2301 1173 2364 Sedra.
1196 2303 1410 2383 llesponson'o.
1433 2302 1583 2364 Psalmus.

201 2405 310 2467 ludica
337 2424 385 2467 ine
415 2404 515 2479 Deus,
545 2404 683 2484 quonium
713 2420 773 2483 ego
801 2402 831 2463 in
854 2402 1024 2464 innocentia
1048 2419 1115 2464 meo
1138 2402 1295 2485 ingressus
1319 2421 1401 2466 sum:
1425 2411 1455 2465 et
1472 2410 1582 2481 postea

203 2503 375 2584 Episcopus
396 2506 497 2583 sipont
517 2503 649 2564 secundo
673 2501 793 2563 tabidos
815 2502 903 2580 siquo
925 2502 1040 2576 mucis,
1063 2503 1143 2564 sicin
1161 2505 1248 2582 prius
1267 2501 1403 2580 fecerat:
1425 2504 1507 2565 clero
1529 2504 1582 2563 in-
1653 2520 1655 2527 ·

203 2611 289 2665 terea
308 2603 512 2682 psalmodiam
535 2603 737 2663 continuante.
761 2600 918 2662 Diaconus
950 2601 1057 2661 iterum
1079 2598 1212 2679 Στιῦμεν
1233 2596 1350 2674 καλῶς.
1387 2602 1458 2664 llum
1470 2604 1579 2666 Sedra.

203 2702 406 2765 Prooemium.
439 2702 596 2764 Diaconos
617 2701 693 2763 dicit
713 2698 878 2778 Litaniam,
901 2699 967 2761 sive
989 2699 1062 2760 sotis
1084 2698 1205 2781 longum
1228 2701 1405 2781 orationem,
1427 2720 1505 2783 quoe
1527 2702 1582 2765 Li-

202 2802 290 2864 tnniis
314 2800 426 2863 nostris
448 2819 508 2863 non
530 2799 708 2881 respondet.
738 2798 947 2879 Responsorio
969 2816 1009 2858 ee
1024 2795 1134 2877 Officio
1156 2802 1397 2862 consecrationis
1413 2800 1580 2863 Ecclesiae.

202 2901 353 2991 Psalmus.
385 2900 538 2963 Memento
551 2899 678 2961 Domine
693 2897 806 2960 David:
829 2903 860 2958 et
879 2899 982 2976 siqunt
1003 2897 1123 2959 tabulas
1145 2900 1244 2973 tertio,
1267 2900 1406 2961 utsemel
1418 2903 1581 2982 iterumque

199 3001 329 3081 [ecerat.
352 2998 522 3079 Episcopus
540 3000 726 3079 pronunciat
745 3005 861 3059 secreto
883 2996 1002 3076 looqaru
1024 2998 1204 3073 orationem,
1227 2999 1259 3058 in
1281 3000 1366 3078 eujits
1385 3002 1445 3080 fine
1466 3007 1580 3061 mutato

201 3109 284 3174 tono,
308 3100 406 3160 eleuat
425 3118 539 3173 oecon,
562 3106 592 3159 et
612 3099 820 3177 respondetur,
843 3094 948 3157 Amore.
994 3094 1131 3157 Omnium
1154 3113 1248 3176 porro
1271 3099 1439 3161 orationum
1462 3099 1580 3169 illorum

203 3199 355 3261 sententio
379 3215 438 3260 uno
452 3205 511 3275 cst,
535 3198 721 3278 comparatio
737 3197 852 3258 scilieet
866 3195 1034 3258 sacordotii
1056 3194 1177 3277 legalis,
1200 3214 1266 3257 eom
1282 3197 1468 3259 Christiano:
1493 3215 1580 3259 eom-

203 3297 365 3373 mendatio,
389 3296 543 3379 dignitotis
567 3296 680 3371 ultoris,
703 3313 776 3375 pree
788 3294 924 3357 omnibus
939 3294 1003 3357 aliis
1017 3296 1047 3356 in
1060 3294 1259 3358 testamento
1268 3298 1378 3358 veteri:
1401 3298 1580 3379 praesertim

204 3394 286 3475 quod
310 3413 416 3458 verum
438 3413 551 3477 eorpus
576 3395 686 3459 Christi
709 3395 739 3456 in
762 3412 800 3456 eo
824 3402 1038 3471 consecretur,
1061 3402 1239 3473 reponatur,
1263 3403 1294 3457 et
1316 3396 1496 3474 immoletur,
1520 3413 1581 3457 non

203 3494 303 3554 minus
333 3513 421 3576 mom
450 3495 479 3556 in
508 3513 600 3558 cruce
630 3502 660 3556 el
687 3495 718 3556 in
740 3493 893 3574 sepulcro.
940 3492 1174 3556 commendetur
1195 3494 1311 3575 puriter
1333 3495 1540 3559 Sacerdotium
1564 3516 1582 3558 o

204 3592 326 3655 Christo
349 3596 525 3668 institutum,
549 3602 579 3656 et
601 3612 657 3674 per
679 3592 846 3673 Apostolos
870 3593 1014 3655 Ecclesiis
1038 3593 1193 3670 traditum,
1217 3594 1302 3673 cujus
1326 3596 1502 3674 ministerio,
1527 3614 1582 3658 sn-

204 3693 351 3756 orificium
380 3693 475 3755 semel
498 3693 535 3756 ob
559 3711 596 3756 en
620 3693 752 3755 oblatum
774 3693 906 3772 quotidie
930 3699 1111 3770 renovetur,
1135 3700 1166 3754 et
1189 3692 1320 3754 fidelium
1342 3695 1438 3756 oculis
1460 3712 1581 3776 propo-

202 3793 295 3856 nitur.
340 3793 579 3873 Deprecationes
602 3793 639 3854 nd
662 3792 767 3871 Deum,
790 3799 823 3854 ul
846 3792 974 3873 Spiritus
996 3793 1091 3855 saneti
1114 3794 1161 3854 sui
1184 3792 1309 3875 gretiam
1332 3795 1437 3870 mittut,
1461 3803 1521 3857 tum
1543 3794 1582 3857 nd

205 3891 343 3953 ultorium
366 3893 645 3970 consecrationem,
676 3899 736 3954 tum
759 3911 852 3972 super
865 3891 980 3970 lideles,
1004 3900 1036 3954 ut
1053 3910 1092 3953 ex
1107 3892 1165 3953 illis
1178 3893 1340 3972 percipere
1355 3892 1446 3974 digne
1461 3893 1582 3955 volennt

205 4009 320 4072 corpus
343 3992 461 4054 Domini
484 3994 558 4057 lesu
583 3992 712 4071 Christi,
736 3990 818 4073 quod
840 4007 897 4072 pro
921 3992 993 4072 ipsis
1017 3991 1156 4053 traditum
1180 4000 1237 4070 est,
1261 3999 1291 4053 et
1314 3994 1491 4074 sanguinem
1515 3992 1581 4072 ejus

205 4093 340 4173 quipse
363 4090 420 4153 illis
444 4092 558 4154 effusus
582 4098 638 4156 est.

295 4191 366 4252 Post
388 4192 571 4270 orationem,
592 4211 650 4271 pro
671 4189 828 4269 Ecclesia,
858 4198 887 4250 et
912 4188 1024 4268 populo
1049 4189 1150 4268 fideli,
1179 4190 1285 4269 incipit
1309 4190 1478 4271 Episcopus
1505 4182 1582 4254 oon-

205 4291 408 4370 siqoationem
430 4290 551 4352 tabulae
570 4310 628 4370 per
647 4291 816 4351 unctionem
839 4308 879 4349 ee
901 4288 1063 4349 chrismate
1085 4308 1144 4368 quo
1163 4289 1301 4368 pollicem
1325 4291 1427 4368 tinqit,
1451 4299 1481 4352 et
1501 4291 1586 4353 ducit

201 4409 262 4470 per
283 4390 406 4451 easdem
427 4390 541 4468 lineas,
564 4391 695 4470 quasin
717 4390 837 4450 modurn
860 4387 962 4449 mods
991 4387 1212 4467 descripserunt,
1241 4397 1330 4468 atque
1358 4389 1392 4449 id
1418 4388 1498 4466 facit
1526 4396 1582 4464 ter,

202 4489 365 4550 recitando
387 4489 504 4549 interea
525 4488 694 4550 cudentes
716 4507 756 4548 ee
785 4485 930 4559 Psalmis,
961 4483 1092 4567 liqmoos
1114 4493 1145 4547 et
1169 4485 1386 4566 Resporssoria.
1430 4487 1486 4550 llis
1504 4506 1582 4568 per·

203 4588 286 4648 actis
315 4588 345 4647 si
362 4587 467 4665 plum
488 4594 559 4648 nint
578 4587 716 4661 talrulae,
746 4586 883 4665 sinqulas
904 4585 1013 4646 ordine
1035 4604 1107 4661 suo,
1130 4605 1222 4647 sonam
1244 4605 1336 4665 uaeper
1362 4588 1455 4649 oliam
1485 4588 1582 4649 eollo-

202 4694 257 4747 eot
277 4687 311 4747 in
328 4692 420 4764 porte
442 4686 553 4747 attaris
573 4687 710 4759 nnuma,
732 4686 891 4764 siqnatque
911 4702 1002 4744 unam
1024 4681 1170 4764 meamque
1191 4686 1278 4765 siqrm
1301 4687 1415 4760 cuncis,
1439 4687 1583 4767 simulque

203 4784 338 4846 collocat
358 4802 450 4862 nsper
472 4783 605 4845 tabulam
627 4785 724 4864 ipsius
745 4784 872 4858 altaris,
896 4789 925 4843 et
945 4783 1033 4857 dicit,
1057 4783 1213 4864 Signatum
1236 4791 1301 4862 est,
1325 4792 1462 4863 unctum,
1492 4786 1582 4868 sigil-

203 4882 378 4961 lutnmque,
409 4881 504 4945 ultore
535 4882 594 4944 hoc
631 4899 734 4945 eornm
766 4881 914 4962 positum,
944 4881 975 4943 in
1003 4883 1123 4944 nomine
1153 4882 1266 4960 Petris,
1300 4883 1414 4958 Amen3
1445 4891 1476 4946 et
1505 4884 1583 4963 Filii,

204 4981 322 5053 Amen3
345 4987 377 5043 et
399 4981 527 5063 Spiritus
550 4982 661 5060 suncti,
685 4979 724 5042 nd
746 4981 1030 5043 consummationem
1052 4981 1256 5063 Liturgiorum
1270 4989 1440 5044 sanctorum
1463 4984 1492 5045 io
1507 5002 1582 5059 sne<

205 5081 286 5159 cula,
310 5078 418 5142 Amen.
464 5079 588 5143 Ultimae
610 5079 680 5143 illue
703 5080 949 5163 consignationes
971 5080 1045 5142 liunt
1067 5079 1104 5140 nb
1117 5080 1282 5161 Episcopo,
1305 5081 1335 5143 in
1354 5080 1419 5163 ipso
1437 5083 1580 5146 unctione
