4525 6034
333 578 386 655 AD
401 576 579 656 OFFICIUM
592 576 858 655 annuntiotis
875 576 1138 681 PATRIARCHAE
1153 577 1417 655 ALEXAlillllllil.
1485 578 1580 653 ,467

289 761 428 825 Servavit
451 762 541 826 etiarn
564 762 650 824 nobis
674 751 891 844 Seguierianus
914 760 1021 825 Codex
1049 761 1168 844 insigne
1199 768 1421 824 monumentum
1450 760 1581 843 Psepbi-

209 861 309 923 smstis
332 862 371 924 ad
393 860 587 939 electionem,
618 869 679 923 tum
708 861 924 942 systaticarum
946 858 1165 939 Epistularum,
1194 858 1291 921 tribus
1317 858 1428 941 linguis
1452 861 1581 940 Graeca,

210 958 334 1039 Coptica
356 969 387 1022 et
408 959 549 1022 Arabica.
590 959 713 1025 Duabus
743 960 822 1022 enim
850 958 959 1021 ultimis
982 958 1061 1020 illius
1084 957 1245 1020 lectionem
1274 976 1315 1019 ex
1342 957 1481 1020 Ambone
1504 959 1581 1036 lieri,

207 1056 604 1135 Ebnassulus,Abulbircat
627 1058 730 1121 etalii
759 1059 966 1139 scripserunt,
997 1057 1134 1137 quamvis
1163 1074 1203 1119 ex
1232 1056 1410 1136 quibusdam
1433 1057 1582 1138 exemplis

207 1156 237 1217 in
258 1155 382 1219 historia
403 1157 594 1238 perscriptis,
618 1155 736 1219 Graece
759 1173 880 1237 quoque
903 1157 1132 1218 instrumentum
1154 1154 1228 1217 illud
1250 1155 1362 1217 lectum
1386 1154 1480 1218 baisse
1503 1174 1583 1218 con-

207 1261 275 1317 stet.
320 1255 364 1316 lta
387 1253 497 1316 lactum
519 1275 559 1318 ex
582 1256 690 1319 eodem
713 1254 826 1318 Codice
850 1254 1063 1338 intelligimus,
1094 1273 1133 1317 eo
1161 1255 1294 1332 certius,
1323 1252 1403 1334 qnod
1431 1254 1581 1337 integram

208 1352 332 1416 lormam
354 1353 567 1434 Psepbismatis
590 1354 709 1417 Graece
732 1353 844 1431 reiert,
869 1355 945 1416 mire
968 1352 1088 1435 quidem
1111 1372 1151 1415 ex
1174 1354 1322 1435 imperitia
1351 1352 1476 1436 linguae
1505 1369 1581 1415 cor-

206 1461 338 1533 ruptam,
359 1469 420 1514 non
443 1459 541 1515 tamen
564 1453 615 1532 ita,
639 1461 672 1515 nt
694 1453 812 1516 sincera
840 1453 931 1515 lectio
955 1453 1081 1536 agnosci
1105 1469 1164 1515 non
1187 1450 1294 1531 possit.
1340 1449 1467 1532 Coptica
1490 1453 1582 1515 etiam

207 1550 302 1614 iorma
324 1552 417 1633 longe
440 1553 610 1614 accuratior
632 1551 683 1614 illa
705 1559 762 1629 est,
790 1570 879 1633 quam
901 1551 1078 1614 Abulbircat
1107 1558 1139 1612 et
1166 1550 1215 1613 ulii
1246 1558 1370 1615 autores
1392 1568 1581 1632 repraesen-

206 1659 279 1728 tant,
303 1649 355 1730 qui
376 1648 523 1713 Graecam
545 1649 701 1714 lornrulam
723 1649 866 1713 videntur
885 1652 1059 1732 ignorasse:
1082 1667 1145 1713 non
1166 1648 1355 1712 intellexisse
1377 1649 1485 1712 saltem
1506 1668 1580 1712 cer-

205 1750 352 1812 tissimum
375 1756 432 1810 est.

293 1848 436 1928 Sequitur
459 1848 488 1909 in
510 1847 684 1923 Pontificali,
706 1846 783 1909 duos
812 1848 953 1910 seniores
982 1846 1052 1910 illos
1073 1840 1244 1927 Episcopus
1267 1846 1362 1922 solos,
1383 1846 1490 1909 Electo
1513 1865 1580 1909 ma-

205 1966 262 2010 nus
284 1948 452 2027 imponere,
476 1944 557 2026 qnod
580 1964 639 2009 non
662 1947 704 2008 ita
734 1930 941 2026 accipiendum
969 1955 1018 2008 est
1047 1945 1135 2027 quasi
1162 1952 1224 2007 totu
1247 1943 1451 2007 ordinationis
1481 1946 1579 2009 series

80 2114 83 2123 ,
205 2045 324 2109 abillis
347 2044 555 2125 perficeretur.
600 2045 675 2108 Nam
704 2044 817 2125 antiqui
846 2043 998 2124 canones,
1022 2062 1098 2125 quos
1121 2043 1295 2107 Orientales
1317 2060 1422 2106 omnes
1453 2050 1485 2105 et
1514 2042 1579 2107 Go-

204 2147 299 2227 ptitae
322 2145 392 2225 ipsi,
415 2145 444 2205 in
468 2142 703 2207 Collectionibus
726 2144 789 2207 suis
813 2144 942 2222 babent,
971 2152 1002 2206 et
1025 2161 1102 2224 quos
1124 2142 1271 2224 religiose
1300 2141 1483 2220 observant,
1513 2149 1578 2206 tres

204 2244 313 2307 saltem
334 2243 506 2323 Episcopus
529 2242 567 2303 ad
588 2242 677 2305 ulium
699 2242 897 2305 ordinandum
918 2242 1091 2325 requirunt:
1118 2249 1150 2305 et
1171 2249 1204 2304 ut
1226 2261 1267 2304 ex
1290 2241 1423 2303 Historia
1444 2240 1580 2304 Patriar-

204 2343 282 2405 cbali
305 2341 457 2419 discimus,
481 2340 642 2404 traditione
665 2341 804 2422 quadam,
827 2341 882 2405 sed
904 2359 964 2404 non
980 2340 1116 2423 ejusdem
1130 2340 1298 2404 autoritatis
1320 2339 1397 2419 tutti,
1420 2337 1580 2402 duodecim

203 2443 375 2522 Episcopus
397 2442 588 2503 necessarios
611 2459 680 2503 esse
710 2439 814 2505 volunt
844 2441 880 2503 ad
904 2439 1102 2504 ordinandum
1124 2439 1343 2515 Patriarcbam3
1376 2438 1458 2520 quod
1479 2444 1579 2500 tamen
1658 2516 1664 2525 ι

202 2541 317 2603 nullum
340 2540 370 2601 in
392 2541 490 2602 veteri
512 2539 668 2621 disciplina
691 2539 913 2603 tundamentum
937 2539 1037 2603 babet.
1087 2540 1136 2601 Ex
1157 2538 1365 2621 praejudicata
1387 2537 1579 2601 nihilominus

202 2638 261 2702 bac
284 2638 428 2718 opinione
450 2637 560 2700 iactum
590 2646 648 2717 est,
671 2647 704 2701 ut
732 2646 840 2702 contra
869 2656 982 2703 morem
1011 2640 1175 2722 majorum,
1202 2638 1403 2720 Aethiopibus
1434 2658 1452 2701 a
1479 2635 1579 2700 multis

203 2737 335 2799 saeculis
358 2736 461 2817 plures
483 2736 598 2800 babere
620 2738 791 2818 Episcopos
813 2757 875 2801 non
896 2738 1026 2814 licuerit,
1049 2756 1106 2818 per
1127 2736 1352 2800 Alexandrinos
1374 2736 1579 2800 Jacobiturum

202 2835 408 2899 Patriarchas:
432 2853 470 2898 ne
494 2837 519 2899 si
542 2835 701 2900 duodecim
723 2837 811 2900 simul
841 2839 871 2899 in
898 2836 1059 2917 Aethiopia
1082 2838 1308 2918 reperirentur,
1337 2843 1464 2917 possent
1492 2851 1580 2897 snum

202 2935 261 2997 sibi
285 2935 508 3016 Metropolitum
530 2936 689 3012 ordinare,
717 2955 774 2999 nec
807 2935 1023 2999 Alexandriam
1051 2953 1216 2998 recurrere
1243 2935 1302 2998 illis
1332 2952 1462 2998 necesse
1489 2933 1578 2997 foret.

144 3047 146 3053 ·
203 3032 258 3094 llla
289 3034 382 3117 igitur
411 3052 550 3097 manuum
573 3036 723 3116 impositio
746 3053 824 3117 quae
854 3035 970 3098 duobus
1000 3034 1160 3115 Episcopis
1190 3034 1361 3097 senioribus
1391 3039 1579 3110 reservatur,

204 3151 241 3194 ea
265 3140 313 3194 est
336 3151 414 3213 quae
437 3150 504 3194 cum
528 3135 631 3214 primis
654 3136 853 3197 caeremoniis
883 3141 914 3195 et
936 3135 1124 3197 orationibus
1148 3134 1308 3214 conjuncta
1330 3140 1389 3211 est,
1412 3150 1580 3213 perquam

204 3230 362 3294 Ordinatio
385 3248 446 3293 non
468 3232 640 3312 perficitur3
663 3250 731 3295 nam
753 3241 786 3295 ut
809 3251 849 3295 ex
870 3230 978 3296 eodem
995 3231 1159 3295 Pontiticali
1182 3230 1371 3295 manifestum
1393 3237 1451 3309 est,
1474 3248 1580 3294 omnes

202 3330 323 3393 tandem
345 3330 489 3411 Episcopi
511 3330 617 3394 Electo
641 3350 745 3394 manus
768 3332 933 3412 imponunt,
956 3339 986 3393 et
1005 3339 1076 3393 tunc
1094 3330 1249 3393 ordinatus
1266 3328 1403 3411 perlecto
1426 3338 1580 3394 censetur.

289 3428 336 3490 De
358 3430 485 3493 uinculis
508 3428 615 3493 Electo
638 3430 806 3512 injiciendis
836 3430 909 3492 nibil
938 3429 1097 3492 dicendum
1118 3431 1263 3506 occurrit,
1286 3427 1344 3491 nisi
1365 3430 1484 3492 mimum
1507 3447 1579 3493 esse

203 3547 243 3590 ex
272 3530 395 3591 sincera
423 3528 620 3610 quorumdam
647 3529 824 3613 dignitatem
852 3529 1030 3613 fugientium
1063 3529 1265 3592 reluctatione
1294 3536 1412 3608 nutum,
1444 3545 1505 3590 non
1537 3546 1579 3591 ex

203 3628 325 3708 antiqua
348 3627 518 3708 disciplina,
540 3647 618 3709 quae
641 3627 718 3691 tales
741 3628 828 3692 ludos
853 3630 1014 3710 ignoravit.
1067 3629 1146 3694 Sane
1175 3644 1289 3709 paucos
1313 3627 1474 3691 admodum
1496 3626 1579 3710 legi-

201 3744 287 3804 mus,
310 3743 388 3806 quos
415 3726 530 3807 pedicis
559 3728 772 3809 constringere
802 3745 878 3808 opus
907 3726 1015 3791 luerit:
1046 3726 1127 3789 unde
1157 3725 1239 3807 quod
1268 3726 1364 3789 semel
1392 3735 1443 3790 aut
1471 3727 1579 3789 iterum

201 3826 284 3888 serio
306 3824 418 3887 lactum
441 3824 550 3904 luerat,
574 3826 604 3888 in
626 3828 848 3889 caeremoniam
870 3835 901 3890 et
923 3833 1062 3888 ornatum
1085 3826 1295 3907 degeneravit.

290 3922 527 3987 Observabimus
549 3943 671 4006 quoque
693 3927 723 3987 in
746 3943 784 3989 eo
808 3926 889 4003 loco,
911 3925 962 3988 ubi
983 3924 1107 3987 Electus
1129 3923 1240 3987 deduci
1258 3924 1383 4006 jubetur
1406 3923 1443 3986 ad
1465 3924 1579 3987 Eccle-

202 4024 277 4084 siam
301 4021 429 4103 Ampelii,
452 4030 485 4084 ut
507 4023 538 4085 in
560 4025 704 4086 versione
732 4033 834 4089 nostra
864 4024 1083 4105 expressimus,
1113 4022 1250 4103 Coptitas
1280 4021 1421 4085 affinitate
1448 4023 1577 4087 nominis

202 4120 350 4203 deceptos
378 4122 541 4201 Eoonpetii
565 4123 744 4204 scripsisse:
774 4125 866 4205 Asopi!
900 4125 979 4187 enim
1006 4122 1140 4185 Arabice
1169 4122 1347 4203 loquentes,
1379 4121 1579 4202 Eoonqetium

201 4227 324 4284 vocant.
368 4221 480 4282 Verum
502 4220 560 4284 hoc
584 4220 669 4283 titulo
689 4222 828 4285 Ecclesia
850 4221 1055 4286 Alexandriae
1076 4219 1159 4283 nulla
1181 4220 1249 4283 fuit:
1273 4222 1523 4302 untiqna¹porro,
1546 4229 1578 4284 et

203 4318 242 4381 ad
265 4337 354 4399 quam
376 4317 485 4381 deduci
508 4339 605 4383 riorus
628 4320 801 4385 Patriarcba
828 4320 964 4399 solebat,
996 4318 1117 4400 Angelii'
1143 4317 1317 4395 dicebatur,
1346 4326 1379 4380 ut
1406 4317 1577 4400 expositum

203 4424 251 4479 est
273 4418 303 4480 in
325 4416 457 4479 Historia
478 4417 680 4484 Patriarcbali.

289 4515 397 4597 Neque
419 4517 520 4579 obiter
541 4517 764 4598 praetereunda
787 4525 934 4581 estvetus
952 4516 1107 4597 disciplina
1127 4514 1263 4579 Graecae
1285 4514 1407 4597 linguae
1430 4517 1460 4577 in
1483 4534 1577 4599 prae-

203 4614 300 4694 cipuis
327 4616 529 4695 orationibus,
554 4615 769 4697 Psepbismate,
793 4616 949 4698 literisque
971 4616 1125 4698 systaticis
1148 4623 1360 4693 conservatae,
1384 4615 1464 4695 apud
1486 4612 1579 4678 Gbri·

203 4713 337 4790 stianos,
369 4714 421 4794 qui
453 4732 519 4777 eam
549 4715 690 4778 amnltis
712 4715 842 4779 saeculis
865 4734 990 4797 prorsus
1014 4718 1167 4799 ignorant.
1211 4714 1283 4778 lllos
1305 4715 1383 4778 enirn
1406 4714 1579 4796 ignorantia
1675 4728 1681 4733 '

201 4813 317 4874 veteris
330 4811 479 4876 idiomatis
490 4831 549 4877 non
562 4815 665 4893 movit,
689 4822 721 4876 ut
742 4821 891 4877 vetustam
907 4816 1101 4879 Sacramenta
1123 4812 1299 4878 celebrandi
1320 4832 1406 4878 more
1425 4821 1455 4875 et
1474 4813 1578 4898 lingua

202 4912 349 4992 maJ'orum
366 4913 612 4977 consuetudinem
634 4914 811 4996 abjicerent,
833 4913 889 4976 sed
911 4915 991 4977 illam
1013 4933 1135 4997 quoquc
1156 4912 1191 4976 in'
1209 4913 1336 4995 publicis
1359 4931 1437 4993 quae
1458 4914 1496 4977 ad
1514 4917 1578 4979 Ec-

204 5007 326 5070 clesiam
354 5018 543 5092 spectarent,
578 5014 652 5076 actis
682 5020 713 5075 et
742 5013 947 5077 instrumentis
977 5015 1217 5077 constantissime
1248 5013 1447 5080 retinuerunt.
1497 5014 1578 5078 Nibil

254 5144 370 5188 ΜΝ·
1318 5130 1368 5205 75
