4525 6034
558 618 588 696 S.
615 617 723 695 PETRI
747 615 930 695 PRINCIPIS
957 616 1241 695 mustelarum.
1487 618 1557 693 151

202 814 287 880 sumt:
314 802 469 877 auterens
496 814 531 877 et
556 805 719 878 dimittens
746 825 863 877 omnes
888 807 1076 902 iniquitates
1101 805 1232 879 illorum
1259 816 1294 879 et
1318 815 1471 899 nostras,
1496 828 1559 903 per

200 932 286 993 tnum
311 943 395 1014 erga
420 920 573 995 homines
600 943 761 1010 amorem,
788 924 863 1018 quia
889 922 1094 1018 impossibile
1127 933 1180 995 est
1205 923 1269 996 illis
1296 926 1351 1018 qui
1377 922 1435 996 vel
1460 926 1560 995 unico

199 1049 380 1125 momento,
408 1038 548 1134 aliquam
587 1037 807 1135 temporalem
839 1038 1042 1134 voluptatem
1068 1050 1308 1137 perceperunt,
1340 1048 1376 1112 ut
1409 1062 1477 1113 non
1510 1041 1562 1110 rei

199 1157 416 1244 inveniantur,
441 1158 506 1228 nisi
533 1159 582 1245 ei,
609 1158 665 1251 qui
691 1177 738 1226 ex
764 1159 838 1226 sinu
864 1165 921 1228 tuo
948 1155 1069 1251 prodiit
1095 1155 1136 1228 ab
1164 1167 1313 1245 aeterno,
1339 1157 1500 1230 Dominus
1528 1165 1562 1229 et

197 1247 353 1344 Salvator
377 1282 494 1345 noster
519 1272 619 1345 Jesus
646 1270 814 1359 Christus,
847 1294 909 1368 per
945 1295 1042 1368 quem
1075 1276 1175 1345 etiam
1209 1296 1272 1347 nos
1298 1272 1561 1346 misericordiam

197 1392 355 1482 consequi
379 1411 570 1484 speramus,
605 1398 639 1461 et
672 1392 904 1461 remissionem
937 1399 1171 1485 peccatorum,
1206 1413 1292 1485 qnae
1318 1400 1457 1488 propter
1483 1413 1559 1462 aum

196 1512 258 1594 est,
284 1513 319 1576 et
344 1504 443 1579 nobis
471 1517 505 1577 et
530 1508 621 1602 Ipsis.

295 1619 458 1715 Populus.
513 1622 665 1710 Quietem
691 1629 836 1717 praesta.

295 1737 481 1810 Sacerdos.
532 1737 672 1825 Libera,
706 1735 804 1812 solve
836 1749 870 1810 et
902 1739 1025 1811 diruitte
1051 1738 1213 1828 Domine,
1246 1761 1381 1812 errores
1413 1750 1447 1813 et
1471 1743 1561 1812 insi·
1699 1783 1701 1790 ·

193 1856 334 1950 pientias
361 1876 538 1927 servorum
564 1862 597 1925 et
631 1853 821 1926 ancillarum
853 1867 981 1928 tuarum
998 1867 1148 1929 secretas
1175 1865 1209 1929 et
1235 1855 1396 1946 occultas,
1422 1854 1561 1929 abstru-

193 1992 248 2044 sas
275 1981 310 2044 et
335 1968 497 2066 publicas,
522 1973 720 2068 praeteritas
753 1982 787 2043 et
819 1970 965 2060 futuras,
1000 1971 1131 2067 pando
1167 1973 1224 2047 tibi
1257 1971 1403 2070 placebit
1436 1996 1499 2046 nos
1527 1980 1561 2044 et

192 2085 265 2160 illos
297 2086 444 2160 liberme
480 2111 500 2159 a
535 2086 731 2160 confusione
763 2089 798 2159 in
830 2099 1010 2185 conspectu
1051 2101 1124 2162 tuo:
1160 2100 1194 2161 et
1227 2089 1269 2162 ad
1308 2088 1445 2164 delicias
1487 2099 1560 2160 tuas

191 2199 308 2276 beatas
336 2207 546 2300 perveniant,
572 2207 666 2293 utin
693 2202 807 2292 nobis,
842 2226 904 2299 pro
930 2204 1047 2295 nobis,
1075 2216 1108 2279 et
1134 2216 1272 2303 propter
1304 2227 1384 2295 nos,
1425 2204 1559 2298 glorin-

192 2330 303 2408 cetur‚
332 2332 366 2392 et
391 2319 543 2392 laudetur
567 2341 688 2392 nomen
723 2330 810 2391 tuum
837 2318 1066 2411 benedicum,
1102 2332 1136 2395 et
1169 2324 1301 2397 Domini
1334 2324 1441 2393 nostri
1473 2319 1556 2394 Iesu

192 2432 315 2511 Christi
343 2447 377 2509 et
402 2436 545 2534 Spiritus
572 2438 618 2508 tui
644 2439 763 2525 sancti,
788 2459 875 2511 nunc
902 2448 936 2511 et
961 2461 1103 2536 semper,
1132 2450 1194 2512 etc.

292 2569 456 2663 Populus.
509 2569 629 2642 Amen.

292 2685 478 2758 Sacerdos.
530 2686 615 2759 Pax.

292 2802 455 2895 Populus.
507 2800 652 2875 Etcum
677 2803 793 2898 spiritu
818 2812 885 2873 tuo.

290 2918 478 2990 Sacerdos.
529 2919 784 2993 Benedictiones
812 2919 875 2991 Ilei
901 2921 977 3008 sint,
1003 2928 1065 2992 etc.

291 3035 455 3129 Populus.
507 3034 552 3107 m
576 3058 649 3107 cum
677 3038 792 3132 spiritu
818 3042 885 3107 tuo.
1017 3087 1020 3094 ,
1169 3035 1171 3038 ’

291 3152 481 3224 Diaconos.
534 3152 654 3223 Iterum
682 3161 781 3247 atque
807 3153 933 3223 iterum.

280 3545 458 3618 Sacerdos
480 3550 614 3640 [respit
640 3547 910 3634 Ennianistam,
936 3570 1017 3618 mom
1043 3550 1128 3621 da'cit
1155 3549 1351 3660 Orctt'ooem
1377 3557 1457 3623 ante

743 3666 844 3737 Pater
867 3674 992 3736 noster.

291 3900 521 3996 Deprecamur
547 3910 581 3971 te
607 3899 699 3972 Deus
726 3912 833 3997 pater,
860 3912 994 3975 curator
1026 3912 1159 3991 noster,
1192 3903 1384 3977 consolator
1410 3893 1559 3978 moesti-'

189 4015 310 4087 tudinis
344 4025 496 4104 nostrae,
532 4026 566 4087 et
597 4016 802 4089 confortator
836 4020 1030 4092 Infirmitatis
1063 4031 1219 4093 nostrae:
1253 4024 1308 4115 qui
1339 4021 1423 4092 ultra
1457 4043 1555 4093 omne

188 4142 321 4228 tempus
349 4155 449 4227 super
479 4131 630 4206 thronum
664 4143 753 4206 tuum
788 4139 992 4231 requiescis,
1025 4145 1060 4206 et
1091 4160 1112 4208 a
1145 4136 1319 4210 virtutihus
1354 4122 1554 4210 coelestious
1659 4190 1662 4202 ,

189 4259 346 4345 potenter
372 4248 585 4341 glorificaris:
613 4253 667 4345 qui
694 4250 846 4344 legiones
872 4255 994 4346 ignitas
1022 4251 1143 4324 ardore
1174 4262 1230 4326 tuo
1257 4252 1380 4325 infinito
1407 4275 1554 4324 succen-

190 4366 258 4456 dis3
285 4369 343 4461 qui
367 4369 527 4462 primitias
554 4376 589 4438 et
614 4366 798 4441 oblationes
829 4370 889 4443 has
916 4378 1068 4458 nostras,
1103 4393 1189 4465 quae
1215 4396 1235 4442 a
1261 4370 1359 4443 nobis
1385 4369 1443 4443 tibi
1468 4367 1555 4442 haud

188 4483 349 4576 indigenti
376 4483 510 4555 oblatae
536 4494 621 4570 sunt,
649 4484 868 4573 sanctificare,
895 4485 1058 4581 perficere
1084 4495 1118 4558 et
1134 4490 1305 4582 suscipere
1332 4485 1483 4577 dignatus
1504 4508 1555 4575 es,

188 4622 251 4696 per
276 4602 500 4695 praesentiam
526 4602 687 4692 unigeniti
711 4600 785 4673 Filii
811 4606 869 4691 tui,
895 4611 930 4672 et
955 4602 1107 4697 illapsum
1124 4601 1267 4698 Spiritus
1287 4608 1407 4677 sancti:
1434 4604 1554 4677 munda

188 4737 251 4789 nos
279 4715 321 4787 ab
348 4720 436 4788 omni
462 4716 603 4806 macula,
631 4728 665 4789 et
690 4721 922 4791 immunitatem
949 4718 990 4791 ab
1019 4723 1107 4791 omni
1133 4723 1318 4816 impuritate
1350 4719 1554 4811 (danobis)

189 4842 224 4904 ut
249 4855 317 4905 uno
344 4836 460 4928 spiritu
486 4844 596 4921 recto,
632 4844 666 4906 et
692 4837 830 4907 caritate
856 4838 1048 4926 inextincta
1075 4859 1160 4931 quae
1187 4836 1273 4909 lilios
1292 4835 1399 4927 decet,
1427 4837 1554 4935 absque

189 4947 397 5039 confusione,
423 4949 602 5021 clamemus
629 4962 663 5022 et
689 4950 845 5025 dicamus.
898 4953 998 5024 Pater
1023 4962 1140 5026 noster
1166 4955 1220 5050 qui
1247 4976 1284 5026 es
1311 4957 1344 5025 In
1371 4954 1485 5028 coelis.

293 5065 453 5160 Poptdua.
506 5067 734 5162 Sanctificetur
760 5090 882 5141 nomen
909 5078 1010 5162 tuum,
1037 5078 1098 5142 etc.
