4525 6034
687 562 736 635 36
1194 562 1555 638 tutundit

688 771 735 819 ex
761 747 905 820 Domina
932 750 1076 821 omnium
1103 758 1272 838 nostrum,
1299 748 1467 843 Deipara,
1499 772 1601 843 pura,
1628 761 1744 823 saneta
1769 751 1896 843 1110010,
1928 753 2072 826 1001001-

690 887 754 959 que
780 863 858 935 illud
885 887 985 934 unum
1012 886 1086 934 cum
1114 862 1285 935 divinitate
1313 873 1388 954 000,
1416 864 1544 960 absque
1571 865 1787 957 confusione,
1820 874 2072 961 commistione,

689 990 745 1050 aut
772 978 986 1053 alteratione:
1014 992 1048 1052 et
1074 979 1251 1053 coufessus
1287 1003 1325 1051 es
1357 980 1607 1053 confessionem
1639 980 1761 1054 bonam
1794 1007 1910 1058 coram
1945 987 2071 1060 Pontio

686 1095 804 1167 Pilato.
857 1095 986 1169 Dedisti
1013 1095 1090 1167 illud
1117 1118 1180 1191 pro
1208 1096 1306 1170 nobis
1333 1118 1436 1192 super
1460 1097 1584 1190 lignum
1613 1110 1761 1171 sanctum
1779 1103 1908 1190 000010,
1935 1102 2071 1174 volun-

687 1218 755 1280 tate
782 1218 837 1283 tua
866 1212 959 1303 0010,
984 1236 1047 1309 pro
1074 1212 1172 1286 nobis
1200 1210 1363 1285 omnibus.
1418 1210 1530 1286 Credo
1559 1214 1763 1287 divinitatem
1795 1224 1884 1285 tuam
1917 1238 2070 1311 separa-

686 1334 755 1396 tam
785 1350 852 1400 non
882 1327 988 1400 luisse
1023 1328 1065 1400 ab
1100 1328 1302 1402 humanitate
1335 1337 1411 1416 000,
1442 1351 1486 1400 00
1521 1339 1689 1402 momento
1724 1330 1855 1426 quidem
1892 1341 1950 1403 aut
1976 1336 2071 1405 uictu

687 1444 784 1514 oculi.
838 1444 968 1517 Dedisti
995 1468 1071 1517 eam
1096 1467 1159 1540 pro
1186 1443 1284 1518 uobis
1318 1443 1360 1516 ad
1394 1442 1553 1535 salutem,
1583 1449 1812 1517 remissionem
1848 1459 2071 1542 peccatorum

687 1570 721 1630 et
747 1562 848 1632 vitam
876 1571 1048 1633 aetemam
1073 1563 1114 1634 iis
1143 1565 1197 1655 qui
1225 1583 1271 1633 ex
1297 1559 1353 1633 illo
1381 1562 1677 1635 communicabunt.
1732 1561 1844 1635 Credo
1867 1563 1943 1635 hoo
1979 1587 2070 1636 rere

687 1679 732 1746 ita
759 1699 847 1748 0000.

911 1867 1035 1939 Oratio
1062 1868 1255 1959 pretiorum
1280 1869 1429 1937 actionis
1452 1873 1533 1959 pust
1561 1867 1838 1939 Communionem.

790 2034 924 2109 Gratias
952 2042 1082 2130 agimus
1109 2036 1187 2125 ubi,
1215 2032 1347 2108 Christe
1374 2036 1492 2125 11000,
1518 2034 1660 2107 verbum
1686 2059 1804 2108 verum
1832 2059 1878 2108 ex
1900 2036 2070 2110 substan-

684 2155 730 2225 tia
756 2176 840 2248 pura
865 2154 993 2226 Patris:
1022 2157 1099 2248 quia
1125 2153 1225 2225 talem
1251 2156 1286 2223 in
1312 2151 1445 2224 modum
1473 2151 1619 2224 dilexisti
1645 2175 1727 2242 000,
1764 2164 1798 2224 00
1833 2153 1997 2226 tradidisti
2035 2167 2069 2226 te

685 2272 792 2363 ipsum
820 2269 861 2340 ad
888 2269 1147 2342 immolationem
1174 2290 1237 2364 pro
1260 2266 1366 2340 salute
1392 2277 1529 2357 nostra;
1557 2278 1590 2339 et
1607 2268 1747 2360 largitus
1769 2291 1807 2339 es
1826 2268 1924 2341 nobis
1945 2273 2068 2360 vitam,

685 2407 746 2481 per
780 2406 903 2480 corpus
939 2396 1028 2458 tuum
1055 2396 1230 2476 sanctum,
1264 2394 1298 2456 et
1328 2387 1524 2476 sanguinem
1558 2395 1647 2456 tuum
1682 2387 1886 2481 pretiosum,
1921 2408 2069 2480 quorum

684 2502 939 2596 participatione
964 2523 1028 2575 uos
1054 2500 1155 2574 modo
1183 2499 1337 2592 dignatus
1364 2523 1411 2575 es.
1445 2499 1496 2572 Ea
1517 2510 1655 2596 propter
1681 2505 1807 2592 gratias
1835 2500 1963 2592 agimus
1991 2500 2066 2594 tibi,

685 2626 814 2687 amator
840 2626 1017 2690 creaturae
1042 2627 1138 2707 0000,
1166 2627 1201 2688 00
1227 2618 1382 2689 mittimus
1409 2614 1468 2688 tibi
1495 2639 1625 2689 sursum
1652 2617 1811 2709 gloriam,
1840 2615 2001 2689 honorem
2032 2627 2069 2690 et

685 2732 931 2823 adorationem,
959 2757 1032 2804 cum
1058 2733 1160 2805 Patre
1186 2742 1243 2804 tuo
1270 2731 1381 2823 bono,
1409 2741 1443 2803 et
1469 2732 1594 2827 Spiritu
1621 2743 1737 2805 sancto
1771 2731 1981 2822 mirificante,
2014 2734 2067 2802 ti-

683 2847 785 2943 bique
811 2848 1104 2940 consubstantiali,
1131 2871 1239 2940 0000,
1269 2858 1333 2920 000.

977 3111 1100 3183 Oratio
1126 3110 1361 3183 inclinationis
1384 3118 1464 3203 post
1492 3110 1768 3181 Cornmaaionena

786 3299 1093 3389 1,)00000001010,
1122 3299 1316 3391 (aeternus)
1344 3304 1399 3394 qni
1430 3302 1522 3373 venit
1555 3307 1653 3394 atque
1687 3300 1804 3370 iterum
1835 3301 1967 3387 veniet,
2005 3302 2063 3392 qui

681 3421 872 3490 incarnatus
893 3416 1041 3489 ethome
1061 3416 1170 3490 laetus
1191 3426 1260 3508 000,
1288 3420 1444 3511 crucique
1463 3417 1580 3489 affixus
1599 3425 1651 3487 est
1668 3425 1807 3510 propter
1828 3436 1908 3488 uos:
1935 3436 2061 3509 passus

683 3540 735 3603 est
769 3537 906 3628 propria
938 3533 1112 3605 voluntate
1146 3534 1180 3604 in
1213 3555 1376 3629 corpore,
1414 3557 1489 3605 cmu
1524 3541 1616 3606 esset
1649 3530 1864 3630 impassibilis
1900 3539 2061 3625 tanquam

682 3649 797 3738 Deus;
822 3650 990 3722 involutus
1018 3659 1071 3721 est
1097 3660 1131 3721 et
1156 3653 1284 3745 positus
1310 3652 1344 3720 iu
1371 3648 1546 3745 sepulcro,
1574 3649 1721 3720 surrexit
1748 3671 1768 3718 a
1794 3649 1934 3719 mortuis
1961 3650 2061 3719 tertia

683 3764 756 3853 die,
784 3775 818 3835 00
845 3764 997 3837 ascendit
1022 3767 1057 3836 in
1082 3765 1232 3856 0001000,
1260 3763 1421 3859 sedetque
1448 3765 1493 3835 ad
1519 3764 1692 3836 dexteram
1725 3764 1910 3853 majestatis
1936 3763 2061 3853 Patris,

682 3884 859 3952 etiterum
885 3890 1046 3953 venturus
1073 3890 1126 3954 est
1149 3882 1302 3973 judicare
1326 3884 1429 3954 viros
1463 3890 1496 3951 00
1528 3887 1695 3951 mortuos:
1731 3901 1828 3973 quem
1860 3877 2062 3950 benedicunt

681 3995 805 4087 Angeli
833 4007 867 4068 et
892 3995 1027 4069 laudant
1038 3996 1262 4091 Archangeli,
1289 3999 1383 4089 cujus
1397 3996 1540 4090 gloriam
1557 3996 1734 4091 loquuntur
1756 3992 1943 4088 Seraphim
1960 4019 2061 4088 quem

681 4112 823 4185 adorant
849 4111 1050 4204 Cherubim,
1084 4137 1182 4210 quem
1209 4116 1324 4186 timent
1351 4126 1384 4187 00
1419 4123 1563 4187 tremunt
1597 4133 1713 4184 omues
1749 4119 1906 4198 naturae,
1937 4107 2060 4202 Filius,

679 4229 830 4302 Verbum
856 4229 921 4300 Dei
946 4228 1078 4318 Patris,
1105 4229 1207 4304 Jesus
1234 4228 1386 4304 Christus
1413 4231 1576 4303 Dominus
1603 4238 1727 4299 noster.
1775 4227 1833 4313 Tu
1854 4249 1892 4298 es
1920 4229 1973 4297 cui
2000 4231 2059 4296 in-

681 4343 781 4415 clinat
807 4367 846 4417 se
872 4343 1015 4441 populus
1042 4353 1117 4417 tuus
1144 4356 1178 4417 et
1203 4345 1392 4421 haereditas
1419 4358 1494 4436 000,
1526 4368 1624 4441 quam
1661 4343 1867 4437 acquisivisti
1895 4346 2060 4433 sanguine

680 4471 737 4531 tuo
764 4462 925 4557 pretioso.
977 4462 1106 4556 Aspice
1132 4482 1196 4534 000
1224 4483 1360 4553 omues,
1387 4465 1548 4553 Domine,
1576 4460 1618 4532 de
1644 4460 1741 4534 coelo
1770 4468 1887 4532 saneto
1914 4469 1991 4547 000,
2026 4468 2060 4528 00

683 4597 729 4645 ex
755 4573 942 4647 habitaculo
970 4586 1027 4647 tuo
1053 4587 1268 4673 praeparato:
1296 4575 1439 4650 benedic
1466 4580 1684 4665 aeruminis,
1712 4598 1775 4671 per
1802 4596 1919 4645 omnes
1946 4573 2060 4645 bene-

684 4690 846 4766 dictiones
875 4691 1081 4787 spirituales:
1109 4693 1238 4764 custodi
1265 4716 1325 4766 eos
1354 4694 1415 4767 sub
1442 4697 1569 4789 potenti
1595 4714 1694 4763 manu
1720 4701 1792 4761 tua:
1820 4690 1979 4759 confirma
1997 4710 2059 4761 eos

681 4810 717 4878 in
742 4807 808 4879 fide
833 4818 899 4879 000.
952 4809 1005 4879 1)0
1031 4806 1096 4879 illis
1130 4818 1165 4880 et
1196 4806 1293 4883 nobis
1326 4813 1501 4905 puritatem
1530 4811 1729 4896 animarum,
1756 4827 1954 4900 corporum‚
1982 4806 2059 4898 spi-

681 4925 867 5016 rituumque
893 4933 1108 5015 nostrorum‚
1136 4934 1171 4995 et
1195 4923 1346 4995 concede
1371 4925 1469 4999 nobis
1495 4925 1594 4996 finem
1614 4919 1836 4994 Christianum
1863 4924 1919 5016 qui
1944 4941 2059 4991 coram

682 5048 717 5109 te
745 5047 904 5132 acceptus
931 5041 990 5110 sit:
1025 5043 1101 5134 quia
1127 5060 1268 5132 regnum
1294 5047 1403 5132 00000,
1438 5039 1570 5114 Christe
1596 5041 1690 5114 Deus
1716 5047 1850 5129 noster,
1883 5038 2057 5112 sanctitate
