4525 6034
678 587 755 662 238
1176 580 1569 661 COMMENTARIUS

678 771 758 855 gulis
781 770 938 852 subjungi,
967 777 1053 832 orote
1077 788 1136 849 pro
1162 769 1267 846 nobs,
1297 784 1358 831 non
1388 775 1436 830 est
1464 786 1503 829 ex
1533 765 1679 830 Orientali
1707 771 1935 835 consuetudine.
1978 772 2049 835 Nam

679 869 760 951 quod
783 877 889 932 extant
911 870 941 931 in
964 866 1128 931 codicibus
1151 865 1371 932 recentioribus
1395 866 1542 946 quaedam
1564 865 1699 930 Litaniae
1721 872 1833 933 nostris
1856 870 1980 951 similes,
2002 874 2049 935 vel

677 986 774 1050 prope
798 967 940 1047 eaedem,
964 967 1092 1030 debetur
1113 967 1371 1030 blissionariorum
1384 965 1575 1048 diligentiae,
1598 967 1650 1045 qut
1671 967 1738 1030 illas
1758 967 1962 1033 Orientalibus
1984 978 2049 1034 sunt

677 1068 885 1146 interpretati,
908 1074 941 1128 ut
963 1066 1101 1128 diversas
1124 1086 1164 1128 ex
1186 1067 1299 1129 nostris
1322 1065 1406 1127 libris
1430 1065 1584 1126 orationes
1607 1064 1692 1128 alias.

763 1166 809 1227 De
832 1173 1016 1227 mortuorum
1039 1167 1323 1229 commemoratione
1346 1172 1377 1227 et
1399 1163 1541 1244 precibus
1564 1181 1620 1245 pro
1644 1165 1778 1245 ipsorum
1801 1167 1918 1248 quiete,
1941 1167 2047 1229 dictum

679 1273 725 1327 est
748 1266 905 1344 superius,
929 1264 997 1344 quia
1022 1263 1158 1344 duplices
1180 1272 1214 1327 ut
1236 1265 1325 1327 etiam
1347 1263 1540 1326 observatum
1562 1271 1621 1338 est,
1643 1265 1673 1325 iu
1687 1263 1756 1326 Ritu
1771 1264 1963 1347 Aegyptiaco
1985 1266 2048 1328 lieri

676 1362 786 1441 solent,
810 1381 866 1444 pro
889 1363 1017 1426 diversis
1040 1363 1132 1426 rebus
1155 1373 1186 1426 et
1208 1364 1348 1445 personis
1370 1367 1533 1426 orationes.

1081 1621 1300 1692 Prooemium
1326 1629 1407 1692 unte
1429 1625 1646 1716 fractionem,

775 1843 1152 1936 Pnoosuruuappellatur
1178 1856 1207 1915 in
1237 1854 1335 1918 multis
1360 1854 1514 1919 codicibus
1537 1855 1614 1918 haec
1636 1857 1745 1934 oratio,
1768 1856 1839 1936 quia
1865 1875 1907 1918 ex
1935 1857 2045 1920 illamm

676 1976 793 2041 genere
816 1965 863 2021 est
886 1974 964 2037 quae
987 1954 1127 2016 dicuntur
1149 1961 1218 2015 ante
1240 1972 1358 2015 sacram
1381 1953 1509 2034 aliquam
1524 1955 1682 2033 actionem,
1706 1952 1744 2017 ad
1766 1955 1953 2019 Sacrificium
1975 1976 2045 2040 per·

676 2057 830 2135 tinentem,
854 2063 887 2118 ut
910 2055 965 2117 ista
990 2070 1068 2135 quae
1091 2051 1241 2114 antecedit
1271 2051 1448 2115 tractionem
1471 2052 1615 2134 Corporis
1639 2051 1765 2130 Christi,
1795 2054 1834 2116 de
1862 2058 1950 2137 quus
1971 2074 2042 2120 con-

674 2164 818 2218 summata
842 2152 1088 2217 transmutatione
1111 2151 1257 2232 jamnon
1280 2151 1441 2230 dubitatur,
1465 2159 1606 2214 ettamen
1629 2159 1727 2230 orant,
1749 2161 1782 2215 ut
1804 2153 1888 2235 digni
1911 2153 2045 2218 effician-

673 2262 723 2317 tur
744 2255 955 2317 communione
983 2259 1013 2313 et
1043 2250 1273 2330 participatione
1304 2252 1517 2331 mysteriorum
1547 2250 1612 2332 ejus
1643 2249 1829 2330 divinorum,
1863 2270 1943 2332 quae
1971 2272 2045 2317 nova

672 2354 811 2434 probatio
834 2356 882 2413 est
904 2348 1052 2411 adversus
1080 2347 1254 2410 abnormem
1284 2348 1401 2412 Claudii
1431 2348 1567 2414 Salmasii
1596 2349 1893 2430 interpretationem,
1923 2352 1961 2415 dc
1990 2371 2045 2434 pra

673 2453 792 2516 dicetur
805 2453 844 2513 'in
868 2449 946 2512 notis
970 2447 1007 2509 ad
1030 2446 1194 2509 secundam
1211 2446 1388 2529 Liturgiam.
1412 2448 1533 2511 Fractio
1555 2455 1655 2511 autem
1676 2448 1807 2526 hostiae,
1828 2451 1894 2513 sive
1919 2450 2044 2529 oblatae,

673 2549 788 2631 duplex
811 2557 876 2627 est,
906 2549 1001 2628 prima
1024 2562 1062 2609 eo
1085 2546 1152 2626 ipso
1176 2553 1312 2627 tempore
1343 2564 1403 2627 quo
1434 2549 1674 2627 pronunciantur
1696 2546 1770 2609 haec
1799 2547 1893 2610 verba
1927 2548 2043 2626 Christi,

672 2649 784 2728 fregit,
809 2648 846 2710 ad
869 2665 946 2727 quae
970 2646 1130 2707 adnotatur
1153 2645 1182 2705 in
1207 2644 1354 2722 rubricis,
1385 2652 1415 2706 et
1444 2644 1592 2706 Gabrielis
1619 2644 1745 2723 llituali,
1780 2647 1908 2727 aliisquo
1939 2650 2043 2710 rituum

673 2745 909 2827 expositoribus,
934 2743 1129 2807 Sacerdotem
1152 2741 1296 2827 frangere
1323 2742 1452 2805 oblatam
1483 2746 1598 2806 intres
1621 2752 1740 2823 partes,
1772 2764 1846 2827 quus
1875 2755 1976 2809 tamen
2006 2747 2043 2810 ita

672 2847 801 2908 invicem
824 2844 990 2926 conjungit,
1014 2852 1047 2905 ut
1070 2841 1166 2904 tracta
1187 2860 1248 2905 non
1273 2851 1426 2924 appareat.
1480 2841 1618 2904 Secunda
1648 2861 1724 2906 vero
1755 2852 1785 2906 et
1814 2847 1941 2926 proprie
1969 2846 2060 2908 dicta

671 2944 809 3023 Fractio,
842 2961 919 3025 quae
941 2941 999 3004 boc
1021 2942 1089 3004 loco
1113 2941 1286 3023 perficitur,
1315 2949 1362 3003 est
1384 2941 1502 3004 illarum
1530 2942 1657 3021 partium
1688 2944 1718 3004 in
1745 2942 1854 3005 multas
1880 2944 2042 3025 particulas

673 3043 793 3121 divido,
818 3043 855 3106 ad
879 3040 1114 3105 distribuendam
1147 3041 1393 3103 communionem.
1444 3038 1529 3101 iliius
1559 3040 1726 3103 Fraotionis
1754 3040 1853 3103 nullus
1882 3043 2042 3125 singularis

671 3150 734 3217 est;
757 3140 812 3203 sed
835 3140 1018 3223 particulae,
1048 3148 1081 3201 ut
1112 3139 1192 3221 apud
1216 3137 1361 3215 Graecos,
1383 3139 1414 3200 in
1437 3137 1521 3201 disco
1545 3138 1749 3218 collocantur,
1778 3149 1809 3203 et
1838 3149 1948 3222 postea
1977 3141 2044 3204 velo

670 3248 824 3321 teguntur.
869 3239 943 3302 'l'um
968 3238 1119 3304 Sacerdos
1142 3240 1244 3321 signat
1265 3257 1306 3300 ex
1327 3239 1475 3320 sanguine
1499 3239 1529 3298 in
1552 3255 1640 3318 quem
1668 3237 1793 3320 digitum
1815 3240 1948 3322 intingit,
1971 3259 2042 3322 par-

668 3345 729 3401 tem
752 3339 871 3400 hostiae
898 3338 1058 3419 majorem:
1083 3355 1119 3398 ea
1142 3338 1222 3399 enim
1244 3344 1291 3399 est
1313 3355 1401 3416 quam
1424 3335 1585 3398 ladodicou
1608 3345 1737 3414 vocant,
1760 3356 1838 3419 quiae
1860 3358 1940 3412 vox,
1964 3337 2042 3400 nullo

669 3438 700 3499 in
721 3436 790 3498 loco
814 3436 965 3518 explicata
988 3434 1116 3498 anobis
1139 3441 1262 3515 reperta
1285 3443 1348 3508 est;
1372 3435 1485 3516 quippe
1498 3435 1651 3497 notissima
1671 3454 1739 3498 cum
1754 3445 1848 3514 esset,
1872 3455 1965 3499 nemo
1979 3454 2040 3498 cam

669 3535 878 3615 explicandam
896 3532 1051 3616 judicavit.
1094 3533 1128 3595 ln
1153 3533 1266 3597 Codice
1297 3533 1414 3596 Graeco
1438 3534 1535 3616 Regio
1557 3525 1756 3613 Σπουδικόν,
1787 3553 1865 3615 quae
1892 3538 2040 3615 scriptura

668 3632 740 3695 facit
761 3641 794 3695 ut
812 3634 981 3715 judicemus
1004 3651 1112 3695 vocem
1135 3633 1284 3695 detortum
1308 3651 1377 3696 esse
1400 3650 1418 3692 a
1441 3630 1558 3694 Graeca
1581 3620 1792 3712 Δεσποτικόν,
1816 3642 1849 3696 ut
1871 3633 2040 3722 subintelli-

669 3738 759 3812 gatur
781 3729 894 3808 ccipe:
917 3750 1026 3812 nempe
1049 3750 1161 3811 corpus
1182 3731 1381 3806 Dominicaun,
1403 3749 1472 3792 nam
1495 3730 1610 3792 literam
1623 3730 1658 3795 T.
1673 3730 1818 3812 Aegyptii
1842 3732 1871 3792 in
1895 3732 1929 3793 Δ
1949 3733 2039 3815 vulgo

670 3839 858 3893 convertunt.
889 3831 964 3894 Cum
986 3847 1061 3893 vero
1084 3843 1234 3910 nunquam
1258 3847 1294 3892 ea
1317 3846 1379 3891 vox
1398 3837 1564 3909 usurpetur
1586 3828 1625 3891 de
1646 3828 1745 3891 hostia
1766 3846 1827 3891 non
1851 3839 2037 3908 consecrata,

669 3930 867 3992 certissimum
896 3929 1015 3992 videtur
1042 3928 1221 4008 particulam
1250 3927 1393 4005 mediam,
1423 3945 1501 4008 quae
1531 3926 1569 3989 ad
1597 3928 1857 3990 consecrationem
1887 3929 2036 4011 deligitur,

668 4028 796 4109 intelligi
823 4028 954 4106 dobere,
984 4029 1063 4090 sicut
1093 4028 1158 4108 ojus
1187 4027 1274 4088 etiam
1303 4028 1436 4089 minores
1466 4033 1588 4106 partes,
1617 4044 1683 4088 curn
1715 4043 1751 4088 ea
1781 4045 1842 4088 vox
1869 4030 2038 4108 reperiatur

668 4126 776 4208 plurali
798 4144 935 4189 numero.
977 4126 1073 4208 igitur
1095 4143 1152 4206 per
1174 4126 1263 4187 istum
1291 4126 1379 4187 ritum
1406 4124 1439 4186 lit
1462 4125 1556 4187 unitio
1579 4130 1610 4185 et
1632 4126 1824 4187 consecratio
1847 4129 1986 4207 corporis
2007 4133 2037 4187 et

667 4225 822 4308 sanguinis
844 4225 973 4302 Domini,
997 4223 1047 4286 vel
1070 4225 1171 4304 potius
1195 4221 1362 4299 inchoatum
1385 4240 1462 4301 cum,
1486 4230 1519 4284 ut
1541 4240 1580 4284 ex
1603 4224 1798 4303 sequentibus
1820 4226 1950 4288 rubricis
1973 4242 2036 4286 ma-

668 4323 809 4386 nifestum
832 4331 889 4401 est,
913 4323 1055 4385 immissio
1078 4322 1246 4403 particulae
1262 4330 1459 4384 consecratae
1473 4322 1503 4382 in
1519 4320 1653 4400 calicem,
1677 4330 1708 4385 et
1722 4323 1853 4405 signatio
1867 4343 1908 4386 ex
1924 4322 2035 4397 eadem,

669 4421 881 4502 particularum
904 4438 982 4500 quae
1005 4421 1126 4483 suntin
1150 4421 1245 4497 disco,
1268 4421 1318 4483 liat
1339 4429 1410 4501 post
1431 4419 1573 4482 recitatus
1596 4421 1748 4483 orationes
1761 4421 1939 4499 Fractionis,
1963 4438 2035 4501 quas

668 4519 727 4582 hoc
755 4519 826 4582 loco
857 4520 993 4602 Liturgia
1021 4526 1249 4600 repraesentat,
1272 4526 1323 4581 aut
1345 4536 1466 4598 omnes,
1489 4526 1540 4581 aut
1569 4536 1658 4580 unam
1687 4537 1727 4580 ex
1755 4521 1860 4584 tribus.
1914 4518 2036 4582 Omnem

668 4624 768 4680 autem
790 4617 959 4681 Fractionis
982 4618 1071 4680 ritum
1094 4617 1226 4697 explicat
1245 4615 1365 4679 Gabriel
1380 4616 1616 4693 Alexandrinus,
1640 4617 1726 4697 cujus
1754 4618 1848 4681 verba
1872 4617 1920 4681 hic
1941 4634 2037 4699 appo-

667 4732 782 4778 nemus.
833 4715 961 4791 Putree,
989 4716 1100 4797 inquit,
1134 4718 1232 4779 moeni
1252 4718 1481 4791 cucumerum,
1511 4723 1560 4791 ot,
1590 4735 1648 4796 quo
1675 4722 1808 4797 tempore
1834 4719 1912 4779 baec
1938 4719 2036 4780 oratio

667 4813 788 4904 dicitur,
810 4812 963 4876 Sacerdos
985 4833 1094 4876 munus
1119 4816 1153 4876 io
1175 4815 1276 4875 crucis
1298 4815 1418 4875 modum
1445 4821 1650 4892 cooaponeret,
1678 4822 1767 4893 utpute
1793 4816 1838 4876 itu
1865 4816 2037 4896 deugnurcl

666 4908 762 4970 Deum
785 4929 851 4972 esre
869 4921 1060 4990 praesentem
1081 4916 1161 4974 inter
1180 4931 1246 4976 nos.
1293 4910 1367 4974 Gom
1388 4914 1473 4988 dicit,
1496 4929 1608 4992 corpus
1631 4919 1784 4987 sanctum;
1810 4916 1941 4993 accipiet
1960 4932 2033 4976 cor-

661 5026 722 5087 pur
743 5017 890 5085 sunctum,
912 5012 1097 5092 imponetque
1118 5012 1194 5073 illud
1214 5030 1305 5091 morer
1318 5028 1439 5072 murrum
1459 5019 1547 5073 mm
1568 5011 1734 5087 ιίιιὲιιναιιι,
1758 5022 1787 5075 et
1796 5021 1890 5092 portet
1909 5013 2032 5092 δι’φίιιαιι
