4525 6034
679 542 711 614 ll
1114 542 1621 623 nlssttrnrto

682 752 750 801 non
776 728 877 802 modo
904 730 1082 824 Theologi,
1110 731 1171 802 scd
1198 730 1356 825 Spnodus
1392 738 1491 802 sexta
1519 739 1712 802 statuerunt
1765 728 1866 802 Nulla
1891 729 1944 803 hio
1969 735 2045 804 inter

683 843 898 918 Ortlrodoxos
925 858 959 918 et
984 846 1185 920 Haereticos
1212 848 1401 941 opinionum
1429 845 1596 919 dissensio
1624 856 1686 920 est
1721 844 1765 915 Et
1790 868 1829 916 re
1855 868 1939 919 vera
1966 846 2045 918 nulla

679 961 868 1050 intereos,
897 971 953 1033 aut
979 966 1078 1034 etiam
1104 966 1191 1034 inter
1217 959 1369 1033 Graecos
1404 969 1439 1032 et
1464 960 1586 1057 Syros,
1623 982 1701 1033 esse
1734 964 1858 1055 potuit3
1898 962 2047 1056 quando·-

681 1073 812 1166 quidem
840 1098 888 1146 ex
913 1077 1065 1148 codicum
1091 1080 1262 1170 utriusque
1288 1075 1423 1167 linguae
1457 1078 1709 1170 comparatione
1735 1074 1913 1171 Syriacam
1938 1076 2047 1148 Litar-

680 1191 769 1279 giam
795 1190 916 1263 Jacobi
943 1214 990 1263 ex
1017 1189 1150 1264 Graeca
1176 1191 1283 1263 finisse
1309 1212 1518 1284 expressam,
1546 1192 1657 1263 statim
1673 1188 1874 1282 intelligitur.
1903 1189 2047 1264 Graecae

407 1326 460 1380 cae.
480 1329 586 1397 nascaq.
606 1328 664 1381 cra.
679 1326 774 1376 usunr
802 1328 1011 1377 communem
1037 1309 1071 1376 in
1097 1305 1252 1377 Ecclesia
1278 1304 1588 1401 Hierosolymitana
1614 1305 1736 1394 luisse,
1763 1307 1949 1378 certissimo
1977 1306 2047 1403 Cp-

351 1414 454 1467 ⁸⁰⁶⁷fl
473 1414 492 1465 ¹·
511 1432 533 1466 ⁶·
552 1416 578 1468 3·
678 1420 743 1492 rilli
770 1421 919 1511 ejusdem
946 1419 1108 1515 Episcopi
1135 1422 1322 1491 testimonio
1351 1419 1606 1509 demonstratur,
1634 1422 1727 1511 cujus
1758 1425 1972 1493 'autoritatem
1996 1421 2048 1493 la-

680 1534 854 1607 befactare
881 1534 957 1606 dum
983 1544 1124 1607 conatus
1151 1545 1204 1607 est
1218 1534 1376 1607 Andreas
1402 1534 1545 1607 Rivetus
1560 1533 1760 1607 Graecorum
1789 1536 2048 1626 infelicissimum

679 1652 878 1746 imperitiam
904 1653 978 1746 ipse
1005 1671 1111 1736 suam,
1138 1671 1207 1721 non
1234 1645 1467 1722 catecheseon
1499 1648 1811 1746 Mystagogicarum
1846 1653 2048 1746 suppositio-

677 1787 755 1835 nem
781 1765 1034 1852 demonstravit,
1061 1775 1097 1835 ut
1121 1763 1228 1838 fusius
1256 1764 1335 1837 alibi
1361 1763 1589 1860 probavimus.
1624 1763 1720 1836 Unde
1746 1788 1814 1838 non
1840 1766 1941 1838 modo
1969 1767 2049 1839 llic-

677 1880 870 1976 rosolpmis,
898 1879 959 1952 sed
985 1882 1018 1950 in
1032 1878 1233 1952 Palaestinis
1250 1878 1414 1951 Ecclesiis
1442 1889 1634 1974 usurpatam
1659 1879 1765 1953 lirisse
1791 1880 1915 1954 Jacobi
1940 1881 2048 1953 Litar-

677 1998 777 2087 giam,
795 1994 970 2067 evidenter
996 1994 1176 2066 conficitur.
1205 1993 1291 2066 Cum
1316 2016 1402 2067 vero
1429 1994 1572 2090 Syriaca
1597 1993 1711 2086 lingua
1738 1999 1778 2068 iis
1809 2000 1843 2067 in
1876 2000 2048 2092 provinciis

677 2110 860 2183 vernacula
894 2109 1000 2197 foret,
1037 2111 1237 2205 praesertim
1273 2112 1307 2181 in
1338 2112 1436 2204 pagis
1464 2119 1498 2181 et
1525 2120 1623 2181 extra
1648 2110 1762 2197 urbes,
1791 2111 1956 2201 originem
1982 2112 2048 2183 inde

678 2224 793 2298 hahuit
817 2225 969 2317 Liturgia
996 2223 1160 2320 Syriaca,
1196 2247 1296 2319 quam
1323 2223 1511 2296 Orthodoxi
1544 2233 1579 2295 et
1603 2223 1779 2296 Jaoohitae
1805 2234 1964 2319 tanquam
1988 2249 2048 2297 an-

679 2345 813 2434 tiquitus
841 2340 1013 2428 traditam,
1039 2338 1103 2411 huo
1128 2362 1236 2435 nsque
1263 2350 1507 2427 servaverunt,
1535 2349 1569 2411 et
1595 2337 1676 2434 Spri
1702 2360 1841 2429 omnes,
1869 2344 1899 2411 si
1926 2340 2049 2414 Nesto-

679 2460 795 2528 rianos
823 2457 1022 2550 excipimus,
1050 2457 1106 2549 qui
1131 2455 1188 2527 illa
1204 2477 1370 2549 nunquam
1396 2458 1448 2527 usi
1463 2454 1617 2526 videntur
1642 2453 1755 2528 luisse.
1783 2455 1890 2547 Hujus
1908 2460 1945 2526 in
1959 2478 2048 2527 oom-

679 2572 770 2642 muni
799 2569 1029 2641 Ecclesiarum
1065 2570 1306 2642 consuetudine
1348 2570 1549 2642 diversitatis
1583 2591 1708 2642 causae
1742 2569 1946 2643 verisimiles
1979 2570 2049 2643 lor-

679 2689 780 2757 tassis
808 2685 930 2756 multae
956 2689 990 2756 in
1016 2696 1158 2756 mentem
1185 2688 1342 2773 veniunt3
1369 2696 1461 2756 certa
1488 2687 1656 2777 assignari
1681 2682 1770 2755 nulla
1796 2695 1920 2780 potest
1973 2686 2049 2758 Nam

547 2802 552 2811 '
682 2800 771 2895 quod
798 2799 876 2872 odio
910 2799 1183 2873 Orthodoxonnn
1208 2800 1242 2872 id
1274 2800 1429 2889 fecerint,
1465 2823 1508 2872 ne
1540 2802 1726 2872 communia
1758 2822 1855 2871 saera
1887 2798 2050 2889 haberent

681 2918 788 2987 inanis
816 2918 1008 3007 conjectura
1036 2926 1104 3005 est,
1132 2939 1232 3010 quam
1262 2916 1489 2988 Jacobitarum
1525 2915 1716 3011 exemplum
1743 2918 1825 2986 satis
1851 2915 1985 2987 refellit
2009 2915 2052 2987 llli

683 3034 805 3125 quippe
831 3053 905 3102 cum
933 3034 967 3102 in
991 3031 1155 3127 Aegypto
1184 3029 1401 3107 Orthodoxos
1428 3052 1567 3127 numero
1585 3040 1798 3124 superarent,
1831 3028 1958 3124 talique
1983 3030 2051 3102 odio

681 3157 983 3240 prosequerentur,
1009 3157 1046 3218 ut
1081 3168 1120 3220 se
1146 3146 1233 3219 ultro
1260 3150 1412 3221 servituti
1442 3145 1759 3217 llluhamedanorum
1788 3143 1937 3231 tradere,
1965 3169 2051 3239 quam

682 3258 744 3331 sub
777 3260 1054 3358 lrnperatoribus,
1088 3266 1144 3356 qui
1180 3260 1465 3334 calchedonensis
1501 3259 1623 3357 synodi
1658 3258 1757 3331 fidem
1790 3259 2050 3354 propugnabant

684 3378 806 3446 vivere
841 3376 1033 3449 maluerint:
1069 3380 1103 3448 in
1130 3380 1237 3450 saeris
1274 3376 1400 3449 Officiis
1435 3376 1513 3447 nihil
1543 3382 1771 3462 mutaverunt,
1807 3374 1869 3446 sed
1896 3378 2050 3448 communi
2084 3392 2089 3399 ’

685 3487 837 3581 Litargia
865 3495 911 3561 uti
937 3501 1257 3587 perseveraverunt.
1292 3491 1342 3563 lta
1368 3494 1401 3562 in
1429 3490 1531 3586 Syria
1556 3489 1719 3576 lecerunt,
1746 3511 1820 3559 cum
1848 3487 1915 3559 illic
1941 3492 2049 3582 ingens

683 3626 816 3699 quoque
842 3605 1069 3678 lacebitarum
1095 3605 1266 3679 multitudo
1292 3605 1390 3678 foret
1431 3606 1508 3678 Alia
1541 3607 1641 3697 igitur
1676 3605 1855 3695 singularis
1887 3605 1982 3696 hujus
2005 3605 2048 3673 rei

681 3722 766 3791 ratio
795 3716 985 3815 quaerenda
1013 3731 1074 3794 est.

377 3836 450 3933 ΟΨ
461 3851 537 3887 θ’ῡεθ
547 3851 605 3889 0³³0
616 3853 669 3936 12⁰1
785 3836 840 3907 llt
878 3837 1039 3923 Quamvis
1076 3861 1096 3909 a
1127 3835 1281 3909 Diodoro
1316 3835 1488 3923 Tarsensi,
1524 3833 1772 3927 Theodoroque
1806 3833 2048 3930 Mopsuesteno,

357 3929 437 3974 '⁰⁰¹¹'
463 3922 669 4061 ⁰⁰2N⁹Z⁰¹¹⁸¹¹¹
686 3952 848 4041 originem
890 3948 1046 4025 habuisse
1081 3951 1238 4023 haeresin
1273 3944 1373 4046 quam
1415 3961 1535 4045 postea
1565 3949 1744 4021 Nestorius
1781 3948 1957 4042 amplexus
1993 3955 2048 4033 est,

353 4023 387 4059 θ’
407 4023 493 4060 nonu
521 4024 567 4060 ren
597 4026 617 4061 r.
686 4063 809 4137 Graeci
834 4064 1010 4161 Latinique
1035 4065 1141 4158 vulgo
1169 4066 1324 4155 doceant,
1350 4071 1384 4135 iu
1411 4087 1477 4159 quo
1505 4065 1753 4137 consentientes
1779 4062 1904 4135 habent
1930 4064 2046 4135 Orien-

683 4181 767 4253 tales
795 4201 929 4270 omnes3
956 4191 1066 4252 mmen
1092 4180 1149 4252 illa
1175 4184 1210 4252 in
1230 4180 1596 4274 constantinopolitana
1623 4182 1733 4273 potius
1758 4178 1933 4267 Dioecesi,
1958 4198 2047 4271 quam

681 4299 715 4366 in
742 4296 813 4368 aliis
839 4298 1023 4391 provinciis
1050 4298 1289 4367 incrementum
1316 4299 1455 4390 aceepit
1482 4294 1519 4365 ln
1546 4293 1647 4388 Spria
1678 4303 1869 4388 propagata
1899 4297 1960 4365 vix
1983 4290 2045 4376 luit,

679 4413 743 4482 nisi
769 4419 947 4506 postquam
973 4411 1231 4506 Mesopotamia,
1257 4415 1291 4482 in
1318 4433 1383 4504 qua
1410 4409 1569 4504 deinceps
1594 4411 1741 4479 maxime
1766 4410 1885 4500 viguit,
1920 4407 2045 4479 aPer-

680 4548 793 4597 sarum
821 4525 973 4617 Regibus
1000 4534 1163 4621 occupata
1191 4536 1251 4599 est
1287 4525 1341 4598 Eo
1373 4525 1501 4599 scilicet
1530 4522 1763 4596 confluxerant
1793 4521 1983 4595 Nestoriani
2006 4540 2046 4589 cx

683 4650 755 4713 toto
783 4641 936 4713 Romano
962 4639 1119 4737 Imperio,
1153 4665 1228 4714 curn
1258 4641 1391 4733 legibus
1417 4642 1613 4736 proscripti,
1647 4637 1878 4730 Ecclesiisque
1912 4635 2045 4732 spoleti,

682 4757 769 4851 apud
795 4756 969 4830 Barbaros
1004 4762 1170 4850 integram
1201 4757 1388 4831 libertatem
1413 4760 1694 4830 nanciscerentur.
1728 4752 1804 4825 Nec
1832 4775 1874 4825 ea
1899 4751 2045 4835 contenti,

686 4872 1064 4945 CosroisNuschiruani
1090 4883 1259 4969 potestate
1285 4872 1471 4961 maenus,
1486 4868 1914 4965 Orthodoxosexpulerunt
1937 4865 2043 4936 Edes-

679 5008 763 5060 sena
797 4987 912 5061 schola
948 4998 983 5060 et
1005 4987 1190 5080 Ecclesia,
1227 5012 1326 5086 quarn
1362 4988 1537 5060 Heraclius
1572 5009 1658 5082 pace
1695 5007 1770 5057 cum
1804 4986 1917 5057 Persis
1951 4981 2042 5065 facta
