4525 6034
582 865 1252 1306 bissppmbo

265 1437 895 1622 nirunanmn
945 1300 1541 1618 asinanum

491 1741 785 1863 orama
816 1742 885 1860 m
915 1739 1278 1862 nmomrnm.
1426 1902 1435 1917 ,

773 2001 1059 2037 *-

706 2175 874 2260 curor
912 2172 1131 2257 raison
1203 2146 1207 2169 ⁴

264 2366 294 2439 Ia
313 2395 366 2468 qao
387 2373 558 2469 probatur
582 2372 706 2443 nullan
737 2374 921 2466 antiquitus
942 2373 1050 2465 faiae
1075 2369 1318 2441 Eucharistiae
1349 2370 1604 2442 consecrandae

332 2494 485 2583 somma,
513 2510 602 2583 qaae
629 2490 775 2561 Graecis
799 2487 1000 2582 saeuaque
1025 2486 1191 2581 Litargtta
1213 2487 1308 2578 soret
1334 2485 1512 2558 mammilio.

328 2700 417 2812 Onu
442 2731 614 2823 Litargiae
635 2729 836 2821 orientales,
863 2726 980 2822 quibas
1005 2747 1097 2799 nova
1122 2728 1281 2799 versione
1303 2736 1338 2798 et
1359 2724 1605 2801 Commentario
1617 2735 1809 2790 passarana
1822 2751 1923 2803 sapas.

254 2847 435 2921 illustrandis
463 2868 600 2943 operam
628 2846 761 2936 damas,
793 2847 937 2917 maxima
962 2866 1045 2941 prae
1071 2847 1213 2916 caeteris
1245 2846 1444 2938 antiquitatis
1477 2845 1605 2918 Eccle-

251 2966 390 3037 siasticae
424 2965 643 3035 monumentis
678 2960 836 3054 dignitate
877 2958 1164 3046 commendentur,
1207 2958 1249 3030 ad
1284 2982 1343 3031 eas
1375 2961 1606 3055 intelligendas

247 3079 336 3152 multa
366 3078 512 3177 praefari
546 3077 732 3175 oportebat.
779 3076 864 3149 Nam
899 3076 1151 3171 Aegyptiacae,
1184 3098 1269 3170 quae
1303 3079 1442 3171 primum
1477 3079 1540 3151 bac
1567 3082 1606 3150 'in

245 3195 443 3269 Collectione
469 3194 580 3266 locam
606 3193 765 3283 obtinent,
791 3201 967 3288 postquam
992 3191 1110 3263 Latine
1137 3191 1245 3263 editae
1271 3201 1357 3281 sunt,
1383 3214 1498 3287 parum
1517 3193 1607 3266 fide-
1692 3188 1695 3195 ’

240 3311 312 3385 liter
341 3315 598 3407 interpretatae,
638 3320 674 3381 nt
698 3308 894 3405 Aediiopica
921 3331 1007 3404 qnae
1034 3315 1111 3380 ante
1137 3306 1256 3380 multos
1284 3329 1389 3381 annos
1420 3308 1605 3405 prodierat:

239 3428 350 3501 basilii
375 3427 465 3523 Syra
492 3449 538 3498 ex
563 3425 731 3499 Versione
758 3425 870 3499 blasii:
907 3424 1038 3497 Graeca
1065 3423 1195 3496 demum
1221 3422 1338 3497 Marco
1365 3425 1538 3517 attributa,
1573 3429 1607 3498 in

239 3542 475 3617 bibliothecam
507 3543 642 3616 Petrum
668 3544 842 3636 conjectae
874 3552 965 3631 sunt,
1000 3539 1128 3637 absque
1153 3544 1240 3614 notis
1267 3551 1323 3613 aut
1350 3545 1607 3633 commentariis,
1764 3635 1766 3643 Ι

239 3659 325 3732 unde
351 3681 438 3754 qnae
464 3657 592 3730 illarum
618 3662 733 3752 origo,
764 3682 850 3754 quae
876 3661 1068 3753 antiquitas,
1102 3662 1175 3754 quis
1201 3681 1301 3745 usus,
1337 3680 1423 3752 quae
1449 3661 1608 3733 autoritas

239 3774 343 3866 foret,
377 3773 610 3869 explicaretm.
663 3774 829 3867 Theologi
854 3777 959 3849 nostri
985 3774 1114 3846 illarum
1140 3776 1334 3848 testimoniis
1359 3776 1530 3847 rarissime
1556 3777 1609 3848 nsi

240 3899 329 3963 sunt:
356 3900 569 3963 vexaverant
598 3890 671 3963 illas
707 3891 882 3986 aliqnando
908 3890 1154 3982 Protestantes,
1186 3900 1337 3986 tanquam
1371 3895 1608 3988 supposititias,

242 4017 287 4095 et,
312 4005 400 4102 qrrod
426 4005 600 4078 dolendum
627 4017 696 4097 est,
731 4007 773 4080 ad
799 4030 914 4081 eorum
942 4030 1045 4103 saepe
1072 4010 1266 4079 sententiam
1293 4017 1508 4081 accesserunt
1534 4006 1609 4080 Ca·
1694 4009 1696 4015 ’

240 4121 359 4194 tbolici.
392 4123 521 4219 Nempe
549 4145 623 4195 cum
650 4122 799 4197 Graecas
815 4125 946 4215 iacobi,
972 4123 1096 4212 Basilii,
1123 4122 1421 4221 chrysostomique
1442 4125 1609 4217 Litmgias

245 4240 402 4311 novitatis
440 4238 767 4335 interpolationisque
810 4243 998 4336 suspicione
1031 4236 1143 4312 Critici
1176 4242 1415 4335 aspersissent,
1451 4263 1497 4312 ex
1529 4243 1610 4312 ina-

241 4356 383 4461 nissimis
416 4357 633 4447 conjecturis,
666 4366 775 4429 umen
808 4356 896 4452 quod
928 4366 1041 4429 essent
1072 4360 1169 4451 pauci
1203 4360 1235 4428 in
1262 4356 1393 4429 Graeca
1420 4358 1610 4451 antiquitate

243 4473 322 4543 satis
335 4474 480 4561 versati,
507 4470 623 4544 iisdem
642 4472 870 4568 adquiescere,
897 4496 994 4568 quam
1019 4475 1196 4545 veritatem
1223 4472 1410 4566 diligentins
1437 4475 1610 4569 pervesti-

243 4606 324 4675 gare
350 4585 544 4658 maluerunt
587 4586 681 4660 Unde
707 4611 781 4660 cnm
808 4612 853 4661 ex
880 4588 1020 4662 Graecis
1047 4589 1236 4663 Orientales
1261 4590 1430 4682 Liturgias
1456 4610 1611 4661 manasse

245 4705 427 4776 certissime
453 4711 637 4792 constaret,
663 4703 737 4777 illas
765 4706 882 4778 eadam
909 4728 1067 4797 censura,
1094 4730 1158 4802 qua
1186 4706 1354 4796 Graecas,
1387 4686 1614 4797 mvolverunt,

243 4817 347 4891 nullus
372 4827 409 4890 ut
430 4821 500 4911 Jam
526 4842 706 4915 superesse
731 4822 825 4895 locus
853 4822 895 4894 ad
922 4846 1034 4895 earum
1062 4821 1290 4897 stabiliendam
1324 4824 1545 4918 antiquitatem
1579 4832 1620 4929 et·

244 4938 450 5007 antoritmem
469 4935 650 5009 videretur.
675 4935 789 5033 ltaque
817 4937 859 5010 de
884 4940 998 5034 primis
1024 4937 1099 5027 illis,
1127 4959 1213 5033 quae
1238 4936 1362 5009 ianam
1386 4949 1419 5011 et
1447 4942 1611 5032 originem

247 5049 457 5124 Orientalium
488 5055 632 5125 omnium
658 5057 841 5147 continent,
873 5054 1112 5152 praemittenda
1146 5053 1306 5150 quaedam
1334 5065 1427 5147 sunt,
1460 5057 1611 5151 quamvis

270 5192 382 5237 ronna
1382 5171 1401 5244 1
