4525 6034
709 531 785 604 516
1221 530 1581 607 LITURGlh

710 731 877 811 garerunt
904 721 1034 789 vineam
1063 716 1267 812 spiritualem
1295 716 1417 789 Christi
1445 720 1509 807 tui3
1543 721 1598 813 qui
1624 717 1864 791 mundaverunt
1888 730 1919 790 et
1941 743 2043 815 purga-

708 844 829 906 verunt
855 857 958 927 agros
984 832 1179 930 praeclaros
1207 832 1294 904 tiliae
1318 835 1575 922 Aramaeomm,
1603 831 1752 906 sentibus
1780 845 1815 905 et
1835 833 1965 907 arbustis
1983 841 2046 933 opi-

707 956 842 1024 nionum
869 974 1048 1048 pravarum
1076 960 1110 1020 et
1136 952 1328 1043 impiorum;
1354 959 1390 1021 ut
1415 971 1477 1044 par
1504 952 1675 1022 orationes
1703 972 1819 1021 eorum
1845 952 2045 1046 acceptabiles,

708 1067 851 1140 Domino
879 1071 1005 1139 animas
1033 1069 1176 1138 omnium
1204 1075 1353 1137 nostrum
1380 1064 1505 1137 iulide
1532 1063 1720 1138 orthodoxa
1747 1089 1862 1139 eorum
1894 1068 2046 1141 confirmes.

707 1182 778 1256 Fac
805 1186 903 1256 etiam
930 1205 994 1256 nos
1022 1182 1141 1275 dignos
1168 1181 1312 1254 Domine
1339 1191 1374 1254 ut
1401 1181 1529 1270 sedulo,
1556 1204 1624 1254 non
1649 1182 1871 1275 negligenter,
1899 1208 1964 1256 cum
1986 1208 2047 1257 no-

706 1298 798 1370 ribus
825 1300 1000 1396 inculpatis
1028 1322 1101 1371 eam
1131 1321 1384 1386 conservemus
1414 1310 1448 1370 et
1475 1297 1652 1371 offeramus
1680 1311 1836 1395 tanquam
1862 1300 2048 1373 arrhabonem

679 1403 799 1486 'vitae
826 1439 939 1489 novae
974 1415 1016 1487 ad
1052 1426 1236 1487 extremum
1269 1438 1376 1510 usque
1410 1417 1500 1486 vitae
1536 1418 1706 1510 spiritum;
1742 1427 1776 1488 ot
1807 1415 1980 1488 referemus
2006 1418 2050 1489 tibi

709 1533 853 1624 gloriam
882 1532 1122 1604 indesinentem
1160 1542 1193 1603 et
1225 1534 1396 1623 unigenito
1430 1530 1514 1602 Filio
1548 1540 1605 1602 tuo
1642 1540 1675 1602 et
1705 1531 1844 1627 Spiritui
1876 1544 1928 1603 tuo
1958 1545 2049 1604 sauata

708 1671 814 1734 nunc,
843 1658 906 1720 etc.
1117 1647 1279 1741 Populus.
1331 1648 1452 1719 Amen.
1860 1723 1863 1730 ,

813 1764 989 1837 Sacerdos
1015 1765 1208 1836 inclinatos.
1253 1765 1393 1836 Praesta
1420 1762 1564 1835 Domine
1590 1787 1652 1864 par
1678 1763 1743 1836 boc
1770 1764 1968 1852 sacrificium,
1990 1787 2050 1836 ne-

709 1885 848 1954 moriani
876 1879 997 1954 bonam
1025 1877 1190 1969 Patribus,
1218 1880 1388 1968 iratribus,
1416 1890 1448 1951 et
1470 1878 1791 1971 Magistrisuostris,
1818 1891 1885 1953 tam
1902 1881 2052 1953 secundum

708 2021 831 2095 corpus
860 1997 1166 2092 quamsecundum
1193 1998 1342 2092 spiritum
1371 2005 1405 2068 et
1431 1994 1582 2068 omuibus
1610 2000 1663 2091 qui
1690 1995 1837 2070 defuncti
1867 2008 1938 2070 sunt
1960 1996 2051 2068 iulide

709 2111 906 2187 Ortbodoxa
934 2136 979 2184 ex
1007 2112 1069 2185 bac
1096 2112 1202 2192 urbe,
1229 2135 1274 2183 ex
1302 2134 1512 2208 quocumque
1538 2111 1627 2200 loco,
1655 2123 1688 2184 et
1712 2116 1875 2205 regiona:
1902 2136 2071 2208 eorumquer

709 2236 763 2326 qui
791 2254 865 2303 cum
893 2253 954 2326 spe
982 2241 1037 2302 tua
1065 2227 1309 2317 occubuerunt,
1341 2232 1373 2299 in
1401 2229 1528 2320 exiliis,
1553 2232 1843 2324 peregrinatione,
1869 2233 2052 2325 perseeutio-

706 2347 822 2420 uibus:
849 2350 882 2418 in
908 2349 1079 2418 maritimis
1106 2344 1387 2440 terrestribusque
1414 2343 1603 2434 itineribus,
1630 2354 1664 2416 et
1689 2367 1804 2417 corum
1834 2350 1889 2440 qui
1916 2368 2053 2440 procun-

708 2487 773 2559 que
800 2484 882 2534 casu
907 2472 1104 2557 pereuntes,
1140 2465 1241 2532 vitam
1272 2461 1525 2557 compleverunt
1549 2460 1768 2556 temporalem
1795 2485 1910 2548 suam,
1943 2482 2053 2555 quorum

707 2582 901 2650 memoriam
930 2582 1074 2670 agimus,
1102 2587 1276 2649 eteorum
1305 2599 1443 2673 quorum
1470 2598 1538 2648 non
1561 2579 1779 2648 meminimus.
1816 2577 1977 2649 Memento
1991 2576 2053 2647 dlo-

706 2716 778 2765 rum
814 2693 957 2765 Domine
992 2695 1155 2780 omnium,
1189 2695 1337 2789 ipsisque
1372 2696 1520 2787 requiem
1552 2703 1706 2788 praesta,
1740 2697 1819 2789 quia
1854 2705 1889 2766 tu
1920 2715 1955 2764 es
1982 2692 2053 2763 treus

708 2812 874 2898 omnium,
902 2819 935 2881 et
962 2807 1049 2881 oculi
1077 2812 1221 2880 omnium
1249 2808 1290 2880 ad
1318 2819 1351 2880 tc
1377 2808 1500 2879 elevati
1528 2819 1613 2881 sunt.

812 2922 974 3017 Populus.
1026 2924 1133 3019 llp'ris
1161 2924 1298 2996 eleison.
1342 2924 1447 3019 hyrta
1475 2925 1613 2997 eleison.
1653 2925 1759 3022 Kyrie
1787 2924 1927 2996 eleison.

811 3038 962 3110 Eteonos
986 3062 1112 3110 nocem.
1165 3038 1291 3112 Eorum
1319 3043 1375 3134 qui
1402 3063 1476 3111 cum
1503 3063 1565 3136 spe
1591 3063 1692 3131 vcra,
1718 3041 1924 3137 fiduciaque,
1950 3052 1980 3112 et
2001 3038 2054 3109 Οι-

706 3155 857 3228 thodoxo
883 3159 916 3227 in
944 3164 977 3225 te
1004 3154 1068 3226 lide
1095 3177 1140 3226 ex
1168 3158 1236 3229 vita
1263 3155 1324 3226 hac
1351 3156 1527 3252 temporali
1552 3157 1652 3230 soluti
1679 3167 1756 3228 sunt
1782 3159 1961 3230 secumdum
1989 3178 2054 3228 seu-

705 3275 841 3343 tentiam
874 3270 915 3343 ab
951 3274 1117 3366 aequitate
1153 3280 1208 3342 tua
1242 3275 1468 3361 constitutam,
1503 3284 1537 3344 et
1572 3273 1614 3344 ad
1650 3284 1682 3344 te
1720 3273 1816 3346 Deus
1850 3285 1997 3369 tauquam
2025 3269 2056 3342 ad

707 3411 843 3459 causam
869 3390 1008 3481 primam
1036 3389 1295 3482 omnipotentem
1322 3397 1356 3457 et
1384 3398 1531 3482 quaeat
1558 3388 1693 3462 ollactus
1721 3411 1782 3460 eos
1812 3390 1927 3463 eduxit
1952 3413 1993 3460 ex
2013 3391 2056 3457 ui·

705 3502 784 3588 hilo,
810 3506 942 3576 reversi
968 3513 1211 3597 pervenerunt,
1238 3525 1341 3600 parce
1368 3527 1430 3598 per
1456 3505 1716 3579 misericordiam
1744 3518 1854 3592 tuam,
1886 3505 1973 3578 refer
1999 3503 2056 3576 illos

705 3622 738 3688 in
770 3641 943 3691 numerum
976 3617 1160 3690 electorum
1193 3629 1339 3691 tuorum:
1376 3630 1454 3711 tego
1489 3620 1566 3695 illos
1599 3620 1716 3693 umbra
1749 3621 1862 3696 lucida
1896 3632 2057 3696 sauctomu

704 3743 854 3823 tuorum,
888 3745 997 3807 statue
1023 3733 1098 3806 illos
1126 3756 1201 3805 cum
1230 3739 1326 3826 agnis
1354 3735 1397 3807 ad
1424 3736 1599 3810 dexteram
1625 3745 1730 3825 tuam,
1768 3750 1802 3811 et
1837 3739 1935 3811 induc
1959 3758 2013 3808 eos
2033 3739 2056 3804 iu

704 3847 924 3921 habitaculum
953 3858 1058 3938 tuam3
1086 3848 1141 3921 iac
1167 3872 1229 3922 eos
1255 3855 1436 3945 pervenire
1462 3852 1504 3923 ad
1530 3851 1751 3928 habitationes
1771 3852 1893 3926 beatas
1912 3855 1999 3946 regui
2012 3853 2058 3938 tui,

627 3971 631 3984 ‘
705 3964 760 4035 fac
791 3988 852 4037 eos
879 3968 1038 4037 invitatos
1066 3985 1145 4036 essa
1172 3965 1215 4038 ud
1242 3969 1433 4039 convivium
1461 3978 1563 4058 hrum,
1590 3979 1625 4040 et
1649 3968 1776 4064 perduc
1802 3993 1867 4042 eos
1895 3969 1936 4042 ad
1961 3971 2058 4059 regio·

704 4103 781 4152 nem
809 4082 1021 4153 exultationis
1049 4091 1084 4151 et
1108 4070 1266 4169 laetitiae,
1293 4081 1348 4155 ubi
1375 4081 1470 4155 locus
1497 4106 1565 4158 nou
1586 4094 1639 4157 est
1657 4083 1831 4158 doloribus
1856 4097 1892 4158 et
1911 4086 2057 4177 angustia

705 4193 761 4265 obi
789 4200 965 4290 passiones
993 4208 1027 4269 et
1054 4201 1196 4295 suspiria
1222 4221 1289 4276 non
1325 4203 1543 4296 reperiuntur.
1603 4201 1657 4274 Ne
1691 4206 1869 4279 examines
1904 4226 1963 4276 eos
1992 4202 2057 4271 stri-

705 4313 806 4398 ctiuS,
840 4312 1104 4407 quandoquidem
1138 4311 1316 4406 benignius
1343 4320 1400 4408 agi
1426 4338 1539 4389 secum
1567 4318 1751 4414 postulant,
1779 4331 1922 4417 propter
1947 4335 2058 4390 errores

706 4427 823 4520 quibus
851 4427 1001 4501 obnoxia
1028 4442 1081 4503 est
1106 4451 1187 4501 caro
1214 4429 1303 4503 lutea
1331 4443 1364 4504 ct
1397 4436 1586 4529 peccatrix:
1619 4433 1682 4506 sed
1715 4435 1968 4508 misericordiae
1997 4442 2057 4503 tuna

704 4541 866 4633 Domine,
892 4547 1025 4639 patroni
1051 4567 1113 4641 pro
1140 4544 1257 4636 uobis,
1286 4556 1320 4618 et
1338 4569 1408 4642 ‘pro
1436 4551 1518 4644 ipsis
1544 4553 1622 4623 vica
1647 4549 1828 4644 irrugantur
1857 4555 1891 4622 in
1917 4549 1992 4622 bora
2014 4543 2057 4617 tta

703 4657 843 4728 terribili
871 4658 1089 4752 judiciorum,
1125 4665 1202 4757 quia
1236 4660 1344 4736 mdlus
1378 4665 1463 4735 iuter
1497 4669 1614 4738 omues
1646 4674 1743 4739 natos
1771 4690 1819 4739 ex
1846 4667 1981 4739 muliere
2002 4662 2057 4743 init,

705 4775 760 4867 qui
788 4773 943 4847 mnndum
969 4778 1107 4865 vicerit,
1144 4787 1178 4849 et
1208 4779 1358 4849 immunis
1389 4777 1490 4851 fuerit
1520 4780 1562 4854 ab
1594 4781 1746 4855 omnibus
1774 4788 1890 4856 caruis
1916 4777 2058 4862 sordibus,

705 4900 840 4982 praeter
876 4889 1088 4964 Salvatorem
1127 4901 1162 4964 et
1195 4893 1303 4965 Deum
1337 4904 1487 4968 nostrum
1522 4896 1637 4970 lesum
1675 4896 1845 4972 Christum
1880 4899 2057 4990 unigenitum

673 5069 679 5075 .
705 5003 821 5077 Filium
850 5016 951 5099 tuum,
978 5031 1040 5103 per
1066 5032 1166 5105 quem
1192 5031 1255 5082 nos
1283 5031 1415 5107 quoque
1437 5034 1611 5108 speramus
1633 5016 1902 5112 misericordiam
1923 5007 2058 5101 consequi
