4525 6034
668 544 698 617 L
1181 546 1569 626 DISSERTATIO
1683 548 1689 561 '

668 734 794 807 nullum
820 741 910 824 erat,
943 732 1023 805 nihil
1055 732 1143 807 alind
1174 733 1357 828 significat,
1392 756 1489 833 pam
1523 736 1611 834 quod
1637 737 1834 834 Apostolica
1859 737 2035 812 traditione

668 874 727 925 eas
755 854 956 946 acceperint
1009 849 1045 923 ld
1071 854 1100 924 si
1126 873 1246 925 verum
1270 875 1338 926 non
1365 863 1428 945 est,
1455 857 1605 927 caruisse
1630 877 1772 929 necessa
1797 854 1885 928 foret
1905 852 2035 927 Eccle-

668 969 737 1041 sies
765 966 954 1041 Orientalas
981 970 1147 1041 communi
1173 978 1208 1041 et
1232 967 1355 1065 ubique
1380 969 1521 1066 probata
1540 970 1833 1045 Sacramentomm
1854 969 2036 1045 celebran-

669 1084 786 1157 dorum
811 1084 940 1177 forma,
972 1085 1062 1183 quod
1093 1109 1138 1159 ne
1169 1089 1310 1179 cogitari
1345 1084 1476 1184 quidem
1507 1098 1638 1184 potcst3
1672 1099 1728 1163 ant
1754 1089 1852 1162 aliam
1877 1086 2037 1163 babuisse

667 1201 889 1297 Apostolioae
915 1202 960 1276 illi
985 1202 1242 1277 Protestantium
1261 1201 1412 1293 similem,
1440 1227 1526 1300 quae
1551 1228 1612 1302 per
1638 1228 1714 1279 eam
1732 1209 1826 1299 cujus
1846 1228 1927 1279 usus
1942 1228 2036 1278 con-

668 1328 734 1391 stat
759 1341 828 1391 non
853 1323 1054 1415 interruptus
1081 1318 1122 1392 ad
1149 1320 1235 1393 baec
1260 1342 1367 1416 usqua
1385 1328 1546 1418 tempora,
1573 1320 1697 1396 abolita
1722 1322 1836 1395 fiuent:
1861 1333 2037 1418 utnrmqne

668 1434 939 1509 absurdissimum
966 1446 1030 1529 est,
1057 1448 1169 1510 tamen
1196 1461 1243 1510 ex
1269 1434 1392 1510 Critias
1417 1437 1529 1511 Riveti
1561 1442 1709 1535 sequitur
1734 1441 1938 1514 necessario.
1990 1438 2038 1510 At

668 1548 827 1625 Criticum
865 1553 1046 1626 rationibus
1088 1565 1123 1627 et
1161 1557 1263 1627 certis
1305 1577 1351 1626 ex
1387 1552 1523 1629 historia
1555 1555 1806 1653 probationibus
1839 1556 2037 1629 confirmare

668 1667 858 1764 oportebat,
886 1693 972 1765 quac
1000 1680 1116 1742 conda
1144 1693 1352 1745 communem
1378 1674 1567 1767 opinionem
1585 1672 1670 1745 alios
1697 1674 1822 1747 docere
1848 1671 2036 1766 aggredie-

666 1784 783 1875 batur3
822 1807 931 1882 neque
967 1790 1052 1859 enim
1087 1791 1186 1862 vanis
1222 1787 1541 1887 declamatiunculis,
1575 1799 1610 1861 et
1643 1789 1826 1863 maledictis
1859 1788 2037 1885 quidquam

665 1903 855 2000 proficitur3
882 1903 942 1976 sed
971 1907 1026 2000 qui
1052 1902 1095 1976 ad
1122 1928 1165 1977 ca
1192 1903 1404 1998 confugiunt,
1431 1905 1577 1999 produnt
1601 1907 1665 2001 ipsi
1692 1929 1789 1996 sese,
1816 1905 1893 1977 dmn
1919 1906 2036 1977 faten-

665 2029 719 2092 tur
753 2018 998 2116 quodammodo
1036 2024 1240 2113 argumentis
1276 2044 1314 2095 so
1350 2020 1646 2116 autoritatibusque
1683 2021 1823 2095 destitui.
1884 2019 2039 2093 Clamant

665 2138 765 2230 igitur
790 2137 933 2211 Rivetus
961 2146 996 2209 et
1022 2138 1159 2227 similes,
1186 2139 1413 2235 supposititias
1439 2159 1518 2211 esse
1538 2136 1720 2231 liturgias,
1748 2140 1918 2233 quianon
1944 2140 2037 2210 scri-

665 2262 744 2348 ptae
771 2263 847 2326 sunt
872 2253 1009 2326 totidem
1035 2251 1176 2350 syllabis
1199 2253 1379 2343 alacobo,
1406 2252 1535 2343 Marco,
1561 2254 1688 2328 Basilio
1715 2265 1750 2327 et
1771 2252 2034 2351 Chrysostom03

665 2368 743 2441 nibil
770 2370 925 2461 elicient,
952 2368 1052 2442 modo
1069 2378 1199 2443 constet
1223 2368 1372 2467 publicus
1392 2392 1456 2442 nec
1475 2373 1674 2467 interruptus
1695 2394 1758 2468 pcr
1778 2372 1878 2444 multu
1898 2371 2035 2444 saccula

665 2485 793 2559 illarum
819 2509 912 2576 usus,
939 2487 981 2561 de
1008 2510 1074 2582 quo
1100 2509 1144 2558 ne
1170 2490 1341 2579 cogitasse
1367 2486 1498 2582 quidem
1523 2488 1686 2560 videntur.

358 2646 488 2700 bundas
497 2665 529 2701 cx
541 2648 651 2701 11³ch·
715 2638 771 2710 Ex
798 2661 840 2711 eo
868 2638 996 2712 scilicet
1020 2641 1130 2732 potius
1160 2661 1258 2733 quam
1285 2661 1331 2709 ex
1357 2637 1456 2709 titulis
1484 2659 1567 2732 quos
1593 2640 1721 2734 posteri
1747 2638 1810 2712 illis
1829 2638 2033 2729 addidertmt,

340 2735 652 2889 ξιᾚῗρήᾟῗᾙ
665 2767 720 2828 aut
755 2759 855 2827 etiam
889 2778 935 2827 ex
971 2764 1121 2826 autorum
1156 2754 1331 2846 dignitate,
1367 2752 1529 2826 stabilitur
1562 2754 1693 2827 illarum
1723 2759 1901 2845 autoritas,
1942 2758 2033 2828 circa

339 2909 377 2959 ri,
390 2911 499 2962 nomme.
664 2873 848 2946 doctrinam
883 2881 917 2943 et
953 2868 1169 2966 disciplinam.
1221 2869 1306 2941 Sunt
1337 2872 1425 2941 enirn
1457 2892 1524 2942 non
1557 2874 1653 2944 unius
1687 2874 1896 2967 quantumvis
1922 2873 2034 2964 magni

662 2993 819 3064 Doctoris
846 3010 954 3063 voces
981 2997 1015 3059 et
1040 2985 1167 3078 verba,
1200 2986 1261 3059 sed
1286 2985 1533 3076 Ecclesiamm,
1561 3010 1647 3083 quae
1675 3010 1748 3059 cum
1774 2989 1918 3060 unanimi
1943 3011 2034 3061 con-

662 3130 765 3194 sensu
792 3129 867 3179 eam
893 3126 1065 3178 sacrorum
1092 3103 1251 3194 formam,
1277 3125 1465 3199 precesque
1496 3103 1743 3200 probavenmt,
1769 3104 1856 3196 legis
1882 3104 1937 3176 illa
1963 3109 2032 3177 vim

572 3240 577 3249 '
663 3223 829 3311 obtinent,
862 3245 946 3317 qua,
980 3223 1010 3295 si
1043 3242 1161 3294 sacras
1192 3220 1308 3292 literas
1335 3222 1533 3315 excipimus,
1559 3223 1666 3312 major
1692 3242 1769 3294 esse
1794 3221 1883 3292 nulla
1910 3230 2032 3316 potest.

662 3341 735 3414 Nec
761 3339 795 3411 id
828 3341 961 3411 noviter
994 3340 1222 3429 excogitatum
1249 3346 1320 3426 est,
1353 3358 1426 3407 cnm
1461 3358 1599 3432 precum
1624 3336 1800 3409 Ecclesiae
1836 3340 2032 3409 testimoniis

662 3458 867 3549 Augustinus
894 3452 1096 3546 Pelagianos
1124 3450 1357 3541 oonbrtaverit,
1384 3463 1419 3524 ut
1446 3476 1465 3524 a
1493 3448 1683 3525 Caelestino
1698 3452 1869 3543 Pontifice,
1896 3465 1931 3526 ct
1956 3454 2029 3527 aliis

662 3572 785 3643 iactum
812 3580 873 3644 est.
925 3570 975 3642 lta
1002 3567 1156 3665 quidquid
1181 3567 1225 3639 in'
1249 3567 1370 3641 Jacobi
1396 3566 1528 3641 Graeca
1561 3568 1710 3661 Liturgia
1742 3569 1901 3662 legimus,
1927 3573 2030 3643 testi-

663 3690 807 3759 monium
834 3690 935 3759 totius
969 3684 1146 3758 Ecclesiae
1177 3683 1524 3781 Hierosolymitanae·,
1555 3696 1590 3756 et
1623 3683 1758 3756 aliarum
1791 3708 1877 3781 quae
1911 3684 2029 3757 cadem

563 3792 569 3799 “
662 3801 850 3894 utebantur,
876 3802 948 3893 luit,
975 3802 1063 3898 quod
1089 3804 1197 3894 majus
1224 3812 1277 3874 est
1303 3825 1401 3897 quam
1427 3804 1457 3873 si
1476 3801 1634 3897 Apostoli
1658 3804 1762 3898 ipsius
1790 3825 1873 3898 opus
1898 3802 2030 3893 luisset,

663 3942 737 3991 cum
763 3921 797 3990 in
824 3918 964 3992 Canone
990 3921 1238 4014 scripturarum,
1265 3921 1417 4013 quamvis
1444 3940 1519 3989 eum
1539 3929 1689 3991 autorem
1716 3916 1866 4006 baberet,
1892 3929 2029 4014 recepta

662 4059 731 4110 non
757 4040 809 4111 sit.
861 4037 1017 4110 Similiter
1042 4040 1076 4108 in
1091 4035 1198 4108 Marci
1216 4035 1360 4125 Graeca,
1387 4045 1443 4106 aut
1469 4034 1701 4130 Aegyptiace,
1728 4037 1827 4107 totius
1853 4033 2029 4107 Ecclesiae

660 4153 912 4226 Alexandrinae
938 4154 1035 4227 iidem
1063 4156 1293 4245 agnoscimus:
1326 4162 1361 4223 ut
1386 4154 1420 4222 in
1445 4150 1595 4247 Syriacis
1622 4150 1802 4247 Syrannn,
1828 4152 1862 4221 in
1890 4148 2029 4226 Graecis

663 4270 870 4345 Graecarum
909 4271 1148 4344 Ecclesiamm.
1218 4268 1328 4341 Velim
1369 4270 1458 4342 scire
1495 4289 1572 4339 num
1616 4266 1792 4340 Ecclesiae
1841 4265 2028 4341 Orientales

561 4436 564 4440 »
664 4411 780 4463 omnes
802 4398 895 4461 recte
923 4389 965 4460 da
980 4389 1141 4460 Trinitate
1160 4389 1317 4459 sentiant:
1344 4407 1419 4457 cnm
1433 4383 1554 4478 ubique
1569 4382 1713 4473 Patrem,
1730 4383 1861 4473 Filium,
1888 4393 1922 4455 et
1942 4383 2028 4479 Spi-

661 4510 758 4578 ritum
785 4505 957 4593 Sanctum,
982 4515 1139 4599 tanquram
1164 4505 1260 4574 urrius
1279 4501 1495 4591 substantiae,
1521 4502 1673 4573 invocari
1691 4500 1805 4588 video,
1833 4502 1910 4595 quin
1930 4499 2028 4573 bdem

663 4624 698 4692 in
733 4618 883 4695 Concilio
921 4621 1073 4693 Nicacno
1116 4618 1293 4723 stabilitam
1327 4617 1561 4713 profiteantur,
1597 4615 1746 4689 dubitare
1778 4637 1847 4689 non
1880 4639 2026 4711 possmn.

663 4736 713 4809 lta
740 4761 814 4811 cnm
840 4739 983 4812 Mariam
1013 4733 1191 4813 Θεστόκον
1215 4735 1368 4811 videmus
1394 4737 1429 4805 in
1453 4733 1610 4831 precibus
1636 4732 1834 4826 Liturgicis,
1866 4743 1922 4804 aut
1954 4735 2027 4807 aliis

664 4854 835 4949 appellari,
868 4860 991 4929 scimus
1016 4854 1091 4929 illos
1127 4857 1184 4950 qui
1218 4856 1264 4925 ita
1298 4854 1492 4949 loquuntur,
1525 4851 1770 4926 aNeston‘ana
1795 4850 1927 4925 haeresi
1959 4850 2027 4923 ab·

661 4970 810 5043 horrere.
