4525 6034
542 563 574 639 S.
599 560 736 641 Jnoout
760 563 947 641 APOSTOLI
970 565 1127 643 FRATRIS
1153 563 1298 643 notum.
1559 568 1606 642 31

237 745 411 843 Seraphim
445 746 563 844 quibus
597 749 672 822 alae
699 772 783 841 sex,
819 753 875 847 qui
910 750 1038 825 duabus
1075 750 1137 826 alis
1173 762 1291 845 tegrmt
1321 753 1427 826 facies
1463 776 1542 828 suas
1575 766 1610 828 et

236 862 363 937 duabus
388 864 507 961 pedes,
534 865 727 963 duabusque
753 866 837 940 alter
870 868 913 940 ad
939 867 1079 941 alterum
1105 868 1288 943 volitantes
1315 870 1457 943 vocibus
1484 869 1608 943 indeli-

234 981 409 1069 cientibus,
436 990 470 1054 et
496 981 683 1076 Theologia
709 1007 777 1057 non
803 987 1062 1076 conticescente,
1087 984 1246 1081 hymnum
1272 984 1502 1082 triumphalem
1527 1010 1607 1060 ma·
1689 1040 1690 1043 ,

233 1096 525 1188 guibrentissimae
551 1098 693 1192 gloriae,
719 1122 808 1173 uoce
835 1123 960 1175 canora
981 1103 1171 1193 concinunt,
1197 1101 1352 1194 clamant,
1377 1102 1607 1177 vociferantur

232 1223 268 1284 et
295 1212 415 1287 dicunt.

335 1331 497 1425 Populea.
532 1331 685 1422 Sanctus,
719 1333 879 1425 Sanctus,
907 1332 1049 1406 Sanctus
1083 1355 1121 1406 es
1154 1334 1299 1407 Domine
1324 1334 1418 1408 Deus
1445 1335 1606 1427 Sbaaotb‚

228 1444 320 1541 pleni
347 1451 435 1519 enim
462 1458 538 1521 sunt
563 1447 649 1522 coeli
676 1460 710 1522 et
735 1459 838 1541 terra,
863 1448 994 1542 gloria,
1026 1448 1155 1524 honoro
1181 1459 1216 1522 et
1241 1454 1416 1543 majestate
1443 1464 1498 1526 tua
1525 1454 1604 1527 Do-

228 1564 329 1650 mine,
356 1561 515 1636 Hosanna
543 1566 575 1637 in
603 1564 759 1637 excelsis.
785 1548 985 1638 Benedictus
1012 1568 1068 1660 qui
1093 1567 1188 1639 venit
1214 1577 1249 1640 et
1283 1570 1338 1662 qui
1363 1578 1524 1641 venturus
1552 1578 1606 1640 est

228 1680 425 1752 innomine
451 1680 595 1754 Domini.
635 1681 796 1754 Hosanna
823 1684 857 1754 in
883 1682 1040 1756 excelsis.

334 1795 510 1870 Sacerdos
534 1798 726 1869 inclinatur.
752 1798 845 1871 Vere
867 1809 1002 1873 sanctus
1028 1819 1088 1887 es,
1108 1821 1173 1870 rex
1199 1797 1409 1873 saeculorum
1436 1805 1470 1872 et
1495 1802 1603 1873 omnis

228 1915 414 1985 sanctitatis
445 1912 602 2007 largitum
642 1926 777 1987 sanctus
811 1918 911 1987 etiam
944 1916 1134 2007 unigenitus
1165 1914 1269 1987 Filius
1305 1924 1400 2002 tuus,
1440 1914 1602 1989 Dominus

228 2027 326 2100 Deus
354 2039 389 2101 et
413 2028 573 2103 Salvator
597 2041 713 2104 noster
738 2030 839 2104 lesus
867 2029 1035 2105 Christus:
1062 2039 1196 2104 sanctus
1228 2033 1326 2102 etiam
1353 2030 1495 2125 Spiritus
1527 2042 1603 2105 tuus

226 2156 377 2235 sanabis,
405 2149 460 2241 qui
486 2156 651 2219 scrutatur
677 2150 799 2237 omnia,
825 2150 925 2219 etiam
950 2145 1114 2242 profunda
1141 2155 1209 2237 tua,
1235 2146 1328 2220 Deus
1354 2145 1465 2220 Pater.
1506 2146 1601 2219 San-

226 2272 303 2334 ctus
329 2266 417 2334 enim
443 2284 481 2335 es
508 2265 565 2359 qui
591 2265 702 2337 omnia
728 2265 898 2354 contines,
925 2265 1155 2358 omnipotens,
1180 2261 1353 2353 terribilis,
1379 2261 1498 2351 bonus,
1526 2287 1601 2336 cum

224 2382 398 2472 unigenito
424 2378 510 2452 Filio
536 2388 604 2468 tuo,
632 2381 688 2474 qui
712 2383 906 2475 passionum
930 2383 1100 2474 particeps
1126 2378 1197 2467 fuit,
1224 2389 1259 2452 et
1283 2381 1430 2452 maxime
1461 2386 1600 2475 propter

224 2493 391 2567 bominem
417 2495 609 2588 figmentum
635 2505 737 2585 tumn,
764 2518 861 2591 quem
889 2504 1024 2568 eterra
1049 2493 1223 2586 formasti,
1262 2502 1296 2566 et
1321 2500 1520 2569 concessisti
1554 2495 1605 2567 illi

225 2610 364 2684 delicias
390 2610 546 2708 paradisi.
574 2610 659 2684 Cum
691 2634 777 2684 vero
816 2621 1048 2702 transgressus
1082 2620 1175 2683 esset
1203 2611 1391 2684 mandatum
1425 2623 1530 2698 tuum,
1566 2619 1601 2681 et

224 2727 361 2815 cecidit,
393 2748 461 2800 non
493 2727 675 2821 neglexisti
701 2738 758 2800 aut
791 2726 995 2823 dereliquisti
1021 2726 1128 2817 illum,
1164 2726 1322 2819 obone,
1350 2728 1411 2801 sed
1436 2728 1600 2800 reduxisti

222 2843 332 2933 illum,
368 2846 453 2916 sicut
477 2854 574 2940 pater
608 2866 759 2918 summae
790 2842 1049 2917 misericordiae.
1101 2843 1243 2916 Vocasti
1273 2866 1347 2916 eum
1381 2867 1444 2941 per
1473 2843 1598 2936 legem,

223 2960 378 3032 direxisti
419 2983 496 3033 eum
534 2983 596 3056 per
633 2959 840 3058 Prophetas:
876 2959 1019 3063 denique
1053 2958 1154 3032 lilium
1195 2968 1284 3031 tuum
1321 2963 1526 3053 unigenitum
1564 2963 1598 3032 in

221 3077 380 3149 mundum
405 3078 535 3166 misisti,
560 3087 596 3149 ut
621 3079 799 3169 imaginem
825 3087 915 3149 tuam
940 3087 1141 3163 renovaret3
1175 3079 1230 3171 qni
1263 3075 1452 3165 deseendit,
1479 3087 1514 3149 et
1539 3080 1597 3149 iu-

222 3203 382 3265 carnatus
408 3204 461 3266 est
486 3191 529 3265 de
555 3193 680 3289 Spiritu
706 3203 836 3280 sancto,
864 3201 897 3266 et
923 3216 969 3265 ex
995 3202 1111 3264 sancta
1139 3191 1306 3265 Genitrice
1339 3194 1403 3264 Dei
1439 3215 1596 3287 semper-

223 3333 291 3405 que
316 3312 450 3402 virgine
476 3309 596 3398 Maria,
623 3320 909 3405 conversatusque
940 3318 993 3381 est
1026 3330 1101 3379 cnm
1132 3307 1318 3382 bominibus
1352 3318 1386 3380 et
1417 3310 1526 3382 omnia
1553 3306 1595 3378 ad

222 3427 361 3519 generis
387 3426 493 3498 nostri
519 3423 658 3498 salutem
683 3427 829 3498 instituit.

327 3542 375 3612 Et
401 3541 539 3613 cwouru
563 3563 681 3615 vocem
706 3544 836 3636 occipit
862 3541 1027 3630 Oblatum
1055 3547 1091 3612 ct
1114 3539 1209 3611 dicit.

329 3656 413 3730 Gom
439 3678 526 3750 ergo
552 3667 767 3753 suscepturus
794 3667 887 3730 esset
911 3665 1050 3731 mortem
1066 3655 1288 3731 voluntariam
1304 3679 1366 3752 pro
1392 3652 1489 3728 uobis
1504 3677 1593 3751 pec-

220 3773 403 3861 catoribus,
430 3775 505 3869 ipse
531 3776 684 3846 immunis
711 3797 732 3845 a
757 3783 918 3870 peccato,
953 3776 986 3845 in
1022 3795 1064 3845 ea
1097 3782 1196 3846 nocte
1224 3794 1288 3867 qua
1315 3772 1494 3845 tradendus
1521 3784 1594 3845 erat

220 3912 286 3987 pro
312 3892 381 3961 vita
410 3899 444 3960 et
469 3887 576 3961 salute
603 3888 724 3978 mnndi,
752 3891 882 3984 accepit
906 3911 1026 3985 panem
1053 3892 1087 3960 in
1112 3909 1230 3961 manns
1247 3910 1326 3961 suas
1353 3900 1496 3978 sanctas,
1523 3893 1621 3960 im-.

220 4003 419 4094 maculatas,
446 4013 481 4076 et
505 4007 792 4094 incontaminatas,
819 4015 854 4077 et
879 4003 1000 4077 levatis
1027 4005 1131 4080 oculis
1158 4007 1192 4075 in
1218 4004 1359 4094 coelum,
1388 4009 1520 4102 aspexit
1551 4004 1593 4077 ad

220 4133 257 4194 te
282 4121 376 4221 Deus
401 4121 509 4209 Pater,
536 4130 570 4193 et
595 4123 722 4214 gratiam
749 4143 869 4215 agens,
895 4119 1082 4207 benedixit,
1108 4118 1135 4210 †
1161 4120 1397 4210 sanctificavit,
1424 4124 1453 4210 †
1477 4121 1591 4213 fregit,

224 4239 305 4326 †et
331 4235 420 4309 dedit
445 4236 611 4332 discipulis
643 4241 713 4312 suis
739 4241 864 4313 sanctis
881 4247 915 4310 et
933 4234 1107 4331 Apostolis
1138 4235 1270 4309 dicens:
1304 4240 1463 4334 accipite,
1489 4261 1592 4310 man·

222 4352 341 4424 ducate
368 4375 414 4424 ex
441 4374 483 4426 eo
509 4374 575 4427 vos
601 4372 729 4442 omnes,
755 4352 830 4427 Hoc
856 4362 909 4426 est
934 4374 1056 4448 corpus
1082 4374 1205 4443 meum,
1232 4352 1321 4448 quod
1346 4377 1408 4450 pro
1430 4353 1530 4427 vobis
1557 4363 1592 4426 et

218 4492 284 4566 pro
311 4467 420 4543 multis
445 4467 608 4562 frangitur
642 4479 676 4541 et
702 4468 816 4559 datur,
851 4472 884 4541 in
917 4471 1149 4542 remissionem
1180 4478 1393 4563 peccatorum
1426 4478 1462 4540 et
1486 4471 1588 4540 uitam

219 4594 432 4659 aeternam..
1540 4602 1545 4615 ·

244 4686 249 4701 '
324 4701 508 4793 Sacerdos.
535 4701 692 4774 Similiter
718 4704 818 4775 etiam
844 4709 878 4775 ot
902 4700 1041 4775 calicem
1056 4710 1233 4797 postquam
1258 4710 1497 4788 coenavemmt,
1518 4702 1587 4771 mi-

220 4841 321 4893 scens
347 4821 428 4891 vino
455 4827 489 4891 et
515 4840 618 4913 aqua,
645 4827 680 4892 ot
705 4821 830 4911 gratiae
857 4838 964 4911 agens
990 4818 1020 4907 †
1046 4816 1216 4891 benedixit
1246 4815 1273 4911 †
1300 4817 1534 4903 sanctificavit,
1561 4812 1587 4907 †

220 4945 256 5007 et
281 4934 370 5007 dedit
394 4934 512 5007 iisdem
539 4933 707 5031 disuipulis
732 4945 768 5008 et
792 4934 966 5032 Apostolis
993 4937 1116 5009 sanctis
1144 4932 1266 5005 dicens.
1292 4933 1458 5029 Accipite,
1484 4927 1588 5004 bibite
1639 5000 1640 5007 ,

221 5074 269 5124 ex
296 5073 338 5125 eo
364 5072 429 5125 vos
456 5072 583 5125 omncs.
608 5050 673 5125 Hic
697 5061 750 5127 est
776 5053 911 5145 sanguis
942 5071 1036 5124 meus
1062 5049 1268 5124 Testamenti
1298 5051 1397 5139 novi,
1433 5050 1489 5146 qui
1522 5065 1586 5143 pro
