4525 6034
607 570 751 665 xxm,
1035 640 1045 655 .
1103 527 1468 653 nrssnurnrro

606 759 659 831 Ea
685 763 785 854 igitur
811 771 864 833 est
891 781 974 857 opus
1002 758 1126 833 Graeci
1153 759 1308 856 alicujus,
1344 763 1399 858 qui
1426 762 1515 858 quod
1540 760 1632 835 multi
1659 759 1845 836 Orientates
1871 762 1973 836 leoe-

607 887 694 968 ruut,
719 885 755 949 nt
781 899 820 950 se
846 879 996 952 sinceros
1023 887 1057 950 at
1082 876 1251 974 perlectos
1278 877 1471 954 catholicos
1499 901 1576 952 esse
1603 878 1879 967 demonstrarent,
1906 879 1973 951 Li-

607 996 756 1086 turgicos
783 993 918 1068 codices
943 996 1166 1089 scripserunt,
1200 997 1235 1065 in
1268 993 1386 1090 quihus
1418 1006 1554 1068 veteres
1584 1017 1663 1069 suas
1689 994 1816 1068 formas
1842 995 1973 1068 Sacra-

606 1120 791 1182 mentorum
806 1109 968 1182 Romanis
994 1108 1307 1200 accommodavere,
1334 1122 1460 1183 temere
1485 1133 1637 1208 prorsus,
1664 1121 1698 1183 et
1716 1114 1877 1207 imperite;
1898 1134 1972 1185 oum

606 1225 759 1299 Ecclesia
792 1226 947 1299 Romana
983 1230 1159 1321 antiquitus
1192 1236 1226 1299 et
1261 1231 1359 1300 etiam
1397 1250 1482 1299 nunc
1516 1226 1739 1301 Orientalibus
1774 1250 1854 1300 suos
1889 1234 1971 1302 ritus

608 1341 782 1437 relinquat.
817 1342 849 1417 Is
876 1365 962 1416 vero
992 1342 1142 1415 Graecus
1168 1343 1307 1416 Missam
1335 1367 1380 1416 ex
1406 1347 1541 1438 ingenio
1565 1367 1690 1416 novam
1716 1349 1914 1442 composuit,
1939 1350 1974 1418 in

608 1482 706 1554 quam
739 1458 840 1532 multa
874 1482 919 1531 ex
955 1459 1188 1558 chrysostomi
1220 1459 1353 1533 Graeca
1386 1461 1567 1549 transtulit,
1601 1472 1667 1533 tum
1696 1460 1869 1535 Cononem
1893 1462 1973 1535 Ro-

607 1598 706 1648 mano
732 1580 766 1648 in
793 1574 945 1649 omnihus
972 1576 1122 1665 similem,
1150 1579 1180 1648 si
1205 1599 1313 1672 pauca
1340 1580 1548 1673 excipiantur
1573 1600 1674 1673 quae,
1702 1600 1769 1651 non
1795 1577 1973 1671 intellecta,

606 1697 751 1789 pessime
777 1695 1011 1789 interpretatus
1046 1701 1107 1765 est.
1161 1693 1342 1765 Luctentur
1376 1703 1492 1766 contra
1525 1692 1625 1767 talem
1658 1695 1786 1767 larvam
1818 1703 1973 1790 quantum

606 1810 722 1883 volent
747 1809 996 1900 Protestantes3
1023 1807 1084 1881 sed
1111 1819 1298 1901 agnoscant
1324 1804 1419 1882 simul
1447 1805 1561 1883 Critici
1587 1813 1638 1882 sui
1664 1811 1890 1904 supinitatem,
1918 1813 1974 1907 qui

608 1931 638 1999 si
663 1950 738 2000 eam
763 1929 903 2020 legisset
930 1934 987 1997 aut
1013 1927 1160 2018 origines
1194 1929 1267 2018 ejus
1302 1937 1400 2000 notas
1432 1926 1619 2013 habuisset,
1655 1924 1840 1998 tolerabilia
1872 1926 1973 1999 multa

609 2042 772 2119 adversus
798 2053 1067 2140 propugnatores
1093 2040 1180 2115 illius
1208 2041 1319 2115 dicere
1345 2048 1520 2140 potuisset,
1545 2065 1612 2117 non
1643 2044 1783 2138 ineptire
1809 2042 1973 2116 adversus

607 2158 808 2251 Ecclesiam,
834 2182 920 2254 quae
945 2159 1129 2251 liturgiam
1156 2157 1244 2231 illam
1269 2181 1435 2255 uunquam
1462 2162 1643 2255 usurpavit.

318 2276 595 2347 natiraguaatn-
713 2279 809 2364 Quae
842 2276 884 2347 de
909 2276 1062 2368 Liturgia
1094 2273 1241 2348 Mathaei
1256 2296 1259 2303 ⁴
1273 2278 1423 2372 scripsit,
1456 2280 1501 2347 ita
1536 2278 1622 2350 enim
1655 2283 1759 2348 vocat
1790 2273 1973 2363 Cononem,

285 2380 353 2432 ΡΜ·
568 2418 575 2425 ’
608 2406 644 2469 nt
669 2396 773 2495 vulgo
800 2392 995 2490 appellatur,
1021 2391 1215 2484 generalem
1241 2393 1458 2488 Aethiopum,
1486 2390 1630 2466 absurda
1656 2395 1764 2483 magis
1792 2401 1826 2463 et
1849 2390 1975 2464 insrdsa

609 2525 694 2588 sunt.
720 2512 817 2584 Edita
844 2519 896 2583 est
921 2509 976 2581 illa
1001 2508 1153 2602 Liturgia
1178 2508 1388 2606 Aethiopica,
1415 2509 1458 2581 ad
1484 2508 1612 2582 calcem
1637 2508 1729 2581 Novi
1754 2507 1974 2597 Testamenti,

609 2629 697 2727 quod
731 2627 915 2724 Aethiopes
948 2648 994 2696 ex
1024 2626 1132 2721 patria
1166 2624 1302 2721 profugi
1336 2626 1379 2699 ob
1408 2625 1564 2699 Galarum
1600 2636 1634 2698 et
1658 2626 1974 2700 Mubamedanorum

607 2748 830 2822 incursionem
858 2765 945 2814 anuo
974 2740 1084 2817 tota.
1111 2739 1243 2813 Romae
1264 2741 1493 2815 excudendum
1520 2754 1743 2819 curaverunt..
1757 2743 1883 2818 Prodiit
1899 2741 1975 2813 La-

606 2869 674 2939 tina
701 2862 786 2935 illius
805 2862 943 2949 mersio,
971 2858 1032 2932 sub
1059 2857 1152 2931 titudo
1169 2856 1318 2931 Cononis
1337 2861 1504 2952 generalis
1518 2859 1719 2957 Aethiopum
1738 2858 1861 2931 ibidem
1886 2857 1974 2930 edita

606 3003 696 3055 anno
726 2979 836 3055 tato.
871 2976 991 3071 Neque
1016 2978 1050 3047 in
1077 2974 1234 3048 alterutra
1261 2975 1407 3050 editione
1433 2974 1792 3074 appellataniturpio
1808 2975 1974 3062 Mothoei,

606 3109 663 3171 aut
689 3096 732 3170 ab
759 3094 881 3169 idoneo
908 3095 1071 3189 scriptore
1097 3092 1184 3179 ullo,
1216 3096 1271 3189 qui
1296 3093 1382 3167 illius
1409 3097 1602 3166 meminerit.
1654 3091 1722 3167 Sed
1750 3115 1813 3164 nec
1839 3115 1915 3163 eum
1939 3099 1976 3163 nt

606 3216 715 3308 gentis
743 3234 824 3284 suae
850 3208 1049 3306 Apostolum
1078 3212 1233 3300 agnoscit
1263 3209 1439 3284 Ecclesiae
1466 3208 1686 3306 Aethiopicae
1718 3208 1868 3298 traditio,
1900 3231 1974 3281 eum

607 3332 745 3426 primam
771 3325 950 3419 Evangelii
975 3324 1084 3400 lucem
1113 3328 1155 3401 ab
1182 3327 1342 3400 Eunucho
1368 3325 1522 3419 Reginae
1549 3325 1714 3399 Candacis
1749 3323 1812 3397 sibi
1842 3324 1975 3396 allatam

608 3445 794 3542 Aethiopes
822 3445 1029 3516 existiment:
1057 3455 1091 3516 et
1116 3444 1251 3517 tandem
1277 3443 1519 3531 aFrumentio,
1546 3465 1642 3538 quem
1662 3441 1866 3547 Athanasius
1891 3442 1974 3536 ipsis

608 3562 811 3659 Episcopum
832 3558 1006 3631 ordinavit.
1046 3562 1186 3634 Praeter
1203 3581 1410 3634 communem
1431 3558 1519 3631 illam
1541 3559 1736 3651 Litargiam,
1755 3580 1841 3652 quae
1857 3557 1975 3630 Canon

609 3679 810 3774 reliquarum
844 3683 913 3765 est,
949 3673 1032 3747 alias
1066 3676 1205 3766 habent,
1239 3700 1376 3773 quarum
1409 3686 1549 3772 quatuor
1580 3675 1689 3747 editae
1721 3686 1797 3747 sunt
1825 3673 1975 3768 reliquae

608 3795 873 3888 manuscriptae:
900 3802 934 3863 et
959 3792 1088 3865 illarum
1114 3794 1202 3866 nulla
1220 3793 1377 3867 biathaeo
1404 3791 1563 3865 tribuitur.
1598 3792 1684 3879 Quid
1710 3793 1809 3884 igitur
1834 3813 1974 3882 magnus

606 3912 662 3984 ille
687 3919 840 3983 veterum
866 3910 1064 4004 scriptorum
1090 3910 1243 3986 censor?
1274 3912 1438 3998 Meminit,
1464 3911 1582 4005 inquit,
1615 3909 1773 4001 Epoctae
1806 3915 1842 3978 et
1875 3907 1975 3977 aurei

606 4029 745 4099 numeri.
778 4024 907 4120 Nempe
932 4024 1108 4099 Versionis
1136 4038 1232 4100 autor
1256 4027 1341 4100 haec
1368 4026 1501 4118 adjecit,
1529 4048 1615 4120 quae
1641 4029 1675 4096 in
1690 4023 1889 4119 Aethiopico
1908 4045 1975 4094 non

605 4154 738 4216 extant:
766 4152 800 4213 et
828 4144 979 4236 quamvis
1004 4144 1039 4213 in
1066 4162 1108 4215 eo
1136 4144 1339 4236 legerentur,
1365 4142 1580 4216 nesciebatne
1607 4138 1805 4238 computum
1827 4136 1973 4212 Aethio-

605 4266 715 4359 picmn
742 4284 762 4331 a
788 4257 937 4352 Josepho
964 4257 1139 4352 Scaligero
1167 4260 1307 4352 editum,
1337 4257 1517 4333 secundum
1544 4281 1640 4354 quem
1666 4258 1786 4330 festum
1812 4254 1975 4329 Paschale

607 4371 895 4469 annunciabatm?
929 4374 967 4447 Si
1000 4376 1177 4472 quidquam
1203 4379 1306 4469 igitur
1331 4377 1420 4472 quod
1447 4399 1493 4448 ex
1519 4375 1657 4474 alicuius
1683 4374 1858 4447 Ecclesiae
1885 4394 1975 4445 con-

608 4493 780 4566 suetudine
801 4492 962 4584 Liturgiis
984 4494 1141 4565 insertum
1164 4504 1227 4582 est,
1254 4492 1467 4590 corruptelae
1494 4502 1528 4564 et
1553 4486 1628 4566 falsi
1654 4501 1733 4564 nota
1761 4512 1838 4563 esse
1865 4487 1975 4580 debet,

606 4631 651 4680 na
675 4606 761 4681 ullus
789 4608 920 4703 quidem
945 4606 1066 4704 publici
1093 4632 1172 4683 usus
1200 4609 1286 4683 liber
1316 4613 1491 4705 supererit,
1518 4632 1538 4681 a
1565 4607 1621 4680 tali
1647 4629 1788 4680 censura
1813 4608 1975 4679 immunis.

609 4724 693 4798 Cum
719 4724 761 4796 de
775 4724 933 4818 biturgiis
948 4724 1154 4824 Aethiopicis
1181 4726 1311 4799 dicendi
1335 4726 1431 4804 locus
1458 4728 1533 4817 erit,
1558 4724 1653 4823 plura
1674 4723 1717 4797 ad
1738 4706 1978 4797 demonstran-'

610 4840 684 4913 dam
709 4840 822 4912 Riveti
847 4844 1010 4915 inscitiam
1036 4846 1068 4914 in
1095 4843 1238 4915 medium
1265 4842 1486 4916 conferemus.
1943 4824 1954 4875 t

318 4964 495 5019 oenanthio
510 4964 595 5035 ctry-
712 4955 796 5029 Erat
821 4979 904 5029 sane
931 4958 1115 5032 abstrusior
1147 4959 1231 5031 haec
1266 4962 1421 5047 materia,
1457 4970 1491 5031 et
1523 4969 1654 5054 captum
1685 4957 1843 5048 hominis,
1878 4966 1975 5028 extra

284 5033 524 5175 l’fflllpbllbffm
546 5036 594 5091 ω’
607 5074 701 5149 locos
739 5094 930 5148 communes
970 5048 1054 5148 suae
1086 5074 1295 5171 'theologiae
1329 5080 1392 5150 viu
1429 5079 1561 5168 egressi
1596 5072 1789 5171 superabat:
1833 5082 1868 5145 at
1901 5074 1975 5167 quis
