4525 6034
592 606 1219 687 stuorrcuriuut.
1508 558 1585 683 cuc

222 800 314 886 tatis,
350 807 385 870 et
409 799 518 894 pacis:
552 796 708 891 dignique
740 795 917 869 efficiamur
947 793 1046 869 bouis
1080 794 1145 868 illis
1179 818 1266 891 quae
1303 745 1473 891 promisit·
1487 793 1585 869 nobis

222 912 324 986 Filius
351 915 636 1005 tuus‘uuigeuitns
662 923 697 983 et
723 922 876 985 sanctus:
908 935 1111 1009 perquem,
1146 924 1180 985 et
1214 934 1287 984 cum
1321 932 1386 1008 quo
1424 921 1458 983 te
1490 912 1588 985 decet

221 1030 342 1123 gloria,
368 1028 487 1119 honor,
514 1039 548 1100 et
561 1031 719 1123 potentia,
748 1051 822 1101 cum
837 1028 962 1124 Spiritu
986 1041 1042 1102 tuo
1059 1032 1280 1117 sanctissimo,
1307 1039 1342 1099 et
1366 1028 1467 1116 hono,
1496 1028 1587 1101 ado-

219 1147 337 1234 rando,
363 1146 565 1234 vivificante,
592 1153 627 1216 et
651 1145 711 1217 tibi
737 1145 1019 1218 consubstantiali.

325 1263 486 1356 Populos.
538 1264 658 1335 Amen.

323 1378 507 1451 Sacerdos.
559 1377 634 1449 Pax
659 1377 759 1451 vohis
786 1377 947 1451 omnibus.

325 1495 486 1589 Populus.
537 1492 581 1565 ttt
607 1516 681 1567 cum
708 1496 823 1591 spiritu
849 1504 916 1566 tro.

325 1613 512 1684 Diaconos.
565 1610 652 1682 Date
677 1633 806 1706 pacem.

327 1728 487 1822 Populus.
539 1728 689 1819 Dignare
715 1728 867 1799 Domine.

326 1846 514 1916 Diaconos.
567 1843 763 1915 inclinemus
789 1846 899 1939 capita
924 1853 1040 1915 nostra
1066 1843 1219 1916 Domino.

327 1960 487 2054 Populus.
541 1959 666 2033 Coram
693 1968 725 2031 te
751 1960 904 2031 Domiuc.

327 2076 511 2148 Sacerdos.
564 2075 615 2147 Tu
642 2098 679 2148 es
705 2077 805 2167 igitur
829 2077 1015 2162 miserator,
1042 2085 1076 2147 et
1101 2073 1223 2146 multae
1245 2075 1494 2148 misericordiae
1508 2076 1588 2149 Do-

223 2199 322 2283 mine,
349 2196 426 2289 quia
452 2216 471 2264 a
498 2203 532 2265 te
560 2191 740 2279 descendit,
767 2203 801 2264 et
826 2194 930 2263 oritur
957 2213 1054 2263 omuc
1080 2190 1202 2263 donum
1229 2194 1405 2286 optimum,
1443 2204 1476 2265 et
1501 2215 1588 2289 per-

224 2309 364 2400 icctum3
390 2308 549 2399 benedic,
577 2317 611 2379 et
642 2329 809 2379 conserva
844 2306 1040 2379 adoratores
1073 2318 1149 2380 tuos
1181 2310 1279 2396 istos,
1315 2311 1370 2402 qui
1403 2331 1518 2383 coram
1556 2321 1590 2382 to

225 2427 312 2500 colla
346 2447 523 2520 corporum
561 2426 804 2519 auimammquc
839 2445 971 2495 suarum
1009 2423 1268 2511 inclinaverunt,
1301 2434 1335 2494 et
1365 2422 1429 2496 illis
1464 2424 1589 2519 largire

224 2544 345 2617 donum
371 2543 618 2613 miserationum
645 2547 785 2626 tuarum,
819 2548 917 2635 atque
944 2541 1101 2613 auxilium
1127 2539 1310 2638 perfectum
1336 2544 1469 2632 gratiae
1501 2551 1588 2630 tuac,

221 2663 318 2753 juxta
343 2659 598 2754 promissionem
624 2653 745 2728 Christi
771 2659 832 2730 tui:
859 2680 933 2729 cum
961 2680 1044 2753 quo,
1076 2670 1110 2731 ct
1142 2659 1267 2755 Spiritu
1293 2668 1409 2731 sancto
1436 2658 1495 2731 titi
1521 2657 1589 2729 dc-

223 2773 320 2849 betur
346 2774 509 2864 adoratio,
535 2782 599 2845 etc.

326 2890 486 2983 Populus.
538 2891 658 2962 Amen.

326 3006 509 3078 Sacerdos.
562 3004 754 3078 Creaveras
789 3011 875 3079 cuim
908 3030 971 3080 nos
997 3007 1141 3079 Domine
1174 3032 1194 3079 a
1229 3010 1391 3104 principio
1423 3029 1485 3104 per
1519 3010 1588 3078 mi-

223 3123 439 3198 sericordiam
466 3133 554 3194 tuam
581 3133 769 3218 paternam,
805 3133 838 3193 et
869 3121 1016 3213 beatam,
1047 3145 1110 3195 nos
1145 3127 1199 3220 qui
1226 3127 1373 3220 primitus
1399 3123 1477 3200 nihil
1504 3146 1588 3196 era-

222 3263 311 3313 mus:
339 3240 464 3312 idcirco
490 3249 526 3311 ut
550 3235 638 3309 hene
663 3237 759 3311 nohis
786 3250 875 3310 esset
900 3243 934 3309 in
960 3239 1067 3331 gradu
1093 3240 1150 3312 illo
1178 3239 1328 3327 excelso,
1356 3244 1447 3312 vitae
1474 3261 1587 3333 auge-

221 3355 320 3447 licac,
346 3366 380 3429 ct
404 3354 641 3442 immaterialis,
668 3365 702 3426 et
727 3365 837 3427 tamen
862 3366 977 3429 nostra
998 3354 1185 3446 voluntate,
1211 3358 1245 3425 in
1271 3377 1431 3443 errorem,
1459 3366 1493 3428 ct
1511 3359 1587 3427 rui-
1671 3349 1675 3359 ’

222 3495 300 3546 nam
333 3475 462 3569 peccati
499 3470 647 3567 prolapsi
682 3493 810 3560 sumus,
850 3472 967 3544 exules
1002 3471 1081 3543 iacti
1122 3495 1142 3542 a
1181 3474 1287 3567 prima
1317 3482 1432 3543 nostra
1469 3475 1586 3568 patria.

223 3589 348 3662 Vemm
375 3611 437 3684 per
463 3588 600 3660 casdem
626 3600 779 3660 aeternas
806 3599 879 3662 tuas
912 3591 1161 3677 miserationes,
1194 3588 1311 3661 Filium
1345 3598 1434 3661 mum
1461 3592 1587 3681 unige-

223 3710 325 3777 nitum
351 3707 467 3778 misisti
493 3704 535 3775 ad
558 3703 697 3776 salutem
713 3713 874 3793 nostram,
890 3709 945 3800 qui
961 3715 1170 3802 peccatores,
1188 3714 1221 3776 et
1246 3707 1437 3800 insipientes
1463 3726 1590 3794 sumus,

223 3832 258 3893 ct
282 3809 389 3893 iactus
416 3829 469 3893 est
493 3820 723 3915 corporaliter,
752 3820 812 3891 sed
839 3820 965 3916 absque
990 3824 1170 3894 mutatione
1204 3818 1303 3894 homo
1338 3820 1452 3893 similis
1478 3818 1590 3908 nohis,

223 3950 260 4010 ut
294 3960 357 4011 nos
392 3937 532 4033 amplius
563 3937 695 4010 divinos
722 3937 884 4028 efficeret,
911 3948 945 4009 ct
978 3938 1021 4011 ad
1046 3941 1217 4033 pristinam
1246 3949 1396 4011 nostram
1428 3936 1588 4009 haeredi-

222 4062 323 4127 tatem
358 4075 422 4127 nos
455 4052 639 4125 reduceret
692 4053 744 4127 Tu
777 4075 861 4145 crgo
900 4057 1074 4126 etiamnum
1111 4054 1274 4143 Domine,
1315 4056 1406 4125 mitte
1447 4055 1590 4146 gratiam

223 4181 312 4243 tuam
339 4170 381 4242 ad
407 4173 643 4265 expiationem,
670 4179 704 4241 et
730 4170 972 4242 mundationem
999 4181 1158 4258 nostram,
1184 4181 1219 4241 et
1245 4169 1286 4242 ad
1314 4173 1587 4266 acceptationem,

223 4289 606 4380 consummationemque
638 4289 713 4382 puri
748 4287 860 4379 hujus,
901 4297 934 4358 et
967 4286 1165 4360 immaculati
1200 4286 1373 4378 sacrificii,
1409 4285 1497 4381 quod
1523 4304 1586 4379 pro

222 4407 370 4500 peccatis
398 4406 524 4475 nostris
551 4403 612 4476 tibi
642 4402 820 4493 offerimus,
843 4407 940 4496 juxta
967 4402 1149 4475 doctrinam
1175 4401 1432 4495 Evangelicam,
1460 4412 1493 4475 et
1527 4402 1588 4471 vi-

222 4521 355 4593 vificam
383 4518 518 4610 Christi,
545 4543 617 4591 cum
645 4542 711 4614 quo
738 4530 772 4592 te
798 4519 895 4592 dccet
920 4516 1037 4609 honor,
1064 4519 1184 4613 gloria,
1212 4531 1246 4594 et
1271 4530 1430 4615 potestas.

328 4636 488 4729 Populus.
541 4638 660 4707 Amen.

328 4753 515 4825 Diaconos.
568 4753 702 4824 Stemus
728 4751 893 4824 decenter.

327 4870 488 4963 Populus.
540 4868 792 4942 Misericordiae
818 4868 891 4940 Dei.

326 4983 510 5057 Sacerdos.
562 4987 636 5058 Pax
663 4985 762 5057 vobis
790 4985 953 5059 omnihus.

326 5102 489 5196 Populea.
540 5100 584 5174 Et
610 5123 685 5174 cum
711 5104 825 5196 spiritu
851 5112 917 5174 tuo.

261 5241 348 5284 Tomi!
360 5240 385 5284 ss·
