4525 6034
617 573 759 645 χ262
1191 570 1552 646 Ltt'ttttoln

790 756 966 828 Sacerdos
993 757 1185 846 coelipotus.
1213 755 1358 828 Sanctus
1385 779 1424 830 es
1451 758 1545 829 Dens
1562 758 1680 829 Pater:
1708 757 1852 829 Sanctus
1878 757 1972 829 Deus
1993 757 2054 829 Fi-

682 873 759 960 lius,
787 872 931 944 Sanctus
958 874 1052 945 Deus
1067 873 1211 968 Spiritus
1239 882 1390 943 sanctus:
1418 870 1546 964 absque
1573 872 1638 944 ulla
1665 872 1831 944 divisione
1857 872 2055 945 subsistens:

682 1011 747 1059 una
788 987 966 1060 dominatio
1007 987 1214 1061 essentialis:
1248 1009 1331 1060 unus
1368 988 1462 1060 Deus
1505 986 1691 1060 invisibilis.
1745 989 1810 1075 Qui
1850 985 2056 1061 nihilominus

681 1125 790 1194 genus
817 1103 993 1174 humanum
1020 1114 1171 1176 nostrum
1199 1113 1375 1197 tantopere
1402 1102 1529 1191 dilexit,
1556 1115 1591 1175 ut
1618 1126 1693 1174 cum
1729 1126 1748 1175 a
1783 1107 1923 1198 pristina
1951 1104 2055 1194 gloria

682 1240 744 1290 sua
772 1218 963 1306 cecidisset,
982 1241 1044 1314 per
1064 1219 1304 1310 benignitatem
1321 1240 1425 1304 suam,
1452 1215 1571 1288 Filium
1588 1221 1793 1309 unigenitum
1812 1221 1901 1290 misit
1927 1217 1969 1290 ad
1997 1241 2054 1289 sa-

683 1334 786 1405 lutem
813 1345 970 1406 nostram.
1024 1335 1101 1428 lpse
1135 1356 1221 1405 vero
1261 1355 1396 1405 carnem
1422 1332 1581 1421 induens,
1617 1356 1752 1404 carnem
1787 1332 1933 1406 divinam
1965 1333 2053 1421 lecit,

682 1469 745 1543 per
779 1454 934 1521 unionem
964 1448 1185 1539 inellabilem3
1213 1451 1370 1543 viamque
1397 1449 1498 1521 nobis
1526 1452 1659 1543 paravit
1686 1452 1892 1522 ascensionis
1910 1453 1944 1520 in
1970 1431 2054 1522 coe’-

680 1563 762 1633 lum:
793 1567 969 1658 omniaque
996 1564 1139 1636 bumana
1167 1563 1320 1660 perfecit,
1347 1559 1526 1659 legemque
1553 1564 1753 1660 adimplevit

788 1680 937 1751 Eleraos
972 1701 1097 1750 coccor.
1150 1679 1195 1751 Et
1220 1691 1320 1751 nocte
1348 1678 1403 1752 illa
1430 1702 1605 1774 suprema,
1634 1703 1698 1773 qna
1726 1702 1807 1752 mox
1823 1679 1968 1752 futurum
1984 1689 2054 1752 erat

681 1804 716 1866 ut
743 1794 893 1866 salvaret
918 1804 1121 1866 creaturam:
1163 1793 1339 1889 legemque
1366 1796 1563 1886 obsignaret
1595 1806 1629 1866 et
1662 1796 1861 1890 compleret:
1897 1794 2056 1889 simulque

680 1910 782 1983 Novo
810 1910 1026 1984 Testamenta
1055 1911 1149 1982 daret
1175 1914 1318 1998 initium,
1346 1909 1596 2004 doctrinamque
1630 1915 1720 1982 vitae
1754 1910 1903 2006 plenam,
1937 1909 2055 1982 salva-

681 2035 735 2097 tos
763 2050 782 2098 a
810 2048 848 2096 se
876 2025 1029 2098 doceret:
1056 2048 1177 2121 panem
1210 2024 1468 2098 ²lermentatum
1497 2029 1628 2119 accepit
1653 2030 1686 2097 in
1713 2049 1829 2097 manns
1853 2048 1933 2100 suas
1948 2048 2054 2122 puras,

681 2151 716 2211 et
742 2142 833 2213 Patri
860 2145 986 2232 gnatius
1014 2163 1139 2234 agens,
1166 2148 1186 2224 †
1213 2140 1400 2229 benedixit,
1427 2148 1448 2224 †
1475 2140 1709 2227 sanctificavit,
1742 2148 1762 2224 †
1788 2141 1892 2232 fregit
1922 2141 2054 2214 divisit-

682 2277 747 2349 qua
775 2254 945 2351 discipulis
974 2267 1008 2328 et
1023 2251 1144 2327 dixit³
1196 2257 1365 2351 Accipite,
1386 2255 1596 2342 manducate,
1623 2256 1765 2356 credite,
1792 2267 1826 2327 et
1837 2261 1921 2328 certi
1936 2265 2054 2346 estote,

681 2382 782 2466 atque
816 2376 860 2443 ita
897 2372 1087 2467 praedicate
1122 2384 1157 2443 et
1189 2373 1327 2444 docete:
1362 2372 1449 2467 quod
1487 2394 1609 2467 corpus
1645 2394 1754 2443 meum
1780 2370 1845 2444 boo
1871 2381 1943 2457 est,
1971 2369 2054 2464 quod

679 2508 743 2582 pro
772 2487 879 2559 salute
907 2488 1015 2558 mundi
1042 2487 1224 2580 frangitur,
1252 2488 1374 2562 stillis
1402 2491 1457 2582 qui
1485 2487 1662 2559 comedunt
1688 2486 1765 2558 illud
1794 2497 1827 2557 et
1859 2485 2052 2557 creduntin

680 2624 750 2688 me,
780 2602 835 2674 dat
862 2608 1088 2698 expiationem
1116 2613 1331 2699 peccatorum
1360 2615 1393 2675 et
1419 2607 1522 2674 vitam
1550 2614 1729 2675 aeternam.

786 2718 946 2811 Populus.
1000 2720 1120 2792 Arnen.

785 2834 970 2905 Sacerdos.
1011 2833 1170 2905 Similiter
1195 2834 1441 2929 prosequendo,
1470 2837 1598 2931 accepit
1624 2837 1723 2906 etiarn
1756 2837 1884 2918 vinum,
1913 2843 1947 2903 et
1981 2832 2052 2904 illud

677 2951 768 3040 justa
796 2953 1031 3045 proportione,
1059 2973 1132 3021 cum
1161 2952 1349 3022 miscuisset
1377 2972 1480 3045 aqua,
1512 2956 1533 3032 †
1561 2948 1747 3036 benedixit,
1779 2954 1800 3030 †
1827 2949 2051 3034 sanctificavit,

680 3064 890 3160 Jsdeditque
917 3065 1004 3137 illum
1037 3064 1155 3137 iisdem
1192 3064 1383 3161 discipulis,
1418 3065 1543 3136 dicens.
1596 3066 1766 3158 Accipite,
1799 3063 1902 3136 bibite
1935 3087 1987 3168 ex¹
2012 3087 2051 3135 eo

680 3202 746 3252 vos
774 3202 910 3252 omnes:
938 3191 973 3251 et
998 3180 1143 3263 credite,
1170 3184 1254 3252 certi
1282 3191 1408 3268 estote,
1443 3190 1543 3275 atque
1570 3184 1614 3251 ita
1642 3179 1834 3274 praedicate
1860 3190 1895 3250 et
1922 3180 2051 3251 docem:

680 3295 769 3390 quod
797 3295 848 3367 bic
876 3307 928 3367 est
955 3299 1092 3387 sanguis
1118 3319 1232 3381 meus,
1260 3300 1314 3391 qui
1340 3318 1402 3392 pro
1435 3296 1542 3369 salute
1576 3294 1685 3366 mundi
1722 3293 1912 3367 effunditur:
1951 3298 2051 3389 iisqne

681 3413 737 3504 qui
764 3410 879 3484 bibunt
905 3411 993 3483 illum
1022 3421 1055 3481 et
1082 3411 1221 3482 creduut
1249 3415 1280 3482 in
1308 3433 1380 3500 me,
1415 3412 1471 3484 dat
1497 3414 1724 3506 expiationem
1753 3421 1990 3507 peccatorum,
2021 3420 2050 3479 et

679 3530 784 3598 vitam
811 3537 990 3599 aeternam.
1203 3526 1363 3621 Populus.
1416 3529 1535 3599 Amen.

784 3640 968 3713 Sacerdos.
1023 3642 1101 3714 lllos
1129 3646 1234 3730 etiam,
1255 3646 1408 3739 corporis
1436 3654 1469 3713 et
1495 3645 1666 3734 sanguinis
1699 3645 1748 3713 sui
1782 3645 1907 3730 sancti,
1945 3644 2047 3737 parti·

679 3759 771 3850 cipes
799 3755 942 3842 faciens,
970 3758 1120 3829 doctrina
1148 3758 1260 3830 divina
1289 3758 1407 3830 erudiit
1432 3758 1567 3844 dicens,
1600 3755 1873 3852 quemadmodum
1908 3779 1964 3827 me
1995 3759 2046 3826 vi·

680 3869 774 3941 distis
801 3869 943 3956 iecisse,
971 3875 1015 3942 ita
1042 3871 1144 3944 lacite
1178 3881 1212 3943 et
1239 3872 1358 3944 docete
1385 3872 1428 3943 ad
1455 3874 1803 3943 commemorationem
1830 3893 1900 3943 uon
1927 3871 2044 3944 oblivi-

679 3985 836 4057 scendam
851 3986 1108 4081 dispensationis
1122 4010 1231 4074 meae,
1243 3999 1277 4058 et
1290 3986 1332 4058 ad
1347 3986 1485 4060 salutem
1501 3990 1592 4058 vitae
1607 3996 1758 4058 vestrae:
1773 3992 2044 4059 resurrectionem

679 4121 811 4195 quoque
838 4124 946 4173 meam
974 4101 1121 4190 credite,
1149 4107 1241 4174 etin
1269 4125 1323 4173 me
1350 4113 1500 4198 sperate,
1537 4101 1700 4195 simulque
1731 4101 1909 4172 adventum
1945 4122 2041 4172 menn

678 4237 784 4309 usque
812 4215 854 4288 ad
881 4217 977 4288 finem
1006 4228 1194 4311 expectate.

783 4330 943 4424 Papulas.
998 4331 1115 4403 Mortis
1144 4343 1219 4404 tuae
1247 4333 1389 4406 Domine
1417 4337 1610 4405 memoriam
1637 4336 1777 4425 agimus.

782 4446 966 4518 Sacerdos.
1021 4446 1092 4519 Nos
1121 4457 1231 4519 autem
1257 4449 1401 4523 Domine
1433 4449 1547 4534 Deus,
1582 4447 1726 4544 populus
1760 4458 1834 4519 tuus
1862 4460 1896 4519 et
1928 4447 2041 4518 baere-

677 4560 762 4632 ditas
791 4572 862 4648 tna,
890 4583 975 4657 quos
1003 4560 1143 4634 salvasti
1170 4586 1232 4660 per
1258 4564 1435 4637 adveutum
1468 4577 1575 4651 tuum,
1605 4568 1703 4659 juxta
1736 4563 1919 4634 doctrinam
1950 4567 2042 4657 Apo-

678 4675 839 4747 stolorum
866 4687 995 4748 tuorum
1024 4688 1227 4766 sanctorum,
1255 4690 1538 4774 praeceptumque
1552 4679 1762 4767 dominicum,
1789 4700 1922 4750 omnem
1932 4680 2042 4773 petio-

678 4789 755 4862 dum
774 4790 1031 4886 dispensationis
1053 4803 1130 4865 tuae
1148 4797 1180 4864 in
1198 4794 1333 4885 mundo,
1349 4818 1660 4884 commemoramus,
1687 4799 1719 4865 in
1740 4796 1860 4867 laniem
1874 4793 2040 4866 adorantes

678 4916 712 4975 et
739 4907 933 4981 confitentes
962 4906 1034 5008 tibi:
1069 4914 1124 5002 qui
1151 4919 1247 4982 natus
1275 4932 1313 4983 cs
1341 4934 1386 4983 ex
1412 4911 1553 5003 Virgine
1579 4919 1712 4985 sancta:
1739 4915 1796 5005 qni
1812 4913 1930 5005 pannis
1945 4913 2039 4980 invo-

674 5017 762 5090 lutus
798 5044 857 5110 es,
894 5036 926 5096 et
958 5026 1087 5119 positus
1121 5029 1155 5096 in
1191 5030 1368 5122 praesepio
1403 5026 1606 5098 animalium:
1641 5028 1695 5121 qui
1728 5024 1910 5122 baptisatus
1944 5024 2039 5098 asin
