<?xml version="1.0" encoding="UTF-8"?>
<!DOCTYPE html PUBLIC "-//W3C//DTD XHTML 1.0 Transitional//EN"
    "http://www.w3.org/TR/xhtml1/DTD/xhtml1-transitional.dtd">
<html xmlns="http://www.w3.org/1999/xhtml" xml:lang="en" lang="en">
 <head>
  <title>
</title>
<meta http-equiv="Content-Type" content="text/html;charset=utf-8" />
  <meta name='ocr-system' content='tesseract 3.04.00' />
  <meta name='ocr-capabilities' content='ocr_page ocr_carea ocr_par ocr_line ocrx_word'/>
</head>
<body>
  <div class='ocr_page' id='page_1' title='image "./liturgiarumorie00unkngoog/liturgiarumorie00unkngoog_1063.png"; bbox 0 0 4525 6034; ppageno 0'>
   <div class='ocr_carea' id='block_1_1' title="bbox 525 612 1583 691">
    <p class='ocr_par' dir='ltr' id='par_1_1' title="bbox 525 612 1583 691">
     <span class='ocr_line' id='line_1_1' title="bbox 525 612 1583 691; baseline 0 -2"><span class='ocrx_word' id='word_1_1' title='bbox 525 615 565 689; x_wconf 82' lang='grc' dir='ltr'>ΙΝ</span> <span class='ocrx_word' id='word_1_2' title='bbox 590 614 798 691; x_wconf 83' lang='lat' dir='ltr'>thUllGltlbl</span> <span class='ocrx_word' id='word_1_3' title='bbox 824 612 1020 690; x_wconf 82' lang='lat' dir='ltr'>hldTTihllll</span> <span class='ocrx_word' id='word_1_4' title='bbox 1045 612 1238 690; x_wconf 76' lang='lat' dir='ltr'>Pastoris.</span> <span class='ocrx_word' id='word_1_5' title='bbox 1507 615 1583 689; x_wconf 79' lang='lat'>353</span> 
     </span>
    </p>
   </div>
   <div class='ocr_carea' id='block_1_2' title="bbox 560 902 1198 995">
    <p class='ocr_par' dir='ltr' id='par_1_2' title="bbox 560 902 1198 995">
     <span class='ocr_line' id='line_1_2' title="bbox 560 902 1198 995; baseline 0.002 -24"><span class='ocrx_word' id='word_1_6' title='bbox 560 903 595 971; x_wconf 79' lang='lat' dir='ltr'>d.</span> <span class='ocrx_word' id='word_1_7' title='bbox 632 902 763 972; x_wconf 84' lang='lat' dir='ltr'>Panem</span> <span class='ocrx_word' id='word_1_8' title='bbox 785 905 1024 994; x_wconf 74' lang='lat' dir='ltr'>femuentutuna</span> <span class='ocrx_word' id='word_1_9' title='bbox 1050 904 1198 995; x_wconf 84' lang='lat' dir='ltr'>accepit.</span> 
     </span>
    </p>
   </div>
   <div class='ocr_carea' id='block_1_3' title="bbox 202 1110 2002 3280">
    <p class='ocr_par' dir='ltr' id='par_1_3' title="bbox 202 1110 2002 3280">
     <span class='ocr_line' id='line_1_3' title="bbox 297 1110 1584 1203; baseline -0.001 -16"><span class='ocrx_word' id='word_1_10' title='bbox 297 1110 390 1188; x_wconf 83' lang='lat' dir='ltr'>Nunc</span> <span class='ocrx_word' id='word_1_11' title='bbox 413 1117 510 1183; x_wconf 91' lang='lat' dir='ltr'>simile</span> <span class='ocrx_word' id='word_1_12' title='bbox 532 1120 562 1181; x_wconf 92' lang='lat' dir='ltr'>iu</span> <span class='ocrx_word' id='word_1_13' title='bbox 585 1118 739 1200; x_wconf 88' lang='lat' dir='ltr'>plerisque</span> <span class='ocrx_word' id='word_1_14' title='bbox 762 1119 828 1182; x_wconf 90' lang='lat' dir='ltr'>aliis</span> <span class='ocrx_word' id='word_1_15' title='bbox 850 1120 1008 1202; x_wconf 86' lang='lat' dir='ltr'>Liturgiis:</span> <span class='ocrx_word' id='word_1_16' title='bbox 1040 1122 1070 1182; x_wconf 91' lang='lat' dir='ltr'>in</span> <span class='ocrx_word' id='word_1_17' title='bbox 1098 1140 1134 1183; x_wconf 91' lang='lat' dir='ltr'>ca</span> <span class='ocrx_word' id='word_1_18' title='bbox 1162 1138 1240 1202; x_wconf 88' lang='lat' dir='ltr'>quae</span> <span class='ocrx_word' id='word_1_19' title='bbox 1263 1120 1372 1184; x_wconf 92' lang='lat' dir='ltr'>dicitur</span> <span class='ocrx_word' id='word_1_20' title='bbox 1393 1122 1499 1203; x_wconf 75' lang='lat' dir='ltr'>ignatii</span> <span class='ocrx_word' id='word_1_21' title='bbox 1521 1125 1584 1186; x_wconf 90' lang='lat' dir='ltr'>Pa-</span> 
     </span>
     <span class='ocr_line' id='line_1_4' title="bbox 205 1220 1582 1304; baseline 0.001 -16"><span class='ocrx_word' id='word_1_22' title='bbox 205 1224 355 1288; x_wconf 90' lang='lat' dir='ltr'>triarchae</span> <span class='ocrx_word' id='word_1_23' title='bbox 378 1221 560 1285; x_wconf 82' lang='lat' dir='ltr'>Antiocheni</span> <span class='ocrx_word' id='word_1_24' title='bbox 581 1222 704 1304; x_wconf 83' lang='lat' dir='ltr'>legitur,</span> <span class='ocrx_word' id='word_1_25' title='bbox 726 1220 853 1300; x_wconf 80' lang='lat' dir='ltr'>Accepit</span> <span class='ocrx_word' id='word_1_26' title='bbox 869 1242 981 1302; x_wconf 82' lang='lat' dir='ltr'>ponem</span> <span class='ocrx_word' id='word_1_27' title='bbox 1000 1223 1177 1303; x_wconf 75' lang='lat' dir='ltr'>perfeetum,</span> <span class='ocrx_word' id='word_1_28' title='bbox 1200 1224 1282 1302; x_wconf 86' lang='lat' dir='ltr'>quod</span> <span class='ocrx_word' id='word_1_29' title='bbox 1305 1223 1384 1286; x_wconf 92' lang='lat' dir='ltr'>idem</span> <span class='ocrx_word' id='word_1_30' title='bbox 1406 1232 1462 1286; x_wconf 90' lang='lat' dir='ltr'>est.</span> <span class='ocrx_word' id='word_1_31' title='bbox 1507 1225 1582 1289; x_wconf 90' lang='lat' dir='ltr'>Nam</span> 
     </span>
     <span class='ocr_line' id='line_1_5' title="bbox 206 1320 1582 1404; baseline 0.001 -18"><span class='ocrx_word' id='word_1_32' title='bbox 206 1323 391 1385; x_wconf 85' lang='lat' dir='ltr'>Graecorum</span> <span class='ocrx_word' id='word_1_33' title='bbox 414 1322 465 1401; x_wconf 89' lang='lat' dir='ltr'>qui</span> <span class='ocrx_word' id='word_1_34' title='bbox 488 1322 682 1400; x_wconf 90' lang='lat' dir='ltr'>impotentius</span> <span class='ocrx_word' id='word_1_35' title='bbox 705 1320 852 1382; x_wconf 89' lang='lat' dir='ltr'>adversus</span> <span class='ocrx_word' id='word_1_36' title='bbox 877 1321 1000 1385; x_wconf 89' lang='lat' dir='ltr'>Latinos</span> <span class='ocrx_word' id='word_1_37' title='bbox 1024 1321 1252 1403; x_wconf 83' lang='lat' dir='ltr'>inAzymorum</span> <span class='ocrx_word' id='word_1_38' title='bbox 1275 1325 1453 1404; x_wconf 74' lang='lat' dir='ltr'>quaestione</span> <span class='ocrx_word' id='word_1_39' title='bbox 1476 1323 1582 1387; x_wconf 91' lang='lat' dir='ltr'>decla-</span> 
     </span>
     <span class='ocr_line' id='line_1_6' title="bbox 205 1417 1583 1501; baseline 0.001 -17"><span class='ocrx_word' id='word_1_40' title='bbox 205 1427 364 1484; x_wconf 87' lang='lat' dir='ltr'>maverunt</span> <span class='ocrx_word' id='word_1_41' title='bbox 386 1419 518 1500; x_wconf 90' lang='lat' dir='ltr'>palmare</span> <span class='ocrx_word' id='word_1_42' title='bbox 542 1417 615 1480; x_wconf 96' lang='lat' dir='ltr'>illud</span> <span class='ocrx_word' id='word_1_43' title='bbox 637 1425 844 1500; x_wconf 76' lang='lat' dir='ltr'><strong>argumentum</strong></span> <span class='ocrx_word' id='word_1_44' title='bbox 866 1419 932 1497; x_wconf 83' lang='lat' dir='ltr'>fuit,</span> <span class='ocrx_word' id='word_1_45' title='bbox 954 1439 1061 1501; x_wconf 88' lang='lat' dir='ltr'>panem</span> <span class='ocrx_word' id='word_1_46' title='bbox 1085 1437 1146 1482; x_wconf 93' lang='lat' dir='ltr'>non</span> <span class='ocrx_word' id='word_1_47' title='bbox 1169 1439 1250 1499; x_wconf 87' lang='lat' dir='ltr'>esse,</span> <span class='ocrx_word' id='word_1_48' title='bbox 1273 1422 1300 1482; x_wconf 94' lang='lat' dir='ltr'>si</span> <span class='ocrx_word' id='word_1_49' title='bbox 1322 1419 1500 1484; x_wconf 86' lang='lat' dir='ltr'>fermentum</span> <span class='ocrx_word' id='word_1_50' title='bbox 1524 1423 1583 1486; x_wconf 92' lang='lat' dir='ltr'>de-</span> 
     </span>
     <span class='ocr_line' id='line_1_7' title="bbox 205 1516 1580 1601; baseline -0.001 -17"><span class='ocrx_word' id='word_1_51' title='bbox 205 1522 321 1598; x_wconf 88' lang='lat' dir='ltr'>iiceret,</span> <span class='ocrx_word' id='word_1_52' title='bbox 345 1537 404 1599; x_wconf 87' lang='lat' dir='ltr'>quo</span> <span class='ocrx_word' id='word_1_53' title='bbox 427 1520 457 1579; x_wconf 89' lang='lat' dir='ltr'>in</span> <span class='ocrx_word' id='word_1_54' title='bbox 480 1517 660 1598; x_wconf 88' lang='lat' dir='ltr'>explicando</span> <span class='ocrx_word' id='word_1_55' title='bbox 683 1519 899 1599; x_wconf 86' lang='lat' dir='ltr'>operosissime</span> <span class='ocrx_word' id='word_1_56' title='bbox 910 1521 1014 1601; x_wconf 81' lang='lat' dir='ltr'>nugati</span> <span class='ocrx_word' id='word_1_57' title='bbox 1029 1527 1107 1584; x_wconf 91' lang='lat' dir='ltr'>sunt.</span> <span class='ocrx_word' id='word_1_58' title='bbox 1139 1516 1248 1582; x_wconf 89' lang='lat' dir='ltr'>lisdem</span> <span class='ocrx_word' id='word_1_59' title='bbox 1271 1538 1391 1601; x_wconf 87' lang='lat' dir='ltr'>quoque</span> <span class='ocrx_word' id='word_1_60' title='bbox 1414 1519 1580 1583; x_wconf 89' lang='lat' dir='ltr'>rationibus</span> 
     </span>
     <span class='ocr_line' id='line_1_8' title="bbox 205 1616 1581 1702; baseline -0.001 -21"><span class='ocrx_word' id='word_1_61' title='bbox 205 1627 321 1702; x_wconf 80' lang='lat' dir='ltr'>pugnat</span> <span class='ocrx_word' id='word_1_62' title='bbox 351 1618 484 1679; x_wconf 84' lang='lat' dir='ltr'>ioannes</span> <span class='ocrx_word' id='word_1_63' title='bbox 515 1616 685 1678; x_wconf 88' lang='lat' dir='ltr'>Patriarcha</span> <span class='ocrx_word' id='word_1_64' title='bbox 714 1616 915 1680; x_wconf 83' lang='lat' dir='ltr'>iacebitarum</span> <span class='ocrx_word' id='word_1_65' title='bbox 944 1618 1167 1698; x_wconf 80' lang='lat' dir='ltr'>Antiochenus,</span> <span class='ocrx_word' id='word_1_66' title='bbox 1197 1619 1227 1679; x_wconf 94' lang='lat' dir='ltr'>in</span> <span class='ocrx_word' id='word_1_67' title='bbox 1254 1618 1405 1700; x_wconf 80' lang='lat' dir='ltr'>Apologia</span> <span class='ocrx_word' id='word_1_68' title='bbox 1436 1618 1581 1700; x_wconf 80' lang='lat' dir='ltr'>Syrorum</span> 
     </span>
     <span class='ocr_line' id='line_1_9' title="bbox 205 1715 1581 1797; baseline -0.001 -16"><span class='ocrx_word' id='word_1_69' title='bbox 205 1736 346 1795; x_wconf 88' lang='lat' dir='ltr'>suorum,</span> <span class='ocrx_word' id='word_1_70' title='bbox 377 1726 407 1779; x_wconf 93' lang='lat' dir='ltr'>et</span> <span class='ocrx_word' id='word_1_71' title='bbox 429 1724 462 1777; x_wconf 91' lang='lat' dir='ltr'>ut</span> <span class='ocrx_word' id='word_1_72' title='bbox 484 1716 534 1777; x_wconf 92' lang='lat' dir='ltr'>alii</span> <span class='ocrx_word' id='word_1_73' title='bbox 556 1715 594 1777; x_wconf 91' lang='lat' dir='ltr'>ad</span> <span class='ocrx_word' id='word_1_74' title='bbox 616 1715 795 1778; x_wconf 84' lang='lat' dir='ltr'>fermentum</span> <span class='ocrx_word' id='word_1_75' title='bbox 818 1717 910 1779; x_wconf 87' lang='lat' dir='ltr'>variis</span> <span class='ocrx_word' id='word_1_76' title='bbox 933 1737 973 1779; x_wconf 87' lang='lat' dir='ltr'>ex</span> <span class='ocrx_word' id='word_1_77' title='bbox 996 1716 1151 1797; x_wconf 80' lang='lat' dir='ltr'>Scriptura</span> <span class='ocrx_word' id='word_1_78' title='bbox 1174 1735 1262 1779; x_wconf 90' lang='lat' dir='ltr'>sacra</span> <span class='ocrx_word' id='word_1_79' title='bbox 1285 1717 1493 1780; x_wconf 72' lang='lat' dir='ltr'>autoritatibus</span> <span class='ocrx_word' id='word_1_80' title='bbox 1515 1726 1581 1779; x_wconf 92' lang='lat' dir='ltr'>sta-</span> 
     </span>
     <span class='ocr_line' id='line_1_10' title="bbox 205 1814 1582 1894; baseline -0.002 -15"><span class='ocrx_word' id='word_1_81' title='bbox 205 1816 370 1879; x_wconf 89' lang='lat' dir='ltr'>biliendum</span> <span class='ocrx_word' id='word_1_82' title='bbox 393 1821 533 1892; x_wconf 90' lang='lat' dir='ltr'>utuntur,</span> <span class='ocrx_word' id='word_1_83' title='bbox 557 1815 596 1877; x_wconf 91' lang='lat' dir='ltr'>ita</span> <span class='ocrx_word' id='word_1_84' title='bbox 619 1815 671 1876; x_wconf 86' lang='lat' dir='ltr'>ille</span> <span class='ocrx_word' id='word_1_85' title='bbox 693 1814 758 1877; x_wconf 88' lang='lat' dir='ltr'>aliis</span> <span class='ocrx_word' id='word_1_86' title='bbox 780 1815 852 1877; x_wconf 91' lang='lat' dir='ltr'>uihil</span> <span class='ocrx_word' id='word_1_87' title='bbox 874 1816 911 1877; x_wconf 93' lang='lat' dir='ltr'>ad</span> <span class='ocrx_word' id='word_1_88' title='bbox 935 1834 999 1877; x_wconf 89' lang='lat' dir='ltr'>rem</span> <span class='ocrx_word' id='word_1_89' title='bbox 1022 1814 1200 1878; x_wconf 85' lang='lat' dir='ltr'>iacientibus</span> <span class='ocrx_word' id='word_1_90' title='bbox 1224 1815 1371 1894; x_wconf 88' lang='lat' dir='ltr'>abutitur,</span> <span class='ocrx_word' id='word_1_91' title='bbox 1394 1815 1432 1877; x_wconf 91' lang='lat' dir='ltr'>ad</span> <span class='ocrx_word' id='word_1_92' title='bbox 1455 1815 1526 1878; x_wconf 90' lang='lat' dir='ltr'>salis</span> <span class='ocrx_word' id='word_1_93' title='bbox 1550 1823 1582 1877; x_wconf 93' lang='lat' dir='ltr'>et</span> 
     </span>
     <span class='ocr_line' id='line_1_11' title="bbox 206 1912 1580 1995; baseline -0.001 -18"><span class='ocrx_word' id='word_1_94' title='bbox 206 1916 267 1978; x_wconf 92' lang='lat' dir='ltr'>olei</span> <span class='ocrx_word' id='word_1_95' title='bbox 291 1914 499 1977; x_wconf 89' lang='lat' dir='ltr'>admistionem</span> <span class='ocrx_word' id='word_1_96' title='bbox 522 1913 718 1995; x_wconf 88' lang='lat' dir='ltr'>probandam.</span> <span class='ocrx_word' id='word_1_97' title='bbox 741 1915 782 1975; x_wconf 84' lang='lat' dir='ltr'>At</span> <span class='ocrx_word' id='word_1_98' title='bbox 805 1912 1023 1995; x_wconf 80' lang='lat' dir='ltr'>disputationes</span> <span class='ocrx_word' id='word_1_99' title='bbox 1047 1914 1215 1995; x_wconf 83' lang='lat' dir='ltr'>deAzymo</span> <span class='ocrx_word' id='word_1_100' title='bbox 1238 1922 1269 1977; x_wconf 92' lang='lat' dir='ltr'>et</span> <span class='ocrx_word' id='word_1_101' title='bbox 1283 1916 1477 1977; x_wconf 83' lang='lat' dir='ltr'>Fermentato</span> <span class='ocrx_word' id='word_1_102' title='bbox 1501 1932 1580 1993; x_wconf 90' lang='lat' dir='ltr'>quae</span> 
     </span>
     <span class='ocr_line' id='line_1_12' title="bbox 203 2002 1579 2093; baseline 0 -16"><span class='ocrx_word' id='word_1_103' title='bbox 203 2002 327 2077; x_wconf 85' lang='lat' dir='ltr'>Latinos</span> <span class='ocrx_word' id='word_1_104' title='bbox 357 2015 436 2075; x_wconf 89' lang='lat' dir='ltr'>inter</span> <span class='ocrx_word' id='word_1_105' title='bbox 458 2019 489 2074; x_wconf 91' lang='lat' dir='ltr'>et</span> <span class='ocrx_word' id='word_1_106' title='bbox 514 2012 649 2075; x_wconf 89' lang='lat' dir='ltr'>Graecos</span> <span class='ocrx_word' id='word_1_107' title='bbox 671 2030 767 2093; x_wconf 85' lang='lat' dir='ltr'>usque</span> <span class='ocrx_word' id='word_1_108' title='bbox 789 2012 826 2073; x_wconf 93' lang='lat' dir='ltr'>ad</span> <span class='ocrx_word' id='word_1_109' title='bbox 850 2012 1034 2075; x_wconf 88' lang='lat' dir='ltr'>anathemata</span> <span class='ocrx_word' id='word_1_110' title='bbox 1058 2022 1239 2076; x_wconf 87' lang='lat' dir='ltr'>exarserunt</span> <span class='ocrx_word' id='word_1_111' title='bbox 1262 2031 1340 2076; x_wconf 92' lang='lat' dir='ltr'>anno</span> <span class='ocrx_word' id='word_1_112' title='bbox 1363 2014 1391 2076; x_wconf 89' lang='lat' dir='ltr'>J.</span> <span class='ocrx_word' id='word_1_113' title='bbox 1416 2012 1450 2079; x_wconf 90' lang='lat' dir='ltr'>C.</span> <span class='ocrx_word' id='word_1_114' title='bbox 1475 2013 1579 2077; x_wconf 85' lang='lat' dir='ltr'>hlLlll.</span> 
     </span>
     <span class='ocr_line' id='line_1_13' title="bbox 205 2110 1580 2193; baseline 0 -19"><span class='ocrx_word' id='word_1_115' title='bbox 205 2120 344 2193; x_wconf 91' lang='lat' dir='ltr'>tompore</span> <span class='ocrx_word' id='word_1_116' title='bbox 370 2110 559 2173; x_wconf 87' lang='lat' dir='ltr'>Constantini</span> <span class='ocrx_word' id='word_1_117' title='bbox 580 2110 786 2186; x_wconf 86' lang='lat' dir='ltr'>hlonomacbi,</span> <span class='ocrx_word' id='word_1_118' title='bbox 809 2119 840 2173; x_wconf 91' lang='lat' dir='ltr'>et</span> <span class='ocrx_word' id='word_1_119' title='bbox 863 2111 1018 2174; x_wconf 78' lang='lat' dir='ltr'>Michaelis</span> <span class='ocrx_word' id='word_1_120' title='bbox 1042 2111 1192 2177; x_wconf 82' lang='lat' dir='ltr'>Cendarii</span> <span class='ocrx_word' id='word_1_121' title='bbox 1213 2112 1403 2174; x_wconf 87' lang='lat' dir='ltr'>Patrlarchae</span> <span class='ocrx_word' id='word_1_122' title='bbox 1427 2111 1580 2175; x_wconf 89' lang='lat' dir='ltr'>Constan-</span> 
     </span>
     <span class='ocr_line' id='line_1_14' title="bbox 205 2208 1579 2290; baseline 0.001 -19"><span class='ocrx_word' id='word_1_123' title='bbox 205 2209 410 2290; x_wconf 89' lang='lat' dir='ltr'>tinopolitani,</span> <span class='ocrx_word' id='word_1_124' title='bbox 442 2217 503 2271; x_wconf 90' lang='lat' dir='ltr'>tum</span> <span class='ocrx_word' id='word_1_125' title='bbox 525 2211 652 2290; x_wconf 91' lang='lat' dir='ltr'>primum</span> <span class='ocrx_word' id='word_1_126' title='bbox 676 2208 880 2273; x_wconf 84' lang='lat' dir='ltr'>Orientalibus</span> <span class='ocrx_word' id='word_1_127' title='bbox 908 2212 1118 2289; x_wconf 85' lang='lat' dir='ltr'>innotuerunt,</span> <span class='ocrx_word' id='word_1_128' title='bbox 1148 2228 1215 2272; x_wconf 91' lang='lat' dir='ltr'>cum</span> <span class='ocrx_word' id='word_1_129' title='bbox 1239 2210 1410 2272; x_wconf 83' lang='lat' dir='ltr'>Tractatum</span> <span class='ocrx_word' id='word_1_130' title='bbox 1433 2210 1579 2273; x_wconf 91' lang='lat' dir='ltr'>adversus</span> 
     </span>
     <span class='ocr_line' id='line_1_15' title="bbox 203 2307 1580 2392; baseline 0.001 -22"><span class='ocrx_word' id='word_1_131' title='bbox 203 2308 328 2370; x_wconf 87' lang='lat' dir='ltr'>Latinos</span> <span class='ocrx_word' id='word_1_132' title='bbox 359 2308 397 2369; x_wconf 91' lang='lat' dir='ltr'>de</span> <span class='ocrx_word' id='word_1_133' title='bbox 422 2309 528 2370; x_wconf 91' lang='lat' dir='ltr'>eodem</span> <span class='ocrx_word' id='word_1_134' title='bbox 553 2314 731 2389; x_wconf 85' lang='lat' dir='ltr'>argumento</span> <span class='ocrx_word' id='word_1_135' title='bbox 754 2307 847 2371; x_wconf 88' lang='lat' dir='ltr'>edidit</span> <span class='ocrx_word' id='word_1_136' title='bbox 867 2309 1002 2371; x_wconf 83' lang='lat' dir='ltr'>loannes</span> <span class='ocrx_word' id='word_1_137' title='bbox 1026 2311 1207 2392; x_wconf 81' lang='lat' dir='ltr'>cognomine</span> <span class='ocrx_word' id='word_1_138' title='bbox 1229 2308 1422 2372; x_wconf 90' lang='lat' dir='ltr'>Ebn-Betlan</span> <span class='ocrx_word' id='word_1_139' title='bbox 1444 2309 1580 2372; x_wconf 86' lang='lat' dir='ltr'>Medicus</span> 
     </span>
     <span class='ocr_line' id='line_1_16' title="bbox 206 2406 1581 2489; baseline 0.002 -21"><span class='ocrx_word' id='word_1_140' title='bbox 206 2406 430 2489; x_wconf 78' lang='lat' dir='ltr'>bagdadensis,</span> <span class='ocrx_word' id='word_1_141' title='bbox 459 2425 549 2487; x_wconf 87' lang='lat' dir='ltr'>quern</span> <span class='ocrx_word' id='word_1_142' title='bbox 577 2407 744 2487; x_wconf 88' lang='lat' dir='ltr'>reperimus</span> <span class='ocrx_word' id='word_1_143' title='bbox 773 2409 804 2469; x_wconf 92' lang='lat' dir='ltr'>in</span> <span class='ocrx_word' id='word_1_144' title='bbox 832 2406 948 2471; x_wconf 83' lang='lat' dir='ltr'>Codice</span> <span class='ocrx_word' id='word_1_145' title='bbox 975 2407 1038 2470; x_wconf 88' lang='lat' dir='ltr'>lllS.</span> <span class='ocrx_word' id='word_1_146' title='bbox 1060 2407 1264 2470; x_wconf 86' lang='lat' dir='ltr'>Bibliothecae</span> <span class='ocrx_word' id='word_1_147' title='bbox 1286 2409 1462 2472; x_wconf 60' lang='lat' dir='ltr'>vaticanae,</span> <span class='ocrx_word' id='word_1_148' title='bbox 1507 2409 1581 2471; x_wconf 87' lang='lat' dir='ltr'>Erat</span> 
     </span>
     <span class='ocr_line' id='line_1_17' title="bbox 202 2504 1580 2583; baseline 0.001 -16"><span class='ocrx_word' id='word_1_149' title='bbox 202 2505 395 2569; x_wconf 80' lang='lat' dir='ltr'>Ebu-Ballou</span> <span class='ocrx_word' id='word_1_150' title='bbox 408 2504 605 2581; x_wconf 85' lang='lat' dir='ltr'>Christianus,</span> <span class='ocrx_word' id='word_1_151' title='bbox 627 2514 658 2567; x_wconf 88' lang='lat' dir='ltr'>et</span> <span class='ocrx_word' id='word_1_152' title='bbox 680 2505 882 2569; x_wconf 85' lang='lat' dir='ltr'>verisimiliter</span> <span class='ocrx_word' id='word_1_153' title='bbox 893 2507 1034 2569; x_wconf 88' lang='lat' dir='ltr'>hlelchita</span> <span class='ocrx_word' id='word_1_154' title='bbox 1056 2508 1122 2568; x_wconf 91' lang='lat' dir='ltr'>sive</span> <span class='ocrx_word' id='word_1_155' title='bbox 1144 2506 1349 2583; x_wconf 84' lang='lat' dir='ltr'>Orthedoxus,</span> <span class='ocrx_word' id='word_1_156' title='bbox 1372 2507 1482 2568; x_wconf 91' lang='lat' dir='ltr'>namin</span> <span class='ocrx_word' id='word_1_157' title='bbox 1496 2507 1580 2569; x_wconf 88' lang='lat' dir='ltr'>titulo</span> 
     </span>
     <span class='ocr_line' id='line_1_18' title="bbox 202 2604 1580 2686; baseline 0.001 -19"><span class='ocrx_word' id='word_1_158' title='bbox 202 2604 380 2668; x_wconf 90' lang='lat' dir='ltr'>interiuisse</span> <span class='ocrx_word' id='word_1_159' title='bbox 410 2605 601 2685; x_wconf 90' lang='lat' dir='ltr'>disputationi</span> <span class='ocrx_word' id='word_1_160' title='bbox 630 2605 754 2682; x_wconf 89' lang='lat' dir='ltr'>dicitur,</span> <span class='ocrx_word' id='word_1_161' title='bbox 785 2614 816 2666; x_wconf 92' lang='lat' dir='ltr'>et</span> <span class='ocrx_word' id='word_1_162' title='bbox 844 2607 1006 2686; x_wconf 89' lang='lat' dir='ltr'>scripsisse</span> <span class='ocrx_word' id='word_1_163' title='bbox 1029 2623 1087 2686; x_wconf 93' lang='lat' dir='ltr'>pro</span> <span class='ocrx_word' id='word_1_164' title='bbox 1110 2605 1258 2667; x_wconf 77' lang='lat' dir='ltr'>Michadle</span> <span class='ocrx_word' id='word_1_165' title='bbox 1281 2606 1470 2684; x_wconf 90' lang='lat' dir='ltr'>Patriarcha,</span> <span class='ocrx_word' id='word_1_166' title='bbox 1499 2607 1580 2686; x_wconf 90' lang='lat' dir='ltr'>quod</span> 
     </span>
     <span class='ocr_line' id='line_1_19' title="bbox 204 2685 2002 2789; baseline 0.004 -24"><span class='ocrx_word' id='word_1_167' title='bbox 204 2702 361 2766; x_wconf 88' lang='lat' dir='ltr'>Jacobitae</span> <span class='ocrx_word' id='word_1_168' title='bbox 385 2723 441 2765; x_wconf 92' lang='lat' dir='ltr'>nec</span> <span class='ocrx_word' id='word_1_169' title='bbox 463 2704 612 2777; x_wconf 87' lang='lat' dir='ltr'>libuisset,</span> <span class='ocrx_word' id='word_1_170' title='bbox 636 2720 693 2765; x_wconf 89' lang='lat' dir='ltr'>nec</span> <span class='ocrx_word' id='word_1_171' title='bbox 717 2704 860 2766; x_wconf 85' lang='lat' dir='ltr'>licuisset.</span> <span class='ocrx_word' id='word_1_172' title='bbox 906 2704 951 2765; x_wconf 90' lang='lat' dir='ltr'>De</span> <span class='ocrx_word' id='word_1_173' title='bbox 975 2724 1013 2767; x_wconf 90' lang='lat' dir='ltr'>eo</span> <span class='ocrx_word' id='word_1_174' title='bbox 1036 2703 1142 2766; x_wconf 83' lang='lat' dir='ltr'>scribit</span> <span class='ocrx_word' id='word_1_175' title='bbox 1165 2704 1332 2785; x_wconf 83' lang='lat' dir='ltr'>Gregorius</span> <span class='ocrx_word' id='word_1_176' title='bbox 1351 2704 1579 2789; x_wconf 84' lang='lat' dir='ltr'>Albularagius,</span> <span class='ocrx_word' id='word_1_177' title='bbox 1611 2716 1785 2784; x_wconf 65' lang='lat' dir='ltr'>drachmae</span> <span class='ocrx_word' id='word_1_178' title='bbox 1801 2737 1828 2789; x_wconf 83' lang='lat' dir='ltr'>p.</span> <span class='ocrx_word' id='word_1_179' title='bbox 1841 2719 1904 2774; x_wconf 79' lang='lat'><strong><em>233.</em></strong></span> <span class='ocrx_word' id='word_1_180' title='bbox 1989 2685 2002 2707; x_wconf 73' lang='lat'><em>⁰</em></span> 
     </span>
     <span class='ocr_line' id='line_1_20' title="bbox 205 2801 1683 2886; baseline 0.003 -21"><span class='ocrx_word' id='word_1_181' title='bbox 205 2803 262 2865; x_wconf 89' lang='lat' dir='ltr'>sed</span> <span class='ocrx_word' id='word_1_182' title='bbox 287 2810 398 2865; x_wconf 90' lang='lat' dir='ltr'>tantum</span> <span class='ocrx_word' id='word_1_183' title='bbox 421 2811 453 2865; x_wconf 93' lang='grc' dir='ltr'>ιιι</span> <span class='ocrx_word' id='word_1_184' title='bbox 476 2803 513 2865; x_wconf 91' lang='lat' dir='ltr'>de</span> <span class='ocrx_word' id='word_1_185' title='bbox 537 2801 656 2864; x_wconf 87' lang='lat' dir='ltr'>hledico</span> <span class='ocrx_word' id='word_1_186' title='bbox 686 2802 835 2884; x_wconf 84' lang='lat' dir='ltr'>loquitur,</span> <span class='ocrx_word' id='word_1_187' title='bbox 863 2821 924 2866; x_wconf 92' lang='lat' dir='ltr'>non</span> <span class='ocrx_word' id='word_1_188' title='bbox 952 2813 984 2867; x_wconf 92' lang='lat' dir='ltr'>ut</span> <span class='ocrx_word' id='word_1_189' title='bbox 1012 2805 1050 2866; x_wconf 92' lang='lat' dir='ltr'>de</span> <span class='ocrx_word' id='word_1_190' title='bbox 1074 2803 1241 2886; x_wconf 82' lang='lat' dir='ltr'>Theologo.</span> <span class='ocrx_word' id='word_1_191' title='bbox 1287 2803 1386 2865; x_wconf 82' lang='lat' dir='ltr'>Antea</span> <span class='ocrx_word' id='word_1_192' title='bbox 1409 2804 1517 2866; x_wconf 92' lang='lat' dir='ltr'>nullius</span> <span class='ocrx_word' id='word_1_193' title='bbox 1541 2805 1579 2866; x_wconf 91' lang='lat' dir='ltr'>de</span> <span class='ocrx_word' id='word_1_194' title='bbox 1593 2810 1616 2852; x_wconf 60' lang='grc' dir='ltr'>ει</span> <span class='ocrx_word' id='word_1_195' title='bbox 1633 2819 1683 2870; x_wconf 67' lang='lat'><em>⁸0⁴1·</em></span> 
     </span>
     <span class='ocr_line' id='line_1_21' title="bbox 204 2900 1579 2985; baseline 0.001 -23"><span class='ocrx_word' id='word_1_196' title='bbox 204 2901 454 2985; x_wconf 78' lang='lat' dir='ltr'>hocargumento</span> <span class='ocrx_word' id='word_1_197' title='bbox 478 2902 581 2982; x_wconf 91' lang='lat' dir='ltr'>operis</span> <span class='ocrx_word' id='word_1_198' title='bbox 606 2902 684 2982; x_wconf 92' lang='lat' dir='ltr'>apud</span> <span class='ocrx_word' id='word_1_199' title='bbox 696 2901 866 2965; x_wconf 84' lang='lat' dir='ltr'>Orientales</span> <span class='ocrx_word' id='word_1_200' title='bbox 889 2905 1033 2966; x_wconf 90' lang='lat' dir='ltr'>memoria</span> <span class='ocrx_word' id='word_1_201' title='bbox 1057 2911 1115 2979; x_wconf 88' lang='lat' dir='ltr'>est,</span> <span class='ocrx_word' id='word_1_202' title='bbox 1138 2904 1249 2981; x_wconf 84' lang='lat' dir='ltr'>virque</span> <span class='ocrx_word' id='word_1_203' title='bbox 1272 2900 1351 2963; x_wconf 89' lang='lat' dir='ltr'>ullae</span> <span class='ocrx_word' id='word_1_204' title='bbox 1366 2903 1579 2964; x_wconf 85' lang='lat' dir='ltr'>iuterLatinos</span> 
     </span>
     <span class='ocr_line' id='line_1_22' title="bbox 205 3001 1578 3085; baseline 0.001 -23"><span class='ocrx_word' id='word_1_205' title='bbox 205 3009 236 3063; x_wconf 92' lang='lat' dir='ltr'>et</span> <span class='ocrx_word' id='word_1_206' title='bbox 259 3001 431 3063; x_wconf 84' lang='lat' dir='ltr'>Orientales</span> <span class='ocrx_word' id='word_1_207' title='bbox 462 3001 690 3063; x_wconf 89' lang='lat' dir='ltr'>controversiae</span> <span class='ocrx_word' id='word_1_208' title='bbox 721 3001 759 3062; x_wconf 94' lang='lat' dir='ltr'>de</span> <span class='ocrx_word' id='word_1_209' title='bbox 785 3001 962 3085; x_wconf 81' lang='lat' dir='ltr'>Religione,</span> <span class='ocrx_word' id='word_1_210' title='bbox 990 3004 1103 3083; x_wconf 90' lang='lat' dir='ltr'>scripto</span> <span class='ocrx_word' id='word_1_211' title='bbox 1133 3001 1184 3063; x_wconf 90' lang='lat' dir='ltr'>vel</span> <span class='ocrx_word' id='word_1_212' title='bbox 1207 3017 1299 3075; x_wconf 85' lang='lat' dir='ltr'>voce,</span> <span class='ocrx_word' id='word_1_213' title='bbox 1329 3001 1578 3064; x_wconf 87' lang='lat' dir='ltr'>intercesserunt:</span> 
     </span>
     <span class='ocr_line' id='line_1_23' title="bbox 204 3099 1577 3181; baseline 0.001 -20"><span class='ocrx_word' id='word_1_214' title='bbox 204 3099 285 3162; x_wconf 89' lang='lat' dir='ltr'>unde</span> <span class='ocrx_word' id='word_1_215' title='bbox 309 3099 379 3180; x_wconf 85' lang='lat' dir='ltr'>quid</span> <span class='ocrx_word' id='word_1_216' title='bbox 402 3101 591 3162; x_wconf 89' lang='lat' dir='ltr'>recentiores</span> <span class='ocrx_word' id='word_1_217' title='bbox 614 3099 681 3162; x_wconf 90' lang='lat' dir='ltr'>illos</span> <span class='ocrx_word' id='word_1_218' title='bbox 704 3103 833 3164; x_wconf 85' lang='lat' dir='ltr'>moverit</span> <span class='ocrx_word' id='word_1_219' title='bbox 856 3107 888 3163; x_wconf 90' lang='lat' dir='ltr'>ut</span> <span class='ocrx_word' id='word_1_220' title='bbox 910 3120 946 3163; x_wconf 92' lang='lat' dir='ltr'>ea</span> <span class='ocrx_word' id='word_1_221' title='bbox 969 3103 1087 3164; x_wconf 90' lang='lat' dir='ltr'>ratione</span> <span class='ocrx_word' id='word_1_222' title='bbox 1109 3100 1204 3163; x_wconf 89' lang='lat' dir='ltr'>verba</span> <span class='ocrx_word' id='word_1_223' title='bbox 1223 3099 1334 3162; x_wconf 90' lang='lat' dir='ltr'>Christi</span> <span class='ocrx_word' id='word_1_224' title='bbox 1350 3101 1577 3181; x_wconf 87' lang='lat' dir='ltr'>interpolarent,</span> 
     </span>
     <span class='ocr_line' id='line_1_24' title="bbox 205 3198 641 3280; baseline 0.002 -20"><span class='ocrx_word' id='word_1_225' title='bbox 205 3216 297 3260; x_wconf 91' lang='lat' dir='ltr'>eausa</span> <span class='ocrx_word' id='word_1_226' title='bbox 320 3198 453 3280; x_wconf 83' lang='lat' dir='ltr'>legitima</span> <span class='ocrx_word' id='word_1_227' title='bbox 476 3199 556 3261; x_wconf 90' lang='lat' dir='ltr'>nulla</span> <span class='ocrx_word' id='word_1_228' title='bbox 578 3199 641 3262; x_wconf 84' lang='lat' dir='ltr'>tuit.</span> 
     </span>
    </p>
   </div>
   <div class='ocr_carea' id='block_1_4' title="bbox 607 3493 1171 3577">
    <p class='ocr_par' dir='ltr' id='par_1_4' title="bbox 607 3493 1171 3577">
     <span class='ocr_line' id='line_1_25' title="bbox 607 3493 1171 3577; baseline 0 -16"><span class='ocrx_word' id='word_1_229' title='bbox 607 3494 642 3563; x_wconf 90' lang='lat'>5.</span> <span class='ocrx_word' id='word_1_230' title='bbox 669 3493 768 3563; x_wconf 84' lang='lat' dir='ltr'>Haec</span> <span class='ocrx_word' id='word_1_231' title='bbox 795 3499 847 3563; x_wconf 87' lang='lat' dir='ltr'>eat</span> <span class='ocrx_word' id='word_1_232' title='bbox 873 3514 957 3562; x_wconf 82' lang='lat' dir='ltr'>caro</span> <span class='ocrx_word' id='word_1_233' title='bbox 984 3513 1078 3577; x_wconf 79' lang='lat' dir='ltr'>naeu,</span> <span class='ocrx_word' id='word_1_234' title='bbox 1107 3499 1171 3561; x_wconf 87' lang='lat' dir='ltr'>etc.</span> 
     </span>
    </p>
   </div>
   <div class='ocr_carea' id='block_1_5' title="bbox 305 3683 1575 3774">
    <p class='ocr_par' dir='ltr' id='par_1_5' title="bbox 305 3683 1575 3774">
     <span class='ocr_line' id='line_1_26' title="bbox 305 3683 1575 3774; baseline -0.002 -15"><span class='ocrx_word' id='word_1_235' title='bbox 305 3683 468 3761; x_wconf 80' lang='lat' dir='ltr'>Auuncroa</span> <span class='ocrx_word' id='word_1_236' title='bbox 492 3713 566 3756; x_wconf 91' lang='lat' dir='ltr'>sane</span> <span class='ocrx_word' id='word_1_237' title='bbox 590 3713 689 3774; x_wconf 89' lang='lat' dir='ltr'>neque</span> <span class='ocrx_word' id='word_1_238' title='bbox 711 3693 883 3755; x_wconf 83' lang='lat' dir='ltr'>excusanda</span> <span class='ocrx_word' id='word_1_239' title='bbox 906 3693 1099 3773; x_wconf 88' lang='lat' dir='ltr'>interpolatio</span> <span class='ocrx_word' id='word_1_240' title='bbox 1129 3695 1160 3754; x_wconf 91' lang='lat' dir='ltr'>in</span> <span class='ocrx_word' id='word_1_241' title='bbox 1187 3692 1289 3756; x_wconf 91' lang='lat' dir='ltr'>verbis</span> <span class='ocrx_word' id='word_1_242' title='bbox 1312 3712 1390 3773; x_wconf 87' lang='lat' dir='ltr'>quae</span> <span class='ocrx_word' id='word_1_243' title='bbox 1413 3693 1451 3755; x_wconf 92' lang='lat' dir='ltr'>ad</span> <span class='ocrx_word' id='word_1_244' title='bbox 1474 3695 1575 3756; x_wconf 90' lang='lat' dir='ltr'>calicis</span> 
     </span>
    </p>
   </div>
   <div class='ocr_carea' id='block_1_6' title="bbox 203 3795 1580 5160">
    <p class='ocr_par' dir='ltr' id='par_1_6' title="bbox 203 3795 1580 5160">
     <span class='ocr_line' id='line_1_27' title="bbox 205 3795 1577 3877; baseline 0.001 -19"><span class='ocrx_word' id='word_1_245' title='bbox 205 3800 473 3860; x_wconf 90' lang='lat' dir='ltr'>consecrationem·</span> <span class='ocrx_word' id='word_1_246' title='bbox 488 3804 642 3877; x_wconf 82' lang='lat' dir='ltr'>spectant3</span> <span class='ocrx_word' id='word_1_247' title='bbox 671 3814 758 3877; x_wconf 89' lang='lat' dir='ltr'>quam</span> <span class='ocrx_word' id='word_1_248' title='bbox 786 3804 818 3858; x_wconf 90' lang='lat' dir='ltr'>ut</span> <span class='ocrx_word' id='word_1_249' title='bbox 846 3813 957 3877; x_wconf 91' lang='lat' dir='ltr'>paucas</span> <span class='ocrx_word' id='word_1_250' title='bbox 981 3797 1054 3858; x_wconf 91' lang='lat' dir='ltr'>alias</span> <span class='ocrx_word' id='word_1_251' title='bbox 1076 3795 1189 3857; x_wconf 90' lang='lat' dir='ltr'>similes</span> <span class='ocrx_word' id='word_1_252' title='bbox 1213 3796 1249 3857; x_wconf 91' lang='lat' dir='ltr'>ad</span> <span class='ocrx_word' id='word_1_253' title='bbox 1273 3795 1474 3859; x_wconf 89' lang='lat' dir='ltr'>Librariorum</span> <span class='ocrx_word' id='word_1_254' title='bbox 1498 3797 1577 3859; x_wconf 91' lang='lat' dir='ltr'>indi-</span> 
     </span>
     <span class='ocr_line' id='line_1_28' title="bbox 204 3893 1579 3977; baseline 0.001 -21"><span class='ocrx_word' id='word_1_255' title='bbox 204 3897 359 3977; x_wconf 86' lang='lat' dir='ltr'>ligentiam</span> <span class='ocrx_word' id='word_1_256' title='bbox 381 3905 431 3958; x_wconf 92' lang='lat' dir='ltr'>aut</span> <span class='ocrx_word' id='word_1_257' title='bbox 454 3897 640 3957; x_wconf 88' lang='lat' dir='ltr'>oscitantiam</span> <span class='ocrx_word' id='word_1_258' title='bbox 670 3894 787 3957; x_wconf 82' lang='lat' dir='ltr'>referre</span> <span class='ocrx_word' id='word_1_259' title='bbox 809 3896 861 3955; x_wconf 80' lang='lat' dir='ltr'>vix</span> <span class='ocrx_word' id='word_1_260' title='bbox 883 3913 1052 3974; x_wconf 91' lang='lat' dir='ltr'>possumus.</span> <span class='ocrx_word' id='word_1_261' title='bbox 1099 3893 1227 3956; x_wconf 83' lang='lat' dir='ltr'>Temere</span> <span class='ocrx_word' id='word_1_262' title='bbox 1250 3912 1324 3958; x_wconf 88' lang='lat' dir='ltr'>vero</span> <span class='ocrx_word' id='word_1_263' title='bbox 1347 3913 1473 3975; x_wconf 89' lang='lat' dir='ltr'>prorsus</span> <span class='ocrx_word' id='word_1_264' title='bbox 1496 3896 1579 3957; x_wconf 90' lang='lat' dir='ltr'>hiat·</span> 
     </span>
     <span class='ocr_line' id='line_1_29' title="bbox 204 3991 1577 4073; baseline 0.001 -18"><span class='ocrx_word' id='word_1_265' title='bbox 204 3994 312 4055; x_wconf 89' lang='lat' dir='ltr'>thaeus</span> <span class='ocrx_word' id='word_1_266' title='bbox 334 3995 384 4055; x_wconf 93' lang='lat' dir='ltr'>illc</span> <span class='ocrx_word' id='word_1_267' title='bbox 407 3995 523 4069; x_wconf 88' lang='lat' dir='ltr'>Pastor,</span> <span class='ocrx_word' id='word_1_268' title='bbox 546 4002 652 4056; x_wconf 92' lang='lat' dir='ltr'>contra</span> <span class='ocrx_word' id='word_1_269' title='bbox 674 3995 804 4055; x_wconf 88' lang='lat' dir='ltr'>onmium</span> <span class='ocrx_word' id='word_1_270' title='bbox 826 3991 951 4054; x_wconf 89' lang='lat' dir='ltr'>aliorum</span> <span class='ocrx_word' id='word_1_271' title='bbox 975 3992 1144 4073; x_wconf 87' lang='lat' dir='ltr'>exemplum</span> <span class='ocrx_word' id='word_1_272' title='bbox 1167 3991 1291 4056; x_wconf 85' lang='lat' dir='ltr'>ionoam</span> <span class='ocrx_word' id='word_1_273' title='bbox 1314 3993 1393 4055; x_wconf 87' lang='lat' dir='ltr'>illam</span> <span class='ocrx_word' id='word_1_274' title='bbox 1416 3994 1577 4057; x_wconf 85' lang='lat' dir='ltr'>mutilavit:</span> 
     </span>
     <span class='ocr_line' id='line_1_30' title="bbox 204 4091 1576 4173; baseline 0.001 -19"><span class='ocrx_word' id='word_1_275' title='bbox 204 4092 276 4154; x_wconf 92' lang='lat' dir='ltr'>dum</span> <span class='ocrx_word' id='word_1_276' title='bbox 299 4091 372 4153; x_wconf 90' lang='lat' dir='ltr'>alias</span> <span class='ocrx_word' id='word_1_277' title='bbox 395 4110 505 4165; x_wconf 85' lang='lat' dir='ltr'>voces,</span> <span class='ocrx_word' id='word_1_278' title='bbox 535 4110 637 4153; x_wconf 90' lang='lat' dir='ltr'>earum</span> <span class='ocrx_word' id='word_1_279' title='bbox 660 4093 729 4153; x_wconf 92' lang='lat' dir='ltr'>loce</span> <span class='ocrx_word' id='word_1_280' title='bbox 753 4108 827 4173; x_wconf 88' lang='lat' dir='ltr'>quas</span> <span class='ocrx_word' id='word_1_281' title='bbox 850 4110 923 4152; x_wconf 90' lang='lat' dir='ltr'>usus</span> <span class='ocrx_word' id='word_1_282' title='bbox 945 4091 1103 4153; x_wconf 85' lang='lat' dir='ltr'>Ecclesiae</span> <span class='ocrx_word' id='word_1_283' title='bbox 1127 4100 1190 4154; x_wconf 91' lang='lat' dir='ltr'>toto</span> <span class='ocrx_word' id='word_1_284' title='bbox 1214 4093 1290 4154; x_wconf 90' lang='lat' dir='ltr'>orbe</span> <span class='ocrx_word' id='word_1_285' title='bbox 1312 4092 1439 4156; x_wconf 84' lang='lat' dir='ltr'>diffusae</span> <span class='ocrx_word' id='word_1_286' title='bbox 1461 4111 1576 4155; x_wconf 90' lang='lat' dir='ltr'>conse-</span> 
     </span>
     <span class='ocr_line' id='line_1_31' title="bbox 204 4190 1576 4272; baseline 0.002 -22"><span class='ocrx_word' id='word_1_287' title='bbox 204 4191 311 4264; x_wconf 85' lang='lat' dir='ltr'>cravit,</span> <span class='ocrx_word' id='word_1_288' title='bbox 334 4190 517 4253; x_wconf 88' lang='lat' dir='ltr'>substituere</span> <span class='ocrx_word' id='word_1_289' title='bbox 541 4210 633 4253; x_wconf 88' lang='lat' dir='ltr'>ausus</span> <span class='ocrx_word' id='word_1_290' title='bbox 656 4198 712 4255; x_wconf 89' lang='lat' dir='ltr'>est.</span> <span class='ocrx_word' id='word_1_291' title='bbox 748 4190 836 4264; x_wconf 81' lang='lat' dir='ltr'>Quod</span> <span class='ocrx_word' id='word_1_292' title='bbox 860 4207 935 4250; x_wconf 85' lang='lat' dir='ltr'>vero</span> <span class='ocrx_word' id='word_1_293' title='bbox 960 4197 991 4250; x_wconf 91' lang='lat' dir='ltr'>ut</span> <span class='ocrx_word' id='word_1_294' title='bbox 1012 4190 1160 4252; x_wconf 89' lang='lat' dir='ltr'>itinerarii</span> <span class='ocrx_word' id='word_1_295' title='bbox 1182 4191 1292 4252; x_wconf 83' lang='lat' dir='ltr'>Montis</span> <span class='ocrx_word' id='word_1_296' title='bbox 1304 4190 1409 4252; x_wconf 90' lang='lat' dir='ltr'>Libani</span> <span class='ocrx_word' id='word_1_297' title='bbox 1423 4193 1576 4272; x_wconf 87' lang='lat' dir='ltr'>interpres</span> 
     </span>
     <span class='ocr_line' id='line_1_32' title="bbox 206 4287 1577 4370; baseline 0.001 -19"><span class='ocrx_word' id='word_1_298' title='bbox 206 4309 246 4351; x_wconf 87' lang='lat' dir='ltr'>ex</span> <span class='ocrx_word' id='word_1_299' title='bbox 260 4289 376 4350; x_wconf 90' lang='lat' dir='ltr'>duabus</span> <span class='ocrx_word' id='word_1_300' title='bbox 391 4289 465 4367; x_wconf 80' lang='lat' dir='ltr'>aliia,</span> <span class='ocrx_word' id='word_1_301' title='bbox 490 4307 614 4370; x_wconf 87' lang='lat' dir='ltr'>quarum</span> <span class='ocrx_word' id='word_1_302' title='bbox 635 4290 700 4350; x_wconf 91' lang='lat' dir='ltr'>sola</span> <span class='ocrx_word' id='word_1_303' title='bbox 724 4295 869 4369; x_wconf 85' lang='lat' dir='ltr'>excerpta</span> <span class='ocrx_word' id='word_1_304' title='bbox 893 4287 1018 4365; x_wconf 82' lang='lat' dir='ltr'>viderat,</span> <span class='ocrx_word' id='word_1_305' title='bbox 1042 4288 1152 4350; x_wconf 87' lang='lat' dir='ltr'>lactum</span> <span class='ocrx_word' id='word_1_306' title='bbox 1176 4289 1205 4351; x_wconf 92' lang='lat' dir='ltr'>id</span> <span class='ocrx_word' id='word_1_307' title='bbox 1228 4288 1390 4351; x_wconf 90' lang='lat' dir='ltr'>arbitratus</span> <span class='ocrx_word' id='word_1_308' title='bbox 1414 4298 1471 4368; x_wconf 89' lang='lat' dir='ltr'>est,</span> <span class='ocrx_word' id='word_1_309' title='bbox 1495 4291 1577 4369; x_wconf 87' lang='lat' dir='ltr'>quod</span> 
     </span>
     <span class='ocr_line' id='line_1_33' title="bbox 205 4387 1575 4468; baseline 0.001 -19"><span class='ocrx_word' id='word_1_310' title='bbox 205 4395 297 4449; x_wconf 91' lang='lat' dir='ltr'>totam</span> <span class='ocrx_word' id='word_1_311' title='bbox 320 4387 518 4450; x_wconf 89' lang='lat' dir='ltr'>consecrandi</span> <span class='ocrx_word' id='word_1_312' title='bbox 532 4390 592 4449; x_wconf 84' lang='lat' dir='ltr'>vim</span> <span class='ocrx_word' id='word_1_313' title='bbox 605 4387 789 4450; x_wconf 90' lang='lat' dir='ltr'>invocationi</span> <span class='ocrx_word' id='word_1_314' title='bbox 813 4387 939 4467; x_wconf 89' lang='lat' dir='ltr'>Spiritus</span> <span class='ocrx_word' id='word_1_315' title='bbox 963 4389 1058 4449; x_wconf 89' lang='lat' dir='ltr'>sancti</span> <span class='ocrx_word' id='word_1_316' title='bbox 1081 4388 1260 4463; x_wconf 84' lang='lat' dir='ltr'>tribuerent,</span> <span class='ocrx_word' id='word_1_317' title='bbox 1283 4388 1422 4468; x_wconf 89' lang='lat' dir='ltr'>speciosa</span> <span class='ocrx_word' id='word_1_318' title='bbox 1447 4389 1575 4467; x_wconf 84' lang='lat' dir='ltr'>quidem,</span> 
     </span>
     <span class='ocr_line' id='line_1_34' title="bbox 205 4485 1577 4568; baseline 0.001 -20"><span class='ocrx_word' id='word_1_319' title='bbox 205 4485 261 4548; x_wconf 89' lang='lat' dir='ltr'>sed</span> <span class='ocrx_word' id='word_1_320' title='bbox 284 4503 388 4566; x_wconf 89' lang='lat' dir='ltr'>parum</span> <span class='ocrx_word' id='word_1_321' title='bbox 411 4487 493 4547; x_wconf 88' lang='lat' dir='ltr'>brma</span> <span class='ocrx_word' id='word_1_322' title='bbox 517 4489 691 4568; x_wconf 88' lang='lat' dir='ltr'>conjectura</span> <span class='ocrx_word' id='word_1_323' title='bbox 714 4486 778 4561; x_wconf 88' lang='lat' dir='ltr'>luit,</span> <span class='ocrx_word' id='word_1_324' title='bbox 802 4495 833 4548; x_wconf 89' lang='lat' dir='ltr'>ut</span> <span class='ocrx_word' id='word_1_325' title='bbox 856 4485 926 4547; x_wconf 91' lang='lat' dir='ltr'>alibi</span> <span class='ocrx_word' id='word_1_326' title='bbox 948 4485 1151 4566; x_wconf 87' lang='lat' dir='ltr'>probavimus.</span> <span class='ocrx_word' id='word_1_327' title='bbox 1193 4487 1273 4548; x_wconf 84' lang='lat' dir='ltr'>Fieri</span> <span class='ocrx_word' id='word_1_328' title='bbox 1289 4495 1388 4548; x_wconf 91' lang='lat' dir='ltr'>tamen</span> <span class='ocrx_word' id='word_1_329' title='bbox 1410 4495 1521 4567; x_wconf 89' lang='lat' dir='ltr'>potest,</span> <span class='ocrx_word' id='word_1_330' title='bbox 1546 4496 1577 4549; x_wconf 92' lang='lat' dir='ltr'>ut</span> 
     </span>
     <span class='ocr_line' id='line_1_35' title="bbox 203 4584 1580 4668; baseline 0.003 -24"><span class='ocrx_word' id='word_1_331' title='bbox 203 4584 283 4644; x_wconf 90' lang='lat' dir='ltr'>inter</span> <span class='ocrx_word' id='word_1_332' title='bbox 307 4602 343 4646; x_wconf 91' lang='lat' dir='ltr'>ea</span> <span class='ocrx_word' id='word_1_333' title='bbox 366 4584 476 4661; x_wconf 86' lang='lat' dir='ltr'>verba,</span> <span class='ocrx_word' id='word_1_334' title='bbox 500 4588 638 4666; x_wconf 71' lang='lat' dir='ltr'>deditque</span> <span class='ocrx_word' id='word_1_335' title='bbox 659 4588 802 4667; x_wconf 68' lang='lat' dir='ltr'>mysterio</span> <span class='ocrx_word' id='word_1_336' title='bbox 824 4604 879 4646; x_wconf 80' lang='lat' dir='ltr'>coo</span> <span class='ocrx_word' id='word_1_337' title='bbox 901 4585 1044 4660; x_wconf 77' lang='lat' dir='ltr'>initiatis,</span> <span class='ocrx_word' id='word_1_338' title='bbox 1066 4602 1121 4646; x_wconf 91' lang='lat' dir='ltr'>seu</span> <span class='ocrx_word' id='word_1_339' title='bbox 1144 4584 1180 4646; x_wconf 91' lang='lat' dir='ltr'>ad</span> <span class='ocrx_word' id='word_1_340' title='bbox 1204 4586 1329 4647; x_wconf 90' lang='lat' dir='ltr'>verbum</span> <span class='ocrx_word' id='word_1_341' title='bbox 1349 4587 1421 4664; x_wconf 73' lang='lat' dir='ltr'>filiis</span> <span class='ocrx_word' id='word_1_342' title='bbox 1443 4589 1580 4668; x_wconf 74' lang='lat' dir='ltr'>mysterii</span> 
     </span>
     <span class='ocr_line' id='line_1_36' title="bbox 205 4683 1577 4764; baseline 0.004 -23"><span class='ocrx_word' id='word_1_343' title='bbox 205 4683 257 4742; x_wconf 80' lang='lat' dir='ltr'>aui</span> <span class='ocrx_word' id='word_1_344' title='bbox 277 4684 414 4761; x_wconf 91' lang='lat' dir='ltr'>primitus</span> <span class='ocrx_word' id='word_1_345' title='bbox 439 4685 591 4746; x_wconf 85' lang='lat' dir='ltr'>extiterint</span> <span class='ocrx_word' id='word_1_346' title='bbox 615 4684 671 4747; x_wconf 88' lang='lat' dir='ltr'>alia</span> <span class='ocrx_word' id='word_1_347' title='bbox 698 4685 881 4747; x_wconf 88' lang='lat' dir='ltr'>necessaria.</span> <span class='ocrx_word' id='word_1_348' title='bbox 926 4683 983 4745; x_wconf 82' lang='lat' dir='ltr'>liic</span> <span class='ocrx_word' id='word_1_349' title='bbox 1005 4690 1052 4744; x_wconf 83' lang='lat' dir='ltr'>est</span> <span class='ocrx_word' id='word_1_350' title='bbox 1076 4684 1160 4745; x_wconf 74' lang='lat' dir='ltr'>culis</span> <span class='ocrx_word' id='word_1_351' title='bbox 1182 4686 1435 4764; x_wconf 65' lang='lat' dir='ltr'>conquiniscam,</span> <span class='ocrx_word' id='word_1_352' title='bbox 1458 4693 1514 4747; x_wconf 85' lang='lat' dir='ltr'>cte.</span> <span class='ocrx_word' id='word_1_353' title='bbox 1545 4693 1577 4746; x_wconf 90' lang='lat' dir='ltr'>ut</span> 
     </span>
     <span class='ocr_line' id='line_1_37' title="bbox 205 4781 1578 4864; baseline 0.004 -24"><span class='ocrx_word' id='word_1_354' title='bbox 205 4781 326 4842; x_wconf 90' lang='lat' dir='ltr'>omnino</span> <span class='ocrx_word' id='word_1_355' title='bbox 349 4782 511 4844; x_wconf 84' lang='lat' dir='ltr'>verisimile</span> <span class='ocrx_word' id='word_1_356' title='bbox 534 4791 580 4844; x_wconf 89' lang='lat' dir='ltr'>est</span> <span class='ocrx_word' id='word_1_357' title='bbox 603 4782 751 4845; x_wconf 88' lang='lat' dir='ltr'>accidisse</span> <span class='ocrx_word' id='word_1_358' title='bbox 773 4784 853 4845; x_wconf 89' lang='lat' dir='ltr'>circa</span> <span class='ocrx_word' id='word_1_359' title='bbox 874 4782 1038 4864; x_wconf 82' lang='lat' dir='ltr'>biturgiam</span> <span class='ocrx_word' id='word_1_360' title='bbox 1061 4781 1196 4861; x_wconf 82' lang='lat' dir='ltr'>Dionysii</span> <span class='ocrx_word' id='word_1_361' title='bbox 1223 4782 1382 4845; x_wconf 90' lang='lat' dir='ltr'>Barsalibi:</span> <span class='ocrx_word' id='word_1_362' title='bbox 1413 4802 1480 4846; x_wconf 92' lang='lat' dir='ltr'>cum</span> <span class='ocrx_word' id='word_1_363' title='bbox 1511 4786 1578 4864; x_wconf 92' lang='lat' dir='ltr'>ipse</span> 
     </span>
     <span class='ocr_line' id='line_1_38' title="bbox 205 4879 1576 4962; baseline 0.005 -24"><span class='ocrx_word' id='word_1_364' title='bbox 205 4879 301 4941; x_wconf 84' lang='lat' dir='ltr'>verba</span> <span class='ocrx_word' id='word_1_365' title='bbox 326 4880 436 4943; x_wconf 90' lang='lat' dir='ltr'>Christi</span> <span class='ocrx_word' id='word_1_366' title='bbox 458 4884 632 4944; x_wconf 90' lang='lat' dir='ltr'>necessario</span> <span class='ocrx_word' id='word_1_367' title='bbox 655 4883 848 4962; x_wconf 91' lang='lat' dir='ltr'>pronunciari</span> <span class='ocrx_word' id='word_1_368' title='bbox 871 4900 887 4941; x_wconf 93' lang='lat' dir='ltr'>a</span> <span class='ocrx_word' id='word_1_369' title='bbox 912 4880 1092 4957; x_wconf 84' lang='lat' dir='ltr'>Sacerdote,</span> <span class='ocrx_word' id='word_1_370' title='bbox 1124 4888 1251 4942; x_wconf 91' lang='lat' dir='ltr'>testetur</span> <span class='ocrx_word' id='word_1_371' title='bbox 1278 4883 1308 4943; x_wconf 93' lang='lat' dir='ltr'>in</span> <span class='ocrx_word' id='word_1_372' title='bbox 1330 4899 1386 4943; x_wconf 90' lang='lat' dir='ltr'>suo</span> <span class='ocrx_word' id='word_1_373' title='bbox 1410 4882 1446 4943; x_wconf 93' lang='lat' dir='ltr'>ad</span> <span class='ocrx_word' id='word_1_374' title='bbox 1470 4881 1576 4947; x_wconf 90' lang='lat' dir='ltr'>Jacobi</span> 
     </span>
     <span class='ocr_line' id='line_1_39' title="bbox 205 4973 1577 5062; baseline 0.005 -25"><span class='ocrx_word' id='word_1_375' title='bbox 205 4973 370 5058; x_wconf 84' lang='lat' dir='ltr'>Litargiam</span> <span class='ocrx_word' id='word_1_376' title='bbox 395 4982 617 5042; x_wconf 90' lang='lat' dir='ltr'>commentario.</span> <span class='ocrx_word' id='word_1_377' title='bbox 663 4981 746 5041; x_wconf 91' lang='lat' dir='ltr'>Hanc</span> <span class='ocrx_word' id='word_1_378' title='bbox 769 4999 861 5062; x_wconf 91' lang='lat' dir='ltr'>porro</span> <span class='ocrx_word' id='word_1_379' title='bbox 885 4980 1085 5044; x_wconf 82' lang='lat' dir='ltr'>difficultatem</span> <span class='ocrx_word' id='word_1_380' title='bbox 1108 4980 1266 5043; x_wconf 86' lang='lat' dir='ltr'>resolvere</span> <span class='ocrx_word' id='word_1_381' title='bbox 1290 5000 1330 5042; x_wconf 84' lang='lat' dir='ltr'>ex</span> <span class='ocrx_word' id='word_1_382' title='bbox 1352 4984 1577 5062; x_wconf 90' lang='lat' dir='ltr'>comparatione</span> 
     </span>
     <span class='ocr_line' id='line_1_40' title="bbox 208 5078 1579 5160; baseline 0.007 -25"><span class='ocrx_word' id='word_1_383' title='bbox 208 5078 423 5156; x_wconf 83' lang='lat' dir='ltr'>exemplarium</span> <span class='ocrx_word' id='word_1_384' title='bbox 445 5097 506 5141; x_wconf 91' lang='lat' dir='ltr'>non</span> <span class='ocrx_word' id='word_1_385' title='bbox 529 5087 578 5141; x_wconf 88' lang='lat' dir='ltr'>est</span> <span class='ocrx_word' id='word_1_386' title='bbox 598 5078 701 5158; x_wconf 87' lang='lat' dir='ltr'>facile,</span> <span class='ocrx_word' id='word_1_387' title='bbox 726 5090 757 5142; x_wconf 93' lang='lat' dir='ltr'>et</span> <span class='ocrx_word' id='word_1_388' title='bbox 779 5081 859 5160; x_wconf 86' lang='lat' dir='ltr'>quod</span> <span class='ocrx_word' id='word_1_389' title='bbox 883 5081 1034 5142; x_wconf 89' lang='lat' dir='ltr'>rarissima</span> <span class='ocrx_word' id='word_1_390' title='bbox 1057 5086 1141 5159; x_wconf 87' lang='lat' dir='ltr'>sunt,</span> <span class='ocrx_word' id='word_1_391' title='bbox 1169 5086 1199 5141; x_wconf 93' lang='lat' dir='ltr'>et</span> <span class='ocrx_word' id='word_1_392' title='bbox 1221 5079 1301 5160; x_wconf 90' lang='lat' dir='ltr'>quod</span> <span class='ocrx_word' id='word_1_393' title='bbox 1325 5088 1405 5143; x_wconf 88' lang='lat' dir='ltr'>tanta</span> <span class='ocrx_word' id='word_1_394' title='bbox 1428 5090 1475 5145; x_wconf 91' lang='lat' dir='ltr'>est</span> <span class='ocrx_word' id='word_1_395' title='bbox 1496 5084 1579 5145; x_wconf 76' lang='lat' dir='ltr'>scri-</span> 
     </span>
    </p>
   </div>
   <div class='ocr_carea' id='block_1_7' title="bbox 0 0 2268 6034">
    <p class='ocr_par' dir='ltr' id='par_1_7' title="bbox 0 0 2268 6034">
     <span class='ocr_line' id='line_1_41' title="bbox 0 0 2268 6034; baseline 0 0"><span class='ocrx_word' id='word_1_396' title='bbox 0 0 2268 6034; x_wconf 95' lang='lat' dir='ltr'> </span> 
     </span>
    </p>
   </div>
  </div>
 </body>
</html>
