4525 6034
703 569 779 645 318
971 644 974 653 ,
1022 574 1199 653 LITURGIA
1224 575 1427 654 PHILOXENI
1452 576 1749 657 maurontum

703 762 881 854 spiciamur
906 759 1001 833 liberi
1028 785 1048 833 a
1074 765 1222 858 peccatis
1249 774 1284 834 et
1309 762 1437 838 delictis
1464 766 1547 853 suis,
1575 748 1835 864 splendeantque
1856 771 1942 841 sicut
1954 767 2058 843 soiin

701 896 807 968 regno
837 886 892 949 tuo
920 878 1077 966 coelesti,
1105 881 1181 974 quia
1207 889 1242 951 tu
1268 902 1305 952 cs
1332 878 1459 970 honus,
1487 893 1522 954 et
1545 882 1668 955 multae
1693 884 1961 958 misericordiae:
1992 908 2059 958 cunr

700 996 870 1084 unigenito
897 993 964 1066 filio
992 1003 1048 1065 tuo
1076 1003 1110 1066 et
1135 993 1258 1090 Spiritu
1285 1006 1342 1069 tuo
1369 1006 1505 1086 sancto,
1532 1007 1595 1072 etc.

803 1120 965 1213 Populus.
1016 1123 1134 1196 Amen.

803 1248 986 1323 Sacerdos.
1040 1253 1124 1324 Pax.

805 1377 967 1474 Populus.
1019 1379 1164 1452 Etcum
1191 1384 1306 1477 spiritu
1334 1392 1402 1456 tuo.

804 1508 987 1581 Sacerdos.
1040 1509 1291 1584 Misericordiae
1317 1512 1382 1584 Dei
1408 1514 1482 1586 sint.

804 1639 966 1733 Populea.
1021 1638 1104 1712 Cum
1134 1642 1249 1735 spiritu
1275 1652 1343 1714 tuo.

803 1767 990 1840 Diaconos.
1045 1769 1128 1842 eum
1156 1771 1284 1842 timore.

803 1896 964 1990 Poprdue.
1017 1898 1111 1971 Unus
1139 1899 1240 1970 Pater
1266 1888 1411 1971 sanctus.

803 2024 991 2100 Diaconos.
1044 2029 1179 2100 Stemus
1200 2025 1374 2100 decenter.

803 2156 963 2251 Populos.
1018 2156 1152 2229 Gratias
1180 2159 1318 2248 agimus

803 2285 979 2359 Sacerdos
1004 2287 1089 2357 dicit
1115 2288 1305 2357 orationem
1336 2288 1527 2378 protiarmn
1552 2291 1708 2360 crocata
1764 2288 1897 2360 Gratias
1935 2290 2063 2381 agimus

701 2402 759 2475 tibi
784 2401 928 2475 Domine
954 2402 1047 2475 Deus
1072 2412 1200 2491 noster,
1225 2423 1289 2498 pro
1316 2401 1467 2476 omnibns
1493 2406 1557 2475 tuis
1572 2426 1655 2496 erga
1672 2426 1735 2478 nos
1761 2401 1949 2475 beneficiis:
1979 2402 2064 2497 quod

699 2518 849 2591 liberasti
875 2541 937 2591 nos
974 2543 994 2592 a
1026 2527 1185 2616 peccato,
1221 2527 1255 2588 et
1287 2521 1496 2612 praeparasti
1531 2518 1573 2591 ad
1602 2541 1742 2612 regnum
1774 2531 1863 2592 tunm
1899 2519 2063 2593 coeleste:

700 2636 788 2731 quod
815 2636 959 2708 eduxisti
985 2657 1047 2707 nos
1075 2657 1121 2706 ex
1147 2656 1208 2707 ore
1236 2633 1389 2706 draconis
1415 2635 1604 2730 spiritualis,
1631 2646 1665 2708 et
1689 2634 1838 2709 habitare
1865 2634 1980 2708 ternu
2006 2657 2064 2707 nos

698 2754 731 2822 in
757 2751 912 2825 Ecclesia
938 2762 994 2823 tua
1021 2761 1155 2824 sancta:
1183 2748 1272 2845 quod
1297 2755 1429 2823 vocasti
1454 2772 1518 2824 nos
1543 2750 1629 2825 filios
1655 2762 1732 2825 tuos
1757 2755 2009 2849 pergratiam,
2035 2761 2065 2824 et

698 2867 860 2942 tradidisti
885 2867 983 2940 nobis
1010 2867 1290 2962 dispensationem
1310 2870 1543 2961 mysteriorum
1556 2879 1685 2941 morum
1699 2879 1889 2941 sanctorum
1916 2878 1952 2940 et
1979 2891 2063 2941 coe·

698 2985 846 3058 lestinm:
874 2984 1062 3079 quodcum
1097 2981 1196 3055 alieni
1223 3003 1393 3073 essemus,
1422 2983 1624 3058 domesticos
1659 2994 1735 3058 tuos
1768 2983 1877 3057 iecisti
1909 3006 1976 3056 nos
2007 3007 2064 3081 per

698 3105 903 3194 unigenitum
929 3100 1029 3172 filium
1056 3108 1164 3171 tunm:
1192 3102 1247 3194 qui
1273 3103 1481 3171 commiscuit
1499 3123 1622 3197 corpus
1649 3122 1743 3173 suurn
1769 3099 1972 3197 corporibus
1998 3123 2063 3173 no-

698 3222 776 3291 stris
803 3229 837 3290 et
862 3221 1058 3310 sanguinem
1084 3238 1178 3287 snum
1205 3216 1336 3288 miscuit
1360 3215 1516 3289 membris
1541 3221 1683 3290 nostris:
1717 3221 1936 3313 promisitque
1967 3217 2062 3291 nobis

696 3357 838 3427 regnum
865 3332 954 3429 quod
979 3355 1046 3406 non
1072 3334 1173 3427 perit:
1200 3330 1290 3403 hona
1316 3355 1402 3427 quae
1427 3353 1495 3403 non
1516 3343 1699 3421 transeunt,
1725 3345 1759 3406 et
1773 3334 1966 3429 voluptates
1980 3356 2061 3428 quac

696 3452 794 3522 finem
821 3472 888 3523 non
921 3449 1051 3522 hahent.
1104 3447 1294 3544 Idapropter
1327 3446 1443 3520 laudes
1478 3472 1577 3543 puras
1610 3449 1793 3523 referemus
1827 3447 1886 3522 tihi
1921 3450 2059 3544 gloriam

697 3578 731 3639 et
756 3570 936 3660 gratiarum
963 3568 1139 3656 actionem,
1165 3575 1230 3638 etc.

800 3696 958 3789 Populus.
1011 3697 1130 3768 Amen.

798 3824 981 3896 Sacerdos.
1034 3826 1119 3897 Pax.

799 3954 958 4073 Populus:
1011 3952 1156 4024 Etcum
1183 3954 1299 4048 spiritu
1324 3962 1392 4025 tuo.

797 4085 984 4156 Diaconos.
1039 4084 1130 4155 Post.

798 4212 958 4306 Populus.
1012 4210 1137 4284 Coram
1162 4222 1206 4284 te.

799 4341 982 4413 Sacerdos.
1035 4340 1166 4413 Christe
1192 4342 1285 4414 Dens
1311 4351 1437 4428 noster,
1463 4338 1610 4412 clemens
1637 4348 1671 4410 et
1696 4341 1906 4430 misericors,
1940 4346 1993 4437 qui
2016 4363 2052 4412 es

693 4462 895 4554 propitiatio,
922 4466 956 4529 et
980 4456 1148 4530 mundatio
1175 4459 1317 4531 onmium
1345 4465 1571 4553 peccatorum,
1597 4457 1731 4552 suscipe
1752 4452 1940 4530 oblan'ones
1963 4462 2050 4545 istas,

695 4597 780 4670 qnae
808 4598 827 4645 a
854 4574 952 4648 nobis
979 4573 1036 4646 tibi
1063 4573 1198 4647 oblatae
1223 4583 1311 4665 sunt,
1336 4576 1423 4646 sicut
1447 4570 1635 4646 oblationes
1661 4574 1789 4667 piorum
1816 4576 1961 4646 omnium
1985 4595 2047 4645 an-

693 4693 868 4785 tiquorum,
897 4692 950 4786 qui
964 4700 1249 4786 exspectaverunt
1266 4713 1361 4787 spem
1387 4702 1486 4779 tuam,
1513 4699 1548 4762 ut
1574 4690 1703 4778 attenti,
1729 4711 1839 4783 neque
1866 4689 1993 4786 spoliati
2014 4690 2047 4759 in

691 4807 757 4878 illis
784 4829 1058 4904 perseveremus:
1086 4817 1120 4878 et
1146 4807 1271 4879 deliciis
1298 4829 1436 4881 mensae
1461 4815 1539 4877 tuae
1557 4803 1734 4901 spiritualis
1750 4804 1843 4899 digni
1871 4806 2046 4889 efficiamur,

694 4926 856 5021 simulque
883 4924 1002 4996 fidncia
1028 4945 1142 4996 coram
1169 4922 1287 4997 throno
1314 4924 1498 5015 majestatis
1524 4930 1613 5013 tuae,
1639 4923 1673 4991 in
1697 4919 1771 5011 ilio,
1799 4945 1866 5017 quo
1893 4921 2045 4995 exoriens

693 5041 747 5113 die
773 5042 902 5133 gaudii,
938 5040 1083 5114 laetitiae
1117 5051 1152 5113 et
1187 5041 1399 5114 exultationis
1430 5062 1505 5111 cum
1539 5041 1663 5145 sanctis
1696 5039 1761 5109 tuis
1793 5038 1828 5107 in
1860 5059 1963 5132 ragno
1993 5044 2044 5106 nc
