<?xml version="1.0" encoding="UTF-8"?>
<!DOCTYPE html PUBLIC "-//W3C//DTD XHTML 1.0 Transitional//EN"
    "http://www.w3.org/TR/xhtml1/DTD/xhtml1-transitional.dtd">
<html xmlns="http://www.w3.org/1999/xhtml" xml:lang="en" lang="en">
 <head>
  <title>
</title>
<meta http-equiv="Content-Type" content="text/html;charset=utf-8" />
  <meta name='ocr-system' content='tesseract 3.04.00' />
  <meta name='ocr-capabilities' content='ocr_page ocr_carea ocr_par ocr_line ocrx_word'/>
</head>
<body>
  <div class='ocr_page' id='page_1' title='image "./liturgiarumorie00unkngoog/liturgiarumorie00unkngoog_0041.png"; bbox 0 0 4525 6034; ppageno 0'>
   <div class='ocr_carea' id='block_1_1' title="bbox 336 526 1634 649">
    <p class='ocr_par' dir='ltr' id='par_1_1' title="bbox 336 526 1634 649">
     <span class='ocr_line' id='line_1_1' title="bbox 336 526 1634 649; baseline -0.007 -37"><span class='ocrx_word' id='word_1_1' title='bbox 336 536 386 612; x_wconf 88' lang='lat' dir='ltr'><strong>m</strong></span> <span class='ocrx_word' id='word_1_2' title='bbox 402 533 657 611; x_wconf 81' lang='lat' dir='ltr'><strong>mmonaun</strong></span> <span class='ocrx_word' id='word_1_3' title='bbox 670 528 925 610; x_wconf 81' lang='lat' dir='ltr'><strong>onmnmun</strong></span> <span class='ocrx_word' id='word_1_4' title='bbox 940 528 1156 611; x_wconf 76' lang='lat' dir='ltr'><strong>omnum</strong></span> <span class='ocrx_word' id='word_1_5' title='bbox 1169 529 1416 609; x_wconf 70' lang='lat' dir='ltr'><strong>amomum.</strong></span> <span class='ocrx_word' id='word_1_6' title='bbox 1499 526 1564 603; x_wconf 84' lang='lat' dir='ltr'><strong>vn</strong></span> <span class='ocrx_word' id='word_1_7' title='bbox 1630 642 1634 649; x_wconf 22' lang='grc' dir='ltr'>Ι</span> 
     </span>
    </p>
   </div>
   <div class='ocr_carea' id='block_1_2' title="bbox 202 718 1894 4660">
    <p class='ocr_par' dir='ltr' id='par_1_2' title="bbox 202 718 1568 2330">
     <span class='ocr_line' id='line_1_2' title="bbox 206 718 1564 817; baseline -0.005 -19"><span class='ocrx_word' id='word_1_8' title='bbox 206 728 271 814; x_wconf 87' lang='lat' dir='ltr'><strong>sita,</strong></span> <span class='ocrx_word' id='word_1_9' title='bbox 297 743 383 817; x_wconf 86' lang='lat' dir='ltr'><strong>quae</strong></span> <span class='ocrx_word' id='word_1_10' title='bbox 410 723 464 792; x_wconf 87' lang='lat' dir='ltr'><strong>vir</strong></span> <span class='ocrx_word' id='word_1_11' title='bbox 490 720 699 793; x_wconf 85' lang='lat' dir='ltr'><strong>doctissimus</strong></span> <span class='ocrx_word' id='word_1_12' title='bbox 714 719 876 792; x_wconf 87' lang='lat' dir='ltr'><strong>Hemicus</strong></span> <span class='ocrx_word' id='word_1_13' title='bbox 890 719 1046 793; x_wconf 80' lang='lat' dir='ltr'>Valesius</span> <span class='ocrx_word' id='word_1_14' title='bbox 1073 718 1188 813; x_wconf 82' lang='lat' dir='ltr'><strong>alligat</strong></span> <span class='ocrx_word' id='word_1_15' title='bbox 1199 720 1445 793; x_wconf 87' lang='lat' dir='ltr'><strong>Antoninorum</strong></span> <span class='ocrx_word' id='word_1_16' title='bbox 1469 730 1564 793; x_wconf 88' lang='lat' dir='ltr'><strong>tcm-</strong></span> 
     </span>
     <span class='ocr_line' id='line_1_3' title="bbox 203 836 1564 939; baseline -0.005 -25"><span class='ocrx_word' id='word_1_17' title='bbox 203 840 329 939; x_wconf 90' lang='lat' dir='ltr'><strong>poribus</strong></span> <span class='ocrx_word' id='word_1_18' title='bbox 355 842 530 935; x_wconf 73' lang='lat' dir='ltr'><strong>proximis,</strong></span> <span class='ocrx_word' id='word_1_19' title='bbox 556 861 638 925; x_wconf 71' lang='lat' dir='ltr'><strong>own,</strong></span> <span class='ocrx_word' id='word_1_20' title='bbox 666 840 781 932; x_wconf 87' lang='lat' dir='ltr'><strong>inquit,</strong></span> <span class='ocrx_word' id='word_1_21' title='bbox 807 840 876 908; x_wconf 84' lang='lat' dir='ltr'><strong>oiri</strong></span> <span class='ocrx_word' id='word_1_22' title='bbox 901 836 995 908; x_wconf 88' lang='lat' dir='ltr'><strong>docti</strong></span> <span class='ocrx_word' id='word_1_23' title='bbox 1019 858 1095 908; x_wconf 79' lang='lat' dir='ltr'><strong>scae</strong></span> <span class='ocrx_word' id='word_1_24' title='bbox 1121 837 1169 906; x_wconf 85' lang='lat' dir='ltr'><strong>ud</strong></span> <span class='ocrx_word' id='word_1_25' title='bbox 1194 836 1394 931; x_wconf 81' lang='lat' dir='ltr'><strong>rolipioaem</strong></span> <span class='ocrx_word' id='word_1_26' title='bbox 1412 843 1564 910; x_wconf 69' lang='lat' dir='ltr'><strong>matram</strong></span> 
     </span>
     <span class='ocr_line' id='line_1_4' title="bbox 204 950 1563 1050; baseline -0.001 -22"><span class='ocrx_word' id='word_1_27' title='bbox 204 956 448 1050; x_wconf 68' lang='lat' dir='ltr'><strong>opplimsissem.</strong></span> <span class='ocrx_word' id='word_1_28' title='bbox 499 955 585 1027; x_wconf 84' lang='lat' dir='ltr'><strong>Num</strong></span> <span class='ocrx_word' id='word_1_29' title='bbox 611 953 696 1027; x_wconf 84' lang='lat' dir='ltr'><strong>tales</strong></span> <span class='ocrx_word' id='word_1_30' title='bbox 722 957 816 1027; x_wconf 90' lang='lat' dir='ltr'><strong>viros</strong></span> <span class='ocrx_word' id='word_1_31' title='bbox 842 955 934 1049; x_wconf 91' lang='lat' dir='ltr'><strong>prius</strong></span> <span class='ocrx_word' id='word_1_32' title='bbox 960 950 1074 1024; x_wconf 83' lang='lat' dir='ltr'><strong>babuit</strong></span> <span class='ocrx_word' id='word_1_33' title='bbox 1097 951 1268 1045; x_wconf 80' lang='lat' dir='ltr'><strong>Ecclesia,</strong></span> <span class='ocrx_word' id='word_1_34' title='bbox 1295 956 1350 1048; x_wconf 88' lang='lat' dir='ltr'><strong>qui</strong></span> <span class='ocrx_word' id='word_1_35' title='bbox 1376 953 1563 1049; x_wconf 78' lang='lat' dir='ltr'><strong>pangendis</strong></span> 
     </span>
     <span class='ocr_line' id='line_1_5' title="bbox 205 1069 1564 1167; baseline -0.001 -23"><span class='ocrx_word' id='word_1_36' title='bbox 205 1071 321 1167; x_wconf 80' lang='lat' dir='ltr'><strong>abqnot</strong></span> <span class='ocrx_word' id='word_1_37' title='bbox 353 1069 552 1144; x_wconf 76' lang='lat' dir='ltr'><strong>carminibus</strong></span> <span class='ocrx_word' id='word_1_38' title='bbox 585 1069 813 1159; x_wconf 79' lang='lat' dir='ltr'><strong>suffecissent,</strong></span> <span class='ocrx_word' id='word_1_39' title='bbox 848 1071 1043 1165; x_wconf 86' lang='lat' dir='ltr'><strong>praesertim</strong></span> <span class='ocrx_word' id='word_1_40' title='bbox 1077 1091 1152 1140; x_wconf 85' lang='lat' dir='ltr'><strong>cum</strong></span> <span class='ocrx_word' id='word_1_41' title='bbox 1178 1072 1328 1164; x_wconf 87' lang='lat' dir='ltr'><strong>puritatis</strong></span> <span class='ocrx_word' id='word_1_42' title='bbox 1354 1079 1390 1141; x_wconf 87' lang='lat' dir='ltr'><strong>et</strong></span> <span class='ocrx_word' id='word_1_43' title='bbox 1415 1071 1564 1164; x_wconf 76' lang='lat' dir='ltr'><strong>elegan-</strong></span> 
     </span>
     <span class='ocr_line' id='line_1_6' title="bbox 204 1185 1563 1283; baseline -0.001 -22"><span class='ocrx_word' id='word_1_44' title='bbox 204 1192 262 1261; x_wconf 88' lang='lat' dir='ltr'><strong>tiae</strong></span> <span class='ocrx_word' id='word_1_45' title='bbox 293 1191 402 1260; x_wconf 91' lang='lat' dir='ltr'><strong>minor</strong></span> <span class='ocrx_word' id='word_1_46' title='bbox 436 1210 535 1283; x_wconf 86' lang='lat' dir='ltr'><strong>qnam</strong></span> <span class='ocrx_word' id='word_1_47' title='bbox 568 1190 701 1282; x_wconf 90' lang='lat' dir='ltr'><strong>pietatis</strong></span> <span class='ocrx_word' id='word_1_48' title='bbox 733 1196 767 1259; x_wconf 90' lang='lat' dir='ltr'><strong>et</strong></span> <span class='ocrx_word' id='word_1_49' title='bbox 799 1187 1014 1282; x_wconf 71' lang='lat' dir='ltr'><strong>simplicitatis</strong></span> <span class='ocrx_word' id='word_1_50' title='bbox 1048 1209 1129 1258; x_wconf 89' lang='lat' dir='ltr'><strong>euru</strong></span> <span class='ocrx_word' id='word_1_51' title='bbox 1156 1185 1262 1274; x_wconf 85' lang='lat' dir='ltr'><strong>foret,</strong></span> <span class='ocrx_word' id='word_1_52' title='bbox 1294 1196 1329 1258; x_wconf 91' lang='lat' dir='ltr'><strong>et</strong></span> <span class='ocrx_word' id='word_1_53' title='bbox 1354 1186 1398 1259; x_wconf 91' lang='lat' dir='ltr'><strong>illi</strong></span> <span class='ocrx_word' id='word_1_54' title='bbox 1426 1209 1563 1282; x_wconf 87' lang='lat' dir='ltr'><strong>qnorum</strong></span> 
     </span>
     <span class='ocr_line' id='line_1_7' title="bbox 204 1300 1564 1403; baseline 0.001 -27"><span class='ocrx_word' id='word_1_55' title='bbox 204 1307 341 1376; x_wconf 78' lang='lat' dir='ltr'><strong>meminit</strong></span> <span class='ocrx_word' id='word_1_56' title='bbox 365 1302 532 1377; x_wconf 84' lang='lat' dir='ltr'><strong>Eusebius</strong></span> <span class='ocrx_word' id='word_1_57' title='bbox 557 1300 618 1377; x_wconf 76' lang='grc' dir='ltr'><strong>ἀπ’</strong></span> <span class='ocrx_word' id='word_1_58' title='bbox 642 1300 755 1403; x_wconf 75' lang='grc' dir='ltr'><em>ἀρχῆς</em></span> <span class='ocrx_word' id='word_1_59' title='bbox 779 1301 842 1375; x_wconf 94' lang='lat' dir='ltr'><strong>boc</strong></span> <span class='ocrx_word' id='word_1_60' title='bbox 870 1312 922 1375; x_wconf 91' lang='lat' dir='ltr'><strong>est</strong></span> <span class='ocrx_word' id='word_1_61' title='bbox 948 1302 992 1374; x_wconf 85' lang='lat' dir='ltr'><strong>ab</strong></span> <span class='ocrx_word' id='word_1_62' title='bbox 1019 1305 1118 1374; x_wconf 86' lang='lat' dir='ltr'><strong>initio</strong></span> <span class='ocrx_word' id='word_1_63' title='bbox 1132 1303 1351 1377; x_wconf 74' lang='lat' dir='ltr'><strong>Christianae</strong></span> <span class='ocrx_word' id='word_1_64' title='bbox 1375 1304 1564 1398; x_wconf 81' lang='lat' dir='ltr'><strong>rolipioois,</strong></span> 
     </span>
     <span class='ocr_line' id='line_1_8' title="bbox 204 1410 1564 1517; baseline -0.001 -24"><span class='ocrx_word' id='word_1_65' title='bbox 204 1424 372 1516; x_wconf 82' lang='lat' dir='ltr'><strong>compositi</strong></span> <span class='ocrx_word' id='word_1_66' title='bbox 386 1419 491 1492; x_wconf 87' lang='lat' dir='ltr'><strong>luisse</strong></span> <span class='ocrx_word' id='word_1_67' title='bbox 510 1419 667 1491; x_wconf 88' lang='lat' dir='ltr'><strong>dicantur.</strong></span> <span class='ocrx_word' id='word_1_68' title='bbox 693 1418 813 1517; x_wconf 84' lang='lat' dir='ltr'><strong>Neque</strong></span> <span class='ocrx_word' id='word_1_69' title='bbox 839 1417 936 1491; x_wconf 80' lang='lat' dir='ltr'><strong>facile</strong></span> <span class='ocrx_word' id='word_1_70' title='bbox 963 1422 1108 1492; x_wconf 86' lang='lat' dir='ltr'><strong>occurrit</strong></span> <span class='ocrx_word' id='word_1_71' title='bbox 1135 1422 1169 1491; x_wconf 91' lang='lat' dir='ltr'><strong>in</strong></span> <span class='ocrx_word' id='word_1_72' title='bbox 1195 1410 1340 1494; x_wconf 81' lang='lat' dir='ltr'><strong>vetustis</strong></span> <span class='ocrx_word' id='word_1_73' title='bbox 1362 1440 1564 1492; x_wconf 85' lang='lat' dir='ltr'><strong>munumen-</strong></span> 
     </span>
     <span class='ocr_line' id='line_1_9' title="bbox 203 1534 1565 1630; baseline -0.003 -20"><span class='ocrx_word' id='word_1_74' title='bbox 203 1540 241 1611; x_wconf 89' lang='lat' dir='ltr'><strong>tis</strong></span> <span class='ocrx_word' id='word_1_75' title='bbox 264 1537 380 1609; x_wconf 78' lang='lat' dir='ltr'><strong>Poesis</strong></span> <span class='ocrx_word' id='word_1_76' title='bbox 407 1536 495 1608; x_wconf 90' lang='lat' dir='ltr'><strong>illius</strong></span> <span class='ocrx_word' id='word_1_77' title='bbox 522 1534 728 1609; x_wconf 74' lang='lat' dir='ltr'><strong>Christianae</strong></span> <span class='ocrx_word' id='word_1_78' title='bbox 752 1534 810 1607; x_wconf 88' lang='lat' dir='ltr'><strong>vel</strong></span> <span class='ocrx_word' id='word_1_79' title='bbox 835 1534 913 1609; x_wconf 84' lang='lat' dir='ltr'><strong>leve</strong></span> <span class='ocrx_word' id='word_1_80' title='bbox 935 1538 1125 1629; x_wconf 80' lang='lat' dir='ltr'><strong>vestigium,</strong></span> <span class='ocrx_word' id='word_1_81' title='bbox 1152 1559 1227 1608; x_wconf 89' lang='lat' dir='ltr'><strong>cnm</strong></span> <span class='ocrx_word' id='word_1_82' title='bbox 1253 1540 1287 1608; x_wconf 90' lang='lat' dir='ltr'><strong>in</strong></span> <span class='ocrx_word' id='word_1_83' title='bbox 1314 1536 1471 1630; x_wconf 76' lang='lat' dir='ltr'><strong>Limrgiis</strong></span> <span class='ocrx_word' id='word_1_84' title='bbox 1499 1559 1565 1607; x_wconf 88' lang='lat' dir='ltr'><strong>cu-</strong></span> 
     </span>
     <span class='ocr_line' id='line_1_10' title="bbox 202 1651 1566 1749; baseline -0.004 -23"><span class='ocrx_word' id='word_1_85' title='bbox 202 1656 391 1749; x_wconf 79' lang='lat' dir='ltr'><strong>juscumque</strong></span> <span class='ocrx_word' id='word_1_86' title='bbox 430 1652 566 1746; x_wconf 80' lang='lat' dir='ltr'><strong>linguae</strong></span> <span class='ocrx_word' id='word_1_87' title='bbox 605 1674 730 1727; x_wconf 88' lang='lat' dir='ltr'><strong>summa</strong></span> <span class='ocrx_word' id='word_1_88' title='bbox 777 1672 911 1747; x_wconf 82' lang='lat' dir='ltr'><strong>semper</strong></span> <span class='ocrx_word' id='word_1_89' title='bbox 950 1651 1151 1725; x_wconf 89' lang='lat' dir='ltr'><strong>observetur</strong></span> <span class='ocrx_word' id='word_1_90' title='bbox 1193 1651 1400 1748; x_wconf 75' lang='lat' dir='ltr'><strong>simplicitas,</strong></span> <span class='ocrx_word' id='word_1_91' title='bbox 1438 1654 1566 1723; x_wconf 88' lang='lat' dir='ltr'><strong>metrici</strong></span> 
     </span>
     <span class='ocr_line' id='line_1_11' title="bbox 204 1766 1566 1867; baseline -0.005 -24"><span class='ocrx_word' id='word_1_92' title='bbox 204 1771 308 1867; x_wconf 78' lang='lat' dir='ltr'><strong>bpmni</strong></span> <span class='ocrx_word' id='word_1_93' title='bbox 333 1770 412 1843; x_wconf 85' lang='lat' dir='ltr'><strong>nulli</strong></span> <span class='ocrx_word' id='word_1_94' title='bbox 438 1774 658 1866; x_wconf 76' lang='lat' dir='ltr'><strong>nepotianum,</strong></span> <span class='ocrx_word' id='word_1_95' title='bbox 685 1772 739 1865; x_wconf 89' lang='lat' dir='ltr'><strong>qui</strong></span> <span class='ocrx_word' id='word_1_96' title='bbox 767 1768 821 1841; x_wconf 90' lang='lat' dir='ltr'><strong>diu</strong></span> <span class='ocrx_word' id='word_1_97' title='bbox 835 1779 954 1864; x_wconf 88' lang='lat' dir='ltr'><strong>postca</strong></span> <span class='ocrx_word' id='word_1_98' title='bbox 980 1769 1156 1841; x_wconf 85' lang='lat' dir='ltr'><strong>introducti</strong></span> <span class='ocrx_word' id='word_1_99' title='bbox 1182 1771 1216 1841; x_wconf 84' lang='lat' dir='ltr'><strong>iu</strong></span> <span class='ocrx_word' id='word_1_100' title='bbox 1242 1767 1398 1865; x_wconf 88' lang='lat' dir='ltr'><strong>precibus</strong></span> <span class='ocrx_word' id='word_1_101' title='bbox 1425 1766 1566 1864; x_wconf 91' lang='lat' dir='ltr'><strong>publicis</strong></span> 
     </span>
     <span class='ocr_line' id='line_1_12' title="bbox 206 1884 1568 1983; baseline -0.004 -23"><span class='ocrx_word' id='word_1_102' title='bbox 206 1898 238 1960; x_wconf 89' lang='lat' dir='ltr'><strong>et</strong></span> <span class='ocrx_word' id='word_1_103' title='bbox 261 1889 409 1983; x_wconf 83' lang='lat' dir='ltr'><strong>privatis,</strong></span> <span class='ocrx_word' id='word_1_104' title='bbox 435 1889 498 1958; x_wconf 85' lang='lat' dir='ltr'><strong>vix</strong></span> <span class='ocrx_word' id='word_1_105' title='bbox 523 1890 607 1958; x_wconf 90' lang='lat' dir='ltr'><strong>inter</strong></span> <span class='ocrx_word' id='word_1_106' title='bbox 634 1908 732 1959; x_wconf 90' lang='lat' dir='ltr'><strong>sacra</strong></span> <span class='ocrx_word' id='word_1_107' title='bbox 767 1890 929 1981; x_wconf 71' lang='lat' dir='ltr'><strong>mysteria</strong></span> <span class='ocrx_word' id='word_1_108' title='bbox 962 1885 1072 1957; x_wconf 91' lang='lat' dir='ltr'><strong>locum</strong></span> <span class='ocrx_word' id='word_1_109' title='bbox 1106 1884 1300 1957; x_wconf 87' lang='lat' dir='ltr'><strong>babuerunt.</strong></span> <span class='ocrx_word' id='word_1_110' title='bbox 1352 1884 1466 1979; x_wconf 86' lang='lat' dir='ltr'><strong>ltaque</strong></span> <span class='ocrx_word' id='word_1_111' title='bbox 1506 1906 1568 1979; x_wconf 90' lang='lat' dir='ltr'><strong>per</strong></span> 
     </span>
     <span class='ocr_line' id='line_1_13' title="bbox 206 2000 1567 2100; baseline -0.005 -23"><span class='ocrx_word' id='word_1_112' title='bbox 206 2005 284 2077; x_wconf 86' lang='lat' dir='ltr'><strong>tales</strong></span> <span class='ocrx_word' id='word_1_113' title='bbox 315 2003 459 2100; x_wconf 69' lang='lat' dir='ltr'><strong>hymnos</strong></span> <span class='ocrx_word' id='word_1_114' title='bbox 497 2002 635 2095; x_wconf 73' lang='lat' dir='ltr'><strong>intelligi</strong></span> <span class='ocrx_word' id='word_1_115' title='bbox 673 2012 814 2098; x_wconf 87' lang='lat' dir='ltr'><strong>possunt</strong></span> <span class='ocrx_word' id='word_1_116' title='bbox 851 2003 968 2074; x_wconf 87' lang='lat' dir='ltr'><strong>variae</strong></span> <span class='ocrx_word' id='word_1_117' title='bbox 1007 2022 1127 2098; x_wconf 88' lang='lat' dir='ltr'><strong>preces</strong></span> <span class='ocrx_word' id='word_1_118' title='bbox 1168 2025 1188 2073; x_wconf 87' lang='lat' dir='ltr'><strong>a</strong></span> <span class='ocrx_word' id='word_1_119' title='bbox 1222 2003 1336 2097; x_wconf 90' lang='lat' dir='ltr'><strong>primis</strong></span> <span class='ocrx_word' id='word_1_120' title='bbox 1373 2000 1567 2074; x_wconf 84' lang='lat' dir='ltr'><strong>Christianis</strong></span> 
     </span>
     <span class='ocr_line' id='line_1_14' title="bbox 205 2115 1567 2215; baseline -0.004 -23"><span class='ocrx_word' id='word_1_121' title='bbox 205 2124 422 2215; x_wconf 81' lang='lat' dir='ltr'><strong>compositae,</strong></span> <span class='ocrx_word' id='word_1_122' title='bbox 457 2121 573 2215; x_wconf 85' lang='lat' dir='ltr'><strong>quales</strong></span> <span class='ocrx_word' id='word_1_123' title='bbox 600 2118 722 2191; x_wconf 87' lang='lat' dir='ltr'><strong>multae</strong></span> <span class='ocrx_word' id='word_1_124' title='bbox 749 2128 928 2190; x_wconf 88' lang='lat' dir='ltr'><strong>occurrunt</strong></span> <span class='ocrx_word' id='word_1_125' title='bbox 962 2118 997 2188; x_wconf 90' lang='lat' dir='ltr'><strong>in</strong></span> <span class='ocrx_word' id='word_1_126' title='bbox 1027 2117 1325 2193; x_wconf 82' lang='lat' dir='ltr'><strong>sacramentalibus</strong></span> <span class='ocrx_word' id='word_1_127' title='bbox 1358 2115 1488 2207; x_wconf 86' lang='lat' dir='ltr'><strong>officiis,</strong></span> <span class='ocrx_word' id='word_1_128' title='bbox 1524 2115 1567 2188; x_wconf 94' lang='lat' dir='ltr'><strong>ad</strong></span> 
     </span>
     <span class='ocr_line' id='line_1_15' title="bbox 205 2232 1221 2330; baseline -0.002 -22"><span class='ocrx_word' id='word_1_129' title='bbox 205 2259 313 2308; x_wconf 86' lang='lat' dir='ltr'><strong>aarum</strong></span> <span class='ocrx_word' id='word_1_130' title='bbox 338 2236 490 2329; x_wconf 82' lang='lat' dir='ltr'><strong>formam,</strong></span> <span class='ocrx_word' id='word_1_131' title='bbox 517 2244 552 2307; x_wconf 89' lang='lat' dir='ltr'><strong>et</strong></span> <span class='ocrx_word' id='word_1_132' title='bbox 577 2235 693 2308; x_wconf 87' lang='lat' dir='ltr'><strong>iisdem</strong></span> <span class='ocrx_word' id='word_1_133' title='bbox 720 2234 866 2307; x_wconf 81' lang='lat' dir='ltr'><strong>tortasse</strong></span> <span class='ocrx_word' id='word_1_134' title='bbox 891 2232 1007 2306; x_wconf 84' lang='lat' dir='ltr'><strong>verbis</strong></span> <span class='ocrx_word' id='word_1_135' title='bbox 1034 2238 1221 2330; x_wconf 86' lang='lat' dir='ltr'><strong>expositae.</strong></span> 
     </span>
    </p>

    <p class='ocr_par' dir='ltr' id='par_1_3' title="bbox 204 2350 1889 3380">
     <span class='ocr_line' id='line_1_16' title="bbox 302 2350 1889 2448; baseline -0.004 -23"><span class='ocrx_word' id='word_1_136' title='bbox 302 2350 460 2448; x_wconf 81' lang='lat' dir='ltr'><strong>Sequitur</strong></span> <span class='ocrx_word' id='word_1_137' title='bbox 492 2350 615 2425; x_wconf 89' lang='lat' dir='ltr'><strong>oblatio</strong></span> <span class='ocrx_word' id='word_1_138' title='bbox 649 2355 744 2448; x_wconf 88' lang='lat' dir='ltr'><strong>panis</strong></span> <span class='ocrx_word' id='word_1_139' title='bbox 779 2361 813 2423; x_wconf 86' lang='lat' dir='ltr'><strong>et</strong></span> <span class='ocrx_word' id='word_1_140' title='bbox 838 2350 952 2422; x_wconf 85' lang='lat' dir='ltr'><strong>calicis</strong></span> <span class='ocrx_word' id='word_1_141' title='bbox 979 2352 1059 2422; x_wconf 82' lang='lat' dir='ltr'><strong>rino</strong></span> <span class='ocrx_word' id='word_1_142' title='bbox 1095 2360 1130 2421; x_wconf 85' lang='lat' dir='ltr'><strong>et</strong></span> <span class='ocrx_word' id='word_1_143' title='bbox 1156 2373 1242 2445; x_wconf 87' lang='lat' dir='ltr'><strong>aqna</strong></span> <span class='ocrx_word' id='word_1_144' title='bbox 1275 2353 1373 2440; x_wconf 75' lang='lat' dir='ltr'><strong>mimi,</strong></span> <span class='ocrx_word' id='word_1_145' title='bbox 1408 2370 1505 2445; x_wconf 89' lang='lat' dir='ltr'><strong>quam</strong></span> <span class='ocrx_word' id='word_1_146' title='bbox 1531 2359 1568 2421; x_wconf 91' lang='lat' dir='ltr'><strong>ut</strong></span> <span class='ocrx_word' id='word_1_147' title='bbox 1581 2359 1681 2413; x_wconf 69' lang='lat' dir='ltr'><strong>Obicio</strong></span> <span class='ocrx_word' id='word_1_148' title='bbox 1693 2363 1766 2431; x_wconf 74' lang='lat' dir='ltr'><strong>punis</strong></span> <span class='ocrx_word' id='word_1_149' title='bbox 1783 2369 1809 2413; x_wconf 81' lang='lat' dir='ltr'><strong>et</strong></span> <span class='ocrx_word' id='word_1_150' title='bbox 1827 2363 1889 2416; x_wconf 79' lang='lat' dir='ltr'><strong>utut.</strong></span> 
     </span>
     <span class='ocr_line' id='line_1_17' title="bbox 205 2465 1568 2566; baseline -0.004 -23"><span class='ocrx_word' id='word_1_151' title='bbox 205 2470 471 2566; x_wconf 86' lang='lat' dir='ltr'><strong>simplicissimam</strong></span> <span class='ocrx_word' id='word_1_152' title='bbox 506 2471 598 2540; x_wconf 88' lang='lat' dir='ltr'><strong>initio</strong></span> <span class='ocrx_word' id='word_1_153' title='bbox 632 2467 740 2541; x_wconf 86' lang='lat' dir='ltr'><strong>luisse</strong></span> <span class='ocrx_word' id='word_1_154' title='bbox 775 2466 957 2540; x_wconf 88' lang='lat' dir='ltr'><strong>verisimile</strong></span> <span class='ocrx_word' id='word_1_155' title='bbox 990 2469 1124 2539; x_wconf 89' lang='lat' dir='ltr'><strong>omnino</strong></span> <span class='ocrx_word' id='word_1_156' title='bbox 1159 2475 1230 2557; x_wconf 90' lang='lat' dir='ltr'><strong>est,</strong></span> <span class='ocrx_word' id='word_1_157' title='bbox 1264 2470 1310 2537; x_wconf 90' lang='lat' dir='ltr'><strong>ita</strong></span> <span class='ocrx_word' id='word_1_158' title='bbox 1343 2465 1500 2539; x_wconf 88' lang='lat' dir='ltr'><strong>decenter</strong></span> <span class='ocrx_word' id='word_1_159' title='bbox 1535 2476 1568 2538; x_wconf 91' lang='lat' dir='ltr'><strong>et</strong></span> 
     </span>
     <span class='ocr_line' id='line_1_18' title="bbox 204 2580 1567 2674; baseline -0.003 -17"><span class='ocrx_word' id='word_1_160' title='bbox 204 2609 277 2657; x_wconf 87' lang='lat' dir='ltr'><strong>cmn</strong></span> <span class='ocrx_word' id='word_1_161' title='bbox 301 2588 490 2658; x_wconf 86' lang='lat' dir='ltr'><strong>reverentia</strong></span> <span class='ocrx_word' id='word_1_162' title='bbox 516 2584 637 2657; x_wconf 87' lang='lat' dir='ltr'><strong>laetam</strong></span> <span class='ocrx_word' id='word_1_163' title='bbox 663 2584 779 2674; x_wconf 85' lang='lat' dir='ltr'><strong>luisse,</strong></span> <span class='ocrx_word' id='word_1_164' title='bbox 806 2606 874 2656; x_wconf 89' lang='lat' dir='ltr'><strong>non</strong></span> <span class='ocrx_word' id='word_1_165' title='bbox 901 2592 954 2656; x_wconf 87' lang='lat' dir='ltr'><strong>est</strong></span> <span class='ocrx_word' id='word_1_166' title='bbox 969 2581 1188 2655; x_wconf 86' lang='lat' dir='ltr'><strong>dubitandum.</strong></span> <span class='ocrx_word' id='word_1_167' title='bbox 1216 2580 1286 2655; x_wconf 86' lang='lat' dir='ltr'><strong>Sed</strong></span> <span class='ocrx_word' id='word_1_168' title='bbox 1312 2582 1386 2655; x_wconf 90' lang='lat' dir='ltr'><strong>dum</strong></span> <span class='ocrx_word' id='word_1_169' title='bbox 1408 2583 1567 2672; x_wconf 85' lang='lat' dir='ltr'><strong>lustinus,</strong></span> 
     </span>
     <span class='ocr_line' id='line_1_19' title="bbox 204 2699 1570 2799; baseline -0.004 -23"><span class='ocrx_word' id='word_1_170' title='bbox 204 2704 475 2792; x_wconf 80' lang='lat' dir='ltr'><strong>Pruaaidcntcm,</strong></span> <span class='ocrx_word' id='word_1_171' title='bbox 518 2705 574 2791; x_wconf 86' lang='lat' dir='ltr'><strong>ait,</strong></span> <span class='ocrx_word' id='word_1_172' title='bbox 615 2705 804 2799; x_wconf 72' lang='lat' dir='ltr'><strong>prationem</strong></span> <span class='ocrx_word' id='word_1_173' title='bbox 836 2704 1005 2772; x_wconf 80' lang='lat' dir='ltr'><strong>actionem</strong></span> <span class='ocrx_word' id='word_1_174' title='bbox 1044 2705 1079 2770; x_wconf 84' lang='lat' dir='ltr'><strong>ct</strong></span> <span class='ocrx_word' id='word_1_175' title='bbox 1110 2699 1243 2770; x_wconf 70' lang='lat' dir='ltr'><strong>laudm</strong></span> <span class='ocrx_word' id='word_1_176' title='bbox 1282 2700 1360 2771; x_wconf 83' lang='lat' dir='ltr'><strong>Deo</strong></span> <span class='ocrx_word' id='word_1_177' title='bbox 1396 2699 1570 2793; x_wconf 78' lang='lat' dir='ltr'><strong>prolixius</strong></span> 
     </span>
     <span class='ocr_line' id='line_1_20' title="bbox 205 2814 1568 2916; baseline -0.003 -25"><span class='ocrx_word' id='word_1_178' title='bbox 205 2842 315 2916; x_wconf 81' lang='lat' dir='ltr'><strong>opere,</strong></span> <span class='ocrx_word' id='word_1_179' title='bbox 343 2822 449 2913; x_wconf 89' lang='lat' dir='ltr'><strong>prima</strong></span> <span class='ocrx_word' id='word_1_180' title='bbox 475 2817 582 2890; x_wconf 85' lang='lat' dir='ltr'><strong>forma</strong></span> <span class='ocrx_word' id='word_1_181' title='bbox 609 2821 801 2910; x_wconf 76' lang='lat' dir='ltr'><strong>agnoscitur</strong></span> <span class='ocrx_word' id='word_1_182' title='bbox 829 2818 985 2891; x_wconf 89' lang='lat' dir='ltr'><strong>orationis</strong></span> <span class='ocrx_word' id='word_1_183' title='bbox 1012 2814 1096 2887; x_wconf 88' lang='lat' dir='ltr'><strong>illius</strong></span> <span class='ocrx_word' id='word_1_184' title='bbox 1114 2838 1214 2910; x_wconf 60' lang='lat' dir='ltr'><strong>mam</strong></span> <span class='ocrx_word' id='word_1_185' title='bbox 1224 2814 1470 2888; x_wconf 86' lang='lat' dir='ltr'><strong>Praelationem</strong></span> <span class='ocrx_word' id='word_1_186' title='bbox 1496 2837 1568 2887; x_wconf 90' lang='lat' dir='ltr'><strong>vo-</strong></span> 
     </span>
     <span class='ocr_line' id='line_1_21' title="bbox 205 2931 1568 3029; baseline -0.006 -20"><span class='ocrx_word' id='word_1_187' title='bbox 205 2957 326 3026; x_wconf 88' lang='lat' dir='ltr'><strong>camus,</strong></span> <span class='ocrx_word' id='word_1_188' title='bbox 354 2957 440 3029; x_wconf 85' lang='lat' dir='ltr'><strong>qnae</strong></span> <span class='ocrx_word' id='word_1_189' title='bbox 465 2937 499 3006; x_wconf 90' lang='lat' dir='ltr'><strong>in</strong></span> <span class='ocrx_word' id='word_1_190' title='bbox 525 2934 614 3006; x_wconf 89' lang='lat' dir='ltr'><strong>nulla</strong></span> <span class='ocrx_word' id='word_1_191' title='bbox 640 2933 791 3026; x_wconf 81' lang='lat' dir='ltr'><strong>Linurgiu</strong></span> <span class='ocrx_word' id='word_1_192' title='bbox 817 2936 981 3006; x_wconf 87' lang='lat' dir='ltr'><strong>omittitur.</strong></span> <span class='ocrx_word' id='word_1_193' title='bbox 1034 2931 1159 3005; x_wconf 86' lang='lat' dir='ltr'><strong>Preces</strong></span> <span class='ocrx_word' id='word_1_194' title='bbox 1192 2935 1302 3023; x_wconf 90' lang='lat' dir='ltr'><strong>etiam,</strong></span> <span class='ocrx_word' id='word_1_195' title='bbox 1329 2941 1363 3004; x_wconf 89' lang='lat' dir='ltr'><strong>et</strong></span> <span class='ocrx_word' id='word_1_196' title='bbox 1388 2933 1568 3025; x_wconf 82' lang='lat' dir='ltr'><strong>gratiarum</strong></span> 
     </span>
     <span class='ocr_line' id='line_1_22' title="bbox 206 3047 1568 3148; baseline -0.004 -24"><span class='ocrx_word' id='word_1_197' title='bbox 206 3055 361 3145; x_wconf 86' lang='lat' dir='ltr'><strong>actiones,</strong></span> <span class='ocrx_word' id='word_1_198' title='bbox 396 3050 512 3146; x_wconf 83' lang='lat' dir='ltr'><strong>quibus</strong></span> <span class='ocrx_word' id='word_1_199' title='bbox 548 3051 688 3148; x_wconf 90' lang='lat' dir='ltr'><strong>populus</strong></span> <span class='ocrx_word' id='word_1_200' title='bbox 721 3049 925 3122; x_wconf 86' lang='lat' dir='ltr'><strong>acclamabat</strong></span> <span class='ocrx_word' id='word_1_201' title='bbox 957 3050 1083 3135; x_wconf 80' lang='lat' dir='ltr'><strong>Amen,</strong></span> <span class='ocrx_word' id='word_1_202' title='bbox 1120 3047 1273 3121; x_wconf 88' lang='lat' dir='ltr'><strong>diversas</strong></span> <span class='ocrx_word' id='word_1_203' title='bbox 1301 3047 1374 3119; x_wconf 90' lang='lat' dir='ltr'><strong>illas</strong></span> <span class='ocrx_word' id='word_1_204' title='bbox 1402 3049 1568 3120; x_wconf 87' lang='lat' dir='ltr'><strong>orationes</strong></span> 
     </span>
     <span class='ocr_line' id='line_1_23' title="bbox 206 3164 1568 3263; baseline -0.005 -22"><span class='ocrx_word' id='word_1_205' title='bbox 206 3169 394 3263; x_wconf 78' lang='lat' dir='ltr'><strong>designant,</strong></span> <span class='ocrx_word' id='word_1_206' title='bbox 429 3191 513 3263; x_wconf 85' lang='lat' dir='ltr'><strong>quae</strong></span> <span class='ocrx_word' id='word_1_207' title='bbox 545 3178 665 3263; x_wconf 90' lang='lat' dir='ltr'><strong>postea</strong></span> <span class='ocrx_word' id='word_1_208' title='bbox 690 3187 753 3263; x_wconf 89' lang='lat' dir='ltr'><strong>pro</strong></span> <span class='ocrx_word' id='word_1_209' title='bbox 780 3167 929 3238; x_wconf 86' lang='lat' dir='ltr'><strong>locorum</strong></span> <span class='ocrx_word' id='word_1_210' title='bbox 961 3173 995 3237; x_wconf 90' lang='lat' dir='ltr'><strong>et</strong></span> <span class='ocrx_word' id='word_1_211' title='bbox 1020 3174 1205 3260; x_wconf 87' lang='lat' dir='ltr'><strong>temporum</strong></span> <span class='ocrx_word' id='word_1_212' title='bbox 1233 3164 1427 3237; x_wconf 87' lang='lat' dir='ltr'><strong>diversitate</strong></span> <span class='ocrx_word' id='word_1_213' title='bbox 1453 3167 1568 3235; x_wconf 90' lang='lat' dir='ltr'><strong>varias</strong></span> 
     </span>
     <span class='ocr_line' id='line_1_24' title="bbox 205 3284 562 3380; baseline -0.003 -24"><span class='ocrx_word' id='word_1_214' title='bbox 205 3284 325 3358; x_wconf 86' lang='lat' dir='ltr'><strong>formas</strong></span> <span class='ocrx_word' id='word_1_215' title='bbox 353 3293 562 3380; x_wconf 87' lang='lat' dir='ltr'><strong>acceperunt.</strong></span> 
     </span>
    </p>

    <p class='ocr_par' dir='ltr' id='par_1_4' title="bbox 207 3393 1894 4660">
     <span class='ocr_line' id='line_1_25' title="bbox 306 3393 1894 3493; baseline -0.003 -21"><span class='ocrx_word' id='word_1_216' title='bbox 306 3400 389 3472; x_wconf 80' lang='lat' dir='ltr'><strong>Cum</strong></span> <span class='ocrx_word' id='word_1_217' title='bbox 416 3423 503 3472; x_wconf 86' lang='lat' dir='ltr'><strong>vero</strong></span> <span class='ocrx_word' id='word_1_218' title='bbox 529 3422 598 3472; x_wconf 90' lang='lat' dir='ltr'><strong>non</strong></span> <span class='ocrx_word' id='word_1_219' title='bbox 624 3403 745 3490; x_wconf 86' lang='lat' dir='ltr'><strong>omnia,</strong></span> <span class='ocrx_word' id='word_1_220' title='bbox 772 3398 833 3473; x_wconf 92' lang='lat' dir='ltr'><strong>sed</strong></span> <span class='ocrx_word' id='word_1_221' title='bbox 858 3399 1038 3493; x_wconf 87' lang='lat' dir='ltr'><strong>praecipua</strong></span> <span class='ocrx_word' id='word_1_222' title='bbox 1065 3404 1208 3487; x_wconf 89' lang='lat' dir='ltr'><strong>tuntum,</strong></span> <span class='ocrx_word' id='word_1_223' title='bbox 1249 3406 1283 3467; x_wconf 90' lang='lat' dir='ltr'><strong>et</strong></span> <span class='ocrx_word' id='word_1_224' title='bbox 1309 3419 1395 3490; x_wconf 90' lang='lat' dir='ltr'><strong>quae</strong></span> <span class='ocrx_word' id='word_1_225' title='bbox 1421 3393 1569 3467; x_wconf 87' lang='lat' dir='ltr'><strong>Etbnicis</strong></span> <span class='ocrx_word' id='word_1_226' title='bbox 1599 3399 1637 3451; x_wconf 75' lang='lat'><strong>⁰⁰</strong></span> <span class='ocrx_word' id='word_1_227' title='bbox 1655 3400 1760 3469; x_wconf 75' lang='lat' dir='ltr'><strong>reliquis</strong></span> <span class='ocrx_word' id='word_1_228' title='bbox 1778 3398 1894 3467; x_wconf 65' lang='lat' dir='ltr'><strong>partious</strong></span> 
     </span>
     <span class='ocr_line' id='line_1_26' title="bbox 208 3487 1892 3626; baseline -0.004 -37"><span class='ocrx_word' id='word_1_229' title='bbox 208 3516 383 3610; x_wconf 85' lang='lat' dir='ltr'><strong>significari</strong></span> <span class='ocrx_word' id='word_1_230' title='bbox 408 3526 573 3612; x_wconf 80' lang='lat' dir='ltr'><strong>poterant,</strong></span> <span class='ocrx_word' id='word_1_231' title='bbox 600 3517 748 3588; x_wconf 79' lang='lat' dir='ltr'><strong>iusdnus</strong></span> <span class='ocrx_word' id='word_1_232' title='bbox 776 3517 933 3606; x_wconf 84' lang='lat' dir='ltr'><strong>attigerit,</strong></span> <span class='ocrx_word' id='word_1_233' title='bbox 960 3515 1003 3587; x_wconf 90' lang='lat' dir='ltr'><strong>de</strong></span> <span class='ocrx_word' id='word_1_234' title='bbox 1028 3514 1165 3610; x_wconf 83' lang='lat' dir='ltr'><strong>reliquis</strong></span> <span class='ocrx_word' id='word_1_235' title='bbox 1192 3536 1259 3587; x_wconf 91' lang='lat' dir='ltr'><strong>non</strong></span> <span class='ocrx_word' id='word_1_236' title='bbox 1282 3516 1389 3585; x_wconf 88' lang='lat' dir='ltr'><strong>minus</strong></span> <span class='ocrx_word' id='word_1_237' title='bbox 1416 3524 1508 3585; x_wconf 89' lang='lat' dir='ltr'><strong>certa</strong></span> <span class='ocrx_word' id='word_1_238' title='bbox 1536 3495 1670 3626; x_wconf 49' lang='lat' dir='ltr'><strong>etfjffm</strong></span> <span class='ocrx_word' id='word_1_239' title='bbox 1688 3494 1757 3539; x_wconf 48' lang='grc' dir='ltr'><strong>Μ’</strong></span> <span class='ocrx_word' id='word_1_240' title='bbox 1775 3487 1892 3538; x_wconf 54' lang='lat' dir='ltr'>‘mim‘</span> 
     </span>
     <span class='ocr_line' id='line_1_27' title="bbox 207 3630 1570 3729; baseline -0.004 -24"><span class='ocrx_word' id='word_1_241' title='bbox 207 3636 376 3729; x_wconf 88' lang='lat' dir='ltr'><strong>perspicua</strong></span> <span class='ocrx_word' id='word_1_242' title='bbox 413 3642 488 3704; x_wconf 91' lang='lat' dir='ltr'><strong>sunt</strong></span> <span class='ocrx_word' id='word_1_243' title='bbox 518 3643 669 3705; x_wconf 83' lang='lat' dir='ltr'><strong>veterum</strong></span> <span class='ocrx_word' id='word_1_244' title='bbox 703 3633 906 3704; x_wconf 88' lang='lat' dir='ltr'><strong>testimonia:</strong></span> <span class='ocrx_word' id='word_1_245' title='bbox 940 3641 976 3702; x_wconf 92' lang='lat' dir='ltr'><strong>ut</strong></span> <span class='ocrx_word' id='word_1_246' title='bbox 1010 3630 1051 3702; x_wconf 89' lang='lat' dir='ltr'><strong>de</strong></span> <span class='ocrx_word' id='word_1_247' title='bbox 1087 3630 1203 3704; x_wconf 89' lang='lat' dir='ltr'><strong>osculo</strong></span> <span class='ocrx_word' id='word_1_248' title='bbox 1229 3633 1334 3727; x_wconf 90' lang='lat' dir='ltr'><strong>pacis,</strong></span> <span class='ocrx_word' id='word_1_249' title='bbox 1363 3630 1405 3702; x_wconf 90' lang='lat' dir='ltr'><strong>de</strong></span> <span class='ocrx_word' id='word_1_250' title='bbox 1430 3633 1570 3702; x_wconf 87' lang='lat' dir='ltr'><strong>recitata</strong></span> 
     </span>
     <span class='ocr_line' id='line_1_28' title="bbox 209 3746 1571 3844; baseline -0.004 -22"><span class='ocrx_word' id='word_1_251' title='bbox 209 3752 354 3822; x_wconf 89' lang='lat' dir='ltr'><strong>oratione</strong></span> <span class='ocrx_word' id='word_1_252' title='bbox 383 3749 569 3844; x_wconf 87' lang='lat' dir='ltr'><strong>Dominica,</strong></span> <span class='ocrx_word' id='word_1_253' title='bbox 597 3749 639 3821; x_wconf 86' lang='lat' dir='ltr'><strong>de</strong></span> <span class='ocrx_word' id='word_1_254' title='bbox 665 3750 904 3822; x_wconf 88' lang='lat' dir='ltr'><strong>communionis</strong></span> <span class='ocrx_word' id='word_1_255' title='bbox 932 3746 1161 3821; x_wconf 85' lang='lat' dir='ltr'><strong>distributione</strong></span> <span class='ocrx_word' id='word_1_256' title='bbox 1195 3746 1245 3821; x_wconf 91' lang='lat' dir='ltr'><strong>bis</strong></span> <span class='ocrx_word' id='word_1_257' title='bbox 1277 3746 1412 3835; x_wconf 88' lang='lat' dir='ltr'><strong>verbis,</strong></span> <span class='ocrx_word' id='word_1_258' title='bbox 1439 3746 1571 3839; x_wconf 78' lang='lat' dir='ltr'><strong>Corpus</strong></span> 
     </span>
     <span class='ocr_line' id='line_1_29' title="bbox 210 3862 1571 3959; baseline -0.003 -22"><span class='ocrx_word' id='word_1_259' title='bbox 210 3866 339 3939; x_wconf 78' lang='lat' dir='ltr'><strong>Ciristi.</strong></span> <span class='ocrx_word' id='word_1_260' title='bbox 366 3869 496 3952; x_wconf 61' lang='lat' dir='ltr'><strong>Amem-</strong></span> <span class='ocrx_word' id='word_1_261' title='bbox 522 3876 559 3939; x_wconf 83' lang='lat' dir='ltr'><strong>at</strong></span> <span class='ocrx_word' id='word_1_262' title='bbox 585 3865 627 3937; x_wconf 88' lang='lat' dir='ltr'><strong>de</strong></span> <span class='ocrx_word' id='word_1_263' title='bbox 653 3864 762 3937; x_wconf 89' lang='lat' dir='ltr'><strong>multis</strong></span> <span class='ocrx_word' id='word_1_264' title='bbox 789 3865 874 3955; x_wconf 88' lang='lat' dir='ltr'><strong>aliis,</strong></span> <span class='ocrx_word' id='word_1_265' title='bbox 902 3886 1041 3959; x_wconf 91' lang='lat' dir='ltr'><strong>quorum</strong></span> <span class='ocrx_word' id='word_1_266' title='bbox 1066 3867 1191 3959; x_wconf 88' lang='lat' dir='ltr'><strong>passim</strong></span> <span class='ocrx_word' id='word_1_267' title='bbox 1219 3866 1322 3936; x_wconf 88' lang='lat' dir='ltr'><strong>sancti</strong></span> <span class='ocrx_word' id='word_1_268' title='bbox 1348 3862 1466 3934; x_wconf 89' lang='lat' dir='ltr'><strong>Patres</strong></span> <span class='ocrx_word' id='word_1_269' title='bbox 1492 3885 1571 3933; x_wconf 90' lang='lat' dir='ltr'><strong>me-</strong></span> 
     </span>
     <span class='ocr_line' id='line_1_30' title="bbox 210 3979 1570 4076; baseline -0.004 -22"><span class='ocrx_word' id='word_1_270' title='bbox 210 3985 338 4054; x_wconf 88' lang='lat' dir='ltr'><strong>minere.</strong></span> <span class='ocrx_word' id='word_1_271' title='bbox 365 3983 478 4076; x_wconf 85' lang='lat' dir='ltr'><strong>Atque</strong></span> <span class='ocrx_word' id='word_1_272' title='bbox 505 4005 546 4054; x_wconf 89' lang='lat' dir='ltr'><strong>ea</strong></span> <span class='ocrx_word' id='word_1_273' title='bbox 573 3991 648 4055; x_wconf 92' lang='lat' dir='ltr'><strong>sunt</strong></span> <span class='ocrx_word' id='word_1_274' title='bbox 674 4005 719 4053; x_wconf 85' lang='lat' dir='ltr'><strong>ex</strong></span> <span class='ocrx_word' id='word_1_275' title='bbox 747 3979 864 4076; x_wconf 85' lang='lat' dir='ltr'><strong>quibus</strong></span> <span class='ocrx_word' id='word_1_276' title='bbox 890 3991 1027 4052; x_wconf 88' lang='lat' dir='ltr'><strong>veteres</strong></span> <span class='ocrx_word' id='word_1_277' title='bbox 1061 4001 1176 4052; x_wconf 88' lang='lat' dir='ltr'><strong>omnes</strong></span> <span class='ocrx_word' id='word_1_278' title='bbox 1203 3979 1374 4071; x_wconf 79' lang='lat' dir='ltr'><strong>Liturgiae</strong></span> <span class='ocrx_word' id='word_1_279' title='bbox 1406 3987 1570 4069; x_wconf 86' lang='lat' dir='ltr'><strong>constant,</strong></span> 
     </span>
     <span class='ocr_line' id='line_1_31' title="bbox 211 4093 1571 4199; baseline -0.005 -30"><span class='ocrx_word' id='word_1_280' title='bbox 211 4098 289 4172; x_wconf 87' lang='lat' dir='ltr'><strong>adeo</strong></span> <span class='ocrx_word' id='word_1_281' title='bbox 313 4108 353 4199; x_wconf 18' lang='lat' dir='ltr'><strong>,nt</strong></span> <span class='ocrx_word' id='word_1_282' title='bbox 377 4098 456 4169; x_wconf 91' lang='lat' dir='ltr'><strong>nibil</strong></span> <span class='ocrx_word' id='word_1_283' title='bbox 480 4101 680 4187; x_wconf 87' lang='lat' dir='ltr'><strong>contineant,</strong></span> <span class='ocrx_word' id='word_1_284' title='bbox 709 4097 796 4192; x_wconf 90' lang='lat' dir='ltr'><strong>quod</strong></span> <span class='ocrx_word' id='word_1_285' title='bbox 822 4100 999 4192; x_wconf 88' lang='lat' dir='ltr'><strong>antiquitus</strong></span> <span class='ocrx_word' id='word_1_286' title='bbox 1026 4099 1112 4167; x_wconf 86' lang='lat' dir='ltr'><strong>inter</strong></span> <span class='ocrx_word' id='word_1_287' title='bbox 1138 4118 1235 4169; x_wconf 88' lang='lat' dir='ltr'><strong>sacra</strong></span> <span class='ocrx_word' id='word_1_288' title='bbox 1263 4093 1372 4168; x_wconf 89' lang='lat' dir='ltr'><strong>officia</strong></span> <span class='ocrx_word' id='word_1_289' title='bbox 1400 4094 1571 4167; x_wconf 88' lang='lat' dir='ltr'><strong>observa-</strong></span> 
     </span>
     <span class='ocr_line' id='line_1_32' title="bbox 210 4205 1573 4307; baseline -0.006 -21"><span class='ocrx_word' id='word_1_290' title='bbox 210 4223 271 4286; x_wconf 86' lang='lat' dir='ltr'><strong>tum</strong></span> <span class='ocrx_word' id='word_1_291' title='bbox 296 4238 365 4287; x_wconf 89' lang='lat' dir='ltr'><strong>non</strong></span> <span class='ocrx_word' id='word_1_292' title='bbox 390 4214 498 4286; x_wconf 87' lang='lat' dir='ltr'><strong>inerit.</strong></span> <span class='ocrx_word' id='word_1_293' title='bbox 527 4215 640 4288; x_wconf 89' lang='lat' dir='ltr'><strong>Omnis</strong></span> <span class='ocrx_word' id='word_1_294' title='bbox 669 4217 769 4307; x_wconf 81' lang='lat' dir='ltr'><strong>igitur</strong></span> <span class='ocrx_word' id='word_1_295' title='bbox 795 4235 910 4285; x_wconf 87' lang='lat' dir='ltr'><strong>eorum</strong></span> <span class='ocrx_word' id='word_1_296' title='bbox 937 4211 1108 4307; x_wconf 87' lang='lat' dir='ltr'><strong>disciplina</strong></span> <span class='ocrx_word' id='word_1_297' title='bbox 1137 4213 1447 4284; x_wconf 85' lang='lat' dir='ltr'><strong>commendatricem</strong></span> <span class='ocrx_word' id='word_1_298' title='bbox 1474 4205 1573 4280; x_wconf 87' lang='lat' dir='ltr'><strong>babet</strong></span> 
     </span>
     <span class='ocr_line' id='line_1_33' title="bbox 210 4313 1572 4427; baseline -0.007 -24"><span class='ocrx_word' id='word_1_299' title='bbox 210 4342 356 4404; x_wconf 88' lang='lat' dir='ltr'><strong>veterem</strong></span> <span class='ocrx_word' id='word_1_300' title='bbox 383 4340 417 4403; x_wconf 90' lang='lat' dir='ltr'><strong>et</strong></span> <span class='ocrx_word' id='word_1_301' title='bbox 442 4332 645 4427; x_wconf 88' lang='lat' dir='ltr'><strong>Apostoliois</strong></span> <span class='ocrx_word' id='word_1_302' title='bbox 673 4327 873 4427; x_wconf 86' lang='lat' dir='ltr'><strong>temporibus</strong></span> <span class='ocrx_word' id='word_1_303' title='bbox 897 4313 1091 4424; x_wconf 66' lang='lat' dir='ltr'><strong>&#39;prordmam</strong></span> <span class='ocrx_word' id='word_1_304' title='bbox 1117 4326 1317 4417; x_wconf 85' lang='lat' dir='ltr'><strong>Ecclesiam,</strong></span> <span class='ocrx_word' id='word_1_305' title='bbox 1344 4329 1438 4419; x_wconf 87' lang='lat' dir='ltr'><strong>cujus</strong></span> <span class='ocrx_word' id='word_1_306' title='bbox 1465 4326 1572 4397; x_wconf 90' lang='lat' dir='ltr'><strong>disci-</strong></span> 
     </span>
     <span class='ocr_line' id='line_1_34' title="bbox 212 4442 1572 4544; baseline -0.005 -25"><span class='ocrx_word' id='word_1_307' title='bbox 212 4447 294 4542; x_wconf 88' lang='lat' dir='ltr'><strong>plina</strong></span> <span class='ocrx_word' id='word_1_308' title='bbox 328 4471 389 4544; x_wconf 86' lang='lat' dir='ltr'><strong>per</strong></span> <span class='ocrx_word' id='word_1_309' title='bbox 422 4471 538 4520; x_wconf 91' lang='lat' dir='ltr'><strong>manus</strong></span> <span class='ocrx_word' id='word_1_310' title='bbox 569 4447 686 4519; x_wconf 89' lang='lat' dir='ltr'><strong>tradita</strong></span> <span class='ocrx_word' id='word_1_311' title='bbox 721 4468 787 4519; x_wconf 91' lang='lat' dir='ltr'><strong>non</strong></span> <span class='ocrx_word' id='word_1_312' title='bbox 822 4448 928 4517; x_wconf 79' lang='lat' dir='ltr'><strong>mbrns</strong></span> <span class='ocrx_word' id='word_1_313' title='bbox 960 4446 1053 4517; x_wconf 88' lang='lat' dir='ltr'><strong>valet</strong></span> <span class='ocrx_word' id='word_1_314' title='bbox 1084 4467 1182 4540; x_wconf 83' lang='lat' dir='ltr'><strong>quam</strong></span> <span class='ocrx_word' id='word_1_315' title='bbox 1221 4447 1249 4519; x_wconf 86' lang='lat' dir='ltr'><strong>si</strong></span> <span class='ocrx_word' id='word_1_316' title='bbox 1287 4446 1410 4539; x_wconf 89' lang='lat' dir='ltr'><strong>scripta</strong></span> <span class='ocrx_word' id='word_1_317' title='bbox 1443 4442 1572 4530; x_wconf 87' lang='lat' dir='ltr'><strong>luisset,</strong></span> 
     </span>
     <span class='ocr_line' id='line_1_35' title="bbox 214 4560 1573 4660; baseline -0.006 -24"><span class='ocrx_word' id='word_1_318' title='bbox 214 4565 296 4658; x_wconf 85' lang='lat' dir='ltr'><strong>qnod</strong></span> <span class='ocrx_word' id='word_1_319' title='bbox 330 4568 442 4660; x_wconf 91' lang='lat' dir='ltr'><strong>primis</strong></span> <span class='ocrx_word' id='word_1_320' title='bbox 475 4564 539 4636; x_wconf 91' lang='lat' dir='ltr'><strong>illis</strong></span> <span class='ocrx_word' id='word_1_321' title='bbox 574 4563 717 4638; x_wconf 88' lang='lat' dir='ltr'><strong>saeculis</strong></span> <span class='ocrx_word' id='word_1_322' title='bbox 752 4585 820 4635; x_wconf 91' lang='lat' dir='ltr'><strong>non</strong></span> <span class='ocrx_word' id='word_1_323' title='bbox 846 4563 979 4635; x_wconf 85' lang='lat' dir='ltr'><strong>videtur</strong></span> <span class='ocrx_word' id='word_1_324' title='bbox 1013 4562 1145 4653; x_wconf 81' lang='lat' dir='ltr'><strong>lacuum,</strong></span> <span class='ocrx_word' id='word_1_325' title='bbox 1181 4562 1223 4633; x_wconf 92' lang='lat' dir='ltr'><strong>de</strong></span> <span class='ocrx_word' id='word_1_326' title='bbox 1258 4565 1363 4634; x_wconf 89' lang='lat' dir='ltr'><strong>sacris</strong></span> <span class='ocrx_word' id='word_1_327' title='bbox 1395 4560 1573 4656; x_wconf 74' lang='lat' dir='ltr'><strong>mysteriis,</strong></span> 
     </span>
    </p>
   </div>
   <div class='ocr_carea' id='block_1_3' title="bbox 213 4679 801 4778">
    <p class='ocr_par' dir='ltr' id='par_1_5' title="bbox 213 4679 801 4778">
     <span class='ocr_line' id='line_1_36' title="bbox 213 4679 801 4778; baseline 0.003 -27"><span class='ocrx_word' id='word_1_328' title='bbox 213 4700 277 4752; x_wconf 87' lang='lat' dir='ltr'><strong>non</strong></span> <span class='ocrx_word' id='word_1_329' title='bbox 300 4685 407 4775; x_wconf 87' lang='lat' dir='ltr'><strong>magis</strong></span> <span class='ocrx_word' id='word_1_330' title='bbox 434 4680 601 4778; x_wconf 83' lang='lat' dir='ltr'><strong>quamde</strong></span> <span class='ocrx_word' id='word_1_331' title='bbox 628 4679 801 4777; x_wconf 77' lang='lat' dir='ltr'><strong>Symbolo.</strong></span> 
     </span>
    </p>
   </div>
   <div class='ocr_carea' id='block_1_4' title="bbox 0 0 2283 6034">
    <p class='ocr_par' dir='ltr' id='par_1_6' title="bbox 0 0 2283 6034">
     <span class='ocr_line' id='line_1_37' title="bbox 0 0 2283 6034; baseline 0 0"><span class='ocrx_word' id='word_1_332' title='bbox 0 0 2283 6034; x_wconf 95' lang='lat' dir='ltr'><strong> </strong></span> 
     </span>
    </p>
   </div>
  </div>
 </body>
</html>
