4525 6034
756 586 1064 664 PRAEFATIO.

228 781 283 859 illa
320 779 369 858 de
406 779 636 860 Orientalium
679 803 860 858 consensu
896 752 1057 883 quaestio
1102 793 1172 860 tam
1203 785 1396 886 perspicue
1430 781 1604 882 explicata

228 919 290 1016 sit,
320 939 396 993 non
425 914 535 993 modo
570 940 617 993 ex
650 915 790 993 illorum
821 917 881 1019 qui
909 917 1110 1018 praecipuis
1138 914 1315 995 Ecclesiis
1342 913 1604 1018 praesidebant,

227 1048 420 1152 Episcopis
458 1061 495 1127 ct
527 1047 784 1128 Sacerdotibus
822 1051 1082 1154 cujuscumque
1122 1062 1264 1152 sectae,
1308 1048 1375 1128 sed
1416 1051 1520 1126 etiam
1558 1071 1606 1123 ex

227 1182 417 1286 liturgiis,
447 1183 596 1286 aliisque
632 1182 796 1285 publicae
828 1186 1021 1261 autoritatis
1055 1183 1175 1287 libris,
1204 1196 1244 1262 ut
1266 1182 1468 1263 confutatus
1492 1178 1606 1259 Clau-

229 1316 305 1395 dius
341 1315 426 1394 nibil
457 1314 555 1419 quod
589 1328 803 1418 reponeret,
833 1316 1005 1394 babuerit.
1322 1326 1326 1333 '

350 1447 443 1527 Cum
472 1449 643 1528 librorum
683 1451 757 1553 jam
801 1453 904 1553 copia
941 1454 1025 1528 satis
1063 1450 1178 1553 ampla
1213 1462 1441 1554 suppeteret,
1489 1473 1607 1553 quae-
1651 1460 1699 1534 ’,ί
1772 1484 1777 1494 ·
1899 1500 1931 1536 e.

230 1608 385 1687 cumque
414 1583 459 1661 ad
489 1582 667 1686 Liturgias
696 1583 905 1685 spectabant
928 1587 1126 1662 accuratius
1151 1587 1328 1688 inspicere
1351 1583 1648 1707 necesse·suit,‡
1674 1571 1707 1620 “⁰
1740 1584 1784 1667 ,θ’
1814 1585 1868 1621 '¹¹¹⁰
1905 1586 1921 1622 ⁰

231 1720 309 1820 qnia
331 1742 415 1794 eum
441 1719 692 1820 gravissimam
721 1721 848 1796 merito
863 1715 1068 1821 judicemus
1096 1741 1180 1796 esse
1206 1718 1342 1796 illarum
1373 1722 1607 1819 autoritatem,

231 1851 310 1929 nibil
351 1854 552 1954 speciosius
594 1874 780 1953 opponere
812 1849 1056 1930 Protestantes
1092 1863 1277 1954 potemnt,
1324 1876 1429 1955 quam
1468 1852 1607 1931 illorum

232 1986 412 2063 bominum
436 1983 591 2088 judicia,
625 1988 685 2088 qui
720 1984 768 2062 de
797 1985 864 2063 illis
894 1990 1011 2063 minus
1042 1985 1233 2064 commode
1265 1998 1472 2086 senserant,
1515 2011 1608 2090 quae

231 2118 399 2196 amultis
436 2117 582 2196 eruditis
619 2122 711 2196 inter
743 2116 946 2198 catholicos
988 2122 1074 2198 viris
1119 2143 1192 2198 non
1229 2118 1338 2198 modo
1370 2120 1503 2223 rejecta
1535 2145 1608 2198 non

231 2252 367 2353 lorent,
417 2251 483 2329 sed
526 2251 718 2354 approbata
762 2255 906 2355 saepius
947 2264 983 2331 et
1021 2255 1127 2331 novis
1149 2240 1357 2332 'rationibus
1390 2254 1607 2332 concinnata.

232 2385 304 2463 Sed
340 2389 455 2465 statim
490 2397 598 2489 atque
628 2385 807 2490 biturgias
841 2389 1007 2465 attentius
1045 2387 1253 2489 expendere
1287 2391 1491 2490 coepimus,
1537 2387 1609 2466 ob-

233 2523 453 2599 servavimus
487 2544 554 2598 eos
586 2523 646 2624 qui
681 2520 757 2598 illas
785 2544 858 2600 non
901 2524 967 2599 nisi
1007 2524 1041 2599 in
1075 2521 1305 2600 versionibus
1338 2522 1519 2625 legerant,
1562 2520 1609 2598 de

232 2655 294 2733 illis
334 2654 536 2732 nullatenus
577 2652 746 2732 debuisse
783 2653 958 2757 judicare.
1019 2656 1077 2733 De
1114 2653 1261 2734 Graecis
1301 2681 1373 2734 non
1417 2657 1609 2759 loquimru,

233 2789 294 2867 sed
323 2788 372 2865 de
402 2787 656 2891 Aegyptiacis,
687 2812 837 2891 quarum
868 2813 1005 2867 summa
1039 2793 1226 2894 antiquitas
1260 2801 1337 2891 est,
1389 2813 1550 2892 ususque
1588 2814 1609 2864 a

233 2923 322 3000 mille
347 2932 384 2999 et
406 2932 549 2998 eentum
581 2924 681 2999 annis
706 2925 741 2999 in
759 2919 925 3000 Ecclesia
949 2922 1190 3002 Abxandrina
1213 2935 1419 3026 perpetuus.
1451 2921 1609 3001 Aethio·

233 3060 343 3158 picam
385 3078 531 3158 quoque
565 3079 612 3132 ex
643 3055 711 3133 illis
748 3079 956 3157 expressam
986 3057 1193 3160 expendere
1226 3081 1380 3134 necesse
1414 3054 1496 3133 suit:
1534 3066 1609 3133 tum

234 3189 312 3267 alias
347 3186 535 3291 Syriacas,
579 3213 672 3293 quae
706 3187 750 3266 ab
786 3187 1004 3268 Ortbodoxis
1037 3193 1115 3269 sive
1152 3188 1348 3290 Melchitis,
1388 3188 1609 3266 Nestorianis

236 3335 269 3401 et
299 3321 472 3401 Jacobitis
505 3332 773 3425 usurparentur.
835 3321 974 3402 Romae
1005 3324 1118 3403 editas
1153 3328 1187 3402 in
1230 3322 1362 3403 blissali
1404 3320 1608 3423 chaldaico,

234 3482 276 3536 ex
309 3460 421 3561 prima
454 3460 697 3560 inspectione,
730 3456 939 3536 relonnatas
974 3458 1092 3537 multis
1118 3462 1154 3536 in
1182 3458 1272 3537 locis
1296 3482 1380 3536 esse
1406 3456 1607 3535 constabat:

233 3590 476 3671 llalabarioam
507 3590 618 3669 multo
651 3596 777 3695 magis.
840 3589 932 3670 Cum
964 3617 1074 3696 porro
1091 3592 1341 3670 'Nestorianae
1370 3589 1503 3669 Missae
1529 3587 1609 3667 Co-

234 3725 330 3805 dices
370 3737 407 3803 et
450 3724 692 3804 Jacobitarum
743 3727 947 3829 complures
997 3730 1299 3830 inspexissemus,
1350 3737 1423 3803 tum
1464 3723 1608 3801 demum

233 3861 430 3963 inteEigere
458 3860 574 3962 licuit,
616 3885 722 3965 quam
745 3864 848 3964 gravi
875 3864 1078 3940 testimonio
1110 3871 1162 3940 tot
1181 3859 1427 3942 Ecclesiamm
1449 3883 1469 3935 a
1491 3857 1608 3935 multis

234 3995 383 4073 saeculis
406 4008 648 4098 separatamm
671 3999 807 4098 privata
832 3995 904 4074 huc
932 4020 1049 4100 usque
1078 3995 1205 4074 brisset
1225 3992 1390 4075 Ecclesia
1411 3990 1606 4092 Catholica,

234 4153 322 4232 quae
363 4132 402 4205 in
439 4106 606 4208 diversis
630 4129 697 4209 illis
733 4127 869 4207 Officiis
901 4133 1058 4208 omnium
1094 4131 1255 4233 gentium
1291 4128 1446 4230 linguis,
1500 4149 1606 4203 unam

232 4275 391 4341 veterem
425 4263 627 4368 irustraque
655 4262 1004 4343 allelonnatoribus
1036 4265 1201 4343 novitatis
1234 4273 1435 4340 accusatam
1456 4258 1607 4337 Eucha-

233 4400 347 4476 ristiae
381 4397 490 4476 fidem
515 4401 711 4500 perspicue
736 4397 954 4500 loqueretur.

348 4530 493 4609 Exinde
521 4532 707 4611 consilium
739 4535 924 4633 coepimus
953 4531 1130 4633 Liturgias
1154 4528 1374 4628 Orientales,
1407 4551 1606 4630 quaecum-
1654 4538 1749 4639 Earum
1765 4552 1833 4590 nova
1846 4539 1932 4637 inter·

234 4686 300 4767 que
340 4663 463 4742 haberi
504 4676 668 4767 poterant
710 4664 982 4767 interpretandi,
1035 4688 1108 4766 quo
1150 4666 1184 4739 in
1218 4662 1341 4740 labore
1381 4659 1606 4739 difficultates
1619 4634 1730 4693 ΜΝ
1748 4638 1910 4677 ⁰⁰⁰⁰⁸⁸¹¹¹⁸⁸

234 4801 401 4876 maximas
437 4818 610 4901 superare
647 4821 801 4877 necesse
842 4796 916 4875 um.
988 4796 1028 4873 ln
1069 4794 1225 4896 Syriacis
1264 4797 1379 4872 minus
1422 4795 1606 4872 molestiae

236 4928 478 5009 devorandum
503 4930 710 5009 videbatur:
748 4956 821 5009 non
850 4930 1041 5009 mediocris
1073 4940 1192 5006 tamen
1216 4928 1272 5005 illa
1298 4927 1381 5030 luit,
1414 4954 1494 5006 cum
1520 4929 1605 5030 plu-

235 5085 291 5141 res
321 5065 433 5168 longe
470 5090 575 5170 quam
614 5070 648 5142 in
678 5063 812 5144 blissali
845 5061 1036 5142 Chaldaico
1071 5062 1187 5141 editae
1218 5061 1380 5164 fuerant,
1425 5062 1605 5165 liturgiae

1351 5193 1399 5264 b*
