4525 6034
446 496 452 514 ι
520 568 566 644 ΙΝ
599 565 848 643 Lttoaams
880 564 1288 694 nastoatnnoaott
1505 566 1579 640 OOl

213 752 403 816 consecratio
420 751 601 815 admittenda
616 750 707 830 foret,
730 769 798 813 cum
814 749 1015 815 Invocationis
1036 751 1156 815 solenni
1184 750 1235 815 ilia
1263 751 1391 816 somnula
1411 759 1531 828 careat3
1552 752 1584 815 in

215 870 275 934 qua
296 859 424 935 rogatur
445 852 540 926 Deus,
562 859 595 913 ut
611 851 738 933 Spiritus
760 858 883 913 sanctus
906 851 1070 915 adveniens
1092 852 1172 914 dona
1192 853 1359 933 proposita,
1382 870 1491 934 panem
1513 850 1584 932 qui·

214 950 283 1013 dem
305 950 396 1014 iaciat
417 968 539 1034 corpus,
561 952 679 1014 mistum
702 949 783 1031 quod
805 952 905 1013 estin
928 950 1023 1014 calice
1046 953 1225 1035 sanguinem
1247 951 1360 1015 Christi
1379 952 1509 1014 Domini.
1553 951 1584 1014 Si

213 1051 306 1134 igitur
328 1070 385 1132 per
406 1051 456 1114 illa
478 1050 573 1113 verba
596 1049 761 1130 perficitur,
784 1069 852 1112 cum
879 1048 1043 1130 abfuerint,
1070 1051 1146 1113 nibil
1168 1050 1216 1113 lit:
1243 1069 1343 1132 nequa
1372 1051 1467 1113 altera
1495 1067 1583 1131 quam

213 1168 306 1232 supra
328 1149 528 1213 invocationis
541 1149 663 1228 alonna,
692 1149 847 1211 retulimus
870 1149 1004 1212 eamdem
1027 1150 1224 1229 sententiam,
1246 1158 1297 1212 aut
1318 1167 1422 1230 parem
1444 1149 1504 1210 vim
1525 1146 1583 1210 ha-

213 1251 289 1313 bere
311 1249 465 1313 censenda
492 1257 548 1314 est.
600 1248 642 1311 Λι
669 1267 736 1311 cum
765 1249 795 1310 in
828 1247 980 1311 Theodori
1009 1255 1040 1311 et
1065 1248 1200 1311 Nestorii
1226 1248 1369 1330 Liturgiis
1397 1246 1585 1330 Euangeliou

213 1349 308 1412 verba
331 1348 454 1427 Christi,
476 1356 510 1411 ut
531 1349 560 1410 in
584 1348 722 1412 omnibus
744 1347 810 1410 aliis
834 1347 991 1431 legantur,
1020 1349 1117 1430 prima
1140 1348 1305 1411 secundum
1326 1347 1394 1410 illas
1423 1345 1583 1410 reformari

213 1447 380 1511 indubitate
402 1445 502 1509 debet.

299 1548 333 1610 ln
355 1547 448 1609 Missa
471 1544 650 1608 bialabarica
681 1547 776 1609 torma
803 1544 964 1608 verborum
989 1544 1099 1608 Christi
1121 1545 1302 1627 interpolata
1323 1552 1387 1622 est,
1416 1553 1449 1609 ut
1477 1543 1584 1606 Latina

214 1648 449 1710 substitueretur
466 1648 553 1726 juxta
576 1644 746 1727 exemplum
774 1644 905 1707 blissalis
928 1643 1081 1708 Chaldaici
1110 1645 1224 1708 Romae
1247 1645 1330 1710 editi.
1380 1644 1467 1708 Ratio
1497 1643 1583 1725 hujus

213 1747 386 1808 mutationis
410 1747 440 1807 in
462 1745 603 1808 Decretis
627 1744 742 1827 synodi
764 1743 989 1825 Diamperensis
1011 1744 1089 1806 baec
1112 1746 1299 1828 assignatum
1322 1744 1404 1826 quod
1424 1745 1584 1807 Nestoria-

214 1862 321 1907 norum
343 1843 534 1907 Patriarchae
558 1844 692 1907 nonnulli
715 1862 781 1906 eam
803 1845 1004 1924 corruperint,
1027 1843 1256 1925 addiderintque
1280 1861 1315 1905 aa
1339 1861 1418 1923 quae
1440 1842 1478 1905 ad
1500 1860 1584 1904 suam

213 1943 355 2006 haeresin
377 1945 582 2008 insinuandam
605 1943 758 2023 iacerent,
789 1942 819 2004 id
848 1961 923 2006 vero
951 1942 1101 2024 quommo
1130 1944 1161 2005 in
1182 1942 1284 2006 verbis
1308 1941 1420 2006 Christi
1441 1939 1585 2004 releren-

215 2044 262 2105 dis
285 2043 351 2106 fieri
373 2052 489 2126 posset,
513 2060 572 2106 non
596 2042 684 2106 iacile
708 2042 894 2124 intelligitur.
947 2043 1027 2106 Sane
1049 2041 1200 2106 Theodori
1223 2052 1254 2106 et
1274 2042 1409 2106 Nestorii
1429 2040 1585 2124 Liturgiae

215 2159 294 2222 quae
317 2143 613 2225 germanissimorum
635 2143 885 2206 Nestorianorum
908 2149 994 2221 sunt,
1029 2142 1069 2203 ita
1092 2142 1168 2204 baec
1188 2143 1285 2205 verba
1305 2141 1459 2217 referunt,
1486 2148 1519 2202 ut
1546 2140 1585 2203 ab

215 2242 399 2305 Ortbodonis
422 2241 558 2322 Graecis,
582 2243 667 2324 Syris
689 2250 719 2305 et
742 2242 808 2304 aliis
830 2242 975 2304 Jacobitis
998 2241 1213 2323 cujuscumque
1236 2241 1356 2323 linguae
1378 2241 1585 2324 pronuncian-

212 2350 270 2404 tur.
313 2341 379 2403 Hoc
401 2350 447 2403 eat
468 2361 580 2422 coapto
600 2361 707 2416 meana,
730 2343 810 2422 qaod
829 2359 889 2420 pro
909 2340 997 2403 cobis
1015 2340 1170 2422 srcnpibrr
1190 2343 1222 2402 ia
1243 2342 1451 2403 renaisaicneat
1468 2357 1586 2421 pecco-

213 2450 321 2505 taram.
367 2441 425 2503 Hic
447 2449 493 2503 est
513 2444 639 2521 sanatas
666 2460 751 2503 metus
771 2441 852 2504 Noni
873 2440 1066 2517 Testamenti,
1098 2443 1151 2521 qai
1174 2459 1236 2520 pro
1262 2440 1350 2502 cobis
1371 2439 1532 2521 effunditur
1552 2441 1586 2501 aba
1679 2419 1685 2435 ⁶

211 2542 420 2603 reuomentem
437 2548 641 2620 peccotonaa.
670 2540 747 2603 istas
769 2556 845 2602 vero
868 2538 979 2601 formas
1002 2538 1121 2601 abillis
1144 2557 1221 2620 quos
1243 2539 1478 2620 Diamperenses
1500 2537 1584 2601 Cen-

214 2656 302 2703 sores
325 2646 469 2701 accusnnt
498 2639 678 2718 haereticis,
708 2639 857 2702 institutas
886 2638 980 2701 inisse
1009 2640 1201 2717 existimare,
1230 2656 1363 2701 summae
1391 2635 1584 2702 absurditatis

213 2740 304 2818 foret,
328 2757 394 2802 cum
417 2739 541 2802 totidem
563 2738 687 2821 syllabis
710 2740 851 2821 legantur
879 2739 910 2799 in
934 2738 1056 2802 Graecis
1079 2740 1241 2822 Liturgiis,
1272 2740 1357 2801 utin
1380 2733 1583 2802 Orientalibus

214 2829 366 2902 omnibus:
389 2848 420 2902 et
442 2839 522 2920 qood
544 2840 638 2920 majus
662 2847 709 2901 est
731 2838 960 2902 communicavit
988 2857 1045 2920 per
1067 2854 1162 2901 annos
1185 2838 1266 2901 mille
1288 2845 1442 2901 trecentos
1465 2844 1495 2900 et
1517 2852 1584 2897 am·

214 2938 295 3019 plius
318 2936 428 3000 Oriens
452 2936 619 3015 Occidenti,
643 2956 710 3000 cum
733 2937 841 3001 eadem
863 2936 1025 2999 verborum
1049 2937 1161 3001 Christi
1183 2936 1294 3017 forma,
1323 2939 1458 3019 quamuis
1481 2956 1498 2998 a
1519 2934 1585 2997 Ro·
1618 2941 1624 2946 '

214 3054 302 3098 mana
325 3036 480 3115 differens,
503 3039 580 3099 inter
602 3039 710 3100 Missas
733 3036 871 3119 quotidie
890 3043 1100 3118 usurparetur.
1155 3036 1184 3099 ls
1207 3037 1274 3119 ipse
1297 3038 1347 3119 qui
1376 3046 1437 3100 tam
1465 3043 1584 3098 acutum

215 3137 361 3199 cernebat
383 3138 412 3198 in
436 3135 620 3200 Graecorum
643 3137 808 3218 disciplinis
839 3136 1081 3214 Turrecremata,
1096 3135 1216 3198 nullam
1238 3135 1409 3199 Florentiae
1437 3135 1585 3198 adversus

214 3235 283 3300 illos
307 3236 345 3298 de
366 3236 426 3299 boc
450 3237 573 3300 crimine
596 3237 677 3300 litem
699 3238 802 3299 movit.
837 3234 1048 3298 Postulandnm
1068 3237 1157 3298 ctiam
1179 3234 1271 3311 soret,
1290 3238 1377 3318 juxta
1398 3243 1487 3298 vetus
1510 3230 1584 3295 illud
1606 3275 1611 3280 -

214 3336 399 3398 severissimi
416 3335 526 3417 judicis
541 3336 721 3418 exemplum,
745 3338 796 3398 cui
815 3335 894 3398 bono
915 3322 1033 3397 tandem
1056 3335 1131 3397 haec
1147 3334 1319 3417 corruptela
1341 3335 1464 3398 inducta
1486 3340 1579 3397 esset.

214 3435 294 3508 Ouid
316 3453 408 3515 porro
427 3437 514 3517 juvat
536 3455 657 3499 causam
678 3436 940 3510 Nestorianorum,
968 3435 994 3496 si
1016 3433 1147 3497 dixerint
1169 3436 1198 3496 in
1221 3435 1373 3516 mysteriis
1395 3449 1583 3497 consecran-

215 3535 271 3600 dis.
312 3534 379 3598 Hoc
399 3543 446 3597 eat
466 3555 578 3616 corpas
598 3556 705 3611 marm,
727 3537 807 3616 qaod
824 3553 886 3615 pro
907 3534 994 3596 nobis
1012 3534 1168 3614 froapitur
1187 3536 1220 3596 ia
1240 3536 1448 3597 remissionom
1466 3550 1583 3613 pccca-

215 3643 324 3708 torum,
347 3635 447 3714 potius
470 3653 557 3714 quam
580 3634 755 3715 simpliciter
782 3633 849 3696 Hoc
876 3641 923 3694 est
948 3652 1060 3713 corpus
1080 3652 1188 3698 mmm.
1238 3635 1269 3700 Si
1297 3635 1337 3696 ita
1367 3634 1524 3717 legeretur
1552 3634 1584 3694 in

215 3751 320 3795 eornm
344 3732 522 3812 codicibus,
540 3716 687 3802 *accusati
709 3731 835 3796 forsitan
858 3752 874 3795 a
897 3732 1046 3795 Melcbitis
1075 3741 1126 3795 aut
1155 3733 1299 3799 iacebitis
1329 3733 1473 3812 inissent,
1503 3732 1583 3813 quod

215 3833 256 3894 ita
277 3832 420 3912 simplicis
441 3833 569 3896 bominis
593 3852 714 3915 corpus,
736 3850 797 3894 non
815 3819 922 3919 σάρκα
939 3825 1156 3915 redempcione,
1179 3852 1301 3896 carnem
1315 3833 1585 3912 dicinamfoctam,

216 3938 249 3990 ut
273 3930 381 3994 Graeci
403 3940 525 3995 veteres
549 3940 580 3995 et
601 3935 791 3995 recentiores
814 3931 987 4012 loquuntur,
1010 3934 1040 3995 in
1061 3931 1251 3996 Eucharistia
1274 3941 1486 4015 agnoscerent.
1519 3932 1584 3994 Hoc

215 4031 294 4093 enim
315 4032 435 4094 nomine
458 4032 590 4095 accusati
612 4031 733 4095 luerunt
755 4032 824 4094 olim
840 4048 858 4092 a
877 4030 989 4094 Latinis
1012 4031 1172 4113 aliquibus,
1195 4034 1284 4095 etiam
1307 4031 1484 4115 aOionysio
1506 4029 1584 4091 Bnr-

215 4128 313 4206 salibi,
336 4132 471 4210 quamvis
501 4130 670 4195 Orientales
701 4131 868 4195 Ortbodoxi
897 4138 928 4193 et
953 4130 1109 4194 iacobitae
1146 4125 1296 4213 nunquam
1333 4149 1388 4195 eos
1422 4147 1583 4194 accusasse

214 4229 415 4309 reperiantur,
437 4232 518 4311 quod
540 4232 756 4295 Eucharistiam
779 4249 847 4322 esse
878 4247 990 4310 corpus
1013 4228 1125 4293 Christi
1155 4250 1216 4294 non
1239 4231 1409 4294 crederent.
1453 4232 1583 4293 Veteres

101 4358 105 4366 ·
215 4344 334 4409 quoque
357 4344 461 4392 omnes
485 4331 620 4394 Graecae
643 4339 673 4393 et
695 4330 863 4393 Orientales
890 4331 1055 4412 liturgiae,
1078 4348 1117 4393 ne
1140 4349 1201 4394 una
1222 4331 1340 4412 quidem
1363 4337 1492 4410 excepta
1514 4329 1584 4392 lor·
1705 4389 1709 4396 ι

214 4444 291 4488 mam
315 4425 425 4490 Christi
448 4431 610 4493 verborum
634 4431 671 4493 ad
694 4430 819 4492 calicem
853 4430 959 4493 codem
982 4437 1089 4494 tenore
1111 4439 1357 4512 repraesentant:
1385 4447 1445 4492 nec
1473 4429 1585 4493 babent

213 4526 282 4589 illas
304 4545 397 4590 voces
421 4532 548 4605 oeterni,
570 4538 621 4592 aut
642 4532 814 4612 mysterium
833 4531 916 4610 pidet,
938 4537 969 4592 ct
992 4537 1090 4593 tamen
1113 4530 1195 4593 nulla
1218 4531 1298 4592 circa
1321 4529 1398 4591 hanc
1420 4527 1583 4590 diversita-

215 4632 275 4687 tem
298 4629 506 4691 controversia
527 4628 592 4693 luit.
627 4629 706 4692 Nihil
726 4629 820 4710 igitur
841 4645 952 4692 causae
974 4637 1050 4706 erat,
1072 4648 1127 4692 cur
1148 4629 1256 4693 tradita
1278 4629 1441 4710 antiquitus
1463 4636 1495 4691 et
1517 4647 1582 4691 curn

215 4724 353 4788 omnibus
376 4726 441 4790 aliis
464 4728 595 4792 Orientis
617 4728 761 4792 Ecclesiis
784 4730 968 4791 conveniens
990 4727 1086 4790 forma
1107 4737 1281 4792 mutaretur.

302 4826 549 4907 Quandoquidem
572 4848 647 4894 vero
668 4827 782 4910 Synodi
804 4828 1028 4909 Diamperensis
1053 4827 1187 4892 Decreta
1208 4829 1239 4890 in
1262 4826 1445 4909 amplissima
1468 4826 1582 4891 Conci·
1607 4857 1618 4886 ι

213 4923 321 4986 liorum
345 4925 533 4991 Collectione
554 4947 614 4993 non
638 4928 716 4991 edita
739 4934 818 5004 sunt,
841 4946 940 5008 neque
964 4945 1000 4990 ea
1023 4927 1136 4991 vidisse
1159 4927 1347 4992 Collectores
1369 4931 1511 5008 apparet,
1542 4924 1583 4986 li-

213 5023 331 5104 berque
354 5043 414 5106 quo
437 5030 639 5109 continentur,
663 5036 710 5092 est
731 5029 919 5103 rarissimus,
948 5025 1072 5091 Decreti
1092 5034 1208 5109 partem
1232 5045 1310 5110 qnae
1332 5015 1408 5094 hanc'
1429 5025 1581 5091 reforma·
