4525 6034
566 586 619 660 lh
635 584 841 662 humanu
858 581 1050 661 curriculi
1065 583 1095 660 S.
1111 581 1257 662 austun.
1521 585 1594 657 211

228 772 703 851 aione,quaacadotinemn
732 769 1256 851 pdpronohisoruca‘fimest.
1301 766 1599 850 liamdemproraua

228 868 461 949 explicationem
483 869 613 934 afferunt
639 875 728 931 autor
756 867 907 932 Scientiae
935 868 1185 947 Ecclesiasticus,
1207 868 1400 947 dhulbircat,
1435 876 1465 930 et
1495 886 1600 933 omnes

226 969 350 1031 undem
373 967 485 1050 quide
508 969 647 1051 'trisagio
671 969 859 1050 scripserunt
884 968 1091 1031 lacebitarum
1118 967 1284 1050 Theologi,
1312 985 1390 1050 quos
1412 966 1594 1048 Ephraemio

220 1067 330 1151 judice
352 1086 500 1131 excusare
523 1066 612 1131 facile
634 1067 724 1146 ieret,
746 1068 804 1130 nisi
825 1069 950 1131 novitati
972 1069 1163 1149 importunae
1184 1069 1351 1149 pertinacia
1365 1069 1546 1131 accessisset
1568 1070 1597 1130 in

224 1167 389 1231 retinenda
411 1166 580 1246 additione,
603 1186 681 1248 quae
704 1167 770 1230 sola
791 1184 846 1229 sua
862 1168 995 1230 novitate
1010 1166 1177 1230 &alesiam
1203 1167 1444 1231 conturbaverat.
1486 1168 1598 1229 Verum

224 1268 367 1347 quamvis
389 1267 478 1349 culpa
500 1284 561 1329 non
583 1273 721 1346 careant,
745 1265 853 1328 absunt
875 1273 974 1329 tamen
996 1265 1317 1347 aPataipassianorum
1330 1265 1460 1346 haeresi,
1484 1264 1522 1327 de
1540 1284 1598 1345 qua

223 1366 325 1450 vulgo
346 1385 364 1428 a
386 1368 498 1429 nostris
520 1367 676 1430 autoribus
697 1364 897 1447 postulantur.

591 1627 668 1699 Hoc
694 1634 745 1700 eat
771 1630 859 1698 min
885 1649 1010 1721 corpur
1035 1649 1152 1716 maan,
1179 1634 1244 1698 etc.
1649 1649 1676 1703 r.
1697 1652 1738 1703 ra.
1756 1653 1773 1703 t
1791 1652 1835 1705 aa.

331 1850 513 1943 Onariorns,
536 1882 614 1946 quae
637 1864 836 1929 aSacerdote
859 1871 928 1946 post
949 1864 1090 1946 hymnum
1114 1864 1323 1946 triumphalem
1342 1884 1359 1927 a
1380 1863 1472 1946 plebe
1489 1866 1599 1930 dictum
1647 1874 1816 1930 Pmehuonia
1840 1892 1922 1945 expu-

220 1967 463 2049 pronunciatur,
486 1966 651 2028 communis
674 1972 721 2027 est
742 1965 775 2027 in
795 1964 932 2029 omuibus
955 1964 1070 2027 Olliciis
1094 1963 1205 2028 forma:
1229 1965 1288 2026 nisi
1316 1964 1396 2046 quod
1418 1965 1449 2027 iu
1471 1967 1600 2049 antiquis
1614 1963 1680 2014 sicto.

219 2066 374 2145 breuior,
406 2067 437 2128 in
468 2065 535 2128 aliis
557 2064 710 2145 ahquanto
732 2064 880 2146 prolixior
901 2073 959 2129 est.
1010 2063 1147 2127 Omnium
1169 2066 1318 2128 sententia
1341 2064 1464 2144 eadem,
1494 2084 1602 2147 nempe

220 2166 447 2230 beneficiorum
468 2163 526 2227 Dei
547 2182 623 2247 erga
646 2163 804 2226 humanum
826 2182 927 2247 genus
949 2168 1137 2228 enumeratio
1160 2182 1177 2226 a
1201 2166 1369 2227 creatione:
1400 2172 1460 2227 tum
1483 2184 1524 2229 ex
1546 2184 1602 2228 ca-

221 2267 339 2346 ritate,
370 2285 429 2348 qua
457 2273 530 2346 pust
558 2264 666 2326 Adami
692 2264 807 2345 lapsum
836 2262 973 2328 homiues
1004 2283 1022 2327 a
1051 2264 1220 2345 perditione
1254 2265 1428 2342 revocavit,
1456 2265 1600 2328 mittendo

222 2366 438 2444 Patriarchas,
473 2372 505 2428 et
536 2364 702 2446 Prophetas
739 2372 770 2426 et
797 2364 897 2449 legem
920 2365 1033 2428 dando:
1068 2365 1249 2445 tandemque
1277 2382 1335 2444 per
1362 2364 1602 2428 lncarnationem

221 2466 379 2548 unigenti
402 2465 452 2526 lilii
476 2466 542 2544 sui,
576 2470 728 2544 totumque
751 2464 819 2544 ejus
841 2467 872 2526 in
895 2467 985 2528 terris
1008 2465 1280 2545 dispensationem,
1303 2471 1490 2546 morumque
1513 2465 1601 2527 salu·

222 2574 343 2643 tarem,
366 2564 521 2628 liberando
550 2566 735 2627 aservitute
765 2563 886 2628 diaboli.
931 2564 1006 2628 Cum
1036 2583 1112 2627 vero
1144 2571 1213 2627 ante
1242 2565 1433 2645 passionem,
1461 2562 1599 2628 Christus

223 2663 456 2730 Sacramentum
479 2664 618 2745 corporis
641 2672 672 2727 et
699 2664 855 2747 sanguinis
885 2665 1060 2743 instituerit,
1088 2664 1270 2746 jusseritque
1300 2664 1456 2746 Apostolis
1484 2670 1516 2727 et
1544 2681 1602 2744 per

223 2783 289 2828 eos
310 2763 458 2827 Ecclesiis
481 2763 636 2840 omuibus,
665 2762 796 2825 utillud
826 2764 857 2826 in
885 2763 932 2825 sui
961 2763 1132 2826 memoriam
1162 2763 1386 2841 celebraretur,
1416 2763 1454 2826 ab
1482 2763 1601 2826 illorum

221 2883 331 2946 usque
353 2864 551 2945 temporibus,
579 2863 812 2926 Ecclesiasticae
840 2862 1016 2943 disciplinae
1043 2870 1191 2944 perpetua
1222 2862 1273 2925 lex
1303 2863 1374 2939 luit,
1403 2871 1437 2926 ut
1466 2861 1602 2946 ejusdem

222 2963 427 3027 hastitutiouis
448 2963 593 3026 memoria
614 2970 823 3044 repeteretur,
845 2968 876 3025 et
898 2961 1004 3025 eadem
1031 2964 1096 3043 ipsa
1125 2961 1219 3025 verbu
1248 2962 1462 3027 adhiberentur
1492 2963 1600 3044 quihus

222 3066 262 3128 in
286 3062 387 3126 uitium
409 3079 507 3125 coena
530 3061 668 3125 Christus
690 3079 802 3143 eorpus
825 3079 910 3124 suum
933 3071 965 3125 et
985 3064 1163 3147 sanguinem
1185 3061 1339 3144 discipulis
1370 3062 1504 3141 tradens,
1527 3081 1600 3125 usus

222 3164 340 3227 fuerat.
386 3162 505 3244 Quippe
525 3160 662 3244 Liturgia
682 3168 771 3224 vetus
801 3161 882 3224 nulla
910 3161 1013 3225 verbis
1043 3162 1102 3226 illis
1130 3164 1244 3242 caruit,
1276 3180 1372 3243 quae,
1401 3171 1435 3225 ut
1464 3162 1513 3226 illa
1541 3162 1598 3225 Dei

222 3265 360 3328 crescite
381 3269 411 3324 et
431 3262 670 3342 nmltiplucamt‘ni
689 3261 774 3323 initio
797 3279 897 3324 rerum
921 3269 1091 3325 creatarum
1114 3262 1248 3344 prolata,
1271 3262 1329 3325 huc
1351 3281 1448 3344 usque
1466 3279 1601 3343 operan-

223 3373 301 3443 tur,
323 3364 363 3425 ita
386 3361 519 3442 qnotidie
542 3380 559 3424 a
581 3358 790 3424 sacerdotibus
814 3361 947 3443 prolata,
968 3361 1139 3443 producunt
1162 3361 1328 3425 efficaciter
1351 3363 1381 3425 id
1404 3362 1485 3444 quod
1501 3362 1600 3445 siqni-

224 3463 339 3539 licant3
361 3469 393 3524 ut
416 3461 649 3542 chrysostomus
671 3461 808 3541 scripsit,
830 3462 881 3541 pie
899 3462 986 3543 juxta
1009 3468 1040 3523 et
1062 3461 1230 3545 eleganter.
1275 3461 1386 3524 Omnes
1414 3461 1508 3545 igitur
1529 3461 1599 3524 illa-

224 3580 302 3626 rum
323 3560 498 3624 Orationem
520 3559 665 3623 formulae
687 3560 726 3622 de
748 3559 857 3646 divinis
878 3560 1033 3623 beneficiis
1058 3568 1143 3640 sunt,
1166 3560 1265 3642 deque
1287 3560 1388 3624 ultimo
1412 3561 1463 3625 illu
1477 3563 1600 3643 passio-

224 3664 298 3740 nis,
330 3669 360 3723 et
388 3660 567 3724 sacramenti
597 3659 740 3738 instituti,
763 3659 802 3722 ad
824 3666 1016 3741 peccatorum
1029 3660 1250 3738 remissionem,
1272 3662 1422 3743 vitamque
1445 3669 1598 3724 aeternam

225 3759 454 3846 praestandam.
498 3759 580 3822 Haec
602 3778 678 3822 vero
701 3761 798 3822 omnia
822 3762 851 3822 iu
874 3760 930 3821 hac
953 3760 1077 3841 Coptica
1099 3760 1235 3841 Litmgin
1258 3759 1432 3823 reseruntur
1461 3762 1599 3824 oratioue

226 3861 395 3939 contiuua,
417 3867 449 3921 ut
472 3858 551 3941 apud
573 3858 735 3940 plerusque
758 3857 941 3938 Orientales,
965 3860 1015 3940 qui
1038 3878 1148 3941 preces
1171 3860 1271 3922 varim
1293 3877 1350 3941 pro
1373 3861 1450 3922 vivis
1469 3868 1500 3921 et
1515 3877 1600 3922 mor·

225 3962 311 4039 tuis,
335 3967 568 4040 sanctorumque
591 3957 889 4023 commemorationes
917 3976 977 4020 non
1005 3959 1215 4040 interponunt3
1249 3958 1304 4022 sed
1333 3958 1474 4022 differam
1502 3976 1599 4039 usque

227 4062 273 4127 ad
296 4059 517 4122 luvocatiunem
540 4057 668 4140 Spiritus
690 4058 795 4122 sancti.
842 4059 874 4121 ln
898 4060 986 4121 tertia
1009 4065 1106 4120 tamen
1129 4057 1264 4141 Liturgia
1287 4077 1364 4139 quae
1391 4057 1496 4139 Cyriili
1518 4058 1599 4120 dici·

227 4171 303 4238 tur,
325 4162 498 4222 inseruntur
524 4166 593 4221 aute
615 4158 892 4240 pronunciationem
921 4157 1083 4221 verborum
1111 4157 1221 4221 Christi
1244 4159 1397 4222 orationes
1413 4157 1523 4221 multae
1539 4176 1597 4239 pro

227 4259 383 4337 divcmh,
407 4257 488 4340 quod
510 4257 598 4321 etiam
622 4258 802 4323 observatur
822 4258 852 4320 in
874 4257 1018 4340 Liturqiis
1040 4258 1298 4321 Nestorianorum.
1343 4257 1425 4320 Idem
1447 4257 1598 4321 obserua-

228 4369 287 4424 mr
308 4361 339 4421 in
361 4355 477 4419 Graeca
492 4356 596 4436 hlarci,
619 4358 649 4420 in
672 4376 731 4440 qua
751 4360 856 4438 paucis
878 4357 980 4421 verbis
1001 4366 1071 4438 post
1092 4357 1233 4440 hymnum
1255 4357 1461 4439 triumphalem
1484 4356 1522 4420 ad
1544 4374 1598 4418 sa·

229 4477 357 4522 morunt
379 4457 489 4521 Christi
512 4458 673 4521 verborum
693 4457 973 4539 pronunciationem
994 4458 1141 4540 pergitur.

322 4558 366 4621 Ea
389 4567 487 4622 autem
514 4558 573 4621 altu
595 4575 673 4621 voce
695 4558 834 4620 dicuntur
855 4575 872 4620 a
895 4556 1070 4636 Sacerdote,
1093 4565 1125 4620 ut
1147 4557 1277 4639 populus
1299 4556 1412 4620 audiat:
1436 4565 1467 4619 et
1489 4574 1598 4620 assen-
1643 4567 1729 4621 Verba
1746 4566 1919 4638 curaeque·

229 4678 302 4725 sum
326 4657 473 4739 fidemque
495 4675 579 4721 suam
600 4663 744 4734 testetur,
767 4663 799 4719 ut
821 4655 892 4719 lacit
914 4656 1042 4720 dicendo
1065 4657 1235 4738 etquidem
1258 4655 1393 4734 Graece,
1422 4655 1502 4738 quod
1530 4675 1597 4719 ma·
1610 4654 1684 4707 modo
1696 4655 1902 4721 pronunciantur.

230 4757 313 4841 jeria
337 4758 517 4839 antiquitatis
540 4757 680 4820 indicium
707 4764 769 4835 est,
792 4747 1013 4836 Πιστεύομεν,
1037 4756 1203 4820 Credimus.
1247 4755 1294 4819 hd
1318 4756 1452 4838 singulas
1476 4776 1597 4839 quoque

231 4858 383 4921 orationis
405 4864 509 4938 partes
531 4857 726 4937 acclamatur,
748 4856 860 4932 Amm3
903 4865 936 4920 ut
959 4877 998 4921 ex
1019 4859 1150 4935 rubrica,
1179 4875 1267 4939 quum
1295 4877 1335 4920 ex
1357 4858 1469 4921 Codice
1502 4857 1599 4942 Regia

229 4955 457 5036 transtulimus,
478 4956 673 5038 ⁸manifestum
695 4963 753 5021 est.
797 4955 841 5019 Ea
870 4977 945 5022 vero
974 4958 1148 5022 acclamatio
1183 4976 1339 5021 assensum
1368 4958 1438 5021 hdei
1468 4958 1598 5044 religio-

230 5074 303 5122 sum
326 5058 482 5138 exprimit,
513 5057 594 5119 circa
617 5056 714 5121 amaia
749 5075 826 5138 qaae
859 5076 899 5121 ex
929 5057 1113 5140 Euangeliou
1142 5057 1265 5121 historia
1295 5077 1366 5122 mox
1394 5059 1597 5142 proferuntur,

275 5190 392 5237 ΜΗ
1341 5176 1392 5252 43
