4525 6034
653 566 729 672 3508
1033 564 1108 641 DE
1161 562 1639 641 intuitioni

651 775 734 850 pere
761 751 803 823 ad
830 749 1084 824 convellendam
1112 750 1347 846 Episcopalem
1374 752 1587 844 dignitatem,
1614 750 1778 843 subjiciat
1833 752 1922 838 Ouid
1938 756 2033 846 facit

652 874 802 961 exceptu
842 867 1066 937 ordinatione
1088 867 1300 959 Episcopus,
1332 868 1423 961 quod
1457 866 1644 959 Presbyter
1674 889 1743 938 non
1775 873 1906 962 saciat,
1947 872 2032 941 saus

653 984 872 1076 significavit,
900 981 1143 1055 ordinationem
1170 1003 1238 1052 non
1256 981 1356 1054 modo
1378 984 1542 1073 majorum
1560 983 1763 1073 Antistitum,
1790 985 1851 1057 sed
1872 987 2034 1074 omnium,

653 1104 839 1194 quicunque
864 1101 897 1168 in
925 1097 1032 1189 gradu
1057 1097 1299 1171 Ecclesiastico
1327 1102 1494 1173 constituti
1521 1108 1615 1186 sunt,
1651 1097 1695 1169 ad
1721 1098 1913 1195 Episcopos
1942 1123 2031 1196 per-

653 1222 770 1288 tinere.
825 1214 907 1300 ouis
942 1217 1029 1285 enim
1069 1216 1239 1292 existimet
1276 1236 1352 1287 cum
1386 1214 1532 1287 ordinari
1563 1216 1713 1309 poluisse
1748 1237 1769 1286 a
1801 1216 2033 1312 Presbyteris,

655 1333 773 1428 quihus
799 1353 908 1425 neque
943 1328 1111 1403 inferioris
1153 1330 1278 1404 ordinis
1315 1329 1480 1403 Clericum
1516 1329 1673 1402 ordinare
1703 1328 1757 1407 ios
1794 1329 1910 1403 esset?
1947 1331 2033 1418 Quis

655 1453 755 1521 etiam
781 1445 880 1518 ullum
908 1468 953 1516 ex
979 1444 1220 1520 Ecclesiastico
1246 1446 1384 1519 historia
1409 1467 1567 1542 promere
1600 1445 1792 1541 exemplum
1815 1451 1934 1539 potuit,
1962 1468 2030 1541 quo

655 1574 824 1639 constaret
849 1563 1055 1657 Episcopum
1083 1585 1102 1632 a
1128 1563 1344 1659 Presbyteris
1377 1563 1579 1652 ordinatum,
1612 1583 1710 1658 mem
1743 1558 1901 1634 Oenones
1938 1565 2033 1633 anti-

656 1683 805 1778 quissimi
833 1705 853 1752 a
880 1678 984 1751 tribus
1011 1677 1190 1773 Episcopis
1218 1678 1365 1751 ordinari
1386 1680 1606 1751 constituunt:
1634 1697 1719 1772 quos
1734 1674 1893 1748 Ganones
1908 1674 2035 1750 hahent

656 1796 812 1893 Coptitae
837 1799 871 1867 in
898 1796 967 1867 suis
997 1790 1277 1886 Collectionihus,
1304 1791 1574 1890 observatosque
1599 1791 1675 1866 illos
1701 1782 1808 1864 luisse
1833 1812 1881 1862 ex
1901 1791 2034 1864 illorum

655 1912 792 1987 historia
828 1912 1082 1983 demonstratur.
1140 1910 1236 1983 Haec
1273 1931 1357 1985 sane
1394 1913 1566 1983 notissima
1594 1892 1688 2005 sapud
1720 1928 1838 1980 omnes
1870 1905 2033 1979 historiae

656 2028 916 2124 disciplinaeque
928 2025 1192 2098 Ecclesiasticae
1218 2029 1363 2121 peritos,
1390 2025 1537 2121 probare
1562 2023 1669 2097 usius
1702 2046 1847 2097 necesse
1873 2043 1944 2095 non
1971 2032 2033 2095 est

653 2145 780 2217 Verum
807 2145 900 2214 utin
928 2139 1104 2213 traditione
1123 2141 1429 2214 Alexandrinorum
1443 2141 1669 2214 Jacohitaruru
1684 2143 1919 2228 consistamus,
1946 2138 2035 2211 haec

654 2260 697 2334 de
723 2257 881 2356 Eutychii
904 2259 1095 2328 narratione
1123 2254 1337 2330 observanda
1363 2266 1551 2329 occurrunt.

393 2386 434 2439 nn
464 2403 480 2440 a
508 2386 641 2442 duodecim
758 2366 960 2447 xxiiim
986 2375 1093 2467 primo
1121 2374 1253 2468 quidem
1280 2372 1529 2446 observandum
1554 2382 1623 2462 est,
1649 2370 1727 2442 nihil
1752 2380 1872 2441 extare
1897 2370 1934 2443 in
1960 2370 2034 2443 Se·

332 2470 500 2541 ''mm’‘
595 2472 598 2477 “
655 2496 731 2566 veri
756 2492 918 2587 Episcopi
942 2485 1239 2563 Aschmoninensis
1266 2488 1430 2577 Historia,
1457 2486 1715 2585 quodEutychii
1730 2487 1921 2558 testimonio
1938 2508 2034 2582 pon-

657 2610 718 2681 dus
745 2607 891 2697 adjicere
918 2614 1033 2697 queat:
1059 2626 1127 2676 non
1154 2607 1188 2675 in
1214 2608 1285 2677 vita
1311 2604 1435 2693 Marci,
1462 2626 1573 2701 nequo
1600 2607 1633 2674 in
1659 2607 1729 2675 uita
1754 2598 1947 2690 Hierocles,
1977 2612 2036 2674 aut

442 2746 446 2754 ·
543 2802 552 2825 s
655 2723 852 2798 Alexandri.
903 2718 1111 2791 Elmacinum
1142 2718 1219 2793 nihil
1252 2743 1439 2810 moramur,
1474 2723 1529 2816 qui
1561 2718 1639 2792 nihil
1670 2718 1776 2790 ferme
1807 2712 1908 2787 hahet
1940 2723 2034 2790 circa

657 2842 791 2934 antiqua
816 2837 872 2909 illa
899 2845 1065 2931 tempora,
1093 2836 1182 2931 quod
1207 2858 1276 2908 non
1302 2859 1348 2908 ex
1374 2834 1539 2932 Eutychio
1566 2834 1794 2929 descripserit:
1826 2828 1937 2905 levior
1964 2833 2034 2906 ad-

655 2954 720 3026 huc
745 2962 825 3026 esse
851 2950 951 3024 debet
976 2949 1127 3022 Makriaii
1152 2950 1386 3025 Muhamedani
1412 2954 1590 3041 autoritas,
1623 2953 1678 3046 qui
1703 2961 1815 3027 tamen
1840 2953 1966 3023 rectius
2001 2962 2036 3023 et

657 3071 844 3144 accuratius
884 3067 1081 3140 sententiam
1118 3066 1293 3163 Eutychii,
1334 3091 1432 3163 quam
1473 3066 1638 3141 Seldenns
1679 3067 1812 3141 videtur
1844 3076 2035 3142 assecutae.

486 3261 492 3273 ,
641 3186 771 3275 ⁸llerha
812 3188 885 3278 eJ’us
924 3191 1009 3255 sunl.
1062 3184 1249 3277 Postquam
1281 3184 1436 3271 diurnas,
1469 3183 1664 3254 Herennium
1700 3188 1759 3277 qai
1799 3168 1834 3257 et
1871 3187 2037 3256 Arrianus

352 3259 523 3397 mqqfvat·
541 3261 767 3373 Aqypadidm
792 3306 845 3371 est
869 3295 1114 3372 Patricrcitom
1140 3299 1414 3370 Alcacoadrinmn
1439 3300 1630 3387 constituit,
1664 3299 1822 3390 adnant
1845 3304 1913 3393 ipsi
1939 3301 2035 3372 dno-

657 3420 766 3489 decim
790 3413 1034 3507 Presbyterum
1061 3411 1183 3506 pathas
1205 3417 1388 3508 praecepit
1421 3420 1459 3485 ul
1490 3414 1626 3508 qnando
1660 3413 1927 3487 Patriarcltum-
1945 3416 2037 3488 diem

656 3554 750 3603 anam
775 3529 874 3602 odire
901 3532 1131 3625 contingeret,
1158 3534 1231 3620 m'ua
1256 3532 1292 3600 in
1319 3530 1446 3618 locum,
1474 3552 1520 3601 ce
1543 3552 1583 3601 sc
1609 3532 1694 3622 ipsis
1718 3554 1818 3602 anum
1837 3535 2035 3603 constituc-

656 3651 755 3733 rent,
782 3644 950 3738 aliumue
975 3666 1023 3714 ec
1050 3642 1323 3716 Chriatinoorum
1347 3630 1486 3716 nomem
1512 3649 1726 3740 samanar,
1758 3650 1810 3716 itu
1835 3654 1873 3717 nt
1898 3669 2035 3740 semper

659 3759 889 3832 duodenarius
927 3757 1128 3830 sudahtcret
1168 3759 1453 3853 Presbyterornm
1490 3783 1663 3833 amnem
1706 3783 1816 3855 neque
1856 3763 2037 3834 dmierunt

658 3878 776 3946 eremi
801 3873 1036 3945 Patriarcdae
1062 3897 1109 3945 cc
1135 3873 1370 3966 Presbytero,
1398 3877 1507 3948 donec
1538 3879 1740 3972 congregali
1772 3884 1851 3948 aunt
1884 3882 2036 3950 trecenti

656 3992 834 4061 decernet
865 3994 954 4060 octo.
1013 3989 1156 4097 Sensus*
1178 3992 1279 4082 igitur
1313 4013 1410 4086 pem
1442 3994 1478 4062 in
1510 3990 1666 4086 Eutychii
1697 3992 1814 4067 verbis
1848 3992 2034 4067 llalrrinius

656 4106 834 4194 intellexit,
861 4126 929 4176 non
955 4104 1039 4177 alins
1067 4114 1120 4177 est
1146 4127 1245 4200 mam
1272 4105 1362 4201 quod
1388 4108 1568 4180 institutam
1601 4105 1702 4179 hierii
1734 4109 1776 4182 ah
1810 4109 2034 4202 Evangelisla

656 4220 772 4295 Marco
799 4218 974 4292 duodecim
1001 4221 1212 4293 sacerdotum
1240 4219 1445 4313 Collegium,
1472 4244 1518 4297 ex
1533 4206 1682 4316 'quorum
1708 4246 1846 4297 numero
1865 4225 1947 4317 eligi
1967 4247 2034 4298 so-

655 4335 764 4407 lerent
796 4333 1045 4407 Patriarchae.·
1082 4334 1156 4409 Etsi
1191 4357 1309 4407 verum
1341 4335 1375 4408 id
1415 4357 1494 4410 esse
1529 4336 1809 4431 concederemus,
1841 4339 1921 4412 nihil
1954 4340 2035 4412 iude

656 4460 773 4523 contra
799 4449 1045 4546 Episcoporum
1072 4452 1283 4522 aumritatem
1309 4450 1588 4547 dignitatemque,
1622 4450 1700 4525 nihil
1731 4475 1793 4550 pro
1827 4454 2034 4528 adstruendo

629 4567 873 4641 ordinationis
896 4567 973 4657 jure
998 4564 1234 4662 Presbyteris,
1260 4565 1414 4638 concludi
1439 4576 1565 4662 posset.

354 4676 570 4778 'heranitarum
584 4682 645 4780 or}-
759 4679 883 4754 XXIV.
908 4678 1035 4751 Verum
1066 4690 1202 4776 praeter
1234 4703 1334 4775 quam
1367 4681 1457 4776 quod
1486 4685 1602 4774 ignota
1636 4692 1688 4755 est
1722 4688 1854 4782 penitus
1887 4686 2034 4779 antiquis

619 4785 644 4820 1-
757 4803 764 4818 ο
878 4799 885 4814 ο
1155 4802 1174 4818 0·
1394 4800 1401 4817 ο
1456 4800 1463 4816 0
1521 4801 1528 4817 ι
1580 4800 1588 4815 ο
1710 4801 1718 4817 a
1907 4802 1915 4819 ε
1992 4803 2000 4817 ι
2025 4802 2034 4818 0

334 4764 524 4917 ᾞηῗῖῗξέζ
546 4767 617 4820 ⁸¹¹¹
657 4799 828 4873 antonhus
853 4796 1002 4889 ejusdem
1031 4794 1176 4891 Collega
1202 4797 1421 4872 sacerdotalis
1452 4808 1624 4870 mstrtutm:
1659 4798 1850 4875 Onentales
1883 4799 2035 4874 historici

657 4921 712 5011 qui
739 4916 781 4988 de
800 4911 1030 4987 Alexandrina
1050 4911 1207 4986 Ecclesia
1233 4916 1412 5009 scripsere,
1437 4916 1638 4986 narmdonis
1663 4914 1760 5007 huius
1791 4914 1891 4987 fidem
1922 4935 2033 4986 ever-

656 5041 736 5104 tunt.
788 5030 875 5103 Nam
901 5033 1009 5103 statim
1034 5028 1091 5100 uhi
1118 5028 1162 5100 de
1188 5027 1354 5103 Cerdonis
1381 5031 1546 5103 electione
1572 5030 1741 5120 scribitur,
1782 5032 1837 5125 qui
1868 5032 2034 5103 tertiusa
