4525 6034
619 501 888 579 multandum
905 498 1099 577 coruom
1118 500 1150 577 S.
1169 499 1314 577 umuli.
1578 501 1652 577 173

277 685 337 748 bus
359 693 444 750 notat
465 686 665 765 Alvarczius,
689 693 719 748 et
743 686 784 746 ita
805 684 873 748 lieri
895 685 925 747 in
947 684 1104 765 plerisque
1127 682 1331 746 Orientalibus
1353 682 1465 747 docent
1481 682 1656 750 Relationes
1686 704 1741 756 teta
1755 705 1828 760 aaut.
1841 726 1897 779 sap.
1911 711 1955 764 11.

277 781 457 847 ltinerariae
480 786 601 864 variae,
618 791 656 857 ,et
678 784 715 846 ab
739 783 864 846 advenis
888 778 1094 865 Syris'multis
1117 782 1285 847 didicimus.
1313 782 1432 845 Furnus
1463 801 1551 863 quem
1572 784 1658 848 desi-

276 892 376 964 gnant
392 884 539 966 authepsa
553 885 701 966 quaedam
724 890 784 959 est,
803 884 833 944 in
856 899 916 963 qua
938 880 1129 963 placentulae
1152 880 1182 943 in
1205 899 1332 962 quarum
1353 881 1480 963 liginum
1502 881 1657 965 linguntur

274 981 418 1063 subjecto
442 985 513 1067 igne
535 985 635 1047 statim
657 989 878 1063 excoquuntur.
900 981 961 1045 Sed
982 998 1084 1061 neque
1106 980 1205 1043 minor
1227 980 1298 1043 olim
1320 978 1375 1042 luit
1402 980 1434 1041 in
1455 980 1569 1044 Latinis
1590 983 1655 1045 Ec-

274 1080 380 1144 clesiis
404 1101 476 1145 cura
500 1090 531 1145 et
554 1083 727 1165 diligentia,
750 1089 783 1143 ut
798 1082 885 1162 panis
899 1088 931 1143 et
949 1081 1051 1142 vinam
1069 1098 1108 1141 ex
1129 1079 1238 1160 quibus
1256 1078 1437 1142 sacrificium
1460 1078 1655 1162 offerebatur,

271 1198 394 1243 summo
417 1182 516 1245 studio
540 1190 737 1264 pararentur,
760 1180 942 1262 praesertim
964 1179 995 1241 in
1017 1179 1221 1243 blonastcriis.
1244 1178 1366 1262 insigne
1389 1178 1477 1260 hujus
1492 1179 1656 1263 religiosae

272 1280 456 1361 disciplinae
477 1280 681 1343 testimouium
703 1282 859 1343 continent
882 1277 1125 1342 consuetudines
1148 1277 1376 1341 cluniacenses.
1413 1277 1541 1350 Quoties
1563 1278 1657 1360 igitur

269 1378 414 1461 Litargia
437 1378 621 1442 celebranda
644 1386 709 1457 est,
737 1379 804 1460 ipso
827 1377 876 1440 die
899 1378 998 1440 oblata
1029 1387 1171 1459 paratur3
1200 1396 1268 1439 nam
1297 1380 1323 1441 si
1346 1379 1544 1461 praecedenti
1567 1387 1655 1442 cocta

269 1477 401 1558 fuisset,
424 1496 492 1541 eam
514 1478 552 1541 ad
575 1479 671 1541 altare
693 1477 805 1541 offerre
828 1477 968 1562 religioni
991 1477 1147 1540 ducerent
1177 1476 1393 1541 Echmimensis
1416 1479 1447 1539 in
1466 1478 1656 1542 collectione

271 1578 434 1642 Canonum
457 1596 524 1659 cap.
549 1577 600 1642 ld.
640 1577 753 1659 Offeaaa‘
774 1579 817 1640 od
837 1577 935 1638 attare
956 1577 1045 1639 debet
1068 1578 1162 1656 ponis
1190 1576 1320 1652 bornus,
1349 1578 1598 1658 quemudntodum
1624 1581 1657 1641 iu

266 1687 428 1760 postremo
451 1676 703 1740 cmtstitutiomtm
725 1679 825 1757 cupite
846 1683 1016 1740 statuerunt
1036 1674 1183 1754 Apostoli.
1204 1673 1394 1737 Adtouoaiua
1416 1678 1506 1737 ctiam
1525 1695 1592 1756 cop.
1607 1676 1657 1741 tt.

270 1779 341 1840 m‘t:
366 1797 428 1839 που
456 1766 604 1855 bescre'tm
629 1777 672 1838 ad
698 1777 796 1837 odore
820 1777 913 1854 ponis
939 1774 1111 1849 hesternus,
1139 1781 1194 1835 aut
1215 1776 1324 1852 fissus:
1354 1782 1443 1855 atque
1469 1776 1515 1836 ito
1537 1777 1658 1854 pariter

269 1878 434 1938 conminuit
452 1874 598 1939 Basilius.
622 1875 655 1937 ld
679 1875 835 1938 confirmat
858 1873 963 1936 canon
986 1889 1091 1934 eorum
1114 1872 1166 1951 qui
1187 1869 1345 1952 Apostolis
1368 1872 1539 1935 tribuuntur
1555 1870 1607 1936 30.
1624 1875 1656 1937 in

270 1974 460 2055 amplissima
484 1972 672 2054 Coptitarum
694 1972 896 2051 collectione,
921 1989 1010 2052 quem
1032 1972 1104 2034 citat
1126 1970 1320 2051 Abulbircat,
1344 1979 1484 2052 tanquam
1500 1971 1552 2037 29.
1568 1975 1655 2055 ejus-

271 2091 337 2154 que
359 2074 540 2135 sententiam
562 2074 603 2135 ita
626 2073 777 2153 exprimit.
821 2071 975 2133 De‘Pouc
996 2069 1227 2145 Eucbcmatico,
1256 2078 1347 2150 utque
1374 2070 1489 2133 oblatio
1516 2073 1580 2150 p’us
1599 2074 1656 2152 fiat

269 2175 346 2253 ἑρεα
367 2174 447 2235 bora
470 2190 531 2251 pata
553 2181 658 2234 coctus
679 2181 733 2235 est.
777 2170 960 2233 Eorundem
983 2169 1137 2232 Canonum
1160 2170 1350 2232 autoritatem
1380 2169 1513 2251 appellat
1533 2169 1654 2253 Diony-

270 2274 339 2336 sius
362 2270 511 2334 Barsaiibi
534 2271 603 2333 dura
626 2272 683 2333 ait:
706 2270 884 2333 Statueramt
905 2268 1058 2348 Apostoli,
1081 2269 1161 2329 sicut
1181 2270 1214 2329 in
1236 2267 1411 2331 Conouibua
1431 2273 1577 2350 mapsam
1598 2279 1654 2347 eat,

267 2389 385 2452 potens
415 2370 596 2444 obloobaais,
623 2370 729 2431 eudon
757 2370 808 2431 dic
833 2387 892 2449 quo
919 2375 1023 2428 coctus
1044 2374 1105 2441 est,
1127 2366 1234 2447 offam·
1253 2368 1297 2429 od
1317 2369 1424 2434 auare.
1469 2368 1653 2433 Ebnassalus

270 2485 343 2548 cap.
370 2468 421 2532 12.
444 2469 541 2531 Panis
562 2469 745 2530 oblationum
767 2470 819 2549 qui
840 2466 964 2547 effamur
984 2466 1028 2527 od
1048 2466 1147 2527 altore
1168 2467 1235 2546 ipso
1257 2467 1307 2528 die
1329 2476 1434 2530 coctus
1455 2469 1510 2545 sit,
1539 2488 1601 2531 nou
1622 2470 1655 2531 t'a

271 2569 446 2629 crostirmm
466 2576 646 2631 reservetur,
669 2567 713 2629 lta
736 2567 901 2629 observant
924 2582 1029 2629 omnes
1053 2570 1112 2625 tam
1135 2562 1276 2644 Coptitae
1299 2584 1389 2646 quam
1411 2564 1497 2647 Syri,
1528 2564 1654 2628 iacobi-

271 2673 344 2745 tae,
368 2666 547 2745 blelchitae‚
571 2674 602 2728 ct
623 2666 796 2729 Nestoriani
818 2665 1034 2746 cujuscumque
1056 2663 1189 2746 linguae.
1233 2663 1316 2726 inter
1345 2664 1403 2727 alia
1426 2683 1505 2745 quac
1527 2665 1653 2728 Francis

271 2764 384 2844 objicit
406 2766 513 2828 Petrus
535 2765 686 2828 Malichae
708 2766 896 2847 Episcopus,
921 2773 1061 2844 tanquam
1084 2771 1192 2826 contra
1215 2763 1338 2846 regulas
1360 2763 1592 2827 Ecclesiasticas
1623 2771 1654 2826 et

269 2863 350 2925 illud
373 2866 543 2945 reperitur,
566 2866 648 2944 quod
665 2875 787 2944 panem
799 2872 869 2926 onte
887 2864 991 2943 piures
1012 2864 1079 2924 dica
1101 2871 1220 2925 coctam
1240 2864 1284 2925 ud
1305 2864 1403 2927 altura
1424 2861 1560 2944 offerunt

367 2962 478 3026 Omnes
490 2970 590 3025 autem
604 2963 664 3042 iiii,
683 2965 709 3025 si
723 2962 873 3026 Armenes
892 2962 1077 3042 excipimus,
1100 2961 1280 3025 fermentato
1297 2969 1439 3040 utuntur,
1462 2982 1503 3025 ex
1515 2961 1653 3024 Graecae
1697 2969 1862 3023 fermentato
1875 2977 1981 3024 utuntur

270 3060 450 3141 Ecclesiae,
474 3081 492 3125 e
516 3080 575 3142 qua
597 3062 793 3143 prodierunt,
816 3062 968 3141 exemplo.
992 3060 1085 3122 iidem
1106 3062 1138 3122 ia
1159 3059 1301 3123 Arnenis
1324 3079 1361 3122 ac
1382 3063 1414 3122 in
1435 3060 1560 3123 Francis
1584 3060 1653 3123 cui·
1683 3052 1830 3109 orientales
1864 3060 1979 3126 meib

271 3169 368 3241 pant,
391 3161 471 3242 qnod
493 3160 618 3242 mamis
641 3168 779 3241 utantur,
803 3181 862 3242 qua
885 3161 924 3223 de
947 3179 982 3223 re
1004 3167 1128 3241 praeter
1149 3161 1268 3223 Petrum
1291 3160 1508 3238 Melichcnum,
1532 3158 1651 3239 dequo
1681 3141 1810 3198 cmm·

271 3279 351 3324 mox
372 3261 482 3323 dictum
505 3268 571 3337 est,
595 3259 678 3322 multi
701 3261 907 3341 scripserunt,
931 3262 1070 3340 interque
1094 3276 1199 3322 omnes
1216 3260 1386 3322 accuratius
1399 3276 1566 3340 anonymus
1582 3259 1653 3338 qui-

272 3360 347 3423 dam
377 3362 472 3441 Syrus
499 3360 530 3421 in
554 3358 668 3421 Codice
692 3358 880 3424 Colbcrtino.
927 3358 988 3424 Sed
1017 3360 1087 3439 quia
1116 3358 1188 3420 nihil
1218 3358 1249 3420 in
1280 3377 1318 3422 eo
1349 3365 1480 3421 tractatu
1508 3366 1559 3420 aut
1586 3357 1652 3419 aliis

270 3460 426 3536 occurrit,
455 3456 536 3539 quod
566 3477 584 3520 a
614 3456 739 3520 Graecis
767 3460 883 3521 centies
912 3458 1022 3519 dictum
1052 3475 1111 3520 non
1140 3457 1246 3536 luerit,
1279 3465 1310 3520 et
1337 3459 1452 3539 pariter
1481 3456 1653 3534 refutatum,

272 3558 361 3621 illum
383 3557 533 3619 indicasse
556 3555 677 3618 scilicit.
721 3556 819 3638 Major
841 3557 887 3619 bis
911 3556 1164 3638 disputationibus
1192 3556 1272 3637 apud
1300 3557 1435 3639 ignaram
1458 3555 1654 3620 sacerdotum

273 3656 474 3721 Orientalium
497 3655 636 3736 plebem,
659 3657 805 3742 autoritas
828 3656 1019 3737 adjungitur,
1042 3676 1083 3718 ex
1105 3658 1264 3719 sententiis
1287 3656 1403 3737 aliquot
1424 3655 1526 3719 Basilii
1549 3660 1579 3715 ct
1596 3651 1654 3715 Jo-

273 3758 366 3819 annis
389 3755 598 3836 chrysostomi
621 3754 768 3817 adversus
790 3754 942 3832 ludaeos,
966 3774 1041 3836 quas
1063 3755 1277 3836 interpolatas,
1301 3764 1332 3818 et
1348 3763 1489 3835 tanquam
1506 3754 1654 3816 adversus

271 3856 463 3937 Azymorum
484 3872 572 3916 usum
590 3856 828 3935 pronunciatus,
853 3853 994 3917 canones
1023 3854 1184 3935 appellant
1234 3855 1295 3920 Sed
1324 3854 1355 3916 in
1384 3855 1443 3917 illis
1473 3854 1512 3917 dc
1534 3851 1652 3933 Azynm

274 3954 507 4034 quaestionibus
529 3971 591 4016 noa
613 3953 733 4016 videtur
755 3953 992 4032 immorandum,
1023 3953 1182 4025 camillae
1204 3955 1330 4036 proprie
1353 3955 1391 4017 ad
1414 3954 1549 4016 Graecos
1576 3969 1654 4032 per-

273 4056 403 4116 tineant.
450 4052 577 4116 Armem
599 4053 709 4116 dudum
732 4061 930 4131 accusantur,
952 4052 1070 4132 quoda
1091 4055 1240 4116 communi
1253 4070 1359 4115 eorum
1374 4071 1432 4116 usu
1446 4056 1652 4127 recesserunt,

274 4159 339 4213 tum
363 4152 446 4233 quod
469 4171 576 4233 aquam
590 4154 661 4216 vino
683 4171 745 4216 non
765 4152 948 4214 admiscent:
971 4153 1084 4232 quade
1100 4171 1135 4214 rc
1155 4161 1298 4233 quantum
1312 4152 1350 4214 ad
1365 4153 1504 4233 antiquos
1521 4153 1652 4230 spectat,

273 4259 403 4331 practer
425 4252 584 4332 Niconem,
609 4251 811 4315 'lbeorianum
834 4259 865 4315 et
888 4251 1034 4331 quosdam
1057 4253 1132 4315 alios
1155 4252 1280 4315 eruditis
1302 4251 1494 4329 notissimos,
1522 4268 1562 4312 ex
1583 4247 1653 4309 inc-

274 4350 347 4413 ditis
371 4350 549 4431 quibusdam
571 4350 715 4431 Graecis,
735 4351 929 4432 intelligimus
952 4352 1138 4433 singularem
1160 4352 1237 4414 hanc
1252 4350 1439 4432 disciplinam
1451 4350 1655 4412 Amisenorum

273 4448 315 4510 ab
339 4449 527 4513 Orthodoais
550 4458 691 4511 vexatam
715 4448 826 4530 fuisse,
850 4458 992 4532 tanquam
1022 4471 1063 4517 ex
1089 4452 1368 4532 bionophysitarum
1394 4450 1514 4512 haeresi
1542 4454 1654 4523 natam,

274 4564 338 4628 quo
360 4547 525 4631 injudicio
547 4549 614 4613 illos
636 4566 822 4632 magnopere
845 4548 908 4612 falli
937 4557 1054 4613 certum
1081 4559 1138 4613 est.
1183 4550 1258 4613 Nam
1287 4551 1395 4612 Petrus
1425 4548 1591 4625 Melichae,
1623 4551 1654 4608 ct

207 4670 214 4680 ·
273 4648 327 4710 alii
357 4648 519 4728 anonymi,
548 4648 707 4712 lacobitae
740 4656 842 4727 erant,
871 4656 961 4730 atque
989 4648 1065 4712 adeo
1101 4648 1237 4731 ejusdem
1266 4667 1333 4711 cum
1365 4649 1507 4710 Armenis
1537 4652 1653 4725 sectae,

274 4754 419 4827 quantum
434 4748 473 4810 ad
492 4749 581 4811 unius
600 4748 631 4810 in
647 4747 767 4813 christo
785 4756 910 4810 naturae
929 4748 1153 4812 confessionem
1175 4749 1296 4825 attinet;
1318 4766 1419 4828 neque
1438 4755 1536 4828 tamen
1555 4745 1653 4809 minus

275 4847 389 4909 acriter
411 4847 721 4911 adversusbrmenos
744 4848 926 4911 invehuntur
948 4847 988 4910 ob
1005 4848 1205 4930 azymorum,
1229 4855 1260 4910 et
1281 4849 1357 4911 meri
1378 4865 1465 4911 usum
1487 4848 1517 4910 in
1530 4846 1655 4911 Eucha-

274 4946 380 5009 ristiae
404 4947 629 5028 celebratione,
651 4947 806 5029 multaque
829 4947 888 5010 alia
910 4946 1022 5010 inillis
1044 4965 1106 5011 non
1127 4945 1268 5028 probant.
