4525 6034
715 550 790 626 340
882 559 885 563 ’
1282 552 1513 632 NOTAE

714 745 804 819 atque
827 756 864 800 ea
886 738 967 800 sacri
990 738 1077 802 cilicii
1099 756 1189 820 pars,
1213 736 1345 802 Cononis
1367 738 1482 819 nostri,
1512 739 1591 821 apud
1622 738 1793 804 Orientales
1814 740 1958 806 radonem
1977 742 2066 810 hebet.

712 835 825 899 Eadem
847 846 920 900 nota
942 837 1080 920 adjicitur
1101 839 1131 901 in
1155 835 1267 901 Codice
1291 836 1583 920 Cryptalerratemi,
1606 840 1662 903 sed
1678 841 1865 924 paulopost,
1887 860 1992 925 nempe
2007 862 2066 906 cun

715 936 825 999 dictum
848 944 894 1000 est
916 954 933 999 a
956 938 1087 1020 populo,
1108 938 1240 1019 Diprtum
1261 945 1293 999 et
1303 940 1420 1017 juctan
1442 946 1506 1001 eet:
1524 928 1559 1003 ‘0
1579 926 1685 1026 ἱερειὶς
1707 928 1843 1021 ἄρχεται
1871 938 1930 1025 τῆς
1954 930 2067 1029 drapo-

711 1032 787 1121 ρᾶςε
809 1035 860 1098 ubi
883 1037 1051 1120 interpres,
1074 1037 1272 1117 Acceptorum
1301 1039 1398 1115 ,eice
1420 1038 1617 1101 elevationem
1649 1040 1782 1104 melcol.
1826 1039 1987 1123 Anaphora
2016 1060 2067 1105 nec

713 1137 792 1218 apud
816 1135 966 1219 Graecos,
989 1155 1048 1201 nec
1070 1138 1150 1221 apud
1173 1137 1248 1200 elios
1272 1136 1461 1216 Orientales,
1485 1137 1522 1199 ad
1545 1156 1623 1219 quos
1645 1138 1786 1220 migravit
1808 1139 1941 1216 illator,
1962 1159 1999 1203 ex
2017 1159 2067 1204 usu

711 1234 945 1314 Ecclesiastico,
967 1239 1164 1301 elevationem
1184 1235 1350 1319 significan
1378 1254 1477 1317 neque
1505 1254 1594 1301 saera
1623 1237 1729 1316 Actio,
1765 1238 1903 1302 Elecotio
1932 1240 2067 1320 appellata

712 1335 839 1418 legitur:
861 1337 916 1400 sed
938 1350 1038 1419 neque
1060 1336 1211 1401 sententia
1224 1334 1327 1398 verbis
1349 1336 1501 1416 convenit,
1524 1354 1591 1400 cum
1613 1336 1744 1401 elevatio
1767 1339 1967 1402 continuatum
1980 1341 2066 1403 actio·

713 1453 782 1497 nem
804 1453 864 1500 non
886 1435 1004 1500 haheat.

1130 1695 1220 1770 Vere
1246 1698 1380 1791 dippum
1406 1704 1441 1770 el
1456 1702 1585 1789 justum
1611 1705 1671 1769 eat.

796 1903 869 1983 Hoc
892 1916 961 1981 loco
985 1917 1226 1982 animadvertere
1251 1918 1379 2000 quisque
1401 1926 1517 2001 potest,
1540 1920 1696 1983 maximam
1714 1919 1931 1983 sententiarum
1952 1927 1981 1982 et
1999 1938 2064 1983 ver-

708 2019 814 2083 borum
843 2017 931 2099 hujus
962 2016 1114 2082 Orationis
1143 2017 1400 2098 conformitatem,
1433 2037 1500 2082 cum
1530 2018 1655 2100 Coptica
1686 2017 1805 2101 Cyrilli:
1836 2019 1915 2082 adeo
1943 2028 1974 2083 ιιι
2000 2038 2064 2081 vere

707 2121 852 2202 scriptum
873 2117 964 2181 fuerit
986 2117 1023 2181 ab
1046 2118 1242 2197 Abulbircat,
1265 2119 1400 2183 eamdem
1430 2137 1500 2182 esse
1529 2136 1647 2199 quaec
1676 2118 1826 2182 nonnullis
1853 2115 1958 2182 Marco
1986 2118 2064 2181 attri-

705 2219 859 2282 bueretur.
903 2215 938 2279 ld
958 2218 1119 2299 perspicue
1142 2217 1299 2281 continuat
1319 2217 1482 2302 singularis
1501 2219 1669 2282 orationum
1682 2218 1851 2299 dispositio,
1874 2218 1912 2280 ab
1924 2218 1973 2280 illa
1988 2226 2064 2299 parte

707 2318 865 2402 usquead
888 2319 1158 2382 consecrationem.
1201 2317 1234 2381 ln
1258 2317 1322 2381 aliis
1344 2320 1423 2382 enim
1454 2319 1591 2382 omnibus
1619 2318 1762 2400 Liturgiis
1795 2326 1866 2399 post
1894 2318 1944 2381 illa
1972 2318 2063 2395 verba,

710 2419 787 2481 Vere
809 2419 931 2498 dippum
952 2425 982 2479 et
994 2419 1111 2496 justum
1133 2426 1193 2498 eet,
1217 2416 1366 2481 Sacerdos
1389 2419 1569 2499 pronunciat
1591 2419 1774 2497 orationem,
1798 2435 1876 2498 quae
1900 2418 2064 2480 Praelationi

705 2516 889 2600 Gregoriani
911 2517 985 2578 ritus
1008 2516 1192 2598 respondet,
1215 2535 1293 2598 quae
1315 2518 1346 2581 in
1368 2517 1541 2598 Gallicano,
1572 2516 1700 2581 Gothico
1723 2524 1754 2580 et
1775 2516 1858 2597 aliis,
1894 2516 2064 2580 Centestctio

710 2625 856 2697 vocatur,
880 2618 911 2679 in
934 2634 992 2698 qua
1014 2615 1072 2679 Dei
1095 2633 1170 2699 erga
1192 2617 1350 2680 humanum
1372 2637 1470 2702 genus
1493 2618 1657 2694 beneficio,
1680 2635 1748 2680 cum
1769 2619 1934 2698 gratiarum
1957 2618 2063 2679 actione

704 2718 885 2793 recitantur,
907 2734 1004 2797 usque
1027 2715 1064 2779 ad
1088 2716 1227 2799 hymnum
1251 2716 1465 2792 cherubicum,
1487 2718 1627 2781 Sanctus.
1657 2714 1904 2779 Brevioressunt
1919 2714 2063 2798 aliquando

704 2818 859 2880 orationes
881 2815 969 2895 illae,
992 2815 1142 2879 interdum
1170 2817 1372 2898 prolixiores,
1401 2818 1456 2882 sed
1486 2819 1516 2880 in
1538 2818 1596 2880 ista
1617 2816 1805 2880 solummodo
1836 2814 1986 2900 Liturgia,
2012 2824 2062 2877 mm

704 2915 821 2978 Graeca
843 2933 932 2997 quam
954 2914 1155 2994 elucidamus,
1185 2936 1274 2998 quam
1295 2916 1437 3000 Coptica,
1465 2919 1667 2998 interponitur
1694 2918 1791 2980 series
1821 2918 1989 2981 orationum
2013 2932 2063 2997 pro

703 3016 841 3079 omnibus
865 3022 895 3078 et
918 3014 956 3077 de
979 3016 1134 3079 omnibus:
1163 3024 1224 3079 tum
1246 3017 1395 3099 Diptyeha
1422 3018 1598 3081 recitantur.
1641 3014 1736 3098 Hujus
1764 3015 1942 3100 disciplinae
1968 3032 2062 3080 exem-

703 3115 801 3197 plum,
832 3114 889 3177 etsi
918 3115 949 3176 in
981 3113 1107 3178 Oriente
1133 3118 1332 3194 rarissimum,
1365 3116 1570 3180 subministrat
1599 3123 1695 3178 tamen
1726 3113 1832 3178 Canon
1858 3115 1993 3193 Latinus,
2019 3114 2062 3194 qui

704 3214 809 3277 eadem
832 3212 927 3276 ferme
950 3216 1065 3297 capita,
1094 3214 1150 3277 sed
1173 3215 1350 3279 brevissime
1377 3217 1581 3299 persequitur.
1624 3214 1707 3278 inter
1733 3217 1820 3279 istum
1846 3233 1924 3278 vero
1953 3222 1982 3277 et
2006 3212 2062 3276 Co-

706 3315 818 3394 ptieam
840 3313 1004 3394 liturgiam
1027 3313 1097 3376 leve
1109 3313 1271 3378 discrimen
1293 3323 1349 3391 est,
1373 3315 1454 3397 quod
1476 3317 1507 3378 in
1530 3315 1657 3394 Graeca,
1680 3315 1915 3378 Diaconiverba
1928 3314 2062 3377 ethorte·

707 3416 808 3476 tiones
830 3413 869 3475 ad
891 3411 1052 3491 orandum,
1075 3415 1250 3478 omittuntur
1272 3423 1304 3477 ut
1326 3416 1516 3479 notissimae:
1539 3417 1570 3477 in
1593 3413 1688 3477 altera
1710 3413 1933 3477 describuntur.

1325 3694 1450 3765 Marci.

795 3883 888 3977 Quor>
911 3913 1020 3958 nomen
1043 3898 1108 3979 ejus
1130 3896 1252 3981 legatur
1273 3897 1304 3960 in
1326 3898 1382 3961 hac
1401 3897 1540 3983 Liturgia
1570 3898 1667 3962 eidem
1694 3899 1850 3977 attributa,
1881 3898 1939 3961 hac
1967 3897 2059 3960 admo-

704 4000 816 4063 nitione
838 3995 965 4059 munivit
985 3993 1118 4060 loannes
1142 4016 1159 4059 a
1181 4005 1287 4060 sancto
1308 3997 1441 4063 Andrea.
1479 3998 1601 4062 'Nomen
1622 4000 1741 4060 coecas
1762 3998 1922 4079 Litorpice
1940 3998 1988 4060 ltic
2007 3996 2060 4058 od-

608 4084 616 4099 ’
702 4100 815 4177 tibet,
836 4098 956 4161 endam
976 4116 1087 4159 novom
1106 4098 1209 4159 cidari
1228 4095 1334 4159 debet.-
1357 4117 1424 4160 mm
1444 4099 1479 4160 id
1498 4116 1613 4179 quoque
1632 4097 1749 4177 scetem
1768 4100 1941 4179 reperimm
1960 4099 1990 4158 in
2008 4094 2059 4156 tt-

703 4200 809 4280 turpiis
838 4198 876 4260 D.
908 4195 1067 4258 Clementis
1095 4204 1125 4258 et
1154 4186 1376 4279 Odrpeostomi,
1393 4205 1441 4292 tm
1468 4198 1598 4277 exempli
1625 4204 1740 4259 motum
1768 4216 1882 4273 cause,
1917 4205 2059 4259 cottonem

701 4300 824 4360 nomme
844 4298 1036 4359 immanior.-
1059 4296 1221 4376 eodemmte
1242 4298 1364 4358 ratione
1385 4298 1418 4358 in
1449 4296 1537 4359 doris
1562 4296 1654 4377 lepis,
1682 4295 1777 4359 Masis
1806 4298 1905 4376 lpsim
1931 4298 2059 4358 decerem

701 4399 877 4460 continente.
901 4394 996 4468 Quam
1015 4392 1096 4456 nulla
1113 4396 1152 4457 sit
1166 4395 1244 4458 illius
1263 4394 1341 4457 rnodi
1358 4392 1510 4459 titulorum
1521 4393 1608 4474 lidos,
1631 4394 1741 4458 dictum
1756 4403 1803 4459 est
1817 4394 1882 4461 luse
1901 4397 1931 4460 in
1946 4394 2057 4457 Disser-

701 4499 815 4559 tatione
838 4495 878 4558 de
900 4493 1059 4576 Liturgiis:
1082 4512 1171 4574 quam
1193 4495 1322 4556 inaniter
1344 4512 1419 4558 vero
1442 4513 1482 4556 ex
1505 4494 1656 4557 titulorum
1678 4512 1783 4575 parum
1805 4495 1889 4558 iirma
1912 4493 2057 4558 autoritate

699 4595 823 4658 Rivetus
848 4602 878 4656 et
901 4593 967 4671 elii,
990 4592 1057 4655 illas
1080 4601 1113 4656 ut
1135 4595 1340 4677 supposititias
1363 4594 1530 4675 explodere
1554 4597 1653 4657 conati
1675 4594 1751 4672 sint,
1780 4594 1979 4657 ostendimus:
2004 4599 2056 4653 tun

701 4695 773 4758 illud
798 4696 888 4758 etiam
910 4693 992 4774 quod
1015 4694 1128 4756 autoris
1152 4711 1261 4756 nornen
1282 4701 1353 4774 post
1375 4693 1483 4757 multos
1507 4712 1619 4771 annos,
1641 4693 1855 4777 inLiturgiaa
1878 4712 1913 4755 se
1935 4689 2056 4754 ordinata

702 4797 796 4857 inseri
817 4794 968 4876 potuerit,
999 4811 1058 4856 nec
1087 4791 1200 4856 idcireo
1229 4792 1422 4874 corruptelae
1450 4793 1500 4857 vel
1528 4793 1745 4874 suppositionis
1773 4792 1870 4873 possit
1895 4791 2055 4873 suspicione

703 4896 835 4976 aspergi.
881 4892 941 4958 Sed
964 4912 1063 4975 neque
1085 4893 1189 4956 Marco
1212 4892 1250 4955 ob
1275 4893 1362 4955 aliam
1384 4911 1505 4956 causam
1526 4891 1661 4975 Litargia
1691 4891 1884 4970 adscribitur,
1914 4892 1968 4953 nisi
1994 4887 2054 4969 quit

700 4995 825 5076 propria
859 4992 914 5055 iuit
941 4992 1099 5057 Ecclesiae
1127 4991 1352 5055 Alexandrinae
1383 4993 1420 5055 ab
1450 4991 1502 5055 illo
1530 4991 1682 5057 fundatae.
1727 4990 1890 5055 Clementis
1921 4986 2054 5068 Liturgia,
