4525 6034
679 558 762 631 XVI
824 606 827 611 ·
1176 559 1553 637 oisshtttnrlo

679 748 751 836 rici,
783 768 882 840 quarn
916 744 1095 817 Lutherani
1130 748 1195 840 ipsi
1227 754 1293 816 tam
1327 768 1442 841 pamm
1475 744 1594 817 lavere
1621 744 1685 817 sihi
1710 741 1796 819 ultro
1824 756 2050 839 agnoverrmt,

679 872 715 933 ut
741 884 816 932 eam
842 864 1098 956 suppresserint.
1151 859 1312 955 Reliquas
1339 865 1369 934 si
1395 861 1650 949 consuluissent,
1677 859 1734 932 vel
1761 882 1820 933 eos
1847 862 1938 936 solas
1966 856 2051 955 quas

680 976 780 1073 edidit
805 975 984 1065 Pamelius,
1012 975 1214 1066 abiecissent
1239 976 1356 1070 procul
1388 974 1487 1047 dubio
1521 978 1732 1067 conjecturas
1759 999 1876 1050 omnes
1903 997 1982 1050 suas
2010 975 2054 1046 de

681 1091 829 1164 Cononis
861 1091 1011 1164 hodierni
1051 1101 1084 1161 ct
1117 1094 1239 1185 antiqui
1275 1091 1509 1186 discrepantia,
1544 1101 1578 1162 et
1604 1101 1754 1164 veterem
1788 1114 1862 1162 cum
1889 1091 2051 1164 hodierna

679 1207 836 1280 Ecclesia
862 1210 1068 1278 committere
1095 1206 1283 1280 desiissent.

383 1338 488 1391 ramere
507 1339 540 1392 aa
558 1341 667 1393 veruta
784 1322 915 1393 Scimus
952 1321 1111 1416 quosdam
1146 1323 1233 1413 uelo,
1269 1322 1330 1393 sed
1357 1324 1534 1397 scientiae.
1549 1320 1809 1393 Ecclesiasticae
1844 1343 1975 1411 vacuo,
2009 1319 2052 1393 de

357 1424 453 1478 “³⁰⁵⁸
463 1423 668 1525 ⁰ffffl⁸l¹¹l¹⁰⁸·
680 1440 822 1531 antiquis
849 1437 912 1507 illis
940 1435 1052 1510 officiis
1086 1458 1205 1531 parum
1230 1436 1404 1508 commode
1427 1436 1615 1528 Judicasse,
1643 1445 1677 1508 et
1703 1446 1825 1507 mutata
1852 1458 1918 1507 non
1944 1458 2052 1530 pauca

358 1521 460 1575 ΨΜ
476 1511 521 1563 ⁸¹¹¹
535 1519 714 1623 1¹⁰¹¹¹⁸⁴³¹¹³in
741 1554 840 1623 novis
868 1549 1072 1623 editionibus.
1119 1550 1195 1621 Fuit
1220 1554 1286 1624 imo
1313 1561 1390 1622 aute
1417 1573 1522 1623 anuos
1549 1554 1686 1623 nonita
1719 1552 1839 1624 multos
1874 1554 1928 1623 vir
1955 1574 2052 1625 sum-

681 1690 756 1738 mae
782 1666 962 1757 dignitatis,
989 1666 1157 1737 literarum
1184 1665 1454 1761 literatorumque
1480 1666 1589 1738 iautor
1611 1668 1766 1755 eximius
1793 1665 1853 1739 sed
1879 1665 1956 1737 nihil
1982 1662 2051 1738 mi-

680 1804 742 1854 nus
770 1804 866 1876 quam
893 1780 1100 1873 Theologus,
1128 1784 1183 1876 qni
1207 1781 1364 1854 Missales
1379 1779 1610 1854 lllosarabicos
1624 1779 1741 1871 libros,
1769 1775 1905 1875 quorum
1927 1803 2052 1852 exem-

680 1895 785 1991 plaria
810 1918 887 1967 rara
911 1898 982 1987 jam
1008 1906 1114 1988 erant,
1142 1899 1332 1969 rarissimos
1361 1896 1520 1985 effecerit,
1548 1894 1625 1967 dum
1651 1917 1767 1967 omnes
1795 1917 1879 1990 quos
1906 1900 2053 1989 conqui-

680 2034 758 2083 rere
790 2020 923 2106 poterat
952 2009 1092 2083 dammis
1128 2010 1338 2100 absumeret,
1374 2022 1465 2083 ratus
1499 2033 1558 2082 eos
1600 2021 1732 2083 scatere
1765 2011 2052 2106 erroribusque

678 2127 866 2199 Romanam
891 2125 1029 2198 Missam
1057 2126 1288 2198 verbotenus
1322 2130 1355 2197 in
1389 2126 1453 2199 illis
1487 2148 1554 2197 non
1589 2125 1789 2227 reperiebat.
1842 2125 1912 2197 Sed
1938 2127 2051 2198 talium

679 2241 846 2312 hominurn
873 2239 1129 2335 qualescumque
1155 2242 1276 2313 fuerint
1298 2241 1434 2332 judicia,
1470 2263 1578 2335 neque
1610 2264 1683 2311 cum
1710 2243 1835 2312 veteris
1860 2239 2051 2332 Ecclesiae,

680 2379 767 2452 quae
792 2363 925 2427 vetusta
951 2356 1008 2428 illa
1041 2355 1148 2428 officia
1182 2360 1375 2451 usurpavit,
1402 2365 1459 2427 aut
1493 2355 1632 2428 aliorum
1666 2355 1932 2429 doctissimorum
1955 2357 2052 2447 judi-

680 2472 740 2544 ciis
767 2469 990 2565 comparanda
1016 2480 1103 2561 sunt,
1131 2470 1247 2565 quales
1273 2494 1379 2567 nuper
1404 2470 1537 2543 iuemnt
1562 2468 1757 2545 cardinales
1782 2471 1878 2541 Boua
1905 2471 2052 2543 et'l'ho-

679 2587 816 2675 masius,
843 2588 899 2679 qui
926 2583 1044 2657 eadem
1071 2585 1245 2657 ediderunt
1271 2595 1305 2658 et
1330 2573 1659 2675 commendaverunt,
1687 2606 1822 2656 succum
1840 2583 2052 2657 Christianae

679 2702 859 2794 primorum
886 2702 1095 2774 saectdorum
1121 2701 1339 2794 Theologiae,
1367 2711 1400 2773 et
1424 2703 1554 2795 pietatis
1568 2703 1602 2770 in
1627 2699 1690 2773 illis
1719 2709 1953 2792 agnoscentes.
1976 2699 2052 2772 Hoc

679 2824 790 2887 tamen
817 2826 1013 2907 argumento
1039 2818 1148 2889 rarius
1176 2826 1232 2886 aut
1265 2815 1354 2887 forte
1389 2837 1574 2910 nunquam,
1607 2818 1671 2888 nisi
1698 2814 1874 2885 admodum
1907 2813 2052 2908 periim—

679 2932 805 3021 ctorie,
845 2936 898 3004 usi
932 2941 1007 3003 sunt
1033 2932 1283 3020 Protestantes3
1318 2933 1392 3003 sive
1426 2931 1515 3025 quod
1542 2934 1578 3000 in
1602 2929 1726 3001 Rituali
1761 2930 2054 3002 sacramentorum

679 3045 828 3117 doctrina
862 3034 981 3142 pamm
1014 3046 1158 3118 ieliciter
1191 3050 1318 3119 versati
1351 3056 1445 3137 sunt,
1480 3048 1577 3118 etiam
1614 3046 1809 3118 doctissimi:
1852 3047 1928 3117 sive
1963 3044 2053 3139 quod

677 3161 765 3233 illam
802 3182 881 3234 esse
917 3160 1126 3257 opinionibus
1160 3165 1229 3235 suis
1264 3161 1507 3235 incommodam
1540 3160 1785 3233 intellexerunt.
1836 3159 1874 3230 ln
1910 3157 2052 3229 Graecis

677 3276 836 3369 Liturgiis
870 3276 946 3373 plus
984 3278 1144 3373 praesidii
1179 3276 1242 3351 sibi
1275 3276 1350 3349 lore
1385 3278 1554 3366 nonnrdli,
1587 3298 1662 3345 cum
1695 3277 1936 3360 existimarent,
1964 3272 2054 3366 quod

680 3392 760 3463 olim
783 3414 863 3463 raro
891 3390 1054 3465 Catholici
1080 3392 1210 3463 illarum
1228 3395 1424 3466 testimoniis
1450 3390 1638 3479 utebantur,
1655 3412 1715 3461 eas
1741 3399 1898 3484 tanquam
1923 3386 2053 3460 Latinis

679 3504 779 3600 plane
805 3510 991 3580 contrarias
1019 3506 1196 3602 aliquando
1222 3507 1456 3582 laudaverunt:
1471 3507 1675 3602 frequentius
1701 3513 1737 3575 ut
1763 3506 1990 3599 supposititias
2018 3511 2070 3574 et·

678 3619 789 3694 futiles
824 3622 1022 3712 rejiciendas
1055 3623 1301 3717 pertendenmt.
1361 3623 1409 3694 At
1441 3622 1530 3717 quod
1564 3619 1607 3692 de
1641 3617 1770 3690 Latinis
1810 3619 1934 3690 diversi
1968 3621 2052 3688 ritus

679 3757 762 3808 rnox
796 3735 1006 3826 dicebamus,
1043 3736 1182 3809 Graecis
1218 3735 1436 3832 omnibusque
1470 3732 1693 3808 Orientalibus
1725 3754 1794 3804 non
1826 3735 1933 3803 miuus
1960 3753 2051 3803 con-

679 3853 783 3941 venit,
810 3852 899 3945 quod
922 3854 990 3942 jam
1018 3863 1070 3924 est
1099 3851 1398 3923 demonstrandum.

373 3978 666 4045 Formatiurgiaeec-
783 3965 940 4037 Formam
968 3990 1053 4061 quae
1080 3970 1233 4063 superius
1271 3967 1437 4063 descripta
1473 3975 1536 4057 est,
1572 3964 1829 4058 antiquissimam
1862 3972 1897 4034 et
1929 3959 2052 4057 ubique

355 4063 494 4117 ¹⁸b¹⁸¹¹d⁰⁸
518 4062 668 4131 *mmm*
680 4089 861 4172 servatam,
888 4082 991 4153 veluti
1017 4104 1223 4153 communem
1250 4104 1422 4155 sacrorum
1443 4082 1567 4173 legem,
1593 4080 1847 4173 comparationis
1873 4085 1966 4147 recte
1992 4079 2051 4147 in-

356 4158 402 4203 m
680 4197 866 4269 stituendae
898 4196 1047 4288 regulam
1081 4195 1198 4268 haberi
1233 4208 1384 4292 oportet,
1404 4218 1488 4291 ,non
1523 4196 1617 4289 quasi
1657 4197 1884 4285 excogitatam
1918 4189 2050 4279 Jacobi,

680 4313 805 4402 Basilii,
834 4311 1066 4406 chrysostomi
1093 4324 1149 4384 aut
1184 4314 1322 4384 aliorum
1348 4314 1504 4403 ingeniis,
1531 4309 1595 4387 sed,
1628 4308 1770 4379 divinam
1801 4308 2049 4402 principemque

679 4427 804 4519 legem,
839 4450 858 4498 a
892 4425 1024 4503 Christo
1058 4450 1120 4527 per
1152 4429 1334 4522 Apostolos
1368 4437 1402 4499 et
1435 4447 1550 4497 eorum
1583 4422 1764 4517 disciptdos
1795 4421 2048 4517 promulgatam.

678 4543 768 4615 Istud
795 4553 893 4614 extra
920 4548 1188 4616 controversiam
1214 4565 1293 4616 esse
1320 4541 1437 4631 debet,
1472 4538 1737 4636 quandoquidem
1771 4559 1816 4608 ex
1849 4535 1922 4608 sola
1948 4534 2049 4607 Scri-

678 4668 773 4753 ptura
802 4679 898 4729 sacra
925 4658 1067 4730 formam
1092 4658 1333 4750 Evangelicam
1348 4667 1382 4728 et
1406 4656 1637 4751 Apostolicam
1655 4653 1822 4743 designari
1837 4673 1906 4723 uon
1932 4672 2049 4744 posse,

679 4771 823 4842 latentur
848 4776 910 4868 ipsi
936 4774 1186 4846 Protestantes:
1212 4773 1366 4844 Ecclesia
1391 4771 1479 4841 iham
1496 4768 1623 4840 hahere
1645 4790 1683 4839 se
1697 4789 1742 4837 ex
1759 4766 1933 4837 traditione
1945 4765 2050 4859 Apo-

681 4893 798 4966 stolica
824 4890 959 4964 tirmiter
984 4886 1107 4982 ubique
1135 4898 1168 4959 et
1194 4910 1327 4984 semper
1359 4885 1514 4981 professa
1547 4894 1609 4958 est.
1661 4880 1836 4953 Habebunt
1862 4901 1946 4971 ergo
1973 4881 2050 4979 pri-

679 5032 756 5081 mae
781 5008 955 5081 Ecclesiae
988 5006 1030 5080 ab
1064 5006 1240 5101 Apostolis
1265 5001 1422 5075 fundatae
1463 5000 1606 5073 formam
1635 4996 1886 5093 Apostolicam,
1922 4995 2050 5067 scilicet
