4525 6034
688 558 766 631 424
952 535 955 548 '
1064 558 1140 634 ou
1192 557 1668 667 rnrxurluoun

689 745 753 817 alii.
807 748 859 818 Dc
890 746 960 845 ,alia
1001 768 1089 819 voce
1127 745 1206 817 nihil
1244 743 1403 818 habemus
1439 746 1629 835 dicendum,
1665 767 1805 840 eamque
1839 765 1907 815 uon
1938 765 2050 815 carere

571 911 583 924 ,
687 861 828 949 mendo,
856 864 1001 960 suspicio
1030 872 1091 934 est.

792 976 942 1051 CXXIII.
969 1001 1038 1051 xru.
1065 977 1175 1050 Sedes
1209 988 1262 1051 est
1294 980 1461 1073 Episcopi
1498 980 1644 1051 Kotsum
1674 985 1710 1050 et
1741 978 1875 1070 Rupes.
1916 977 1968 1049 De
1992 975 2051 1050 bae

688 1117 778 1168 voce
813 1095 913 1166 multa
949 1105 983 1167 et
1010 1094 1142 1190 quidem
1168 1083 1286 1182 obviass
1324 1104 1424 1190 atque
1454 1119 1500 1168 ex
1531 1095 1627 1168 editis
1661 1096 1852 1181 autoribus,
1892 1097 2050 1189 interpres

690 1215 873 1304 congessit,
901 1211 1018 1308 quibus
1044 1211 1139 1308 plura
1167 1219 1201 1282 et
1226 1210 1364 1284 meliora
1392 1212 1539 1305 adjicere
1564 1210 1663 1284 facile
1690 1222 1815 1284 estex
1848 1209 2052 1306 Geographis

690 1332 745 1424 qui
785 1350 861 1399 eam
898 1328 1106 1419 describunt,
1155 1336 1255 1423 atque
1293 1332 1380 1399 inter
1420 1329 1505 1401 alios
1549 1327 1736 1416 Abulleda,
1788 1324 1939 1414 Yacuto‚
1981 1326 2052 1399 Ebu

689 1444 810 1516 Werdi
837 1452 871 1515 et
897 1443 980 1517 aliIs.
1033 1443 1116 1516 Eam
1145 1452 1254 1515 autem
1281 1457 1360 1518 es'se
1397 1443 1529 1538 Olpauu
1561 1456 1732 1533 veterum,
1766 1441 1885 1515 dudum
1911 1443 2053 1516 Iacobus

691 1560 806 1634 Golius
842 1569 876 1630 ct
911 1559 965 1631 ulii
993 1560 1109 1631 eruditi
1144 1559 1335 1632 docuerunt.
1388 1562 1524 1654 Rapum
1557 1561 1668 1633 locum
1700 1580 1779 1632 esse
1815 1561 1978 1650 vicinum,
2002 1560 2055 1633 uhi

689 1661 927 1749 Monasterium
954 1675 1156 1749 Iusthrianus
1183 1676 1340 1765 condIdit,
1366 1676 1550 1773 Eutychius
1577 1675 1700 1752 scribit.
1744 1678 1810 1747 Per
1835 1674 1977 1747 Kolzum
2000 1677 2053 1745 in-

689 1792 792 1884 telligi
819 1790 1058 1888 Episcopatum
1085 1792 1190 1864 Maris
1216 1790 1406 1888 Erythraei,
1434 1791 1476 1864 de
1504 1816 1569 1888 quo
1596 1793 1692 1866 Nilus
1709 1791 1952 1902 DoxapatriuS,
1978 1813 2053 1863 cer·
2092 1764 2102 1790 ’

688 1910 848 1980 tissimum
882 1908 1024 1980 videtur.
1077 1906 1128 1979 Ea
1163 1912 1250 1980 euim
1283 1907 1362 1980 urbs
1398 1907 1462 1982 hoc
1496 1912 1530 1980 in
1561 1909 1658 1981 litore
1690 1910 1892 2004 praecipua,
1934 1930 1953 1978 a
1993 1930 2052 2002 qua

689 2027 786 2095 etiam
819 2034 907 2096 totus
942 2023 999 2096 ille
1034 2024 1202 2097 Arabicus
1238 2027 1330 2097 smus
1362 2046 1485 2098 nomen
1519 2029 1663 2122 accepit:
1705 2047 1782 2096 uam
1814 2023 1892 2096 illud
1924 2024 2053 2096 Arabm

688 2148 813 2211 vocant
838 2140 939 2210 More
964 2140 1126 2211 Koisum:
1152 2143 1217 2211 nisi
1244 2164 1264 2210 a
1290 2139 1378 2212 Mari
1403 2143 1478 2236 ipso
1505 2139 1586 2215 urbs
1612 2143 1794 2237 praecipua
1828 2143 1874 2211 ita
1901 2138 2054 2210 denomi-

688 2264 767 2327 nata
794 2258 1008 2327 arrisumetur.

794 2371 937 2444 CXXIV
938 2426 946 2443 .
972 2394 1044 2444 xiv.
1101 2373 1249 2444 Tandem
1274 2375 1373 2446 sedes
1398 2375 1602 2466 dicitursso
1628 2359 1728 2467 quam
1759 2372 1890 2444 obtinet
1921 2372 2056 2443 Metro-

687 2487 862 2581 politanus
887 2489 957 2581 Rus
976 2488 1129 2578 Missae,
1164 2512 1252 2584 quae
1279 2493 1427 2583 inferior
1462 2498 1559 2561 terro
1585 2490 1720 2560 dicitur.
1774 2491 1904 2583 Estque
1931 2489 2056 2574 Biblis;

686 2608 788 2698 prior
814 2606 1005 2694 Kotradon,
1031 2630 1101 2677 unu
1128 2628 1202 2677 cum
1228 2606 1413 2678 ditionibus
1439 2612 1527 2698 epum
1554 2614 1590 2678 et
1616 2611 1649 2678 ei
1675 2610 1823 2701 quinque
1848 2611 1929 2675 suut
1953 2605 2056 2691 sedes,

691 2720 810 2815 quibus
835 2743 881 2790 esu
907 2726 979 2813 q'us
999 2729 1105 2815 purte
1131 2726 1276 2818 quinque
1303 2724 1470 2816 Episcopi
1501 2728 1739 2817 praefuerunt.
1775 2723 1825 2794 lta
1851 2720 2056 2813 Beveregius
2179 2780 2181 2784 .

691 2837 882 2932 etquidem
919 2835 1174 2929 obscurissime,
1208 2861 1320 2933 neque
1353 2861 1399 2910 ex
1430 2838 1657 2935 prohxissimo
1695 2840 1936 2912 commentario
1971 2837 2056 2908 mul-

689 2964 769 3041 tum,
796 2963 832 3025 ut
858 2953 1000 3045 videtur,
1026 2955 1109 3027 lucis
1138 2953 1281 3048 affulget
1335 2956 1417 3049 llis,
1445 2959 1520 3028 sive
1546 2956 1659 3049 utris,
1694 2977 1773 3050 pars
1808 2964 1861 3027 cst
1887 2952 2056 3025 Occiden-

690 3070 765 3143 talis
792 3069 960 3142 inlerioris
996 3072 1158 3167 Aegypti,
1194 3071 1327 3144 deserto
1361 3070 1490 3144 Barcae
1524 3075 1747 3160 contermina,
1786 3068 1874 3166 quod
1916 3069 2058 3141 Notitiae

691 3196 787 3259 autor
813 3209 887 3258 cum
921 3186 1128 3261 Kairowana
1154 3187 1287 3260 videtur
1313 3185 1527 3260 confundere.
1580 3188 1651 3261 Sed
1682 3188 1736 3260 hic
1771 3187 1919 3259 Beluae
1953 3187 2058 3260 locum

691 3301 817 3374 babere
841 3325 909 3374 uon
936 3312 1066 3399 potest,
1097 3327 1173 3375 cum
1198 3303 1301 3395 longe
1328 3307 1436 3399 posita
1464 3308 1522 3395 sit,
1557 3316 1663 3377 etex
1697 3303 1760 3377 aha
1797 3307 1934 3376 omuino
1967 3312 2058 3399 parto

690 3417 903 3490 Palaestinae
931 3418 1099 3492 desertum
1124 3442 1265 3494 versus:
1291 3418 1393 3493 multo
1420 3422 1562 3510 minus„
1580 3420 1705 3509 Bibba,
1733 3443 1829 3516 quam
1855 3441 1980 3492 vocem
2005 3422 2057 3490 iu-

690 3545 820 3629 terpres
855 3534 1028 3608 substituit.
1080 3537 1197 3631 ltaque
1235 3534 1331 3608 aliter
1362 3539 1495 3610 omuino
1534 3537 1711 3630 legendum
1744 3535 1877 3610 videtur
1908 3540 1943 3608 in
1978 3534 2057 3606 huuc

692 3672 825 3723 sensum
853 3651 924 3744 llis
943 3652 1103 3747 Aepppti,
1131 3675 1220 3748 quoe
1246 3656 1349 3724 etima
1373 3657 1471 3748 sepio
1491 3657 1639 3747 inferior
1665 3654 1810 3724 dicitur:
1835 3675 1948 3746 eoque
1974 3673 2055 3722 con-

692 3771 837 3836 terminu
863 3773 916 3838 est
941 3769 1171 3840 Koirottunue
1197 3768 1366 3841 diuitibus.
1403 3769 1519 3840 Habet
1544 3778 1656 3841 autem
1686 3769 1841 3842 Ibrouoa
1867 3773 1942 3839 sive
1967 3769 2057 3839 sedes

691 3883 917 3976 Episcopatus
944 3887 1100 3979 quinque,
1128 3883 1247 3980 quibus
1274 3889 1418 3980 quinque
1444 3886 1638 3981 Episcopus
1660 3889 1832 3980 praeficit.
1885 3886 1997 3980 Atque
2015 3904 2057 3954 ex

692 3999 787 4072 dictis
814 4008 923 4094 patet,
950 4004 1084 4097 opinor,
1111 4005 1270 4094 exiguam
1296 4005 1443 4092 omnino,
1470 4002 1529 4074 vel
1554 4001 1677 4074 nullam
1716 4006 1826 4098 potius
1860 4024 1941 4074 esse
1966 3999 2056 4072 hdem

691 4113 837 4186 Notitiae
863 4115 960 4204 uuus,
994 4141 1080 4212 quae
1106 4117 1228 4191 nullum
1255 4121 1391 4215 proprie
1425 4129 1575 4191 autorem
1610 4116 1741 4210 habuit,
1778 4117 1837 4190 sed
1869 4122 1903 4189 in
1938 4115 2056 4190 codicis

692 4229 773 4302 lolio
807 4243 941 4326 reperta
976 4244 1044 4305 est:
1080 4234 1212 4329 quando
1247 4257 1357 4329 neque
1391 4257 1464 4306 cum
1500 4234 1640 4308 Graecis
1667 4238 1827 4328 antiquis,
1852 4256 1964 4328 neque
1989 4253 2055 4303 cum

692 4349 933 4421 recentioribus
969 4358 1080 4445 potest
1105 4351 1269 4423 ullatenus
1297 4349 1484 4442 conciliari,
1515 4362 1550 4423 ut
1584 4373 1700 4426 onmes
1734 4355 1819 4422 iuter
1851 4372 1890 4423 se
1918 4371 2054 4444 compa-

693 4467 792 4553 ranti,
819 4465 1026 4537 manifestum
1055 4475 1115 4538 est.
1158 4465 1246 4539 Nam
1272 4471 1380 4542 statim
1407 4465 1599 4559 iutelligitur
1623 4469 1709 4539 inter
1734 4465 1808 4540 illas
1836 4489 1954 4539 omues
1980 4465 2054 4537 lle-

692 4580 854 4677 tropoles
880 4583 943 4653 vix
968 4581 1068 4654 ullam
1093 4582 1199 4655 luisse
1231 4589 1264 4655 iu
1292 4582 1479 4672 Thebaide,
1512 4581 1568 4655 ubi
1595 4593 1689 4656 erant
1720 4583 1812 4655 multi
1836 4583 2053 4678 Episcopatu
2143 4657 2151 4680 ,

693 4700 852 4789 insignes.
905 4697 1024 4793 Neque
1056 4708 1167 4770 tamen
1205 4711 1257 4772 est
1298 4700 1387 4796 quod
1419 4702 1575 4772 miremur
1608 4702 1691 4773 virIs
1723 4701 1824 4771 etiam
1862 4696 2054 4771 doctissimis

695 4835 815 4907 aquam
841 4811 982 4885 haerere
1008 4816 1042 4886 in
1069 4813 1231 4889 abstrusis
1258 4816 1422 4909 ejusmodi
1448 4814 1738 4911 disquisitionibus.
1765 4814 1852 4888 Nam
1878 4838 1953 4887 cum
1972 4832 2054 4908 quo-

694 4927 773 5001 tidie
799 4931 893 5002 viros
921 4921 1126 5025 antiquarum
1154 4935 1317 5024 originum
1344 4936 1564 5030 peritissimos
1589 4932 1774 5024 videamus,
1801 4933 1877 5005 dum
1902 4929 2053 5027 peregri-

694 5054 825 5135 nantur,
851 5056 884 5119 et
911 5058 1088 5120 occurrunt
1112 5049 1265 5146 projecta
1283 5048 1426 5122 diversis
1451 5052 1486 5121 in
1511 5049 1596 5123 locis
1610 5031 1905 5125 famosissimorum
1932 5047 2067 5124 urbium.
