4525 6034
517 615 653 694 nmnn
678 614 728 691 nn
753 611 937 693 vmsrom
963 614 1140 692 immin
1165 613 1279 693 nasu.
1500 573 1622 691 coos

312 803 474 898 Populos.
529 803 648 876 Amen.
1049 825 1068 859 x
1295 843 1300 850 -

309 919 485 992 Sacerdos
510 920 702 992 inclinatur.
755 918 923 991 Memento
950 919 1050 990 etiarn
1074 917 1218 989 Domine
1243 925 1386 1013 patrum,
1412 915 1576 991 bubum-

209 1060 274 1133 que
299 1047 489 1111 nostrorum
515 1040 571 1132 qni
597 1034 751 1110 obierunt
775 1036 809 1106 in
834 1057 919 1107 vera
941 1033 1018 1124 fide,
1031 1032 1325 1130 Presbyterum,
1339 1034 1576 1122 Diaconorum,

207 1153 537 1250 Hypodinconomm
563 1151 754 1242 Lectomm
781 1146 1050 1239 Caenobitamm,
1076 1153 1111 1222 in
1137 1149 1301 1224 caelibatu
1326 1160 1490 1246 perpetuo
1516 1153 1576 1224 vi-

208 1274 367 1359 ventium,
393 1268 591 1359 Laicornm,
617 1289 756 1362 quorum
784 1270 928 1341 amrium
954 1277 1187 1341 innumerum
1213 1266 1305 1341 solus
1330 1270 1438 1358 nosti,
1463 1269 1577 1364 potis-

208 1390 325 1459 simum
351 1407 437 1458 vero
465 1386 520 1481 qui
541 1388 611 1478 jam
636 1387 855 1458 nominantur.

313 1501 361 1573 Et
391 1500 528 1574 sableta
558 1523 654 1572 occe.
721 1497 883 1575 Conditor
917 1522 1094 1597 corporum
1129 1509 1165 1572 et
1202 1502 1385 1572 animarum
1419 1498 1576 1589 Domine,

207 1628 374 1693 memento
403 1618 446 1691 ad
472 1641 564 1691 aram
590 1626 680 1690 trram
706 1617 907 1705 coelestem,
943 1638 1058 1699 comm
1092 1619 1237 1689 omnium
1270 1619 1325 1713 qui
1359 1614 1578 1690 decesserunt

208 1737 251 1809 de
277 1735 488 1809 boemundo
515 1755 728 1819 aemmnoso,
754 1742 976 1828 recreatoqne
1002 1753 1064 1806 eos
1090 1736 1124 1804 in
1151 1730 1366 1806 tabernaculo
1390 1742 1448 1806 tuo
1469 1733 1576 1805 omnis

209 1852 340 1927 decoris
367 1852 478 1948 pleno.
513 1850 671 1945 Trajicito
699 1870 760 1922 eos
787 1858 878 1923 tram
904 1852 1093 1922 mansiones
1120 1852 1269 1922 emeiatn
1294 1847 1491 1939 horrendas,
1518 1856 1576 1919 at-

208 1992 274 2064 que
300 1971 333 2040 in
361 1965 582 2040 tabernaculis
614 1964 879 2039 luculentissimis
915 1963 1081 2038 collocato
1116 1967 1220 2060 ipsos.
1277 1963 1369 2037 Erue
1401 1967 1494 2060 ipsos
1530 1985 1577 2035 ex

208 2082 357 2159 tenebris
384 2094 418 2156 et
433 2083 587 2176 caligine,
615 2092 714 2178 atque
740 2105 786 2154 ex
812 2080 1022 2155 tribulatione
1048 2080 1232 2177 doloreque
1256 2084 1366 2180 eripc3
1392 2089 1577 2176 appareat-

209 2223 274 2298 que
300 2205 384 2298 ipsis
408 2198 520 2273 vultus
547 2209 621 2273 truus
647 2198 820 2296 pacificus:
855 2220 964 2293 neque
990 2200 1093 2270 intres
1119 2218 1194 2269 cnm
1227 2199 1310 2293 ipsis
1343 2201 1377 2269 in
1405 2197 1577 2289 judicium,

209 2327 265 2391 aut
291 2339 402 2389 acrem
429 2318 658 2411 quaestionem
684 2312 810 2387 babeas
837 2313 880 2386 de
906 2326 979 2387 acta
1012 2317 1093 2387 vita.
1152 2311 1222 2386 Sed
1256 2315 1331 2385 sivo
1361 2312 1469 2387 verbo
1502 2315 1577 2387 sive

209 2457 315 2531 opera
347 2434 583 2529 peccaverint‚
615 2441 731 2528 utpote
761 2429 912 2503 homines
938 2453 1041 2503 carne
1066 2430 1186 2518 induti,
1212 2431 1387 2520 remittito,
1417 2428 1576 2503 aboletu-

208 2573 273 2645 que
300 2569 435 2620 errores
461 2551 618 2644 ipsomm.
670 2546 788 2632 Nostri
813 2568 918 2636 vero,
951 2550 1005 2642 qui
1038 2549 1071 2619 in
1104 2549 1194 2620 vivis
1227 2543 1424 2642 superstites
1451 2567 1575 2632 sumus,

207 2677 242 2738 tu
269 2685 455 2738 conversus
481 2667 653 2737 miserere.
705 2661 797 2735 Ecce
831 2666 918 2735 onim
952 2663 1096 2757 quotidie
1123 2661 1166 2735 ad
1192 2663 1393 2735 iracundiam
1420 2665 1576 2735 concita-

207 2805 280 2855 mus
305 2791 341 2853 te
366 2779 474 2853 laedis
501 2789 535 2852 et
569 2777 818 2852 detestabilibus
849 2779 986 2852 vivendi
1019 2779 1144 2852 modis:
1179 2780 1333 2875 quoniam
1363 2802 1449 2853 unus
1483 2779 1576 2854 solus
1638 2851 1641 2857 .

208 2907 261 2969 est
287 2901 342 2992 qui
368 2919 436 2971 non
461 2899 625 2994 peccavit,
652 2905 686 2967 et
712 2898 767 2991 qui
793 2918 813 2967 a
839 2894 935 2991 culpa
961 2893 1093 2986 liberet,
1118 2895 1281 2968 Dominus
1307 2904 1422 2969 noster
1440 2904 1474 2968 et
1495 2916 1576 2968 ser-

130 3103 135 3114 ,
207 3023 308 3107 vator
333 3022 449 3086 noster
473 3013 574 3086 Jesus
601 3010 751 3085 Christus
777 3033 840 3107 par
867 3033 965 3107 quem
991 3033 1054 3084 nos
1080 3033 1213 3108 qnoque
1245 3031 1362 3086 omnes
1390 3033 1575 3108 speramus²

207 3153 275 3218 nos,
304 3138 545 3203 consecuturos
577 3126 857 3218 misericordiam,
890 3136 924 3201 ct
954 3129 1188 3201 remissionem
1221 3139 1452 3225 peccatorum,
1489 3151 1576 3225 quae

207 3256 346 3344 propter
371 3268 447 3317 eum
472 3243 568 3318 nobis
594 3253 629 3316 et
653 3244 726 3317 illis.
753 3266 758 3277 “

213 3437 216 3445 ,
311 3362 472 3456 Populos.
525 3361 689 3454 Ignosce,
715 3362 854 3433 remitte.

310 3477 495 3550 Sacerdos.
547 3477 705 3569 Ignosce,
730 3480 871 3565 remitte,
899 3474 1051 3550 condona
1068 3476 1162 3549 Deus
1175 3474 1295 3549 delicta
1320 3475 1463 3568 illorump
1490 3500 1575 3573 quae

27 3575 32 3584 ⁵
146 3553 149 3560 f
207 3593 406 3684 voluntarii,
441 3597 586 3668 scientes
613 3591 669 3666 vel
695 3596 903 3686 ignorantes,
929 3594 1084 3689 reipsa,
1117 3604 1174 3665 ant
1209 3592 1291 3666 solis
1317 3592 1575 3686 cogitationibus

206 3720 404 3807 patravere:
432 3710 561 3783 occulta
588 3718 623 3781 et
648 3707 834 3800 manifesta,
861 3731 1001 3804 qnorum
1026 3707 1245 3781 recordantur
1266 3718 1301 3782 et
1323 3730 1462 3805 qnorum
1482 3708 1576 3783 obliti

206 3836 296 3901 sunt:
325 3849 410 3922 qnae
437 3829 547 3899 omnia
572 3827 668 3897 novit
692 3847 814 3898 nomen
839 3834 929 3898 tuum
955 3835 1117 3902 sanctum.

310 3943 358 4014 Et
387 3943 524 4024 oblato
557 3964 651 4014 coco.
710 3941 926 4015 sanctissime
963 3944 1074 4033 Deus,
1111 3953 1279 4015 momento
1312 3944 1410 4014 eiam
1445 3964 1574 4031 eorum,

208 4050 347 4155 quornm
373 4062 566 4132 memoriam
591 4057 690 4130 bodie
716 4054 937 4149 celebramus,
964 4080 1148 4154 omnesque
1164 4058 1240 4132 illos
1266 4069 1414 4148 veteres,
1440 4058 1574 4131 admitte

205 4178 430 4249 internuncios
458 4184 492 4248 et
516 4174 751 4248 conciliatores
777 4196 840 4271 pro
867 4176 982 4248 animis
1010 4178 1154 4248 omnium
1181 4186 1340 4264 nostrum,
1368 4173 1573 4270 dignarequc

206 4314 268 4365 nos
295 4314 374 4366 esse
400 4302 575 4366 consortes
602 4299 637 4363 et
663 4289 867 4365 cohaeredes
894 4294 1053 4388 ipsorum.
1104 4293 1218 4388 Atque
1252 4293 1395 4365 omnium
1422 4301 1573 4364 nostrum
1696 4279 1704 4296 ’

205 4431 335 4481 memor
367 4417 461 4498 esto,
492 4430 555 4504 per
585 4405 824 4500 benignitatem
856 4415 963 4480 mam:
998 4429 1061 4479 nos
1094 4410 1229 4482 visitato
1263 4431 1338 4480 eum
1369 4406 1573 4480 multitudine

205 4523 455 4597 misericordiae
480 4533 570 4613 uae,
597 4545 829 4621 apparensque
850 4522 949 4597 nobis
976 4546 1050 4596 cum
1071 4525 1246 4597 clementia
1268 4535 1337 4616 tna,
1362 4531 1461 4619 atquc
1488 4520 1574 4597 tales

205 4661 269 4713 nos
304 4663 366 4736 per
398 4640 604 4713 elicientium
644 4638 818 4736 probitatis
858 4650 936 4713 tuae
971 4640 1111 4732 efficito,
1145 4638 1260 4737 quales
1294 4662 1375 4713 esse
1406 4644 1574 4714 convenit

204 4755 357 4831 Aboleas
397 4755 532 4830 dissidia
566 4754 793 4830 Ecclesiamm
830 4765 978 4848 tuarum,
1017 4754 1227 4832 insolentiam
1268 4759 1435 4849 gentium,
1475 4767 1575 4854 atque

51 4869 77 4886 ''
206 4873 447 4947 baereticorum
481 4875 643 4947 stationes
680 4873 814 4972 dissipa.
875 4872 948 4947 Nos
981 4872 1123 4968 denique
1156 4876 1334 4946 universos
1370 4876 1509 4971 recipito
1539 4877 1575 4946 in

206 5013 346 5084 regnum
373 5001 475 5082 mum,
502 5000 536 5062 et
561 4988 647 5063 lilios
672 4989 757 5065 lucis
784 4990 897 5083 effice,
929 5012 995 5086 qno
1022 5012 1140 5065 omnes
1165 5011 1233 5063 uno
1260 4992 1384 5084 animo,
1410 4991 1506 5088 quasi
1530 4987 1573 5063 ab
