4525 6034
711 611 788 685 228
1211 610 1589 720 COMMENTARIUS

711 797 879 859 athamas
897 797 1071 878 propositus
1093 799 1124 859 in
1146 816 1259 877 corpus
1279 804 1310 860 et
1320 798 1495 877 sangninem
1516 797 1630 862 Ohrimi
1642 799 1780 862 Domiti.-
1802 800 1968 882 eademque
1981 821 2071 885 prope

710 897 805 958 verba
835 903 921 973 sunt,
952 914 1029 976 (pne
1056 897 1086 958 in
1114 895 1308 959 invocatione
1338 896 1396 959 dici
1426 895 1535 962 solent.
1579 897 1675 961 Nemo
1706 898 1881 981 Theologus
1911 902 1989 964 inter
2009 904 2070 966 illos

711 997 854 1077 cogitavit
878 996 1139 1059 consecrationem
1161 996 1219 1058 illis
1242 995 1344 1058 verbis
1367 994 1442 1060 lieri.
1487 997 1520 1059 ln
1543 998 1610 1060 liitu
1633 998 1831 1076 Nestoriano,
1863 1001 2017 1082 primaque
2043 1011 2071 1066 et

711 1096 875 1176 praecipua
899 1096 997 1169 trium,
1019 1114 1093 1176 quas
1115 1094 1238 1173 habent,
1260 1094 1474 1177 liturgiarum,
1497 1096 1651 1159 invocatio
1674 1097 1776 1160 verbis
1801 1098 1914 1162 Chr‘mti
1935 1104 2070 1181 praemit-

711 1196 793 1271 titur,
816 1213 915 1276 neque
937 1195 996 1257 illis
1018 1195 1225 1278 subjungitur3
1257 1212 1323 1257 cum
1346 1196 1377 1256 in
1404 1194 1520 1258 duabus
1545 1196 1627 1273 aliis,
1662 1196 1770 1259 eodem
1792 1196 1880 1274 loco,
1916 1199 2070 1281 iisdemque

709 1295 811 1356 verbis
834 1294 963 1377 legatur,
988 1312 1022 1355 ac
1045 1297 1076 1356 iu
1099 1294 1241 1370 Graecis,
1270 1295 1461 1374 caeterisque
1489 1296 1627 1357 omnibus
1654 1295 1808 1379 Liturgiis.
1854 1296 1904 1360 Ex
1932 1301 2069 1379 antique-

709 1396 784 1457 sima
806 1394 898 1475 igitur
919 1393 1166 1456 Nestoriancrum
1189 1392 1347 1457 traditione
1369 1400 1503 1471 constat,
1526 1395 1597 1458 illos
1611 1396 1641 1456 in
1664 1395 1765 1458 verbis
1789 1395 1902 1459 Christi
1916 1399 2068 1481 agnovisse

708 1495 767 1556 vim
796 1493 990 1574 praecipuam
1024 1492 1061 1555 ad
1091 1492 1306 1555 elementorum
1336 1494 1611 1573 consecrationem,
1642 1512 1741 1574 neque
1770 1512 1827 1575 per
1855 1494 2068 1560 invocationem
2092 1551 2095 1555 .

708 1593 953 1673 subsequentem,
977 1589 1027 1654 adt
1049 1591 1282 1672 praecedentem
1304 1591 1513 1655 detrimentum
1536 1592 1594 1655 illis
1617 1592 1683 1655 lieri
1705 1594 1908 1657 existimasse.

421 1688 454 1741 Et
471 1689 624 1743 ritiovarus
643 1709 695 1745 non
795 1692 883 1765 Quod
904 1710 980 1755 vero
1002 1691 1082 1754 illius
1110 1693 1254 1755 orationis
1277 1692 1390 1769 verba,
1418 1693 1694 1755 transmutationem
1716 1694 1801 1772 panis
1824 1700 1857 1755 et
1879 1695 1942 1756 vini
1969 1701 2069 1775 postu-

386 1777 500 1844 requitur
521 1782 694 1832 consecratio·
708 1792 765 1855 lari
792 1810 809 1853 a
836 1792 902 1855 Deo
932 1791 1119 1875 significent,
1147 1808 1210 1854 uon
1236 1792 1348 1854 idcirco
1377 1792 1530 1874 sequitur,
1560 1790 1591 1854 id
1625 1791 1706 1872 quod
1737 1792 1819 1854 circa
1852 1792 1985 1857 Graecos
2015 1802 2067 1856 tam

387 1878 444 1914 ”⁰¹¹¹
461 1865 694 1918 ⁰⁰⁰⁰⁸⁸⁰¹⁸⁰²¹¹¹¹¹·
708 1890 895 1955 confidenter
917 1892 1112 1968 alllrmavere,
1136 1893 1186 1972 qrri
1208 1891 1328 1954 illorum
1349 1892 1424 1954 ritus
1447 1892 1639 1974 impugnant,
1672 1909 1738 1954 eam
1765 1890 1901 1955 nondum
1931 1911 1998 1956 esse
2024 1893 2067 1956 ia·

708 1999 786 2054 ctam
814 1992 851 2054 ab
881 1990 938 2054 illis
969 1992 1144 2053 existimari.
1190 1990 1310 2054 Gabriel
1347 1991 1519 2054 Patriarcha
1547 1990 1772 2055 Amxaudrinus
1801 1999 1833 2055 et
1867 1992 1918 2054 alii
1946 1993 2067 2056 nonnulli

707 2092 817 2154 rituum
839 2092 1022 2171 interpretes
1045 2107 1111 2152 eam
1135 2093 1313 2153 sententiam
1336 2091 1497 2172 designare
1520 2089 1641 2171 qaudam
1663 2091 1814 2170 videntur,
1839 2091 1909 2154 dum
1932 2093 2065 2170 scribunt,

707 2191 913 2274 pronunciatis
935 2189 1039 2252 verbis
1061 2190 1262 2253 invocationis
1285 2208 1393 2271 panem
1416 2189 1482 2251 lieri
1505 2208 1633 2271 corpus3
1656 2191 1756 2254 vinum
1775 2192 1955 2272 sanguinem
1968 2190 2067 2254 Christi

705 2290 832 2358 Domini.
878 2290 1088 2352 Verumtamen
1113 2289 1237 2352 alteram
1261 2307 1382 2371 quoque
1413 2289 1561 2352 Gabrielis
1585 2288 1679 2352 verba
1707 2290 1986 2371 interpretationem
2016 2290 2067 2352 ad-

705 2392 834 2467 mittunt,
857 2388 906 2451 illa
929 2387 1045 2451 scilicet
1066 2387 1260 2451 invocatione
1282 2391 1496 2471 pronunciata,
1525 2389 1635 2453 iactum
1657 2408 1726 2454 esse
1756 2400 1787 2454 et
1815 2391 1984 2472 perlectum
2004 2407 2066 2451 esse

707 2507 819 2571 corpus
843 2487 953 2551 Christi
976 2497 1006 2551 et
1028 2490 1217 2571 sauguinem,
1239 2506 1294 2552 sen
1317 2498 1389 2553 tunc
1411 2488 1528 2552 demum
1550 2497 1783 2553 consummatam
1812 2490 1944 2575 intelligi
1965 2489 2066 2552 dehere

708 2588 980 2666 consecrationem,
1005 2588 1125 2668 quando
1149 2590 1247 2651 omnia
1268 2590 1326 2651 rite
1349 2588 1502 2652 celebrata
1524 2596 1604 2668 sunt,
1628 2607 1706 2670 quae
1729 2589 1857 2652 adeam
1880 2610 1920 2653 ex
1942 2589 2064 2651 instituto

707 2686 885 2768 Apostolico
908 2689 1063 2768 pertinere
1086 2695 1259 2752 censentur.
1283 2687 1521 2751 Consummatam
1543 2688 1636 2771 igitur
1656 2688 1736 2750 illam
1749 2688 1890 2766 credunt,
1914 2706 1978 2750 cum
1999 2705 2065 2749 ver-

705 2784 752 2848 bis
776 2784 889 2849 Christi
910 2788 968 2850 rite
991 2793 1021 2848 et
1043 2788 1210 2849 secundum
1232 2788 1426 2850 intentionem
1448 2786 1607 2850 Ecclesiae
1629 2788 1754 2868 prolatis
1777 2788 1984 2866 asacerdote,
2004 2785 2064 2848 illa·

705 2884 787 2947 hitur
819 2903 913 2967 super
951 2885 1029 2947 dena
1066 2888 1223 2966 proposita
1258 2886 1384 2967 Spiritus
1424 2893 1559 2964 sanctus,
1596 2886 1751 2967 perfector
1787 2894 1819 2950 et
1857 2894 2064 2950 consummator

706 2986 834 3048 omnium
858 2985 1130 3064 sacramentorum,
1154 2986 1233 3067 quod
1256 2993 1327 3048 tunc
1350 2988 1471 3049 omniuo
1493 2984 1603 3048 iactum
1626 3005 1696 3049 esse
1720 2985 1859 3065 credunt,
1875 3005 1949 3050 ¹cum
1964 2986 2063 3049 Eccle-

705 3087 768 3149 siae
791 3085 934 3166 precihus
956 3086 1115 3148 invocatus
1139 3084 1203 3160 luit,
1226 3094 1320 3168 agunt
1341 3086 1418 3148 enim
1442 3093 1472 3148 et
1494 3085 1659 3166 loquuntur
1680 3087 1807 3172 humano
1829 3104 1933 3165 more,
1962 3102 2062 3149 secun·

706 3186 776 3248 dum
798 3203 888 3266 quem
901 3186 1058 3247 successio
1072 3191 1102 3247 et
1125 3187 1269 3265 temporis
1291 3184 1412 3266 aliquod
1435 3184 1631 3260 intervalium,
1650 3185 1834 3268 cogitatione
1849 3187 1957 3250 saltem
1978 3188 2062 3248 inter·

705 3287 765 3365 cipi
786 3292 897 3366 potest,
926 3285 957 3346 in
979 3284 1228 3347 transmutatione
1256 3303 1334 3365 quae
1356 3304 1414 3366 per
1444 3286 1619 3348 miraculum
1649 3285 1729 3348 iacta
1758 3295 1911 3349 momento
1939 3286 2001 3349 lieri
2020 3286 2062 3347 irr-

704 3384 862 3468 telligitur,
884 3384 940 3447 sed
963 3400 1023 3445 non
1045 3384 1103 3446 nisi
1126 3385 1301 3446 successive
1323 3383 1425 3446 verbis
1448 3385 1641 3466 exprimitur.
1684 3385 1752 3449 Duo
1774 3394 1876 3449 autem
1897 3385 2011 3449 maximi
2030 3382 2061 3445 ad

695 3485 914 3565 ,quaestionem
934 3485 1021 3546 istam
1042 3482 1247 3546 elucidandam
1269 3484 1428 3561 momenti,
1452 3482 1642 3547 observanda
1665 3494 1744 3549 sunt.
1781 3486 1913 3549 Primum
1934 3492 1989 3563 est,
2010 3497 2061 3544 nou
2123 3495 2127 3504 ’

705 3584 746 3645 ita
769 3591 854 3646 certo
877 3591 1031 3660 constare,
1053 3582 1138 3644 credi
1161 3581 1198 3644 ah
1221 3581 1424 3645 Orientalibus
1447 3600 1508 3646 non
1530 3582 1596 3645 lieri
1619 3587 1894 3663 consecrationem,
1917 3592 2061 3664 antequam

707 3681 861 3745 invocatio
900 3682 1028 3763 Spiritus
1062 3683 1160 3744 sancti
1193 3684 1390 3763 pronunciata
1425 3685 1482 3760 sit,
1517 3683 1589 3763 quin
1620 3683 1718 3746 multis
1755 3686 1933 3761 rationibus,
1968 3682 2060 3746 saltem

705 3780 939 3860 verisimillimis,
963 3784 1145 3844 contrarium
1167 3781 1319 3845 alliciatur.
1364 3781 1511 3862 Alterum,
1540 3783 1770 3846 vetustissimam
1792 3785 1987 3865 omnibusque
2006 3781 2060 3843 Ec-

707 3882 818 3961 clesiis,
841 3881 931 3944 etiam
953 3880 1196 3944 occidentalibus
1219 3899 1414 3975 communem,
1443 3883 1629 3964 disciplinam
1657 3883 1767 3946 dudum
1795 3883 1908 3964 fuisse,
1937 3890 1968 3946 ut
1993 3883 2061 3945 inter

708 4000 795 4045 sacra
824 3981 935 4060 officia,
965 3998 1025 4043 non
1056 3981 1146 4044 modo
1170 3988 1253 4044 ante.
1268 3988 1487 4044 sacramentum
1513 3980 1698 4062 perfectum,
1729 3983 1784 4046 sed
1809 3991 1935 4064 postea,
1963 3995 2059 4063 preces

709 4081 780 4144 liant
802 4080 840 4143 ad
862 4079 968 4157 Deum,
992 4082 1077 4162 quasi
1100 4079 1231 4144 noudum
1254 4080 1334 4160 quod
1356 4079 1495 4143 Ecclesia
1516 4081 1660 4162 postulat,
1683 4080 1794 4144 facturn
1816 4081 1933 4147 luisset.

401 4204 694 4276 manumquituscen-
794 4182 890 4244 Prima
915 4180 1091 4244 observatio
1114 4199 1155 4243 ex
1177 4181 1244 4262 ipso
1268 4180 1454 4261 Coptitarum
1475 4182 1533 4243 ritu
1556 4181 1714 4244 stabilitur.
1743 4181 1817 4244 Cum
1839 4183 2060 4264 pronunciantur

384 4292 488 4343 turtum
513 4292 619 4360 proteri
642 4310 693 4364 po·
706 4282 800 4345 verba
823 4279 944 4359 Christi,
968 4279 1028 4342 alta
1050 4298 1140 4359 voce,
1164 4297 1243 4360 quae
1266 4279 1461 4343 Orientalium
1479 4280 1675 4350 ,consuetudo
1697 4288 1756 4358 est,
1778 4281 1922 4345 acclamat
1943 4276 2058 4362 populus

385 4384 443 4428 tes.
705 4382 799 4445 Amen
804 4402 819 4454 ;
841 4380 879 4442 ad
901 4378 1021 4463 singula
1043 4379 1203 4461 Evangelii
1227 4379 1339 4455 verba;
1361 4380 1526 4444 henediuit.
1548 4379 1646 4443 Amen
1666 4379 1768 4461 [rapit.
1798 4379 1913 4445 Amen:
1935 4379 2058 4456 dcditw

418 4462 503 4516 Prima
520 4462 674 4519 ⁰¹l³⁰¹l⁸¹¹⁰·
705 4481 863 4562 mampntia
885 4482 949 4541 nris
971 4479 1094 4541 athena:
1114 4478 1183 4542 Hoc
1206 4485 1253 4541 est
1275 4497 1386 4560 corpus
1417 4500 1533 4563 meum,
1564 4484 1643 4565 quod
1666 4502 1723 4565 pro
1753 4485 1843 4548 vohis
1871 4484 2013 4568 frangitur
2032 4484 2058 4540 et

706 4583 794 4647 datur
815 4579 854 4641 ad
874 4579 1084 4641 remissionem
1106 4586 1301 4660 peccatorum
1323 4586 1380 4641 etc.
1402 4580 1517 4657 Aurem
1541 4582 1699 4647 Credhnua
1720 4604 1793 4647 cere
1813 4586 1859 4646 itu
1880 4604 1954 4647 esse.
1980 4577 2057 4642 Dixi·

704 4699 771 4745 mus
792 4680 824 4741 in
846 4679 927 4742 notis
950 4675 987 4740 ad
1019 4677 1098 4739 hunc
1119 4676 1276 4762 Liturgiae
1297 4677 1413 4757 locum,
1443 4669 1640 4768 ἐπιφώνημα
1666 4683 1739 4747 illud
1760 4701 1820 4746 uon
1846 4692 1906 4746 tam
1927 4681 1963 4744 ad
1991 4694 2057 4740 oon·

705 4782 868 4845 sessionem
890 4795 984 4841 verae
1006 4777 1160 4859 realisque
1187 4779 1378 4858 praesentiae
1409 4784 1547 4863 corporis
1570 4782 1698 4862 Christi,
1733 4801 1821 4865 quam
1849 4783 1887 4846 ad
1917 4777 2056 4863 approha-

705 4881 817 4942 donem
840 4890 871 4945 et
893 4880 980 4944 iidem
1004 4881 1095 4944 totius
1117 4881 1260 4942 orationis
1288 4900 1329 4943 ex
1350 4881 1516 4965 Evangelio
1544 4890 1722 4962 contextae,
1745 4881 1841 4945 videri
1869 4878 2054 4946 referendum.

705 4979 825 5062 Quippe
847 4982 931 5043 circa
960 4982 1118 5044 veritatem
1148 4982 1286 5061 corporis
1315 4989 1347 5044 et
1377 4984 1531 5064 sanguinis
1559 4982 1670 5047 Christi
1699 4984 1729 5045 in
1757 4981 1959 5058 Eucharistia,
1991 4975 2054 5039 satis

705 5081 909 5163 praeclaram,
939 5089 971 5146 et
999 5082 1191 5163 perspicuam
1220 5078 1358 5162 Coptitae
1387 5081 1458 5145 irdei
1487 5082 1709 5146 contessionem
1730 5083 1945 5166 pronunciant,
1973 5074 2052 5159 paulo
