4525 6034
711 534 788 610 580
1001 469 1179 614 ultorum
1205 535 1437 615 sanctornm
1462 534 1740 614 promotorum
1766 550 1816 612 tre.

867 810 1044 884 Sacerdos
1070 813 1157 883 dicit
1180 810 1379 883 Orationem
1403 815 1573 882 secretum
1597 809 1688 881 luouc
1713 812 1751 880 irc
1774 809 1922 882 Beacte.

813 1002 958 1074 Domine
988 1003 1082 1074 Dens
1117 1003 1347 1098 omnipotens,
1387 1009 1443 1072 tua
1476 1010 1529 1072 est
1559 999 1717 1075 Ecclesia
1751 1009 1865 1074 sancto
1898 999 2045 1088 catholico,

710 1120 833 1215 quippe
861 1123 916 1215 qui
943 1121 1222 1215 perpessionem
1255 1138 1410 1210 magnam
1446 1115 1568 1190 Christi
1596 1119 1660 1206 tui,
1692 1119 1802 1190 emisti
1826 1138 1908 1189 oves
1930 1139 2047 1213 pascuae

710 1245 797 1322 tuae,
825 1245 932 1307 etex
959 1240 1068 1328 gratia
1094 1234 1237 1331 Spiritus
1264 1236 1381 1321 sancti,
1408 1234 1513 1330 ipsius
1540 1237 1597 1329 qui
1622 1238 1719 1308 unius
1746 1241 1799 1306 est
1817 1256 1891 1305 cnm
1910 1233 2047 1306 divinitate

710 1361 765 1422 tua
793 1347 946 1442 gloriosa
973 1361 1128 1437 naturae,
1163 1348 1282 1422 dantur
1315 1349 1439 1442 gradus
1467 1348 1684 1422 ordinationis
1718 1349 1929 1422 sacerdotalis
1952 1371 2047 1420 verno:

711 1474 744 1538 ot
771 1488 832 1562 per
859 1466 1068 1540 clementiam
1095 1477 1183 1539 tuam
1211 1468 1354 1539 Domine
1389 1466 1543 1559 dignatus
1578 1488 1617 1538 es
1651 1465 1903 1538 imbecillitatem
1932 1476 2048 1538 nusum

710 1583 825 1654 lacere
854 1582 1002 1655 membra
1031 1583 1212 1679 spiritualia
1248 1586 1281 1654 in
1308 1603 1453 1680 corpore
1479 1605 1602 1676 magno
1628 1581 1804 1656 Ecclesiae
1830 1593 1906 1654 tuae
1930 1590 2049 1668 sanctae,

633 1693 640 1699 ’
712 1709 748 1771 ut
762 1701 1024 1772 ministraremus
1039 1698 1195 1771 auxilium
1209 1698 1380 1796 spirituale
1395 1698 1567 1772 'animabus
1580 1697 1741 1772 fidelibus.
1773 1695 1824 1770 'ln
1838 1721 1923 1770 nunc
1934 1699 2049 1770 Domine

709 1815 835 1911 pertice
861 1815 1036 1889 nobiscnm
1062 1819 1203 1909 gratiam
1230 1825 1331 1905 mam,
1358 1826 1393 1888 et
1418 1816 1549 1888 ellunde
1575 1839 1637 1913 per
1662 1837 1779 1888 manns
1800 1826 1932 1888 nostras
1955 1814 2051 1887 donum

711 1943 817 2004 tuum:
845 1942 880 2003 et
904 1933 1157 2005 misericordiae
1183 1942 1273 2022 tuae,
1301 1941 1336 2004 et
1360 1932 1536 2005 clementia
1564 1931 1743 2004 divinitatis
1769 1943 1866 2023 tuae,
1891 1934 1953 2006 sint
1973 1950 2051 2025 super

709 2068 788 2135 uos,
815 2057 850 2120 et
875 2069 977 2146 super
1003 2047 1162 2144 populum
1189 2037 1286 2119 is'tum
1314 2070 1411 2143 quem
1439 2047 1571 2141 elegisti
1597 2047 1668 2120 tibi.

813 2163 966 2237 mecam
996 2187 1122 2256 uocem.
1176 2163 1220 2236 Et
1253 2164 1294 2236 dn
1334 2162 1431 2238 nobis
1462 2164 1607 2238 Domine
1643 2187 1706 2260 per
1739 2164 1946 2236 clementiam
1977 2173 2053 2248 inunt,

709 2291 744 2352 ut
770 2303 833 2354 nos
861 2303 978 2352 omnes
1005 2280 1100 2352 simul
1127 2291 1162 2352 et
1188 2280 1372 2376 aequaliter
1399 2279 1552 2355 omnibns
1578 2278 1696 2353 diebus
1722 2283 1814 2353 vitae
1840 2290 1972 2354 nostrae
1993 2277 2055 2375 plr-

709 2419 845 2468 ceamus
872 2396 1157 2488 divinitatum,
1185 2396 1342 2492 dignique
1377 2395 1555 2469 efficiamur
1588 2397 1713 2469 auxilio
1749 2400 1881 2490 gratiae
1915 2406 1998 2484 tuac,
2024 2392 2056 2467 ad

710 2510 914 2587 offerendum
941 2513 999 2586 tibi
1024 2513 1168 2606 laudem,
1195 2512 1370 2604 honorem,
1397 2513 1654 2603 confessionem,
1675 2524 1710 2586 et
1729 2512 1969 2602 adorationem,
1987 2510 2057 2582 omni

709 2642 860 2726 tempore
889 2630 1042 2703 Domine.

815 2746 863 2817 Et
889 2747 1077 2818 accendunt
1107 2746 1262 2818 Diocoui
1288 2746 1336 2817 od
1360 2745 1475 2818 ultore
1501 2753 1537 2819 et
1562 2747 1689 2818 dicum.
1715 2747 1729 2782 ⁶
1769 2747 1835 2834 Qui
1863 2766 1931 2818 non
1955 2742 2059 2838 accepit

709 2859 929 2958 baptismum,
955 2874 1019 2935 etc.

768 2979 772 2984 “
815 2978 899 3050 Ἐι
933 2983 1055 3074 sucipit
1087 2977 1265 3051 Sacerdos
1297 2983 1552 3074 &timim
1581 2983 1836 3074 'mmmm’
1869 2982 2060 3074 mserum

709 3095 872 3167 ,Doeristo
907 3102 942 3168 et
979 3097 1159 3169 Diaconos
1191 3098 1319 3169 discum
1354 3102 1388 3168 et
1421 3097 1564 3170 culicem
1596 3120 1699 3192 cuper
1730 3097 1858 3169 ultore.
1910 3092 2061 3167 Sacerdos

708 3236 827 3283 cropus
851 3216 981 3307 formul
1007 3216 1043 3283 io
1067 3214 1200 3285 modum
1225 3215 1339 3285 mucia
1365 3219 1400 3286 et
1427 3215 1521 3287 dicit.
1575 3212 1750 3286 offerimus
1776 3212 1912 3286 laudem
1935 3209 2060 3283 Trinitati

710 3340 788 3400 tuae
814 3328 983 3420 gloriosae
1010 3333 1099 3401 omni
1127 3339 1278 3425 tempore
1305 3340 1339 3402 et
1365 3333 1397 3401 in
1424 3331 1570 3404 saecula.
1746 3313 1756 3325 ”
2075 3417 2087 3439 x

812 3444 861 3515 Et
881 3449 1113 3539 prosequitur.
1168 3443 1318 3518 Christus
1352 3449 1406 3541 qui
1433 3446 1619 3519 immolatus
1653 3456 1707 3520 est
1732 3468 1795 3542 pro
1824 3445 1932 3520 salute
1956 3453 2059 3529 msm

709 3563 949 3654 praecepitque
975 3559 1074 3633 nobis
1105 3572 1142 3634 ut
1178 3583 1356 3653 ageremus
1383 3565 1731 3635 commemorationem
1758 3567 1879 3636 mortis
1906 3574 1939 3635 et
1962 3581 2060 3633 resur·

713 3678 872 3748 rectionis
901 3700 996 3767 suae,
1022 3680 1096 3775 ipso
1122 3676 1492 3774 suscipiatsacrificinm
1517 3678 1583 3752 hoc
1609 3703 1655 3751 ex
1681 3679 1834 3753 manibus
1854 3676 2060 3752 imbecillitatis

710 3799 864 3864 nostrae:
890 3796 1122 3889 pergratiam
1149 3817 1244 3868 suam
1271 3801 1306 3865 et
1331 3797 1563 3868 miserationes
1592 3819 1670 3870 suas
1696 3800 1730 3868 in
1757 3795 1908 3869 saecula.
1939 3797 2042 3868 Amen.

814 3907 862 3979 Et
884 3913 1115 4004 prosequitur.
1169 3909 1382 4007 lmponuntnr
1406 3917 1567 4008 mysteria
1594 3912 1786 4009 praeclara,
1820 3923 1940 3986 sancta
1965 3920 1996 3981 et
2016 3911 2061 3980 ri·

711 4026 811 4098 vilica
843 4047 946 4121 super
979 4026 1084 4098 altare
1118 4027 1253 4100 Domini
1282 4029 1448 4123 potenti5‚
1483 4051 1590 4125 usqne
1630 4028 1672 4102 ad
1706 4032 1780 4123 ejus
1820 4026 2061 4116 adventumn

710 4140 857 4214 saecula.
909 4141 1030 4214 Amen.

814 4254 942 4330 Lauda.
995 4257 1160 4332 Memoria
1186 4269 1252 4332 tua.
1303 4259 1406 4333 Pater
1438 4271 1563 4334 noster.
1615 4262 1772 4359 Apostoli
1798 4262 1925 4337 Patris.
1974 4257 2061 4352 squ

663 4427 666 4436 ·
712 4375 818 4447 altaro
844 4383 1001 4447 sanctum.
1058 4375 1122 4463 Qui
1150 4374 1362 4450 dormierunt.
1400 4376 1585 4452 Mathaeus.
1626 4380 1771 4453 Marcus.
1810 4379 1939 4470 Luem,
1964 4386 2019 4448 eto.

1152 4716 1646 4764 Ν-αἰῠῦοοῦ---ω-νι
