4525 6034
469 643 654 721 lonnvfl
679 639 1009 722 Pavutanoflnn
1041 641 1335 722 collocutor.
1508 644 1584 720 537

315 831 477 926 Populea.
530 830 623 904 Unus
650 832 751 906 Pater
777 840 921 904 sanctus.

316 947 500 1020 Sacerdos.
552 946 649 1019 Nunc
674 948 817 1020 Domine
844 945 1107 1048 quandoquidem
1132 951 1224 1020 viam
1251 947 1412 1022 silvosam
1438 956 1472 1021 et
1498 970 1585 1022 sen-

211 1064 299 1137 tibus
324 1063 457 1160 plenam
485 1087 572 1160 quae
605 1074 748 1160 purgata
780 1073 852 1160 est,
888 1062 1016 1136 calcata
1051 1061 1093 1136 ab
1126 1065 1298 1157 unigenito
1331 1074 1410 1153 tuo,
1444 1063 1585 1161 pedibus

210 1183 379 1254 interioris
405 1179 547 1254 bominis
573 1181 680 1252 nostri
706 1178 932 1271 calcavimus,
958 1189 993 1252 et
1018 1179 1276 1269 ambulavimus,
1309 1190 1345 1253 et
1376 1184 1432 1276 qui
1462 1185 1584 1275 januas

212 1295 343 1372 clausas
369 1306 630 1392 perseveranter
652 1299 750 1390 juxta
777 1295 857 1369 illud
892 1319 912 1367 a
948 1305 981 1368 tc
1015 1296 1149 1388 dictum,
1181 1296 1318 1370 Pulsate
1351 1308 1385 1371 et
1419 1301 1585 1395 aperietur

210 1413 330 1502 vobis,
356 1412 579 1512 pulsavimus,
604 1411 769 1507 nobisque
803 1422 940 1508 apertae
975 1423 1067 1503 sunt,
1103 1422 1138 1485 et
1167 1412 1358 1509 paradisum
1389 1414 1488 1487 illum
1510 1437 1584 1488 vo-

209 1529 344 1626 luptatis
376 1531 518 1626 patriam
552 1539 704 1602 nostram
741 1530 924 1622 antiquom,
959 1552 1005 1601 ex
1040 1552 1105 1625 qno
1140 1527 1271 1626 depulsi
1303 1529 1493 1622 fueramus,
1527 1530 1583 1602 illa

210 1669 318 1738 voce,
343 1645 484 1737 Venite,
509 1644 679 1717 ascendite
706 1654 741 1716 et
766 1642 971 1718 haereditate
998 1627 1310 1742 accipito'r‘egnun
1332 1648 1497 1741 coeleste,
1523 1649 1583 1719 in-

211 1765 322 1857 grcssi
347 1783 461 1836 sumus
487 1769 523 1832 et
547 1759 751 1834 haereditate
765 1765 967 1859 accepimus,
994 1773 1028 1834 et
1050 1786 1097 1835 ex
1113 1761 1206 1855 ligno
1220 1765 1325 1853 vitoe,
1352 1767 1446 1858 cujus
1470 1784 1583 1859 appe-

211 1883 326 1970 titione
353 1900 460 1971 genus
486 1875 694 1950 humanitatis
719 1887 858 1950 nostrae
886 1879 1061 1975 expulsum
1087 1877 1213 1963 iuerat,
1246 1901 1310 1977 per
1341 1878 1438 1970 illud,
1472 1879 1599 1951 Acci--¹

211 1999 299 2094 pite,
333 1993 423 2067 edite
454 2014 576 2089 corpus
608 2015 736 2083 meum,
765 2004 810 2077 et.
834 1992 937 2066 bibite
972 1996 1170 2088 sanguinem
1202 2016 1331 2087 meum,
1364 1992 1511 2083 edimus,
1550 2001 1585 2064 ct

212 2111 335 2208 epulati
361 2132 485 2184 sumus.
538 2110 604 2196 oct
629 2118 666 2182 nt
691 2110 736 2182 dii
763 2131 915 2185 essemus
948 2121 1100 2208 tempore
1132 2133 1201 2184 non
1231 2130 1384 2205 congruo
1415 2108 1584 2200 volentes,

210 2250 298 2301 nunc
324 2226 411 2299 idem
438 2228 610 2300 consecuti
635 2248 748 2299 sumus
774 2249 835 2323 par
861 2225 960 2318 illud,
985 2228 1141 2324 Accipite
1167 2226 1324 2324 Spiritum
1351 2235 1511 2314 sanctum,
1538 2224 1583 2297 dii
1618 2322 1620 2326 ,

212 2354 246 2416 et
272 2344 374 2417 divini
399 2342 487 2414 iacti.
541 2343 606 2430 oui
632 2341 721 2416 illam
748 2345 962 2433 sententiam,
998 2341 1176 2436 Egredere
1208 2343 1251 2416 ad
1281 2353 1404 2416 terram
1436 2341 1582 2414 maledi-

211 2463 374 2552 ctionum,
400 2454 489 2532 nova
516 2458 579 2532 bac
605 2461 754 2548 mumsti,
781 2458 870 2532 Volo
897 2469 933 2531 ut
958 2457 1014 2532 ubi
1042 2483 1108 2554 ego
1137 2483 1229 2552 sum,
1254 2457 1321 2530 illic
1354 2467 1388 2530 et
1420 2461 1484 2554 ipsi
1518 2460 1584 2531 sint

114 2635 118 2642 .
210 2599 361 2649 mecum:
388 2579 492 2649 etita
518 2585 641 2648 terram
668 2577 776 2667 vitae,
803 2597 890 2669 quae
916 2578 1073 2648 mentium
1099 2585 1288 2649 creatorum
1314 2585 1447 2673 captum
1473 2598 1584 2672 supe-

211 2701 283 2784 rat,
314 2692 521 2765 haereditate
556 2701 729 2789 acceptam
761 2690 980 2788 possidemus.
1036 2691 1121 2778 Quid
1156 2690 1254 2766 nobis
1295 2696 1454 2788 suppetit,
1494 2691 1585 2788 quod

210 2807 431 2882 retribuamus
459 2807 536 2899 tibi,
561 2830 624 2903 pro
652 2806 863 2904 amplissimis
890 2830 973 2900 erga
999 2829 1063 2882 nos
1089 2807 1261 2882 beneficiis
1288 2811 1370 2897 turis,
1405 2811 1480 2905 quia
1505 2805 1586 2880 nibil

210 2946 317 3022 penes
354 2946 418 2998 nos
451 2922 618 3018 estquod
645 2947 665 2995 a
692 2932 725 2994 to
752 2945 821 2995 non
853 2927 896 2997 sit
928 2935 1111 3020 acceptum.
1165 2923 1315 2998 Gloriam
1345 2921 1405 2996 tibi
1438 2947 1485 2995 ex
1518 2926 1583 2996 tois

212 3039 398 3113 referemus
425 3040 499 3129 tibi,
525 3061 588 3135 pro
615 3041 798 3132 gratiarnm
824 3042 956 3114 actione
987 3050 1124 3132 nostra,
1159 3041 1410 3131 adorationem,
1446 3040 1583 3112 exalta-

214 3160 339 3229 tionem
373 3166 408 3229 ct
439 3153 572 3229 landem
607 3153 788 3229 secundum
830 3154 1083 3251 possibilitatem
1117 3157 1312 3232 infirmitatis
1350 3166 1488 3230 nostrae
1524 3155 1584 3231 tibi

213 3274 401 3361 oderimus,
429 3283 463 3344 ct
487 3274 659 3365 unigenito
684 3270 771 3344 Filio
797 3281 874 3364 tuo,
900 3282 935 3345 et
959 3271 1097 3370 Spiritui
1122 3284 1179 3347 tuo
1205 3276 1428 3350 sanctissimo.

322 3389 485 3484 Populus.
538 3389 658 3461 Amen.

315 3504 500 3577 Sacerdos.
554 3505 639 3577 Pax.

316 3621 477 3716 Populos.
529 3619 574 3693 Et
601 3644 675 3694 cum
702 3621 818 3717 spiritu
843 3631 911 3695 tuo.

315 3737 504 3810 Diaconos.
550 3737 648 3809 Post.

316 3852 476 3948 Populos.
529 3853 653 3927 Coram
680 3863 724 3926 te.

315 3969 500 4041 Sacerdos.
553 3970 654 4042 Panis
682 3970 839 4044 coelestis
867 3968 999 4045 Christe
1023 3970 1137 4058 Deus,
1166 3969 1222 4064 qni
1242 3989 1289 4039 cx
1305 3965 1500 4042 abscondita
1513 3992 1582 4042 na-

212 4098 285 4159 tura
311 4087 420 4159 Patris
446 4069 662 4179 tui‘gloriosi
689 4097 781 4161 ortus
809 4111 846 4161 cs
866 4088 953 4183 apud
979 4085 1130 4159 thronum
1147 4087 1330 4177 majestatis
1342 4106 1447 4177 suae,
1473 4085 1582 4160 lactus

213 4202 307 4276 cibos
322 4200 529 4296 Angelorum
558 4224 623 4298 quo
650 4202 833 4275 confirmati
858 4202 1006 4276 fuerunt:
1033 4205 1089 4299 qui
1115 4200 1235 4273 deinde
1261 4200 1427 4275 advolasti
1453 4225 1474 4274 e
1499 4202 1582 4277 sede

212 4320 461 4412 glorineatus,
488 4328 693 4391 nontamen
720 4317 762 4392 ab
790 4341 832 4392 eo
860 4320 1005 4394 divisos:
1031 4318 1206 4414 iactusque
1233 4340 1270 4392 es
1297 4320 1392 4413 panis
1415 4315 1583 4391 homimum
1679 4335 1681 4342 ⁴

211 4437 438 4526 terrestium,
465 4456 532 4530 quo
559 4433 682 4531 epulati
708 4438 793 4528 sint,
830 4435 1096 4531 descendistique
1129 4437 1167 4506 in
1200 4433 1362 4532 abyssum
1398 4431 1581 4505 mortalium

211 4548 400 4638 hominum,
427 4552 503 4645 quia
528 4549 588 4622 tibi
612 4553 660 4623 ita
684 4555 794 4626 ιίειιιιι
826 4563 895 4626 est:
928 4550 1016 4624 unde
1048 4550 1202 4624 odorem·
1219 4553 1312 4623 vitae
1345 4559 1580 4647 perceperunt,

211 4669 306 4759 cujus
332 4663 495 4741 beneficio
523 4670 671 4740 suscitati
698 4678 783 4742 sunt.
834 4668 944 4742 Visita
968 4669 1113 4742 Domine
1145 4678 1179 4740 et
1212 4666 1348 4740 vivifica
1379 4689 1441 4765 per
1473 4670 1581 4740 mise-

211 4782 387 4855 ricordiam
414 4781 474 4855 tibi
499 4787 733 4877 congenitam,
759 4785 846 4858 lilios
872 4784 1048 4860 Ecclesiae
1075 4795 1151 4857 tuac
1178 4791 1315 4859 sanctae
1342 4805 1440 4878 quam
1458 4786 1580 4879 acqui-

211 4901 321 4973 sivisti
348 4902 510 4991 sanguine
536 4910 593 4973 tuo
621 4900 772 4990 salutari,
801 4911 835 4974 et
860 4904 952 4973 mitte
978 4924 1080 4999 super
1095 4893 1157 4974 eos
1176 4899 1440 4974 benedictionem
1462 4897 1580 4973 asede

212 5015 344 5108 gloriae
369 5026 468 5107 tuae,
495 5020 571 5112 quoio
596 5021 630 5089 in
657 5019 771 5114 spirito
798 5017 978 5091 bumilitato
1006 5030 1040 5090 et
1066 5017 1169 5091 corde
1195 5018 1359 5108 contrito,
1384 5004 1483 5087 flexis
1509 5035 1579 5106 ge-

212 5130 310 5208 nibus
336 5132 556 5230 deprecamur
581 5143 634 5225 te,
659 5146 696 5208 ut
727 5138 811 5209 sicut
844 5157 905 5209 eos
932 5136 1073 5228 creasti,
1106 5132 1264 5228 salvasti,
1299 5142 1334 5206 et
1364 5134 1581 5230 acquisivisti,
