4525 6034
514 614 742 693 llTURGlh
767 614 970 693 JtlhlllllS
998 616 1294 698 sslsutnttsls
1519 626 1591 700 421

216 798 362 872 inclinati
388 804 516 892 gratias
543 802 684 894 agimus,
710 813 745 874 et
770 824 831 899 per
858 825 931 875 eam
959 806 1078 900 capitis
1105 804 1342 881 demissionem
1362 809 1594 906 deprecamur,

218 924 253 985 ut
286 913 439 989 demittas
472 939 575 1013 super
605 940 669 990 nos
704 918 879 993 dexteram
911 929 1002 991 tuam
1044 921 1261 1010 invisibilem,
1305 932 1338 995 et
1374 924 1497 998 efficias
1531 947 1595 998 aas

219 1029 341 1126 templa
368 1031 511 1126 Spiritus
539 1037 585 1104 tui
612 1037 729 1121 sancti,
758 1034 1021 1131 quandoquidem
1048 1060 1123 1108 cum
1150 1036 1216 1109 lide
1248 1051 1283 1111 et
1309 1043 1451 1113 veritate
1479 1040 1594 1132 glori-

217 1145 355 1218 licamus
380 1169 504 1220 nomeu
530 1159 632 1238 tuum,
658 1151 771 1240 Pater,
797 1161 831 1222 et
856 1149 930 1223 Filii
957 1154 1002 1224 tui
1025 1154 1195 1245 unigeniti,
1223 1164 1258 1225 et
1272 1154 1414 1253 Spiritus
1442 1158 1488 1229 tui
1508 1178 1594 1229 san-

219 1264 366 1343 ctissimi.

322 1377 484 1471 Pupulus.
537 1380 657 1452 Amen.

547 1653 724 1727 Sacerdos
749 1653 836 1724 dicit
863 1653 1062 1725 Orationem
1087 1655 1135 1725 od
1159 1656 1276 1729 velam.

322 1842 465 1918 Creator
492 1853 718 1915 creaturarum
739 1841 919 1915 visibilium
946 1853 980 1914 et
995 1842 1229 1932 invisibilium
1247 1855 1282 1917 et
1308 1869 1420 1918 curam
1448 1851 1592 1919 omnium

214 1979 351 2050 gerens,
379 1963 455 2054 quia
481 1968 537 2030 tua
564 1969 656 2030 sunt:
680 1959 824 2030 Domine
851 1968 980 2030 amator
1006 1961 1198 2031 animarum.
1244 1958 1404 2050 Domine,
1433 1966 1591 2060 omnipo·
1670 1977 1683 1996 ⁸

212 2082 288 2145 tens
315 2084 351 2147 tu
377 2098 429 2166 es,
456 2083 491 2146 et
516 2095 583 2166 ego
610 2084 799 2170 pauperet
825 2072 954 2145 iniimus
981 2076 1130 2147 minister
1146 2083 1233 2163 tuus,
1260 2075 1417 2176 indignus
1444 2081 1500 2173 qui
1527 2101 1592 2149 ac-

213 2189 332 2262 cedam
358 2190 401 2261 ad
427 2198 543 2264 sancta
570 2199 759 2262 sanctorum
787 2197 855 2280 tua,
881 2200 916 2260 et
942 2199 1081 2262 tractem
1098 2192 1294 2285 mysterium
1320 2191 1386 2267 hoc
1411 2205 1502 2267 tunm
1527 2217 1591 2266 sa-

213 2304 397 2378 cerdotale.
451 2305 605 2379 Obsecro
640 2316 676 2378 ut
703 2303 763 2377 des
794 2302 873 2376 mihi
904 2304 1061 2400 Spiritum
1097 2316 1186 2378 tuum
1223 2318 1392 2397 sanctum,
1429 2315 1591 2384 materiae

214 2432 408 2515 expertem,
434 2443 543 2517 neque
575 2418 717 2492 humana
752 2430 863 2492 mente
899 2419 1252 2519 comprehensibilem:
1279 2426 1392 2516 ignem
1418 2425 1508 2498 illum
1536 2431 1591 2522 qui
1710 2439 1714 2446 ⁴

213 2559 346 2611 omnem
378 2539 547 2614 libidinem
583 2536 734 2634 depellit,
767 2549 801 2610 et
842 2541 1098 2632 imaginationes
1132 2561 1315 2635 perversas
1356 2540 1519 2630 incendit,
1557 2552 1592 2612 et

212 2654 400 2745 mortificat,
427 2678 474 2727 ex
500 2653 658 2726 membris
686 2653 900 2726 terrestribus
926 2652 1089 2728 hnmanae
1116 2658 1236 2727 carnis.
1290 2654 1457 2729 Coerceat
1490 2660 1590 2730 etiam

212 2791 346 2843 omnem
373 2770 649 2864 inordinationem
675 2772 794 2841 mentis
822 2791 905 2862 erga
931 2769 1122 2866 phantasias
1152 2772 1346 2866 passionum
1374 2775 1590 2846 exteriorum.

211 2884 359 2983 Mystico
385 2890 486 2959 etiam
512 2896 612 2981 atque
639 2883 840 2959 sacerdotali
855 2884 1008 2979 dignitati
1021 2888 1276 2978 convenienter,
1294 2895 1328 2958 et
1342 2908 1444 2982 supra
1458 2909 1590 2960 ornnem

105 3015 114 3026 ·
210 3004 331 3075 mentis
357 3000 505 3075 mortalis
539 3011 683 3096 captum,
710 3000 838 3074 habitet
870 3003 905 3072 in
938 3024 992 3073 me
1019 2999 1191 3097 plenitudo
1225 3002 1513 3092 sanctificationis,
1547 3002 1591 3075 ad

205 3109 452 3212 'perlectionem
479 3116 558 3189 doni
584 3114 680 3209 hujus
706 3118 877 3212 propositi.
913 3117 992 3212 lpse
1008 3120 1062 3212 qui
1091 3128 1144 3191 est
1169 3127 1417 3192 consummator
1445 3121 1589 3190 omniura

210 3235 465 3329 mysteriorum,
496 3253 558 3329 per
590 3233 920 3304 communicationem
956 3232 1079 3305 Christi
1111 3235 1178 3322 tui,
1220 3253 1282 3329 per
1316 3255 1414 3328 quem
1447 3245 1482 3306 et
1514 3257 1588 3305 cum

211 3368 278 3442 quo
305 3356 339 3420 te
366 3347 463 3421 decet
489 3348 617 3441 gloria,
649 3346 757 3420 honor
783 3357 817 3419 et
849 3350 1041 3445 imperium,
1077 3371 1152 3422 cum
1188 3347 1313 3444 Spiritu
1345 3358 1404 3420 tuo
1437 3352 1587 3423 sanctis-

211 3466 308 3535 simo.
1267 3471 1271 3478 '

315 3578 477 3673 Papulae.
531 3580 650 3652 Amen.

314 3695 503 3767 Diaconos.
557 3692 701 3767 Stemus.

315 3808 477 3903 Populus.
529 3802 785 3881 Misericordiae
809 3810 884 3896 Dei,
911 3819 974 3881 etc.

314 3924 499 3998 Sacerdos.
554 3925 697 4000 Caritas.

314 4040 476 4134 Populus.
527 4040 672 4113 Etcum
700 4040 815 4136 spiritu
842 4049 910 4113 tuo.

311 4154 496 4229 Sacerdos.
549 4156 688 4229 Sursum
715 4153 830 4228 corda.

311 4270 474 4364 Populus.
527 4270 699 4344 Habemus
726 4270 769 4342 ad
794 4268 981 4341 Dominum

311 4385 495 4461 Sacerdos.
549 4386 681 4461 Gratias
709 4408 848 4479 agamus
875 4385 960 4456 Deo.

310 4501 472 4595 Populus.
525 4504 672 4596 Dignum
699 4512 734 4574 ct
755 4504 880 4593 justum
907 4512 969 4574 est

309 4616 486 4691 Sacerdos
512 4619 703 4690 inclinatur.
748 4600 848 4688 Vere
876 4616 1010 4709 dignum
1038 4626 1073 4688 et
1100 4619 1224 4709 justum
1259 4626 1312 4689 est
1346 4626 1381 4687 et
1416 4611 1458 4684 ab
1493 4618 1583 4686 omui

205 4743 359 4806 creatura
385 4737 511 4829 pariter
537 4733 699 4820 debitum,
733 4742 767 4804 ut
799 4742 834 4803 te
865 4731 1106 4824 glorificemus,
1141 4741 1175 4803 te
1209 4731 1446 4804 benedicamus
1481 4738 1515 4800 et
1548 4732 1582 4800 in

205 4859 367 4944 perpetua
406 4849 449 4920 ad
489 4861 522 4923 te
555 4852 738 4942 gratiarum
772 4850 904 4920 actione
939 4865 1215 4944 perseveremus,
1250 4857 1407 4943 tauquam
1442 4846 1582 4915 virtutes

204 4963 283 5036 illae
314 4964 557 5057 intelligibiles,
599 4974 805 5059 naturaeque
839 4962 916 5036 illae
950 4968 1191 5059 incorporeae,
1231 4961 1458 5058 pulcritudinis
1494 4980 1582 5054 quae

203 5079 402 5153 mundanam
430 5082 580 5153 excedit:
613 5079 766 5152 flammae
792 5101 860 5151 non
887 5082 1116 5177 compositae,
1151 5081 1286 5177 spiritus
1313 5079 1474 5150 materiae
1510 5097 1581 5145 ex-

1299 5195 1375 5268 56*
