4525 6034
605 532 657 610 Ill
689 530 976 610 ultuantes
1011 467 1286 610 sinitote.
1561 531 1636 608 tta

260 723 354 779 tatum
376 734 471 798 porro
494 722 542 780 est
563 722 628 780 toto
652 715 793 795 Oriente,
822 722 856 778 ut
878 713 1028 779 Sacerdos
1051 716 1211 779 celebrans
1239 717 1336 797 prima
1365 715 1461 780 verba
1489 718 1636 781 orationis

259 816 427 879 dominicae
448 816 532 893 sola,
556 814 616 878 alta
638 833 718 879 voce
740 816 931 897 pronunciet,
955 814 1072 897 reliqua
1095 823 1216 879 secreto
1245 816 1325 897 apud
1353 833 1389 878 se
1411 817 1528 879 recitat.
1572 817 1636 879 Po·

257 914 347 995 putus
370 915 574 996 prosequitur.
620 914 791 993 Sciendum,
814 914 909 996 inquit
932 914 1088 991 Barsalihi,
1111 916 1192 995 qnod
1204 914 1401 977 Sacerdotem
1414 917 1516 994 primo
1539 932 1636 995 opor-

255 1021 321 1078 root
340 1015 475 1093 incipere
496 1015 665 1077 orationem
687 1014 887 1089 dominicam,
915 1015 1157 1094 poentientiam
1186 1016 1328 1094 conperta
1356 1013 1532 1076 Ecclesiae:
1562 1033 1636 1075 mee

257 1131 327 1176 eam
347 1113 456 1193 reliqui
473 1113 577 1191 fideles
594 1121 827 1193 prosequuntur.
871 1112 987 1176 Dicitur
1009 1121 1109 1176 autem
1131 1113 1274 1193 Syriaco,
1304 1114 1440 1194 quamvis
1464 1113 1551 1194 plebs
1573 1113 1635 1175 lin-

255 1227 349 1291 guam
371 1227 432 1271 non
454 1209 614 1292 intelligat,
637 1219 671 1273 ut
693 1212 772 1292 apud
785 1211 958 1294 Aegyptios
977 1212 1091 1274 veteris
1113 1211 1236 1293 linguae
1260 1229 1357 1294 aeque
1378 1214 1545 1293 imperitos,
1569 1210 1633 1274 Co·

255 1310 349 1391 ptice.
400 1309 475 1372 Nam
503 1309 575 1374 licet
602 1309 732 1374 habeant
758 1312 918 1374 versiones
946 1311 1093 1373 Arabicas
1124 1311 1276 1374 Orationis
1305 1312 1492 1391 dominicae,
1523 1312 1632 1392 quibus

255 1410 396 1490 privatim
418 1409 461 1472 uti
482 1408 593 1488 solent,
616 1411 647 1473 in
670 1409 781 1473 Officiis
803 1409 931 1491 public‘m
954 1408 1011 1474 illis
1033 1427 1096 1473 non
1118 1418 1257 1472 utuntur:
1280 1412 1385 1473 saltem
1407 1410 1522 1472 nullum
1541 1418 1631 1473 auto-

255 1525 322 1572 rem
344 1515 395 1570 ant
417 1506 525 1572 librum
547 1507 695 1574 Riturlem
722 1508 867 1586 vidimus,
899 1508 968 1590 qui,
996 1516 1029 1570 ut
1056 1508 1087 1570 in
1114 1508 1295 1572 lectionibus
1325 1528 1433 1573 sacrae
1456 1509 1631 1591 scripturae

256 1606 446 1674 monetata
474 1614 539 1687 est,
570 1616 714 1691 utraque,
743 1605 864 1687 vulgari
893 1616 925 1671 et
955 1609 1075 1689 antiqua
1103 1606 1207 1690 lingua
1234 1609 1428 1689 pronunciari
1455 1608 1631 1672 Orationem

255 1705 446 1783 dominicam,
468 1706 558 1770 cuam
580 1705 710 1772 obscure
733 1704 892 1788 significet
925 1705 1153 1786 Explicationes
1176 1707 1255 1770 illius
1278 1708 1386 1771 multas
1408 1709 1530 1786 habent,
1553 1726 1632 1790 qua-

199 1803 201 1808 ’
254 1822 322 1870 runa
345 1801 422 1870 aliae
445 1803 650 1887 'theologicae
671 1812 752 1882 sunt,
775 1803 854 1867 eliae
876 1804 915 1867 ad
936 1805 1035 1887 piebis
1058 1812 1177 1887 captum
1200 1806 1413 1887 simpliciores:
1436 1807 1492 1870 sed
1514 1810 1544 1871 in
1566 1807 1630 1870 Ec·

254 1903 358 1968 elesiis
379 1921 443 1970 non
463 1902 616 1986 legantur.

593 2267 773 2339 Diaconum
826 2265 996 2338 Incitante
1022 2271 1141 2361 capite
1165 2275 1291 2341 oestro.
1323 2293 1333 2306 ·
1676 2279 1706 2333 Ρ.
1725 2280 1769 2335 aa.
1787 2281 1804 2334 t
1821 2283 1866 2335 ar.

351 2489 476 2569 Panoss
499 2519 577 2584 quae
600 2503 737 2568 Orationi
758 2504 934 2568 Domiuim
956 2503 1165 2586 subjiciuntur,
1189 2505 1315 2568 Graecis
1338 2512 1480 2568 accurate
1495 2522 1630 2586 respon-

253 2606 345 2681 dent,
373 2614 619 2689 unupanturqne
642 2609 672 2670 in
694 2606 833 2670 omnibus
855 2607 1010 2689 hiturgiis.
1054 2607 1179 2671 Monitio
1202 2608 1328 2671 Diaeoni
1350 2608 1389 2671 ad
1411 2607 1573 2689 populum,
1596 2615 1630 2670 ut

253 2708 355 2787 capitu
377 2723 479 2770 coram
501 2706 569 2771 Deo
592 2707 746 2785 inclinent,
768 2707 917 2769 indicatur
939 2715 1052 2770 tantum
1073 2726 1132 2788 per
1153 2707 1265 2787 primas
1287 2723 1398 2782 voces,
1426 2706 1457 2766 in
1479 2707 1547 2787 ipso
1569 2706 1630 2771 Li-

253 2807 375 2888 turgioe
398 2814 553 2885 contextu,
575 2806 632 2870 sed
653 2813 737 2869 exmt
758 2807 790 2868 in
813 2806 917 2869 Obicio
938 2807 1097 2870 Ministerii
1118 2807 1284 2870 Diaconici.
1332 2803 1397 2867 Nee
1425 2802 1516 2868 habet
1537 2806 1629 2888 quid-

253 2922 355 2986 quam,
378 2904 460 2986 quod
482 2904 726 2986 frequentissime
748 2922 810 2967 non
832 2905 952 2988 legatur
973 2907 1004 2966 in
1026 2906 1117 2967 variis
1140 2904 1337 2983 orationibus,
1360 2905 1391 2965 in
1406 2904 1514 2984 quibus
1528 2922 1629 2987 agno-

252 3021 345 3066 scere
367 3021 403 3067 se
425 3011 575 3067 testantur
597 3004 769 3068 Orientales
792 3003 904 3067 Christi
927 3021 1038 3085 corpus
1062 3006 1093 3065 iu
1107 3002 1194 3066 altari
1210 3004 1354 3084 positum3
1377 3002 1459 3083 quod
1474 3022 1514 3065 ex
1527 3004 1627 3067 multis

252 3102 433 3166 testimoniis
461 3103 533 3166 alibi
561 3102 665 3165 relatis
695 3103 862 3165 certissime
893 3101 1126 3181 demonstratur,
1178 3102 1276 3165 liabet
1304 3102 1362 3165 hoc
1393 3102 1462 3164 loeo
1493 3100 1628 3165 Graecus

253 3200 365 3265 Codex
388 3204 572 3278 orationem,
602 3220 680 3283 quae
704 3200 789 3283 Syris
812 3219 874 3264 non
897 3208 944 3263 est
972 3202 1003 3264 in
1031 3218 1097 3264 usu.
1141 3188 1232 3283 ’Ἀγιε
1259 3194 1293 3263 ἐν
1321 3189 1429 3283 ᾰγὶοις
1458 3187 1629 3264 ἀναπαυό-

252 3319 361 3380 μενος,
384 3301 440 3364 sed
462 3319 541 3382 quaa
564 3302 699 3365 occurrit
721 3301 802 3365 alibi

342 3400 499 3463 lnehnatio
525 3400 631 3481 eapitis
654 3417 732 3481 quae
754 3400 801 3461 hic
823 3398 1052 3479 praescribitur,
1075 3406 1108 3461 ut
1129 3392 1369 3482 yoatnlvolain
1384 3396 1502 3461 Graeco
1521 3417 1628 3461 exem·

252 3501 342 3583 plari,
364 3518 426 3564 nou
448 3499 581 3563 refertur
608 3500 647 3564 ad
673 3500 845 3576 solennem,
876 3515 954 3578 quae
983 3498 1073 3579 paulo
1101 3507 1172 3579 post
1200 3497 1395 3579 subsequitur
1421 3500 1628 3562 Eucharistiae
1732 3543 1734 3548 .

254 3597 478 3678 adorationem,
509 3598 566 3662 sed
595 3599 633 3662 ad
662 3596 883 3679 suscipiendam
913 3596 1155 3661 benedictionem
1186 3596 1378 3676 Sacerdotis,
1408 3616 1467 3680 qua
1497 3598 1628 3680 populus

252 3707 454 3780 praeparetur
476 3698 514 3761 ad
537 3696 769 3761 Confessienem
791 3698 941 3759 sinceram
962 3695 1043 3776 iidei,
1066 3697 1231 3759 secundum
1254 3697 1333 3760 illam
1355 3696 1522 3773 formulam,
1547 3696 1629 3759 [inm

250 3804 342 3878 poter
363 3805 498 3872 senens,
521 3805 581 3861 etc.
604 3814 694 3876 quam
715 3813 821 3859 omnes
844 3796 998 3877 Liturgiae
1019 3803 1265 3876 repraesentant,
1294 3806 1325 3860 et
1352 3796 1524 3879 singulares
1555 3796 1628 3858 alias

251 3896 293 3958 de
315 3895 533 3959 incarnationis
555 3897 712 3977 mysterio,
734 3903 796 3957 tum
818 3894 856 3957 de
879 3894 1008 3957 veritate
1030 3895 1169 3975 eorporis
1192 3901 1224 3957 et
1246 3895 1403 3978 sanguinis
1419 3892 1531 3958 Christi
1552 3912 1627 3956 vere

250 3997 425 4076 praesentis
448 3997 478 4058 in
501 3996 599 4073 aluri,
622 4001 653 4057 et
675 4013 746 4056 mox
769 3993 1053 4057 communicantibus
1076 3993 1248 4058 exhibendi.
1287 3993 1345 4066 Qui
1363 3995 1442 4057 enirn
1457 3994 1628 4058 testimonia

254 4093 369 4175 aliquot
387 4103 534 4170 veterum,
557 4112 634 4175 quae
650 4093 722 4156 nihil
739 4094 836 4155 miurus
855 4110 943 4173 quam
963 4092 1169 4155 adorationem
1184 4092 1391 4156 Eucharistiae
1407 4093 1626 4176 significabant,

253 4194 294 4257 ad
316 4211 382 4258 eam
405 4192 588 4273 detorquere
611 4193 712 4255 conati
734 4199 815 4270 sunt,
837 4192 896 4254 isto
919 4190 978 4253 ritu
997 4191 1090 4273 longe
1105 4190 1291 4271 probabilius
1311 4193 1354 4254 uti
1369 4197 1522 4273 poterant,
1546 4188 1628 4271 quod

251 4300 354 4356 tamen
375 4290 468 4370 nulli,
491 4300 524 4354 ut
547 4292 666 4372 opinor,
688 4292 771 4353 venit
793 4292 824 4353 in
845 4297 985 4367 mentem,
1009 4291 1081 4370 quia
1104 4289 1242 4371 plerique
1264 4297 1387 4353 veteres
1405 4289 1557 4371 Liturgias
1577 4294 1627 4350 aut

251 4409 315 4454 non
338 4390 574 4467 consuluerunt,
598 4398 650 4453 aut
672 4408 733 4454 nou
755 4389 982 4452 intellexerunt:
1006 4387 1099 4450 multo
1121 4390 1228 4467 minus,
1252 4390 1313 4470 qui,
1329 4398 1368 4452 ‘ut
1389 4389 1527 4473 plerique
1548 4386 1627 4449 Pro·
1683 4387 1684 4390 ’

210 4569 213 4570 ⁷
249 4497 400 4554 metantes
437 4492 629 4572 omniumque
659 4490 892 4564 audacissimus,
922 4486 1069 4569 simulque
1099 4487 1275 4569 disciplinae
1305 4495 1365 4550 tam
1396 4489 1511 4551 veteris
1538 4502 1627 4566 quam

249 4607 352 4654 novae
370 4592 614 4672 imperitissimus
638 4589 792 4666 Claudius,
815 4586 1023 4664 Eucharistiae
1045 4588 1253 4652 adorationem
1271 4587 1426 4651 veteribus
1449 4585 1626 4650 Christianis

248 4696 303 4752 aut
325 4688 529 4754 Orientalibus
558 4708 656 4771 aeque
684 4688 868 4770 incognitam
897 4685 989 4749 tunsa
1019 4685 1253 4751 ahinnaveruntz
1286 4685 1325 4749 de
1361 4704 1420 4768 qua
1449 4684 1626 4767 discipliuae

247 4796 360 4872 parte,
384 4797 416 4853 et
437 4789 549 4853 dictum
571 4788 676 4854 estad
701 4786 843 4870 Copticas
866 4786 1035 4868 hiturgias,
1059 4793 1090 4849 et
1111 4803 1183 4849 mox
1205 4786 1332 4850 dicetur.
