4525 6034
683 554 762 630 286
1256 559 1487 637 NOTAE

685 738 826 802 mutando
848 741 1042 823 snbstantias,
1065 744 1239 823 praesentia
1263 746 1404 825 corporis
1431 752 1462 806 et
1489 747 1648 832 sanguinis
1667 747 1735 810 talis
1757 748 1808 827 sit,
1830 757 1864 811 ut
1885 756 2061 812 remaneant

684 840 804 919 sintque
827 857 940 922 corpus
963 849 994 903 et
1016 841 1141 924 sanguis
1153 842 1340 923 suscipienti,
1365 843 1545 924 quicumque
1562 845 1612 920 sit,
1635 844 1715 908 lideli
1728 846 1912 911 velinlideli.
1937 849 2059 924 Verum,

683 939 787 1019 inquit,
812 937 963 1001 Sacerdos
986 938 1038 1003 ille
1061 938 1181 1021 Coptita
1205 959 1242 1003 ea
1264 940 1559 1023 luvocatiuuequam
1585 945 1848 1008 omniumnomine
1863 944 2056 1026 pronunciat,

682 1037 713 1099 id
736 1036 876 1121 designat
898 1037 1095 1115 solummodo,
1118 1056 1226 1119 panem
1250 1048 1282 1102 et
1300 1041 1414 1118 vinum,
1438 1059 1516 1121 quae
1546 1060 1563 1103 a
1593 1042 1681 1106 nobis
1703 1044 1734 1105 in
1757 1043 2058 1140 Coenqauscipiuu-

683 1145 742 1214 tur,
766 1135 832 1198 lieri
854 1154 965 1217 corpus
988 1146 1019 1200 et
1041 1139 1218 1218 sauguinem
1240 1137 1369 1217 Domini,
1392 1138 1451 1201 illis
1473 1139 1525 1219 qui
1543 1139 1704 1203 debiteilla
1718 1143 1895 1223 suscipient,
1919 1160 2078 1224 quosqua-

683 1236 811 1316 Spiritus
833 1244 956 1298 sanctus
979 1238 1062 1317 prius
1085 1236 1334 1300 sanctificaverit:
1357 1238 1425 1301 illos
1448 1256 1570 1319 quoque
1589 1239 1673 1302 solos
1689 1242 1831 1322 accipere
1854 1259 1960 1304 verum
1983 1258 2057 1302 cor-

682 1350 750 1414 pus,
773 1351 834 1395 non
857 1353 966 1415 panem
988 1334 1186 1413 solummodo,
1210 1336 1261 1416 qui
1283 1336 1368 1417 prius
1396 1355 1454 1418 per
1482 1337 1570 1400 fidem
1593 1346 1624 1401 et
1645 1340 1774 1420 gratiam
1803 1341 1900 1403 sancti
1928 1341 2055 1421 Spiritus
2083 1398 2087 1408 .

682 1433 750 1513 puri
773 1430 843 1494 iacti
867 1433 987 1498 luerint.
1034 1433 1166 1496 Tandem
1197 1434 1288 1496 edicit
1310 1434 1388 1496 banc
1410 1455 1481 1499 csse
1502 1426 1699 1521 μεταβολήν,
1727 1441 1793 1502 sive
1819 1442 2055 1518 morionem,

682 1532 812 1611 antiquis
834 1533 972 1595 Patribus
998 1539 1202 1609 memoratam,
1224 1551 1282 1596 uec
1306 1535 1510 1614 quaerendam
1533 1555 1605 1600 esse
1626 1537 1722 1599 aliam.
1745 1537 1791 1600 lle
1814 1539 1933 1600 illorum
1952 1538 2056 1600 'lirec-

681 1631 763 1713 lugia
787 1632 876 1694 alium
900 1633 1038 1724 quemvis
1058 1635 1159 1712 potius
1183 1631 1374 1711 audiendum,
1397 1635 1487 1696 etiarn
1517 1636 1575 1715 ipsi
1597 1635 1781 1699 Calvinistae
1804 1636 1914 1699 dudum
1932 1635 2057 1717 judica-

680 1740 805 1808 verunt,
835 1749 924 1811 quam
954 1729 1149 1806 salmasium,
1182 1732 1233 1810 qui
1268 1732 1380 1793 nemini
1407 1749 1538 1814 unquam
1565 1733 1705 1814 probavit
1733 1752 1828 1798 voces
1850 1734 2055 1812 μεταποιεῖν,

679 1825 965 1906 μεταστοιχειοῦν,
991 1824 1291 1914 μεεαῤῥυθμίζειν,
1319 1831 1427 1911 quibus
1455 1832 1558 1894 Patres
1584 1849 1646 1894 uon
1668 1834 1765 1895 minus
1792 1840 1932 1911 utuntur,
1968 1852 2056 1913 quam

679 1925 807 2007 simplici
828 1915 1061 2007 μεταβάλλειν,
1084 1927 1196 1990 nullam
1230 1926 1317 1989 aliam
1347 1931 1539 1992 mutationem
1569 1930 1753 2012 siguificare,
1777 1949 1865 2011 quam
1888 1950 1955 1993 eam
1978 1950 2054 2012 quac

679 2028 802 2088 mutatio
831 2043 893 2088 non
922 2026 970 2088 sit.
1024 2024 1085 2090 Sed
1107 2026 1166 2087 lroc
1188 2043 1249 2089 non
1277 2026 1408 2108 agimus:
1435 2047 1541 2092 verum
1571 2047 1674 2092 coram
1696 2028 1845 2108 Ecclesia,
1869 2038 1902 2092 et
1928 2029 2054 2092 eruditis

680 2124 827 2203 omuibus,
851 2125 903 2205 qui
925 2124 1054 2204 aliquam
1075 2123 1245 2205 linguarum
1265 2124 1463 2189 Orientalium
1486 2128 1619 2190 notitiam
1641 2128 1762 2203 babent,
1785 2126 1922 2192 salmasii
1943 2145 2054 2191 nomen

680 2223 853 2301 deferimus,
877 2233 1016 2304 tanquam
1040 2223 1236 2305 curruptelae
1253 2224 1451 2289 intolerabilis
1474 2229 1530 2304 rei,
1554 2245 1622 2289 cum
1644 2226 1804 2289 lectionem
1827 2225 1942 2288 codicis
1966 2244 2055 2306 quem

679 2325 762 2402 citat,
785 2324 932 2403 corrupit,
955 2330 986 2385 et
1009 2324 1141 2386 enormis
1165 2324 1301 2386 inscitiae
1324 2325 1394 2387 dum
1416 2325 1496 2387 illam
1520 2326 1734 2389 absurdissime
1757 2334 1804 2388 est
1825 2327 2054 2404 interpretatus.

678 2422 708 2486 ls
731 2423 797 2503 ipse
821 2421 928 2484 Codex
950 2429 1093 2501 superest
1115 2422 1146 2483 in
1169 2422 1355 2485 Bibliotheca
1377 2422 1484 2507 Regia,
1508 2432 1539 2486 et
1570 2426 1600 2485 in
1623 2424 1685 2505 illo,
1710 2425 1789 2487 sicut
1811 2424 1841 2485 in
1864 2423 1931 2486 aliis
1954 2428 2054 2488 omni-

599 2555 603 2562 ·
678 2522 736 2585 bus
758 2521 871 2603 legitur
892 2538 952 2583 nun
981 2520 1106 2602 pluralis
1134 2524 1249 2602 primae
1277 2539 1429 2602 personae
1460 2523 1703 2586 characteristica
1733 2523 1831 2600 litera,
1862 2521 1917 2584 sed
1944 2527 2054 2587 tertiae

678 2621 871 2698 lcemininae,
900 2621 969 2701 quia
998 2621 1029 2681 irr
1056 2620 1160 2701 lingua
1188 2618 1319 2682 Arabica
1351 2639 1412 2684 vox
1435 2633 1493 2688 nt't
1516 2622 1637 2698 Rmrnb,
1659 2622 1801 2701 Spiritu,
1825 2621 1979 2684 foeminini
2007 2632 2055 2686 est

679 2720 813 2801 generis.
844 2717 878 2782 ln
900 2719 995 2800 prima
1018 2721 1107 2781 etiam
1130 2737 1220 2797 voce,
1244 2738 1332 2800 quarn
1355 2722 1445 2783 vertit
1469 2719 1630 2783 Salmasius
1649 2721 1855 2799 proifieernor,
1877 2720 1959 2783 nulla
1982 2729 2054 2784 nota

678 2819 793 2901 passivi
815 2827 872 2896 est,
895 2816 1133 2898 uertendumque
1161 2813 1269 2881 iniisset
1292 2820 1496 2898 purificemur,
1519 2836 1579 2899 quc
1603 2818 1670 2881 solu
1693 2818 1864 2881 discrimine
1894 2826 1957 2882 tcta
1987 2838 2054 2881 ma-

679 2919 766 2983 china
789 2916 990 2982 Salmasianae
1013 2917 1201 2999 lbcologiae
1223 2915 1357 2979 funditus
1379 2918 1447 2980 ruit.
1490 2915 1525 2977 lrr
1547 2916 1642 2980 altera
1664 2924 1694 2979 ct
1715 2924 1927 2979 mucertcrnor
1948 2917 2052 2979 similis

678 3017 853 3101 conuptela
883 3025 940 3095 est,
964 3034 1031 3078 cum
1061 3033 1171 3079 seusus
1202 3017 1251 3093 sit,
1280 3022 1311 3077 et
1338 3022 1511 3090 conectat,
1539 3016 1590 3078 vel
1618 3014 1801 3094 transferet,
1828 3023 2052 3097 perspectaque

678 3139 745 3183 earn
768 3118 927 3180 lectionem
950 3114 1092 3177 exhibeat
1120 3113 1230 3177 Codex
1257 3115 1489 3194 manuscriptus.
1541 3113 1629 3187 Quod
1650 3107 1865 3198 προκείμενα,
1894 3133 1974 3195 quae
2002 3118 2052 3176 in-

678 3220 856 3302 telliguntur
878 3232 956 3277 voce
978 3215 1129 3294 sequenti,
1153 3230 1213 3275 non
1236 3214 1333 3275 minus
1356 3213 1505 3275 commmri
1528 3212 1609 3294 apud
1630 3211 1751 3275 Arabes
1765 3212 1953 3276 Christianos
1976 3231 2051 3277 voce

679 3337 768 3400 quarn
790 3314 870 3396 apud
892 3313 1028 3376 Graecos
1051 3312 1163 3389 altera,
1194 3313 1270 3374 citer
1298 3320 1327 3373 et
1355 3318 1496 3373 terrenas
1522 3310 1698 3373 Oblationes
1726 3312 1834 3389 vertit,
1865 3329 1925 3374 non
1954 3311 2049 3375 leuem

678 3416 828 3499 significat
850 3411 1001 3475 Arabismi
1024 3411 1234 3492 ignorantiam,
1257 3409 1341 3472 etin
1364 3427 1402 3472 eo
1424 3389 1566 3490 qui‘alios
1589 3409 1752 3489 imperiose
1775 3408 1889 3472 docere
1912 3409 2049 3486 audebat,

678 3533 740 3577 nou
764 3513 853 3576 lacile
875 3510 1070 3574 tolerandam.
1123 3509 1183 3572 Sed
1213 3508 1293 3571 bunc
1323 3526 1460 3571 errarem
1490 3508 1520 3570 irr
1549 3507 1627 3570 libro
1655 3507 1694 3570 de
1722 3507 2049 3571 Transubstantiatione

679 3611 866 3675 emendarit:
889 3610 986 3671 haesit
1008 3610 1037 3671 in
1061 3608 1126 3670 aliis
1149 3606 1342 3691 gravioribus
1364 3607 1466 3689 longe,
1490 3608 1645 3690 magisque
1669 3606 1859 3687 perniciosis.

766 3710 862 3772 Pcrrc
888 3709 989 3769 mirari
1011 3708 1084 3770 satis
1106 3725 1195 3770 nemo
1217 3713 1321 3789 potest
1344 3706 1538 3784 Salmasium,
1561 3706 1613 3787 qui
1635 3706 1748 3786 ubique
1771 3705 1865 3768 ferme
1888 3705 1927 3768 de
1950 3706 2048 3789 lingua

679 3808 880 3890 Aegyptiace,
903 3815 1043 3887 tanquam
1065 3806 1123 3868 sibi
1146 3823 1207 3869 non
1229 3808 1333 3888 ignota
1355 3804 1502 3886 loquitur,
1530 3804 1582 3866 ubi
1605 3822 1682 3887 opus
1705 3822 1767 3867 non
1790 3814 1873 3883 erat,
1903 3807 2050 3887 ignoran-

680 3909 749 3969 tiam
771 3905 821 3968 vel
842 3905 949 3967 malam
970 3904 1060 3967 fidem
1087 3905 1146 3966 lrcc
1168 3904 1237 3967 locu
1260 3904 1300 3967 ita
1322 3903 1504 3985 prodidisse,
1526 3912 1560 3966 ut
1582 3899 1770 3967 excusatidni
1793 3903 1891 3966 locum
1913 3922 1974 3966 nou
1997 3924 2052 3967 re-

679 4005 810 4085 liquerit.
857 4003 962 4067 Codex
986 4022 1045 4084 quc
1069 4003 1209 4066 utebatur
1230 4003 1421 4086 Aegyptiace
1443 4005 1574 4084 scriptus
1596 4010 1662 4066 erat
1685 4011 1716 4066 et
1738 4002 1888 4079 Arabice3
1912 4021 1968 4066 cur
1990 4004 2052 4085 igi-

679 4113 729 4167 tur
751 4105 790 4167 de
812 4104 954 4185 primario
977 4110 1061 4165 textu
1083 4121 1122 4164 ue
1145 4100 1271 4164 verbum
1295 4102 1415 4183 quidem
1438 4101 1528 4181 lecit,
1559 4102 1617 4164 nisi
1639 4102 1720 4182 quod
1743 4102 1824 4164 illum
1855 4119 1916 4166 non
1939 4102 2052 4166 inteili-

679 4203 782 4285 gebat,
806 4202 887 4283 quod
910 4201 1016 4279 facile,
1041 4203 1068 4263 si
1089 4218 1167 4284 opus
1194 4209 1293 4279 esset,
1324 4201 1531 4282 probaremus.
1577 4202 1655 4265 Sane
1685 4201 1712 4263 si
1741 4201 1958 4279 intellexisset,
1990 4218 2052 4263 nun

680 4301 765 4364 illum
787 4301 864 4363 adeo
887 4298 1051 4382 perfrictae
1075 4299 1182 4361 frontis
1206 4298 1300 4362 fuisse
1323 4301 1480 4381 quisquam
1503 4300 1620 4377 credat,
1642 4308 1693 4379 ut,
1716 4300 1834 4381 qualem
1856 4319 1897 4364 ex
1920 4300 2051 4363 Arabica

679 4401 822 4463 versione
846 4406 1030 4461 commentus
1053 4406 1112 4476 est,
1135 4398 1414 4479 interpretationem
1436 4398 1536 4462 daret:
1567 4398 1808 4480 quandoquidem
1834 4400 1962 4462 orationi
1984 4398 2050 4462 Go-

680 4502 780 4582 pticae
809 4515 937 4580 prorsus
964 4497 1154 4559 contradicit.
1199 4496 1287 4570 Quod
1316 4498 1432 4562 etiamsi
1463 4515 1523 4561 non
1555 4505 1654 4576 esset,
1683 4506 1714 4560 at
1744 4516 1822 4579 quae
1854 4513 1926 4561 mox
1953 4497 2050 4580 subji-

681 4600 817 4674 ciuntur,
840 4596 1018 4658 seutentiam
1041 4595 1073 4656 in
1096 4602 1202 4676 aperta
1237 4595 1305 4659 luce
1334 4597 1502 4676 collocant,
1526 4596 1792 4677 demonstrantque
1814 4597 1877 4677 peti
1912 4595 2050 4677 illapsum

679 4696 779 4758 sancti
802 4695 941 4782 Spiritus,
966 4695 1093 4775 ejusque
1115 4696 1322 4774 operationem
1345 4698 1377 4757 in
1399 4696 1478 4760 dona
1501 4695 1667 4778 proposita.
1713 4694 1791 4757 Nibil
1814 4703 1913 4759 autem
1936 4697 2049 4758 certius

680 4811 862 4874 essequam
886 4793 965 4874 quud
989 4793 1027 4856 de
1050 4791 1232 4855 Salmasiaua
1254 4794 1404 4857 Versicne
1434 4795 1576 4870 diximus,
1608 4794 1707 4857 sciunt
1735 4795 1916 4876 quicumque
1946 4792 2050 4857 literas

681 4891 853 4955 Orientales
876 4910 893 4953 a
915 4892 1016 4953 limine
1038 4892 1251 4954 salutaverint:
1274 4891 1484 4975 Aegyptiacae
1507 4894 1645 4975 linguae,
1676 4911 1756 4973 quac
1778 4909 1839 4955 nun
1862 4893 1939 4957 adeo
1962 4909 2050 4953 cum-

681 4991 778 5054 munis
800 4999 859 5069 est,
881 4990 1076 5054 mediocriter
1098 4993 1228 5071 peritum
1250 5009 1319 5055 csse
1342 5000 1491 5076 eportet,
1507 5000 1539 5055 ut
1562 5009 1651 5056 error
1671 5000 1872 5076 agnoscatur,
1900 5010 1968 5057 cum
1989 4990 2050 5055 ob-
