4525 6034
652 588 831 664 XXXVIII
1159 589 1534 668 DISSIIRTIIIO

653 803 730 852 nam
756 783 790 851 in
817 777 1022 852 orationibus
1049 781 1265 867 conmutatis,
1293 799 1379 872 quae
1405 800 1426 849 a
1451 777 1621 849 Memento
1647 777 1816 871 inpriunt,
1841 774 2033 876 subsequi-

652 907 706 969 tur
732 896 928 969 acclamatio
954 901 1025 968 τοῦ
1049 897 1160 967 Amen
1185 893 1243 967 vel
1270 894 1381 986 Kyrtc
1407 892 1559 965 cleison:
1593 891 1741 965 clarmula
1768 913 1853 965 vero
1879 916 1949 969 non
1975 903 2033 969 est

651 1015 717 1085 nisi
742 1015 776 1083 in
811 1014 956 1084 omnium
982 1013 1217 1082 memoriarum
1250 1007 1325 1081 bne.
1378 1008 1468 1081 Illius
1504 1020 1614 1082 autem
1646 1007 1810 1080 formulae
1841 1030 1909 1081 non
1939 1030 2030 1081 unae

651 1139 746 1218 sunt3
772 1129 979 1199 communior
996 1125 1065 1214 illa,
1094 1126 1183 1213 Ouio
1201 1132 1290 1196 torma
1312 1132 1363 1198 cat
1376 1148 1528 1220 recurro,
1551 1131 1716 1218 pote-ctae,
1737 1127 1846 1196 cirtae
1864 1131 1900 1196 et
1912 1124 2031 1220 qtorin

654 1245 783 1330 Potm‘c,
810 1242 894 1314 otto·
920 1249 955 1313 ct
978 1242 1130 1334 Sptrr‘tur
1155 1244 1286 1313 coacti:
1321 1250 1377 1312 aut
1409 1241 1510 1336 paulo
1544 1239 1650 1312 aliter.
1704 1240 1789 1311 Sunt
1821 1248 1931 1312 tamen
1957 1239 2028 1313 oli-

652 1358 786 1454 quando
813 1357 956 1430 diversis
982 1355 1098 1430 verbis
1126 1378 1328 1452 expressae:
1354 1365 1390 1428 ut
1415 1360 1498 1451 quio
1523 1362 1560 1427 to
1578 1378 1616 1429 ec
1631 1363 1769 1428 saneim
1786 1355 1882 1428 Deua
1896 1363 2023 1430 noster.

653 1475 743 1561 Quia
771 1481 807 1544 tat
833 1494 871 1544 ec
895 1475 1090 1545 miscricorc
1125 1478 1160 1543 et
1192 1474 1375 1544 miserator
1408 1472 1525 1562 Deua,
1552 1481 1587 1543 et
1612 1469 1736 1544 similes
1763 1471 1858 1544 oliae.
1910 1472 2028 1545 Facile

651 1592 751 1681 igitur
777 1587 848 1676 luit,
874 1597 910 1659 ut
936 1591 969 1658 in
996 1585 1177 1660 Codicibus
1204 1609 1289 1683 quos
1308 1585 1454 1659 babebat
1472 1587 1591 1659 Petrus
1605 1587 1789 1678 Diaconos,
1815 1585 1900 1660 baec
1925 1588 2027 1661 clau-

651 1703 723 1779 sula
750 1702 871 1776 alicubi
896 1707 1112 1799 reperimur„
1139 1688 1214 1776 cum
1236 1725 1283 1773 ex
1303 1702 1496 1798 Scripturas
1511 1702 1627 1775 verbis
1644 1712 1803 1776 contexta
1825 1707 1880 1793 sit,
1906 1713 2026 1776 extet-

652 1843 717 1915 que
743 1824 777 1891 in
803 1822 908 1893 variis
934 1819 1062 1891 Latinis
1090 1818 1301 1906 missalibus,
1337 1822 1405 1892 imo
1439 1829 1473 1892 et
1498 1823 1532 1891 in
1558 1819 1722 1892 Romano.
1776 1819 1943 1914 Quidquid
1969 1824 2026 1910 sit,

650 1944 780 2008 constat
800 1957 847 2007 ex
862 1934 953 2006 Petri
968 1937 1160 2007 testimonio
1178 1957 1237 2008 sua
1248 1937 1318 2026 jam
1332 1945 1458 2024 aetate,
1473 1933 1538 2007 hoc
1557 1945 1611 2007 est
1624 1946 1723 2007 sexto
1739 1935 1876 2007 saeculo
1889 1934 2027 2007 labente

649 2060 683 2123 et
708 2053 850 2145 septimo
876 2053 1023 2140 memte,
1049 2059 1153 2122 totum
1179 2073 1286 2147 prope
1314 2051 1484 2124 Orientem
1510 2073 1606 2123 usum
1633 2073 1712 2124 esse
1729 2051 1844 2123 basilii
1861 2051 2026 2143 Liturgia‚

648 2189 758 2262 neque
785 2156 993 2255 dubitatum‚'
1011 2168 1089 2260 quin
1117 2187 1233 2240 sacras
1259 2189 1380 2262 preces
1408 2190 1494 2262 quae
1521 2171 1677 2239 arentin
1703 2170 1847 2240 omnium
1872 2165 2025 2238 manibus

649 2282 853 2354 ordinasset:
881 2291 980 2376 atque
1007 2290 1060 2354 est
1084 2280 1141 2352 illa
1166 2278 1287 2377 εὐχῶν
1312 2279 1488 2373 διάταξις,
1515 2283 1558 2355 de
1585 2306 1649 2379 qua
1668 2282 1854 2376 Gregorius
1870 2282 2024 2355 Nazian-

647 2418 752 2469 zenus
777 2396 933 2491 loquitur.
985 2396 1224 2492 Quaecumque
1246 2420 1333 2470 vero
1359 2423 1405 2472 ex
1428 2402 1614 2472 orationum
1633 2402 1811 2488 varietate,
1838 2408 1873 2470 et
1898 2421 2025 2471 exem·

646 2510 787 2606 plarium
814 2521 879 2583 mm
908 2512 1127 2601 Graecorum
1156 2536 1254 2609 quam
1281 2509 1496 2610 Copticorum
1522 2525 1557 2587 et
1571 2516 1735 2612 Syrorum
1762 2514 2022 2587 dissimilitudine

644 2636 800 2721 petuntur
825 2634 1033 2719 argumenta,
1061 2628 1104 2701 ad
1131 2628 1331 2702 elevandam
1357 2634 1452 2703 istius
1473 2632 1646 2725 Liturgiae
1673 2633 1895 2719 autoritatem,
1923 2630 2023 2703 sulli-

643 2745 771 2814 cienter
786 2766 832 2815 ex
845 2742 909 2815 illis
924 2766 1009 2838 quae
1023 2747 1177 2839 superius
1198 2744 1284 2816 dicta
1301 2755 1377 2818 sunt
1394 2746 1643 2843 disparguntur.
1671 2748 1799 2819 Subicit
1819 2750 2020 2842 praecipuas

643 2880 765 2955 preces
797 2857 933 2931 easdem
960 2880 1051 2948 essa,
1079 2869 1113 2931 ot
1140 2865 1291 2954 quamvis
1322 2861 1437 2934 verbis
1460 2864 1628 2952 differant,
1659 2866 1694 2935 iu
1711 2886 1810 2935 unam
1835 2866 2020 2937 convenire

641 2978 852 3064 sententiam,
879 2986 915 3047 ut
939 2997 1007 3047 non
1035 2978 1240 3071 suppositida
1264 2977 1446 3069 judicetur3
1479 2983 1594 3074 atqui
1623 2976 1809 3069 Graecam,
1842 2979 2018 3074 Syriacam

642 3100 677 3161 et
711 3088 884 3186 Copticam
919 3103 1044 3164 attente
1074 3093 1213 3185 legerit,
1254 3105 1417 3186 agnoscet
1455 3116 1573 3167 omnes
1608 3117 1655 3166 ex
1689 3116 1756 3167 uno
1790 3093 2017 3190 limpidIssimo

641 3205 735 3279 fonte
761 3206 938 3303 prodiisse.

1188 3523 1378 3608 viror
1418 3525 1475 3610 vt

638 3751 697 3822 Dc
730 3752 854 3850 linquis
888 3750 1212 3849 quesitumque
1246 3755 1291 3826 nb
1325 3757 1423 3826 trattc'o
1458 3761 1493 3825 et
1527 3755 1574 3825 cd
1605 3755 1693 3826 boec
1722 3778 1827 3850 coque
1859 3763 2014 3852 temporo

1107 3869 1280 3941 celebrari
1309 3868 1433 3941 solitae
1459 3876 1546 3941 root.

370 4094 626 4200 opiniunculam
755 4082 832 4186 Da
858 4111 980 4201 linguis
1008 4107 1126 4204 quihus
1162 4109 1339 4202 antiquitus
1365 4107 1534 4180 celebrata
1561 4107 1713 4201 [liturgia
1740 4120 1804 4199 est,
1832 4119 1866 4181 et
1893 4109 2013 4205 quibus

312 4181 627 4336 afflfffflgss,
640 4224 683 4296 ad
710 4235 859 4299 nostram
885 4224 949 4295 buc
975 4247 1081 4319 usque
1108 4233 1251 4296 aetatem
1279 4224 1366 4321 apud
1393 4223 1583 4297 Orientales
1610 4224 1812 4314 celebratur,
1839 4247 1905 4297 non
1933 4226 2011 4321 quid

310 4351 414 4406 reurur.
639 4339 755 4414 facere
769 4341 923 4413 Ecclesia
951 4339 1074 4430 debuit,
1102 4340 1164 4414 sed
1191 4340 1267 4436 quid
1294 4339 1532 4415 observaverit
1558 4344 1722 4414 constanti
1749 4350 1783 4413 et
1807 4362 1877 4413 non
1902 4344 2012 4413 inter·-

638 4467 734 4554 rupta
767 4456 952 4552 discipliua‚
985 4457 1230 4552 disquirendum
1266 4467 1326 4531 est.
1386 4457 1451 4543 Qui
1488 4459 1574 4529 enim
1608 4466 1724 4529 comba
1756 4455 2012 4531 Reformatores

637 4577 733 4668 primi
760 4573 938 4646 EcclesIae
965 4595 1100 4645 causam
1127 4573 1282 4645 tuendam
1308 4583 1539 4667 susceperunt,
1566 4574 1612 4644 ita
1639 4578 1715 4646 sunt
1741 4575 1776 4643 in
1802 4594 1845 4643 ea
1870 4577 2011 4665 versati,

635 4697 671 4760 ut
696 4692 730 4760 in
761 4689 835 4762 illas
863 4712 902 4762 se
934 4688 1109 4781 ambages,
1138 4686 1328 4784 exquibus
1362 4688 1525 4783 expedire
1561 4710 1599 4761 se
1633 4691 1766 4760 omnino
1801 4688 2010 4783 impossibile

634 4806 689 4893 sit,
717 4807 837 4877 incauti
864 4807 1080 4897 conjecerim.
1107 4803 1263 4898 Plerique
1290 4803 1416 4876 scilicet
1442 4807 1519 4898 qula
1546 4803 1651 4876 tribus
1666 4802 1802 4896 unguis,
1827 4803 2008 4895 Hebraico,

634 4916 768 4990 Graeca
802 4929 838 4990 et
863 4919 982 4992 Latina
1014 4919 1125 4992 titulus
1160 4923 1268 4992 crucis
1304 4922 1481 5015 inscriptus
1513 4918 1591 5008 fuit,
1624 4930 1694 4991 tres
1727 4918 1836 4991 solum
1871 4919 1946 4994 illas
1972 4922 2006 4991 in

629 5034 783 5127 Liturgia
810 5033 1009 5108 celebranda
1035 5046 1212 5132 usurpatas
1228 5034 1334 5109 fuisse
1362 5045 1555 5109 statuerumt.
1581 5034 1751 5108 Hebraico
1765 5044 1877 5109 tamen
1893 5035 2006 5130 lingua
