4525 6034
562 579 615 654 AI)
632 577 839 654 llTllllGlAhl
856 575 1046 654 GOPllOAhl
1062 575 1093 653 S.
1115 575 1260 653 BASlhll.
1515 574 1594 649 247

232 768 314 849 cipio
349 766 452 828 crocis
481 762 656 843 teriocto,
688 761 1594 842 tempestowbotqoeounmoqoodmncto

179 860 715 945 'mmctoooctiraolmn
741 862 911 925 eodemne.
956 860 1027 922 nee
1054 861 1152 923 oleoot
1182 867 1212 922 et
1240 859 1594 923 eimuoSocrommto

231 967 372 1029 nivem
399 964 528 1044 popolo,
550 970 691 1044 tooqm
712 964 745 1026 in
766 962 974 1024 haimonini.
1024 959 1106 1023 ldem
1135 959 1227 1023 habet
1254 959 1418 1041 Dionysius
1446 958 1593 1021 Barsalibi

231 1065 444 1128 commentario
467 1061 505 1125 ad
527 1062 605 1124 hauc
627 1060 781 1145 liturgiae
810 1059 919 1124 locum.
969 1059 1123 1122 Sacerdos
1151 1060 1249 1122 etcoot
1274 1066 1305 1121 ct
1330 1058 1502 1138 ommim
1528 1058 1592 1120 So·

230 1171 403 1241 meu,
427 1162 563 1223 clamosas
584 1167 615 1222 et
634 1162 753 1238 dicem
777 1159 891 1221 Soocto
912 1161 1036 1222 omwtia
1080 1158 1185 1241 ltaque
1205 1176 1245 1221 ne
1267 1176 1325 1220 uua
1349 1156 1468 1239 quidem
1489 1157 1593 1220 Litur-

229 1264 279 1345 gia
301 1270 365 1338 est,
389 1278 467 1344 quae
488 1261 641 1323 celebrem
668 1260 763 1338 illam,
791 1266 880 1340 atque
908 1277 927 1320 a
956 1265 1017 1320 tota
1046 1265 1128 1321 retro
1156 1258 1330 1338 antiquitate
1356 1257 1592 1320 commendatam

229 1362 387 1426 formulam
414 1379 476 1423 non
507 1359 632 1437 habeat,
660 1358 718 1421 boo
746 1361 813 1440 ipso
843 1359 873 1419 in
895 1356 973 1420 loco.
1025 1356 1100 1420 Nam
1122 1364 1244 1440 praeter
1267 1355 1425 1438 Copticas,
1449 1357 1592 1439 Syriacae

229 1480 352 1535 omnes,
373 1460 576 1538 Jacobiticae,
598 1458 801 1537 llelchiticae,
826 1463 856 1519 et
878 1456 1075 1518 Nestorianae
1097 1475 1162 1519 eam
1184 1455 1342 1535 exhibent,
1366 1463 1398 1518 ut
1421 1457 1509 1519 etiarn
1527 1456 1592 1520 Ar·

228 1562 356 1625 menica.
401 1559 513 1623 Omnes
536 1560 624 1621 etiam
638 1558 846 1639 Aethiopicae,
869 1573 948 1638 qnae
970 1576 1010 1619 ex
1026 1556 1223 1638 Aegyptiacis
1239 1572 1406 1636 expressae
1422 1564 1501 1636 sunt,
1524 1574 1590 1620 earu

227 1660 382 1738 referunt,
404 1657 488 1720 nullo
509 1659 587 1720 inter
614 1676 648 1720 se
678 1657 857 1719 discrimine.
900 1655 932 1718 ln
963 1673 999 1718 ea
1029 1673 1106 1736 quae
1134 1653 1403 1719 Constitutionibus
1431 1656 1590 1720 Canonicis

226 1761 344 1822 inserta
367 1764 432 1834 est,
455 1763 486 1818 et
507 1773 595 1836 mam
617 1756 722 1818 Latine
745 1754 836 1818 edidit
858 1754 945 1818 sbnul
968 1772 1033 1817 cum
1056 1752 1236 1834 Aethiopico
1259 1762 1345 1817 textu
1361 1755 1456 1818 lobus
1475 1755 1591 1818 Ludol-

228 1857 294 1933 ius,
318 1858 394 1920 haec
415 1854 510 1918 verba
531 1854 654 1917 mirifice
676 1856 890 1936 interpretatus
913 1862 976 1933 est,
1005 1853 1218 1916 sonnonem
1245 1856 1380 1928 woclin
1406 1873 1466 1918 non
1495 1856 1592 1918 minua

228 1965 335 2020 contra
357 1954 553 2035 Aethiopicae
575 1951 697 2036 linguae
718 1954 950 2035 proprietatem,
973 1970 1061 2033 mam
1082 1969 1267 2015 communem
1289 1954 1419 2016 omnium
1437 1953 1592 2035 liturgia·

227 2075 294 2118 ram
318 2054 516 2130 seutentiam,
538 2060 771 2133 praeterquam
794 2052 873 2133 qnod
896 2051 1006 2114 nullum
1029 2051 1104 2114 baec
1125 2052 1228 2113 versio
1255 2069 1376 2115 sensum
1398 2053 1495 2117 etheit.
1518 2053 1593 2127 Ouis

229 2156 309 2218 enim
332 2171 463 2234 unquam
485 2151 598 2214 audivit
621 2151 690 2215 talia
712 2151 805 2215 verba
828 2153 859 2213 in
880 2150 1041 2234 Liturgicis
1065 2149 1205 2214 Olliciis‘l
1229 2149 1288 2216 Sed
1310 2170 1347 2214 ea
1369 2151 1539 2232 sabillino,
1562 2155 1593 2217 in

229 2254 367 2318 omuibus
390 2251 484 2314 lerme
507 2268 585 2330 quae
607 2249 645 2312 ad
667 2251 893 2314 controversias
921 2248 959 2311 de
985 2248 1135 2333 religione
1164 2258 1339 2332 spectarent
1365 2251 1532 2330 affectatio,
1560 2261 1594 2315 ut

231 2355 316 2435 quasi
338 2369 448 2415 secure
470 2349 509 2412 de
531 2350 667 2413 omuibus
689 2352 807 2413 nemine
830 2347 1037 2412 intercedente
1054 2352 1255 2429 pronunciare
1269 2359 1386 2433 posset,
1408 2351 1593 2415 absurdissi-

231 2472 294 2516 mas
316 2469 379 2515 uon
401 2449 489 2513 modo
512 2450 691 2530 opiniones,
714 2450 768 2512 sed
790 2448 872 2554 quod
893 2450 989 2511 nunus
1003 2451 1142 2511 excusari
1156 2458 1267 2529 potest,
1290 2451 1450 2513 verborum
1463 2450 1593 2514 Aethio-

231 2554 369 2633 picorum
393 2548 609 2630 explicationes
633 2550 766 2628 dederit,
789 2547 963 2630 quaelerri
987 2566 1045 2612 non
1067 2556 1202 2629 possunt.
1224 2549 1299 2612 ilinc
1321 2558 1410 2614 natae
1426 2559 1496 2613 sunt
1516 2569 1593 2631 por-

230 2659 369 2715 tentosae
391 2648 459 2712 illae
480 2666 574 2711 voces
600 2647 720 2712 Coenoe
741 2667 828 2729 quam
850 2647 960 2727 ubique
983 2656 1108 2729 usurpat
1129 2667 1186 2729 pro
1208 2648 1407 2714 Eucharistia:
1436 2648 1593 2714 Orotionit

137 2821 141 2828 ⁴
230 2750 461 2813 Ewhmotiooc
480 2766 537 2829 pro
558 2748 706 2832 liturgia,
728 2755 759 2811 et
781 2748 890 2810 multae
912 2747 988 2810 aliae
1011 2766 1086 2828 quas
1108 2747 1179 2810 alibi
1200 2750 1377 2812 notavimus.

318 2845 397 2910 Nibil
419 2865 513 2928 porro
535 2846 630 2910 refert
652 2848 711 2911 hoc
733 2847 801 2909 loco
832 2847 1069 2928 disquisitionem
1091 2847 1247 2911 instituere
1278 2847 1316 2911 de
1347 2848 1523 2912 elevationis
1545 2848 1592 2910 si·
1637 2842 1803 2913 comparatio
1823 2841 1912 2894 elev·-

229 2946 396 3011 militudine
418 2965 484 3009 cum
508 2964 645 3028 eaquae
673 2946 706 3009 lit
736 2947 854 3010 Graeco
884 2954 934 3009 aut
955 2946 1060 3009 Latino
1082 2944 1171 3022 Ritu,
1199 2955 1230 3010 et
1252 2965 1289 3010 ea
1311 2966 1399 3028 quam
1428 2931 1679 3011 observantll⁰⁰¹¹
1702 2929 1761 2982 ΒΜ
1789 2925 1914 2982 ⁰¹⁵⁰¹¹⁸⁸¹¹

230 3048 412 3114 Orientales.
435 3047 541 3129 Neque
563 3049 642 3111 enim
664 3047 901 3111 Christianorum
923 3044 997 3109 tides
1019 3046 1130 3126 pendet
1153 3065 1170 3109 a
1191 3046 1279 3109 simili
1300 3049 1505 3126 caeremonia,
1534 3033 1661 3116 ιιίεἱῗ11111
1679 3033 1710 3116 ⁰‚'
1728 3032 1795 3087 ‘¹⁰⁸⁰
1817 3014 1845 3066 ⁰⁸
1860 3013 1913 3066 ι’·

231 3148 312 3229 quod
335 3146 453 3210 ostendi
476 3148 672 3226 Eucharistia,
694 3150 873 3228 praesertim
904 3164 970 3208 oum
999 3144 1121 3209 honoris
1150 3146 1368 3227 significatione
1397 3166 1457 3210 uon
1478 3111 1658 3228 peresam
1677 3110 1734 3155 '¹⁸⁰'

230 3247 311 3329 apud
334 3248 462 3328 eosqui
490 3265 551 3310 nou
579 3265 651 3311 vere
679 3248 803 3310 credant
833 3247 911 3310 illam
934 3263 1004 3308 esse
1026 3262 1137 3327 corpus
1160 3255 1191 3309 et
1213 3247 1388 3328 sanguinem
1411 3246 1536 3310 Christi:
1560 3253 1591 3307 at

231 3347 368 3428 quamvis
390 3363 450 3409 nou
463 3346 644 3424 elevaretur,
667 3347 755 3409 modo
773 3355 871 3410 tamen
885 3345 1087 3409 Ecclesiarum
1108 3344 1184 3408 lidos
1207 3346 1325 3409 aliunde
1348 3354 1509 3424 constaret,
1531 3363 1591 3408 non

231 3445 348 3508 idcirco
371 3446 510 3508 revocari
533 3464 599 3507 coru
622 3446 720 3527 abque
742 3448 858 3510 ratione
880 3451 984 3528 posset
1006 3445 1036 3506 in
1058 3444 1196 3522 dubium,
1219 3464 1260 3508 ex
1282 3445 1361 3510 illius
1383 3447 1591 3509 caeremoniae

231 3544 364 3609 deiectu.
385 3544 460 3606 Nam
488 3546 518 3607 in
544 3545 607 3608 sola
638 3564 725 3626 quam
752 3546 849 3608 Latini
877 3545 1004 3622 habeut,
1026 3544 1352 3609 Praesanctilicotorum
1374 3546 1483 3626 blissa,
1504 3545 1593 3609 Feria

231 3653 322 3708 sexta
349 3644 473 3725 llajoris
498 3644 720 3724 hebdomadae,
754 3646 804 3707 vix
832 3645 1018 3707 Eucharistia
1048 3645 1231 3708 ostenditur:
1269 3647 1298 3707 in
1328 3645 1593 3710 carthusianorum

231 3762 291 3807 usu
320 3742 537 3807 Ecclesiastico
566 3744 646 3808 calix
668 3746 719 3808 vix
742 3744 896 3823 attollitur,
920 3762 1017 3826 neque
1042 3763 1059 3806 a
1083 3744 1340 3808 obcumstnntibus
1362 3746 1458 3808 videri
1481 3753 1591 3828 potest.

234 3844 304 3916 Non
326 3843 439 3907 idcirco
463 3843 654 3921 dubitabitur,
677 3853 728 3907 aut
749 3845 787 3907 do
808 3844 964 3908 Ecclesiae
985 3843 1109 3931 Latinae
1131 3845 1162 3906 in
1184 3844 1240 3907 hac
1262 3843 1364 3920 hissa,
1388 3853 1439 3908 aut
1461 3845 1499 3908 de
1521 3846 1592 3927 pio-

232 3961 299 4004 rum
321 3941 441 4006 illorum
462 3942 641 4007 Ascetarum
663 3943 823 4028 religione.
847 3944 1075 4007 Observandum
1098 3960 1218 4024 quoque
1240 3952 1297 4022 est,
1319 3962 1381 4008 uon
1402 3944 1499 4007 levem
1522 3963 1592 4009 esse

232 4043 313 4104 inter
330 4060 385 4105 eos
401 4044 453 4123 qai
464 4041 632 4126 Litargicas
647 4044 836 4125 antiquitates
851 4044 1077 4106 illustraverunt
1100 4044 1308 4124 quaestionem
1330 4043 1368 4106 de
1390 4045 1466 4107 ritus
1486 4045 1593 4107 eleva-

234 4143 323 4204 tionis
346 4142 425 4221 apud
447 4140 569 4205 Latinos
591 4143 719 4225 origine.
763 4143 798 4206 ln
819 4146 951 4224 conquir
971 4145 1050 4205 edm
1070 4142 1167 4217 Adria,
1189 4151 1219 4204 et
1238 4145 1271 4204 in
1292 4143 1448 4206 codimhos
1468 4142 1593 4206 Ordinis

233 4240 366 4303 Romani
393 4249 455 4303 tom
475 4244 598 4305 commis
619 4262 710 4323 quom
731 4245 959 4322 momeriptir,
986 4262 1042 4305 nec
1070 4244 1235 4322 inprimis
1260 4245 1369 4305 rituum
1395 4243 1593 4324 Eopovitmi-

234 4339 301 4414 bos,
322 4339 461 4416 Αἱωὶπο,
481 4341 650 4418 Amatam,
678 4342 1032 4422 Woiosrido,dlicroloqo
1053 4350 1083 4404 ct
1104 4343 1185 4421 aliia,
1207 4343 1330 4424 aliquod
1351 4345 1415 4423 qut
1436 4347 1593 4426 recapitare

234 4441 393 4519 repetitio.
437 4439 1005 4506 EodteuoootinOrdiocltomono
1035 4442 1162 4504 clevatio
1194 4451 1393 4518 memoratur,
1420 4461 1480 4526 qao
1508 4443 1593 4505 cotto

235 4539 382 4600 mollitae
401 4547 471 4601 mute
492 4541 658 4604 orationem
678 4541 875 4606 Dardanicam.
922 4540 1021 4604 Verba
1049 4549 1118 4603 sunt
1145 4540 1314 4605 cardinalis
1335 4541 1447 4606 Bonae.
1491 4542 1593 4605 Potest
1641 4533 1914 4605 medlenti.

235 4656 309 4701 saue
331 4636 414 4716 lieri,
441 4646 474 4700 ut
495 4641 629 4720 quamvis
652 4641 781 4704 elevatio
810 4642 1024 4706 observaretur
1045 4642 1075 4703 iu
1096 4641 1202 4706 Latina
1223 4642 1331 4720 blissa,
1361 4641 1471 4705 nullum
1493 4625 1634 4705 temoni·
1654 4623 1697 4678 13.
1715 4640 1738 4676 ⁰·
1755 4623 1782 4676 ²·

235 4738 302 4820 ejus
323 4737 484 4821 vestigium
506 4747 591 4803 extet
612 4740 643 4802 in
664 4739 851 4820 blissdibus,
881 4743 931 4823 qni
953 4741 1088 4805 rubricas
1117 4743 1278 4823 antiquitus
1305 4760 1365 4805 non
1397 4742 1594 4823 recipiebant.

235 4836 331 4918 hlajus
354 4844 401 4900 est
423 4847 640 4921 argumentum,
662 4859 703 4903 ex
724 4840 936 4923 Expositorum
958 4842 1068 4905 blissao
1090 4841 1224 4906 silentio:
1248 4845 1382 4923 quamvis
1409 4859 1514 4925 parum
1543 4844 1594 4906 in-

236 4937 339 5016 tersit,
367 4944 401 5000 at
429 4938 572 5017 diximus,
603 4957 662 5022 qno
685 4949 835 5004 momento
858 4942 1034 5005 ostendatur
1055 4942 1261 5023 Eucherium,
1290 4943 1349 5005 imo
1376 4951 1406 5005 et
1428 4960 1465 5004 an
1487 4953 1593 5006 osten-

237 5034 334 5098 datur.
379 5035 420 5100 At
449 5037 592 5120 quidquid
620 5038 658 5103 de
682 5040 796 5122 judicio
822 5041 947 5121 piissimi
984 5041 1209 5124 doctissimique
1239 5039 1406 5106 cardinalis
1436 5049 1593 5124 statuatur,
