4525 6034
591 597 867 676 autumans
883 594 1077 674 sortierit
1092 594 1123 672 S.
1138 595 1283 672 antltl.
1552 596 1626 671 183

812 889 933 961 Oratio
960 887 1077 960 lituris
1673 903 1736 974 Pap.
1755 907 1780 957 t.

329 1054 413 1139 Erus
442 1093 516 1139 usus
543 1036 575 1137 in
603 1075 749 1139 Ecclesiis
784 1076 987 1140 Orientalibus
1014 1081 1198 1156 perpetuus,
1228 1081 1259 1137 et
1287 1093 1386 1156 prope
1417 1074 1626 1157 quotidianus:
1691 1093 1782 1148 Thuris
1799 1112 1860 1148 usur
1880 1095 1949 1164 apud
1995 1160 1999 1165 1

251 1184 312 1231 nec
335 1175 413 1235 enirn
435 1174 550 1256 absque
573 1175 660 1238 thure
681 1176 848 1259 liturgiam
870 1175 1041 1254 celebrant,
1073 1174 1131 1237 nisi
1161 1192 1274 1236 summa
1296 1175 1464 1238 necessitas
1493 1184 1625 1256 premat:
1640 1178 1784 1237 Orientale
1793 1182 1931 1251 multiplex.

249 1268 326 1332 illud
349 1273 491 1337 adhibent
513 1276 543 1337 in
567 1274 680 1338 Officiis
704 1275 975 1340 Sacramentalibus
998 1274 1152 1352 omnibus,
1181 1274 1212 1336 in
1233 1275 1376 1356 precibus
1398 1276 1554 1338 nocturnis
1578 1276 1627 1338 di-

250 1372 417 1453 urnisque,
440 1375 512 1437 nibil
535 1383 567 1438 ut
590 1376 686 1456 possit
709 1394 778 1439 esse
800 1374 998 1456 frequentius.
1043 1373 1247 1436 Observantur
1268 1382 1368 1437 autern
1390 1374 1468 1455 apud
1489 1373 1626 1456 Coptitas

251 1471 382 1535 eaedem
404 1492 483 1554 quae
505 1475 582 1556 apud
606 1475 680 1537 abos
709 1475 892 1537 christianos
921 1474 1144 1552 caeremoniae,
1175 1490 1283 1555 nempe
1314 1480 1347 1534 ut
1374 1472 1442 1535 tbus
1473 1472 1629 1538 adoleatur

251 1570 367 1657 circum
395 1573 489 1636 altare
517 1583 547 1636 ct
573 1593 629 1655 per
658 1573 841 1638 Ecclesiam:
874 1572 1072 1653 Sacerdotes,
1102 1580 1132 1635 et
1160 1573 1213 1652 qui
1242 1575 1272 1636 in
1295 1572 1460 1636 sublimiori
1483 1571 1630 1663 dignitate

249 1679 338 1749 sunt,
362 1691 402 1735 eo
413 1672 650 1753 perfundantur,
673 1674 837 1757 imagines,
861 1692 935 1761 vasa
951 1690 1055 1751 sacra,
1080 1671 1206 1735 ambitus
1218 1672 1385 1737 Ecclesiae.
1407 1672 1507 1734 Autor
1520 1671 1629 1736 Scien-

250 1772 313 1832 tiae
335 1771 580 1837 Ecclesiasticac.
626 1772 701 1836 Οιιηι
722 1774 877 1836 Sacerdos
898 1774 942 1835 ad
961 1774 1061 1835 adare
1087 1773 1216 1848 acuerit,
1246 1770 1354 1853 afferet
1380 1772 1552 1834 naaicrtlom
1578 1773 1630 1833 in·

249 1872 338 1932 cersi
352 1871 395 1932 ad
407 1893 488 1948 enm,
510 1875 563 1954 qai
579 1874 725 1955 dignitate
735 1876 875 1954 sirpe-rior
888 1883 950 1949 est,
973 1883 1006 1937 ut
1021 1872 1180 1934 beaedtcm
1193 1872 1281 1947 illud,
1304 1879 1463 1953 amptum
1482 1869 1630 1933 thuribulo

246 1971 434 2050 enpmctar.
478 1972 515 2034 st
535 1992 607 2035 cero
629 1975 727 2035 midas
749 1975 849 2052 major
876 1993 912 2035 eo
937 1990 1086 2052 praesens
1109 1970 1218 2049 fuerit,
1252 1970 1406 2033 bertedicet
1434 1972 1499 2050 ipse
1528 1969 1631 2031 crucis

248 2070 339 2149 siano
361 2072 549 2148 nuciculam,
571 2080 731 2153 antequam
753 2074 820 2135 titus
845 2074 1025 2152 imponatur.
1073 2070 1237 2150 Antiquum
1266 2088 1336 2133 esso
1365 2068 1461 2131 tburis
1491 2068 1522 2130 iu
1550 2068 1630 2130 bunc

248 2168 373 2230 modum
402 2170 542 2234 adolendi
571 2171 650 2252 apud
680 2172 906 2234 Alexandrinos
936 2188 1066 2248 morem,
1094 2168 1186 2231 docet
1213 2169 1331 2231 illorum
1359 2168 1482 2231 historia
1509 2169 1541 2231 in
1568 2169 1629 2230 vita

251 2266 369 2330 Sanutii
390 2269 595 2333 Patriarcbac:
619 2270 797 2347 lncltaaoit,
820 2272 929 2352 inquit,
960 2269 1152 2350 Litnrpiam,
1182 2269 1396 2330 circumeundo
1418 2287 1485 2330 cnm
1506 2269 1630 2330 incenso

250 2368 351 2429 altare
373 2378 403 2432 et
421 2372 538 2451 aradus
558 2373 631 2449 ejus.
679 2371 774 2444 Quam
796 2389 873 2433 vero
896 2377 1036 2432 accurate
1060 2367 1269 2450 praescribant
1291 2385 1394 2431 omnes
1418 2367 1507 2430 etiam
1528 2368 1629 2429 minu-

250 2466 384 2529 tissimas
407 2470 631 2549 caeremonias,
655 2488 694 2532 ne
717 2470 755 2533 de
777 2469 969 2552 quibusdem,
994 2487 1071 2549 quae
1095 2468 1217 2549 majoris
1240 2466 1278 2530 ad
1299 2467 1388 2531 fidem
1418 2484 1523 2529 eorum
1552 2483 1629 2548 pro-

249 2564 381 2629 bandam
403 2569 544 2631 momenti
567 2577 673 2648 erunt,
697 2568 866 2648 dubitetur,
894 2567 1030 2630 dabimus
1059 2584 1077 2629 o
1108 2565 1222 2630 Codice
1251 2567 1455 2649 manuscripto
1486 2585 1563 2647 quae
1591 2566 1629 2630 ad

250 2668 379 2747 primam
402 2667 482 2730 illam
505 2669 754 2731 thurificationem
785 2667 902 2731 servari
926 2667 1034 2749 jubent
1065 2665 1215 2748 Coptitae.
1263 2666 1418 2730 Sacerdos
1446 2665 1631 2730 osculabitur

249 2766 372 2845 aradus
392 2767 517 2842 altaris;
539 2768 582 2829 ad
603 2769 684 2849 quod
705 2769 865 2845 ascendet,
887 2775 918 2830 et
937 2767 1011 2829 illud
1032 2786 1147 2848 macerae
1169 2765 1364 2831 osculabitur.
1409 2766 1480 2828 Tum
1501 2766 1632 2846 accipiet

251 2863 435 2926 thuribulum
457 2885 478 2927 a
504 2866 659 2943 Diacono,
693 2868 849 2947 capiatque
873 2885 1015 2929 acerram
1041 2884 1096 2928 seu
1123 2866 1311 2940 nuciculam,
1339 2883 1558 2946 conuersaque
1586 2865 1630 2927 ad

249 2961 437 3026 Sacerdotes
458 2973 488 3028 et
508 2964 637 3043 ileum,
659 2954 940 3051 diceterlldymrou:
963 2966 1043 3047 quod
1066 2965 1185 3027 Arabes
1207 2970 1343 3043 verturrt,
1366 2964 1539 3028 berredicite.
1562 2963 1628 3025 lle-

249 3064 418 3142 spondetur
430 3066 492 3144 apsi
505 3066 587 3129 edos
604 3054 789 3151 edldypacs,
803 3070 913 3148 tuipse
931 3065 1075 3127 benedic:
1087 3073 1196 3145 postea
1208 3063 1357 3125 bertedicit
1371 3064 1534 3140 incessunt,
1541 3064 1628 3143 facta

250 3163 341 3241 myrto
363 3165 464 3225 mucis
484 3185 576 3246 nuper
595 3185 750 3243 acerram,
773 3168 903 3247 dicitque
926 3164 1058 3244 Coptica.
1103 3163 1138 3226 ln
1170 3162 1290 3225 nomine
1315 3162 1412 3225 Patris
1442 3169 1472 3224 ct
1501 3162 1568 3224 Filii
1595 3168 1627 3224 et

250 3262 382 3343 Spiritus
405 3265 500 3327 sancti
522 3265 609 3328 unius
631 3265 697 3329 Ilei.
743 3266 823 3328 lime
844 3267 997 3327 merosum
1018 3264 1120 3326 adolet
1141 3263 1296 3344 pompales
1317 3261 1454 3324 dicendo.
1486 3260 1531 3326 1⁰.
1561 3261 1626 3325 Be-

250 3362 391 3426 nedictus
413 3363 557 3428 Dominus
579 3364 662 3429 Deus
685 3373 773 3447 pater
795 3364 994 3446 omnipotens.
1018 3362 1125 3426 Amen.
1157 3360 1205 3426 2⁰.
1238 3360 1419 3425 Benedictus
1441 3361 1533 3424 Filius
1556 3362 1622 3443 ejus

248 3462 426 3544 unigenitus
452 3463 543 3527 iesus
575 3464 712 3528 Christus
739 3463 884 3527 Dominus
919 3471 1033 3526 noster.
1069 3461 1177 3524 Amen.
1207 3458 1254 3523 30.
1282 3459 1462 3524 Benedictus
1497 3460 1625 3542 Spiritus

249 3569 376 3624 sanctus
398 3563 572 3628 Paraclitus.
600 3565 707 3628 Amen.
738 3564 785 3626 4⁰.
809 3572 840 3626 et
862 3563 909 3626 50.
934 3560 1054 3636 Gloria,
1076 3560 1160 3639 laus,
1183 3559 1296 3640 bonor,
1319 3568 1351 3624 et
1363 3560 1542 3641 glorificatio
1555 3560 1626 3623 Tri-

248 3661 338 3723 nitati
360 3671 501 3741 sanctae,
529 3664 625 3742 Patri,
654 3664 731 3727 Filio
753 3671 784 3726 et
806 3663 929 3745 Spiritui
951 3671 1057 3726 sancto
1080 3679 1161 3725 nunc
1183 3668 1214 3723 et
1236 3679 1357 3742 semper
1386 3667 1416 3722 et
1446 3661 1475 3722 in
1503 3659 1625 3723 saecula

250 3761 453 3827 saeculorum.
475 3765 582 3829 Amen.
608 3755 668 3826 His'
683 3763 830 3845 expletis,
853 3769 886 3824 ut
903 3761 999 3824 fusius
1014 3763 1045 3822 in
1065 3760 1171 3824 eodem
1188 3760 1295 3851 ordine
1314 3758 1548 3841 praescribitur,
1570 3777 1625 3821 re·

249 3861 325 3923 citat
348 3863 513 3925 orationem
536 3865 566 3926 in
589 3882 648 3945 qua
671 3880 828 3926 versamur
835 3882 845 3937 ;
868 3869 899 3924 et
922 3869 1044 3942 postea,
1067 3861 1235 3923 ascendens
1253 3861 1362 3922 iterum
1380 3861 1423 3922 ad
1436 3860 1534 3922 altare
1549 3879 1624 3921 rur-

248 3978 306 4022 sus
328 3960 479 4041 tdurificat
500 3970 562 4039 ter,
585 3964 704 4038 domas,
725 3961 897 4024 Adoramus
920 3969 951 4023 tc
974 3960 1108 4024 Christe:
1132 3969 1194 4023 tum
1215 3958 1282 4043 Ego
1305 3959 1335 4020 in
1357 3958 1543 4022 multitudine
1565 3960 1624 4021 rni-

248 4057 436 4122 sericordiae
464 4069 549 4140 tuae,
585 4061 716 4125 introibo
748 4063 778 4124 in
801 4060 919 4124 domum
952 4069 1047 4140 tuam,
1076 4067 1107 4122 ct
1137 4058 1270 4122 adorabo
1299 4075 1400 4122 coram
1430 4059 1542 4141 templo
1571 4064 1623 4122 tuo

249 4166 372 4221 sancto:
396 4160 591 4242 tandemque:
613 4161 646 4224 ln
669 4168 837 4243 conspectu
857 4160 1045 4245 Angelorum
1068 4158 1195 4241 psallam
1217 4158 1288 4238 tibi,
1312 4166 1343 4221 et
1365 4158 1498 4223 adorabo
1520 4176 1623 4221 coram

247 4256 363 4339 templo
386 4266 491 4320 sancto
513 4266 575 4325 tuo.
619 4260 698 4323 llein
720 4262 823 4324 adolet
843 4263 996 4324 incenatus
1025 4279 1129 4323 coram
1157 4260 1288 4340 imapine
1314 4259 1485 4340 Desparae,
1516 4258 1621 4321 dicans

247 4357 341 4418 dmm
367 4354 498 4438 Coptica.
542 4358 611 4422 Ave
637 4358 749 4441 blaria,
779 4368 839 4425 etc.
884 4360 969 4434 Quae
992 4360 1140 4442 peperisti
1162 4356 1248 4420 nobis
1269 4356 1364 4421 Deum
1388 4358 1534 4436 Verbum,
1560 4366 1619 4420 etc.

249 4454 323 4516 Tuan
343 4457 483 4520 mamm
501 4458 582 4521 alias
602 4460 763 4541 imaqincs,
784 4460 984 4536 Sacerdotes,
1006 4460 1152 4539 reliquum
1175 4454 1293 4520 Gterom
1315 4466 1345 4520 et
1361 4458 1511 4537 populum.

340 4553 373 4616 ln
396 4554 509 4621 Codice
530 4558 628 4642 Regio
650 4559 831 4639 recentiori,
854 4558 910 4622 sed
932 4567 1101 4621 accuratam
1123 4556 1381 4620 caeremoniarum
1402 4559 1512 4621 seriem
1541 4576 1619 4621 con-

246 4656 382 4734 tinente,
405 4655 585 4738 adjiciuntur
606 4677 643 4721 ea
666 4677 743 4740 quae
768 4658 960 4724 Sacerdotem
984 4657 1189 4720 celebrantem
1212 4656 1314 4719 dicere
1337 4664 1456 4738 oportet
1479 4657 1619 4721 dumPa-

247 4755 412 4817 triarebam
434 4764 465 4819 et
487 4757 621 4839 reliquos
647 4759 792 4822 incensat.
836 4757 886 4820 Ad
908 4757 990 4820 illum
1013 4757 1133 4839 quidem
1164 4756 1235 4818 dicit
1264 4754 1308 4818 10.
1352 4756 1436 4819 Deras
1462 4765 1622 4821 corneroet

246 4857 343 4917 eitam
364 4855 469 4918 Patris
488 4861 589 4921 nestri
609 4858 792 4921 aeneamlis
811 4856 1040 4937 Arcbiepisccpi
1059 4857 1148 4920 Abba
1168 4856 1205 4920 N.
1230 4854 1276 4919 2⁰.
1308 4854 1521 4921 Ommmoando
1543 4876 1621 4920 con-

248 4972 342 5016 serua
371 4955 454 5016 illum
482 4956 571 5018 nobis
594 4979 652 5040 per
679 4976 777 5021 annos
801 4958 910 5020 maltos
936 4965 967 5020 et
998 4958 1064 5019 dies
1086 4958 1241 5040 pacificos.
1269 4955 1316 5021 30.
1348 4955 1490 5020 Omsterat
1520 4959 1621 5020 nores

248 5056 314 5133 mus
335 5072 439 5116 ornnes
460 5054 515 5116 md
532 5057 664 5135 pedibus
685 5058 750 5136 mus
769 5056 920 5119 velociter.
965 5056 1014 5118 Ad
1036 5055 1235 5138 Episcopum,
1267 5074 1333 5120 cum
1362 5065 1410 5119 ter
1438 5058 1619 5134 incensatur,

289 5188 406 5234 ramma
1365 5174 1413 5248 39
1541 5244 1546 5250 .
