4525 6034
701 604 779 678 278
1211 602 1567 681 LITURGlh

805 793 948 864 Domine
974 794 1136 864 miserere
1161 793 1276 877 nostri,
1304 794 1359 885 qui
1384 790 1573 884 figmenmm
1599 801 1689 863 tunm
1722 813 1852 879 snmus,
1887 802 1922 864 et
1950 795 2060 885 imago

701 912 886 1001 majestatis
921 918 1015 980 tuae:
1049 911 1228 1003 veniatque
1267 906 1409 1002 Spiritus
1443 918 1517 980 tuns
1550 917 1705 996 sanctus,
1740 911 1795 1003 qni
1832 908 1982 1002 eiusdem
2015 918 2066 981 est

701 1033 822 1113 tecum,
850 1036 884 1096 et
909 1026 1079 1116 unigenito
1105 1022 1191 1096 Filio
1218 1033 1274 1095 tuo
1300 1032 1457 1112 naturae,
1490 1023 1710 1112 substantiae,
1736 1022 1888 1114 honoris,
1924 1036 1958 1097 et
1983 1025 2063 1117 glo-

700 1143 783 1228 riae,
812 1141 1051 1235 adveniatque,
1078 1150 1112 1211 ct
1137 1143 1326 1235 requiescat
1357 1161 1458 1234 snper
1490 1138 1678 1213 oblationes
1704 1142 1801 1229 istas,
1837 1149 1872 1213 ct
1902 1139 2062 1230 illabatur,

702 1268 737 1329 ct
767 1256 891 1329 habitet
929 1260 961 1327 in
996 1255 1153 1329 cordibus
1187 1258 1319 1328 nostris.
1371 1255 1502 1329 Exaudi
1539 1278 1593 1327 me
1626 1258 1777 1329 Domina.
1829 1257 2008 1353 Deprecor
2031 1268 2061 1329 te

701 1377 878 1448 miserator
903 1371 1087 1460 hominum,
1113 1373 1256 1444 Domine
1289 1375 1448 1445 miserere
1479 1373 1563 1459 mei,
1595 1382 1629 1444 et
1662 1372 1795 1446 vivifica
1827 1396 1900 1445 me:
1935 1372 2061 1446 effunde
2127 1435 2130 1440 .

701 1511 804 1586 super
831 1511 884 1561 me
911 1488 1031 1560 donum
1058 1491 1189 1580 gratim
1215 1496 1302 1575 tuae,
1329 1499 1364 1560 et
1387 1487 1525 1584 purifica
1552 1510 1623 1561 me:
1649 1510 1693 1560 ne
1718 1487 1898 1585 prohibeas
1924 1492 2062 1582 gratiam

701 1616 790 1678 tuam
817 1629 836 1676 a
864 1629 929 1692 me,
957 1603 999 1676 ob
1028 1604 1239 1690 foeditatem,
1267 1613 1301 1674 ct
1327 1603 1542 1699 turpitudines
1573 1606 1729 1677 vitiorum
1758 1626 1917 1677 meorum.
1973 1605 2062 1690 Duae

701 1725 788 1795 enim
815 1725 968 1817 peccavi,
994 1720 1103 1793 fateor
1128 1721 1280 1806 Domine,
1308 1730 1343 1790 et
1368 1742 1455 1813 quac
1480 1721 1591 1815 inique
1618 1724 1689 1812 egi,
1723 1720 1831 1817 palam
1864 1718 1972 1791 lucio:
1998 1722 2061 1792 mi-

702 1837 907 1912 sericordiae
934 1846 1042 1909 autem
1068 1844 1146 1907 tuae
1171 1834 1291 1907 miritae
1316 1837 1478 1924 Domine,
1511 1846 1545 1908 ct
1578 1840 1685 1928 gratia
1710 1848 1766 1909 tua
1802 1837 1931 1932 absque
1966 1860 2061 1909 men-

702 1977 779 2027 sura
806 1964 866 2028 est.
919 1953 1060 2049 Spiritus
1087 1960 1222 2025 sanctus
1249 1961 1323 2023 tuus
1350 1951 1393 2024 ad
1419 1975 1473 2024 me
1499 1956 1627 2042 veniat,
1663 1975 1778 2026 ornnes
1813 1956 1945 2025 animae
1971 1969 2060 2026 meae

702 2070 820 2144 sordes
848 2069 1041 2162 abstergat,
1067 2067 1220 2141 omnibns
1248 2067 1375 2140 delictis
1407 2074 1490 2140 meis
1521 2072 1692 2161 ignoscat3
1722 2072 1947 2162 cogitationes
1975 2090 2060 2140 meas

661 2212 666 2220 ·
703 2208 820 2260 omnes
847 2186 1039 2272 sanctificet,
1066 2194 1101 2257 et
1127 2186 1287 2281 suscipiat
1312 2185 1485 2273 sacrificia,
1512 2196 1546 2256 et
1571 2175 1757 2258 oblationes
1782 2207 1883 2258 meas.

803 2302 964 2396 Populus.
1017 2302 1122 2398 Kyrie
1149 2301 1285 2374 eleison.

797 2418 981 2491 Sacerdos.
1035 2419 1099 2505 Qui
1125 2417 1344 2506 benedicens,
1372 2427 1406 2490 et
1432 2417 1653 2508 sanctificans,
1680 2441 1802 2513 corpus
1828 2417 1956 2492 Christi
1982 2438 2060 2512 per-

561 2533 564 2540 ‘
701 2535 790 2609 ficiat
813 2558 934 2631 panem
961 2537 1067 2606 istum.

803 2651 964 2745 Populus.
1016 2651 1136 2722 Amen.

803 2767 986 2839 Sacerdos.
1038 2765 1082 2838 Et
1108 2768 1303 2860 sauguinem
1330 2765 1451 2841 Christi
1476 2767 1645 2863 perficiat,
1672 2772 1804 2840 mistum
1831 2766 1924 2862 quod
1951 2770 1985 2838 in
2006 2765 2062 2839 hoc

702 2885 807 2958 calice
834 2895 895 2957 est.

803 3000 964 3093 Populus.
1016 3000 1135 3072 Amen.

802 3116 985 3188 Sacerdos.
1042 3115 1115 3188 Nos
1149 3117 1248 3187 etiam
1280 3112 1381 3187 iaciat
1415 3137 1536 3209 puros,
1567 3124 1601 3187 et
1635 3126 1787 3204 sanctos,
1822 3138 1886 3212 per
1923 3116 2060 3187 divinam

698 3233 783 3304 hanc
809 3236 1072 3306 communionem
1098 3235 1132 3303 in
1158 3253 1264 3324 regno
1291 3241 1347 3304 tuo
1374 3243 1529 3320 aeterno,
1555 3231 1703 3304 infelici
1729 3231 1785 3303 illa
1811 3231 2060 3316 domesticitate,

698 3353 732 3421 in
758 3348 952 3422 habitaculis
980 3348 1166 3444 splendoris
1193 3350 1259 3437 tni,
1286 3352 1319 3420 in
1345 3349 1623 3444 contemplatione
1655 3347 1712 3420 illa
1744 3348 1875 3438 lucida,
1910 3352 1946 3420 in
1976 3371 2059 3441 gau-

699 3464 754 3536 dio
782 3489 897 3538 eorum
924 3469 979 3560 qui
1013 3463 1226 3562 perfecerunt
1250 3464 1454 3558 voluntatem
1480 3475 1584 3536 tuam:
1616 3468 1649 3535 in
1672 3464 1879 3559 jucunditate
1907 3473 2059 3561 quaeest

699 3582 741 3653 ad
774 3582 947 3655 dexteram
982 3589 1087 3671 tuam;
1122 3592 1157 3652 et
1186 3585 1220 3652 in
1255 3579 1421 3669 omnibus,
1447 3603 1508 3678 per
1540 3584 1667 3670 omnia,
1704 3590 1738 3653 et
1771 3591 1912 3677 propter
1947 3583 2058 3664 omnia,

698 3698 829 3771 landem
857 3709 891 3771 et
915 3698 1056 3791 gloriam
1082 3697 1141 3769 tihi
1167 3695 1371 3788 referemus,
1398 3709 1431 3769 et
1456 3701 1624 3791 unigenito
1651 3698 1737 3770 Filio
1763 3709 1838 3789 tuo,
1867 3710 1903 3770 et
1930 3697 2058 3795 Spu-iun

700 3824 828 3886 sancto.

802 3931 962 4024 Populus.
1014 3932 1133 4004 Amen.

802 4045 977 4119 Sacerdos
1002 4047 1194 4117 inclinatae.
1248 4046 1389 4142 Suscipe
1414 4045 1478 4118 hoc
1505 4047 1701 4118 sacrificinm
1726 4057 1876 4119 nostrum
1912 4049 2058 4133 Domine,

699 4162 787 4258 quod
813 4172 942 4251 mente,
973 4162 1101 4250 verbo,
1137 4173 1171 4234 ct
1205 4166 1408 4255 cogitatione
1442 4149 1588 4234 offertur'
1607 4161 1684 4252 tibi;
1718 4166 1865 4235 maxime
1891 4186 1979 4236 vero
2003 4182 2057 4257 pru

697 4279 947 4376 tranquillitate,
989 4289 1024 4351 et
1061 4302 1146 4376 pace
1178 4279 1353 4352 Ecclesiae
1387 4290 1463 4351 tuae
1498 4290 1651 4369 sanctae,
1683 4300 1747 4374 pro
1781 4280 1962 4353 Pastorum
1993 4280 2057 4370 ejus

696 4401 880 4491 justorum,
907 4408 941 4470 et
967 4396 1228 4469 orthodoxorum
1255 4396 1521 4486 confirmatione,
1548 4417 1609 4492 pro
1636 4395 1773 4487 decore,
1799 4406 1834 4468 et
1861 4397 2058 4469 exaltatione

699 4513 917 4587 sacerdotum
943 4518 1032 4606 ejus:
1058 4536 1120 4608 pro
1148 4512 1336 4600 honestate,
1369 4523 1402 4585 et
1426 4512 1587 4586 modestia
1620 4515 1842 4584 ministrorum
1878 4516 1970 4605 ejus:
2003 4531 2057 4608 pro

699 4631 915 4718 remissione,
943 4640 976 4702 et
1001 4633 1101 4702 venia
1127 4629 1270 4702 liliorum
1298 4633 1388 4723 ejus:
1421 4651 1483 4724 pro
1517 4628 1659 4722 gaudio,
1694 4639 1728 4700 et
1758 4630 1940 4703 concordia
1975 4650 2056 4701 con-

699 4750 932 4840 gregationum
960 4749 1047 4838 ejus:
1074 4768 1136 4842 pro
1164 4744 1381 4834 infirmorum,
1409 4758 1443 4818 et
1469 4747 1658 4818 afflictorum
1684 4748 1896 4835 visitatione,
1931 4758 1968 4819 et
1999 4768 2057 4816 au-

700 4864 783 4936 xilio
811 4885 926 4936 eorum
955 4865 1096 4937 omnium
1125 4866 1179 4959 qui
1206 4865 1239 4933 in
1266 4861 1376 4958 aliquo
1402 4863 1549 4959 periculo
1575 4873 1763 4935 versantur.

803 4981 981 5052 Diaconos
1008 4982 1092 5052 dicit
1122 4978 1137 5017 ²
1164 4980 1334 5051 Cononem
1354 4982 1506 5072 primurn.
