4525 6034
694 577 769 653 154
1095 579 1222 658 NOTAE
1248 581 1288 656 IN
1313 581 1420 657 PETRI
1445 580 1661 658 inmania

1012 855 1046 927 1.
1088 856 1255 948 Myrtcrin
1280 855 1367 927 baec
1392 857 1523 927 viatico
1549 854 1645 925 coto
1669 857 1746 924 sint.

787 1062 927 1157 annvrs
949 1075 1025 1138 baec
1047 1076 1142 1139 verba
1164 1076 1229 1156 ipsa
1252 1076 1389 1139 Christus
1412 1093 1472 1138 non
1496 1074 1622 1153 dixerit,
1653 1093 1711 1138 nec
1733 1074 1792 1136 illal
1806 1072 1919 1135 dixisse
1941 1072 2049 1135 Orien·

691 1179 767 1241 tales
801 1178 997 1260 pertendant,
1028 1180 1202 1262 frequenter
1231 1188 1330 1243 tamen
1361 1178 1570 1256 Sacerdotem,
1600 1180 1685 1260 quasi
1715 1197 1755 1240 ex
1783 1195 1913 1258 persona
1935 1176 2052 1253 Christi,

693 1296 780 1359 quam
802 1279 833 1340 in
856 1279 1061 1342 consecranda
1082 1278 1269 1342 Eucharistia
1292 1281 1437 1359 sustinet,
1467 1280 1639 1361 loquentem
1669 1278 1826 1355 inducunt,
1854 1296 1892 1340 ea
1919 1295 1995 1358 quae
2016 1276 2050 1338 ad

693 1377 929 1441 Christianorum
958 1380 1173 1442 institutionem
1202 1381 1375 1442 necessaria
1399 1387 1483 1458 sunt,
1513 1386 1544 1441 et
1566 1377 1604 1440 ad
1625 1378 1761 1460 mysterii
1782 1377 1876 1459 ipsius
1899 1375 1979 1458 quod
2000 1394 2052 1438 ce-

692 1477 827 1540 lebratur
849 1475 937 1540 tidem
959 1478 1174 1540 inculcandam.
1206 1478 1351 1559 Exempla
1374 1480 1458 1540 varia
1481 1486 1642 1541 occurrent
1652 1479 1683 1539 in
1696 1477 1891 1558 sequentibus
1901 1475 2053 1559 Litnrgiis:

692 1577 723 1639 in
745 1577 815 1655 ista,
846 1596 887 1639 ex
907 1594 1040 1658 persona
1063 1577 1173 1641 Christi
1196 1578 1319 1658 dicitur,
1348 1577 1491 1660 Mysteria
1519 1596 1575 1640 sen
1597 1577 1802 1655 Sacramenta,
1832 1577 1941 1638 viatica
1970 1574 2052 1637 nobis

692 1695 773 1756 esse,
797 1694 874 1757 quac
896 1697 959 1740 vox
981 1677 1060 1759 apud
1076 1679 1181 1760 Syros,
1203 1686 1236 1740 ut
1258 1678 1337 1759 apud
1349 1678 1482 1740 Graecos
1506 1684 1537 1739 et
1558 1675 1680 1739 Latinos
1704 1695 1744 1738 ex
1765 1695 1822 1738 usu
1842 1675 2052 1738 Ecclesiastico

692 1777 929 1839 communionem
940 1779 1127 1858 praesertim,
1151 1798 1227 1859 quae
1246 1777 1430 1841 moribundis
1453 1776 1541 1838 datur
1563 1775 1727 1858 significat:
1751 1793 1811 1855 quo
1834 1793 1926 1837 sensu
1948 1774 2053 1857 legitur

690 1875 721 1937 in
744 1876 947 1956 antiquissima
970 1876 1093 1958 Syriaca
1114 1879 1256 1939 versione
1270 1852 1433 1940 ”canonum
1453 1875 1662 1939 Nicaenorum.
1684 1875 1839 1957 Mysteria,
1862 1875 1927 1936 sive
1947 1872 2054 1935 Sacra·

691 1983 790 2038 monta
812 1969 982 2056 eriprimnnt
1005 1975 1072 2058 Syri
1095 1994 1152 2057 per
1174 1995 1280 2039 vocem
1304 1989 1396 2055 ntum,
1420 1994 1498 2057 quae
1519 1983 1647 2056 utraque
1671 1974 1827 2058 significat
1862 1972 1976 2036 Dicunt
1997 1973 2054 2056 igi·

690 2081 740 2137 tur
762 2074 858 2156 quod,
880 2074 950 2137 licet
972 2092 1028 2156 per
1049 2076 1169 2138 modum
1191 2075 1321 2138 alimenti
1343 2083 1511 2151 sumantur,
1540 2075 1722 2137 credendum
1744 2083 1842 2137 tamen
1863 2075 1988 2136 firmiter
2008 2075 2053 2150 sit,

691 2175 797 2238 eadem
820 2194 889 2238 esse
913 2193 1022 2257 corpus
1044 2184 1075 2238 et
1097 2179 1275 2259 sangninem
1298 2174 1410 2239 Christi
1431 2176 1559 2239 Domini.
1590 2175 1792 2255 Adjunctione
1815 2181 1915 2236 autem
1937 2172 2054 2236 illonrn

691 2274 853 2338 verborum
881 2275 1031 2357 corrumpi
1060 2275 1187 2339 sormam
1216 2274 1462 2338 sacramentalem
1490 2292 1550 2337 non
1577 2273 1665 2337 lacile
1694 2273 1816 2356 probari
1844 2280 1962 2353 potest,
1991 2290 2054 2334 cun

691 2375 757 2456 ipsa
779 2375 873 2438 verba
895 2375 1121 2439 sacramentalia
1144 2383 1317 2458 sequantur,
1342 2376 1602 2458 integritatemque
1625 2392 1709 2436 suam
1730 2374 1889 2435 retineant.

1084 2655 1120 2727 2.
1160 2654 1338 2726 Inoocnb'o
1365 2652 1516 2747 Spiritus
1540 2658 1661 2725 sancti.

786 2847 877 2926 Tora
899 2858 1044 2922 orationis
1067 2860 1165 2922 series
1188 2866 1218 2921 et
1240 2859 1305 2940 ipsa
1327 2857 1434 2935 verba,
1456 2875 1517 2921 uno
1540 2866 1681 2939 excepto,
1703 2857 1809 2920 eadem
1831 2864 1900 2920 sunt
1924 2873 1960 2918 ac
1981 2855 2054 2918 reli-

690 2972 814 3046 quarum
835 2961 924 3045 hujus
948 2963 1093 3026 orationis
1116 2960 1320 3041 formularum,
1344 2943 1421 3044 qnae
1444 2969 1607 3024 occurrunt
1629 2962 1659 3023 in
1682 2962 1818 3024 omnibus
1841 2962 2052 3042 cujuscumque

689 3062 810 3144 linguae
839 3063 1001 3145 liturgicis
1031 3061 1194 3125 codicibus.
1239 3061 1354 3143 Nempe
1384 3080 1451 3124 cum
1479 3062 1510 3123 in
1532 3068 1618 3141 parte
1640 3061 1839 3124 invocationis
1863 3078 1941 3142 quae
1963 3078 2054 3140 snper

689 3181 799 3244 corpus
823 3160 932 3226 Christi
955 3163 1178 3244 pronunciatur,
1202 3161 1322 3244 legatur
1341 3161 1441 3241 facim
1461 3173 1540 3236 τιν]
1562 3146 1695 3245 ποιήσῃ,
1718 3160 1755 3224 ad
1777 3160 1902 3223 calicem
1925 3178 2052 3240 usurpa·

689 3270 737 3324 tur
760 3273 856 3330 mbi-
899 3261 943 3324 Ea
965 3279 1027 3324 vox
1049 3279 1066 3322 a
1089 3261 1213 3324 Graecis
1238 3266 1361 3342 accepta
1383 3263 1507 3342 proprie
1527 3259 1676 3343 significat
1701 3262 1861 3334 ordinare,
1889 3261 2051 3332 mutum,

688 3370 769 3424 recte
791 3364 981 3438 continuere,
1000 3362 1156 3441 perficere.
1191 3361 1222 3424 Si
1248 3361 1319 3443 quid
1340 3379 1397 3443 per
1418 3378 1484 3434 earn
1506 3358 1677 3442 significare
1700 3359 1770 3440 Syri
1791 3359 1944 3421 voluerint
1966 3356 2051 3420 dubi·

688 3468 784 3539 tetur,
814 3461 927 3541 absque
957 3458 1016 3522 ulla
1047 3479 1087 3523 ex
1116 3460 1237 3543 linguae
1260 3462 1415 3542 utriusque
1438 3461 1687 3544 originationibus
1717 3458 1844 3537 Critica,
1875 3460 2051 3540 responderi

689 3563 786 3624 statim
808 3567 925 3640 polest,
954 3559 1033 3622 illam
1063 3561 1197 3643 ejusdem
1227 3562 1383 3641 potestatis
1411 3568 1441 3623 et
1463 3553 1688 3645 significationis
1711 3577 1797 3635 esse,
1821 3577 1856 3620 ac
1880 3558 1955 3621 alias
1977 3577 2049 3641 quae

689 3663 721 3723 in
742 3661 866 3741 reliquis
888 3660 1030 3741 Liturgiis
1060 3660 1168 3723 eodem
1198 3660 1281 3739 loco,
1310 3660 1389 3723 illius
1411 3663 1479 3723 vice
1502 3660 1728 3723 substituuntur.
1773 3659 1844 3721 lllae
1867 3676 1964 3739 porro
1986 3667 2048 3720 sunt

562 3842 567 3860 Ι
689 3767 770 3834 Ὃν]
791 3760 904 3840 saciot,
934 3758 1048 3841 efficiat
1072 3751 1195 3845 ποιήσῃ
1217 3773 1292 3828 ΜΠ]
1315 3749 1476 3845 ἀναδείξῃ.
1519 3771 1597 3828 'lon
1619 3748 1790 3843 τελειώσῃ,
1814 3777 1941 3840 quarum
1963 3778 2048 3840 prae-

690 3861 795 3941 cipuus
818 3867 849 3923 et
871 3859 1064 3941 frequentior·
1080 3879 1154 3923 usus
1177 3870 1233 3925 cst.
1264 3861 1318 3923 llic
1334 3880 1407 3925 vero
1423 3862 1491 3942 Syri
1515 3860 1600 3922 aliam
1623 3858 1763 3921 adhibent
1785 3857 1911 3921 Graecis
1936 3875 2047 3940 quoque

683 3965 864 4039 ‘usurpatam
895 3977 972 4041 quae
995 3968 1042 4022 est
1063 3947 1341 4045 panapbvdprprp,
1366 3971 1397 4024 ct
1424 3961 1503 4024 illarn
1531 3962 1582 4022 vix
1604 3960 1690 4022 aliter
1713 3959 1884 4038 exprimere
1907 3965 2047 4040 poterant
2119 4003 2124 4014 .

683 4057 805 4121 ¹Talium
834 4068 932 4122 autern
960 4078 1085 4136 vocum,
1119 4067 1150 4122 et
1179 4063 1307 4123 omniurn
1338 4079 1415 4142 quac
1445 4070 1515 4124 sunt
1544 4078 1614 4122 usus
1636 4058 1841 4121 Ecclesiastici
1864 4059 2047 4142 significatio,

689 4159 753 4239 peti
775 4159 882 4235 debet,
913 4167 944 4222 ut
973 4160 1002 4221 in
1026 4160 1092 4223 aliis
1114 4160 1190 4222 locis
1214 4160 1405 4223 observatum
1428 4168 1476 4222 est
1498 4179 1538 4222 ex
1560 4159 1676 4221 Graeca
1698 4160 1797 4238 potius
1821 4176 1910 4239 quam
1933 4179 1973 4221 ex
1995 4158 2048 4238 Sy-

689 4258 771 4320 riaca
793 4259 920 4341 origine.
959 4260 990 4324 si
1012 4251 1088 4321 haec
1110 4277 1171 4321 non
1193 4259 1350 4338 sufficiunt,
1374 4269 1404 4323 at
1426 4259 1497 4323 illud
1520 4258 1625 4322 saltem
1647 4259 1752 4340 negari
1774 4277 1837 4320 non
1857 4265 1971 4337 potest,
1992 4259 2046 4339 peti

689 4356 826 4420 eumdem
849 4357 988 4421 effectum
1011 4377 1247 4440 superponam,
1277 4378 1312 4422 ac
1341 4377 1434 4440 super
1461 4357 1598 4436 calicem,
1628 4374 1816 4439 quacumque
1844 4375 1926 4419 voce
1953 4359 2047 4440 expli·

689 4465 790 4520 cetur:
815 4457 853 4520 de
875 4457 970 4520 altero
993 4458 1100 4521 dicitrn
1121 4467 1154 4521 ut
1173 4460 1274 4540 sociat
1294 4460 1332 4522 de
1354 4459 1449 4522 calice
1474 4477 1593 4541 quoque
1616 4456 1841 4539 intelligendum
1860 4466 1908 4520 est
1922 4457 2045 4538 ejusden

689 4576 759 4620 esse
782 4555 1009 4640 significationis
1031 4557 1170 4621 verbum:
1199 4557 1279 4640 quod
1301 4559 1482 4640 reliquarum
1505 4558 1634 4621 omnium
1656 4555 1857 4639 Liturgiarum
1880 4555 2045 4620 testimoniis

689 4657 892 4719 confirmatur.
