4525 6034
612 609 642 685 S.
675 607 872 685 torulis
904 605 1246 685 PATRIARGHAE.
1532 603 1619 685 483'

241 790 295 863 diu
323 803 431 866 autem
464 800 497 866 in
523 795 589 867 hoc
620 794 741 867 mundo
768 817 962 885 versamur,
997 818 1101 891 parce
1135 805 1168 866 et
1201 794 1275 869 dele
1307 807 1447 892 peccata
1482 810 1611 890 nostra,

240 909 371 983 occulta
398 922 432 983 et
458 911 644 1000 manifesta,
670 912 858 986 voluntaria
886 921 919 983 et
945 912 1177 984 involuntaria.
1230 913 1358 985 Innova
1387 916 1513 986 animas
1540 937 1610 987 no-

241 1036 328 1098 stras
356 1038 389 1099 et
423 1050 567 1124 corpora
594 1038 728 1099 nostra:
763 1030 862 1100 visita
895 1051 958 1101 nos
985 1052 1047 1123 per
1077 1027 1316 1120 benignitatem
1343 1040 1453 1120 tuam,
1481 1030 1611 1102 effunde

241 1163 430 1238 supernos
457 1143 664 1217 clementiam
691 1155 790 1216 tuam.
842 1142 977 1236 AdJuva
1003 1167 1065 1217 nos
1093 1167 1155 1240 per
1181 1148 1323 1237 gratiam
1350 1155 1449 1231 tuam,
1476 1143 1531 1216 iac
1547 1167 1611 1217 nos

238 1263 419 1355 pervenire
452 1259 494 1331 ad
525 1260 623 1331 linem
650 1260 794 1349 honum,
829 1264 1021 1354 exitumque
1051 1261 1236 1356 pacificum.
1288 1260 1491 1334 Demonstra
1527 1284 1611 1354 erga

237 1398 301 1449 nos
328 1379 470 1468 gratiam
496 1385 597 1464 tuam,
625 1376 719 1449 salva
746 1400 809 1449 nos
837 1377 1042 1492 agehenna:
1066 1382 1201 1474 suscipe
1219 1401 1282 1451 nos
1300 1382 1332 1450 in
1345 1401 1486 1472 regnum
1500 1388 1610 1466 tuum3

239 1492 384 1585 adjunge
409 1516 472 1566 nos
499 1496 754 1585 congregationi
780 1492 978 1567 Sanctorum
1005 1505 1151 1567 tuorum:
1178 1498 1342 1568 constitue
1358 1518 1421 1568 nos
1449 1495 1491 1568 ad
1518 1494 1610 1566 dex-

238 1619 345 1680 teram
371 1611 552 1701 majestatis
581 1618 667 1680 tuae.
720 1610 773 1681 Da
799 1608 897 1683 nohis
924 1620 959 1681 ut
986 1633 1147 1683 exeamus
1162 1610 1202 1681 ad
1217 1634 1391 1686 occursum
1419 1623 1507 1684 tuum
1535 1634 1609 1683 cunr
1711 1685 1715 1696 ,

238 1736 353 1821 aperta
380 1725 481 1814 facie,
508 1733 543 1795 ut
568 1727 601 1795 in
629 1725 692 1796 hcc
719 1730 803 1800 sicut
837 1737 870 1798 et
902 1729 935 1798 in
969 1727 1121 1799 omnibus
1157 1727 1361 1819 glorificetur
1393 1741 1428 1802 et
1457 1727 1610 1800 laudetur

237 1863 358 1914 nomeu
387 1852 486 1928 tuum,
513 1845 659 1912 maxime
686 1841 916 1916 honorandum
943 1855 976 1916 et
1002 1842 1225 1932 benedictum,
1253 1853 1314 1915 etc.

340 1958 501 2051 Populos.
556 1956 609 2028 Ut.

340 2073 524 2145 Sacerdos.
578 2074 661 2145 Pax.

340 2189 502 2283 Populos,
555 2190 699 2262 Etcum
727 2192 843 2285 spiritu
867 2202 932 2263 tuo.

340 2305 524 2378 Socerdm
576 2307 768 2378 Benedictio
794 2308 859 2378 Dei
882 2310 933 2378 sil.

339 2422 501 2516 Populos.
553 2423 697 2496 Etcum
724 2426 839 2519 spiritu
866 2433 933 2495 tuo.

340 2537 515 2612 Sacerdos
538 2543 672 2635 frangit
698 2545 733 2609 et
758 2542 880 2632 signat.

340 2655 520 2728 Diaconos
546 2658 631 2728 dicit
658 2656 879 2727 cariciacum.

476 2932 651 3005 Sacerdos
677 2933 761 3002 dicit
789 2932 987 3003 &ationem
1011 2938 1092 3004 onte
1118 2931 1220 3003 Pater
1245 2941 1370 3005 noster.

337 3121 433 3193 Deus
459 3124 560 3195 Pater
587 3125 641 3216 qni
669 3125 721 3194 vis
748 3123 850 3193 vitam
878 3123 1032 3211 omniurn,
1058 3125 1214 3218 princeps
1241 3131 1275 3193 et
1288 3124 1451 3195 Dominus
1473 3124 1602 3195 utrius-

235 3261 299 3333 que
326 3238 468 3327 saeculi,
495 3237 680 3327 ineffabilis,
708 3249 741 3310 et
767 3260 834 3310 nou
860 3237 1120 3331 investigabilis,
1148 3241 1202 3335 qui
1229 3238 1360 3335 hymnis
1393 3260 1462 3309 non
1487 3251 1601 3312 mate-

233 3354 370 3428 rialibus
397 3355 594 3448 glorificaris
622 3378 642 3426 a
668 3355 809 3427 millenis
838 3365 871 3426 et
898 3354 1010 3428 decies
1037 3354 1175 3429 midenis
1186 3355 1349 3447 Angelis3
1377 3357 1431 3449 qui
1458 3358 1600 3452 suscipis

234 3475 414 3556 crationes,
443 3484 476 3545 et
503 3472 596 3543 audis
623 3470 887 3559 obsecrationes,
915 3493 994 3567 spes
1021 3494 1138 3543 eorum
1164 3473 1219 3567 qui
1238 3474 1505 3567 persecutionem
1531 3496 1600 3567 pa-

234 3591 369 3661 tiuntur:
396 3611 510 3660 comes
535 3590 807 3684 peregrinorum,
833 3600 948 3683 portus
984 3597 1018 3659 et
1050 3591 1144 3683 quies
1181 3609 1295 3660 eorum
1329 3590 1383 3683 qui
1416 3589 1600 3678 jactautnr3

233 3703 318 3775 altor
344 3727 542 3801 pauperum:
570 3704 691 3777 ditator
717 3726 833 3776 eorum
860 3707 914 3799 qui
941 3706 1175 3777 necessitatem
1201 3701 1341 3791 habont3
1377 3706 1515 3786 satiator
1539 3702 1556 3774 f
1576 3745 1600 3761 -

233 3821 443 3909 melicorum,
471 3823 591 3915 quique
618 3824 704 3892 sitim
732 3819 851 3915 exples
886 3842 1002 3891 eorum
1037 3823 1091 3915 qui
1125 3828 1183 3891 ca¹
1204 3817 1377 3907 laborant,
1405 3820 1599 3894 consolator
1689 3911 1694 3922 Ι

233 3938 441 4025 afflictorum,
469 3936 661 4032 pacificator
686 3934 936 4024 iracundorum,
970 3939 1125 4008 inventor
1158 3934 1377 4031 perditorum,
1412 3959 1600 4009 conversor

233 4061 267 4123 et
292 4051 449 4124 reductor
475 4054 672 4142 errantium,
707 4051 783 4124 lons
810 4055 977 4141 sanitatis,
1011 4061 1044 4122 et
1077 4055 1246 4143 scaturigo
1283 4050 1502 4142 auxiliorum3
1535 4076 1599 4125 re-

231 4171 353 4240 missor
380 4169 592 4257 delictorum,
628 4176 906 4263 peccatorumque
939 4176 1130 4263 susccptor:
1169 4170 1223 4262 qui
1255 4170 1397 4264 suscipis
1429 4169 1597 4263 lacrymas

231 4287 476 4379 poenitentium.
530 4285 707 4356 Formatcr
741 4287 941 4379 peritissime
975 4287 1119 4355 omniurn
1147 4292 1388 4371 creaturarum,
1416 4288 1598 4357 animarum

232 4411 487 4497 etcorporum:
515 4404 570 4495 qni
596 4403 820 4497 pergratiam
847 4411 938 4472 tuam
965 4403 1187 4492 congenitam
1214 4410 1248 4471 et
1264 4404 1597 4489 commiserationem,

231 4521 348 4592 misisti
376 4520 494 4591 Filium
520 4528 609 4589 tuum
636 4522 670 4589 in
696 4516 867 4589 muudum:
894 4520 968 4612 ipsc
996 4527 1104 4589 autem
1131 4516 1288 4589 liberavit
1312 4538 1375 4589 nos
1403 4528 1597 4613 apeccato,

230 4646 337 4709 morte
370 4647 404 4707 et
435 4636 581 4726 Satana,
617 4633 795 4728 docuitque
827 4655 890 4705 nos
926 4636 1109 4705 orationem
1144 4632 1359 4723 dominicam,
1391 4642 1425 4704 et
1452 4631 1597 4706 demon-

230 4754 347 4842 stravit
371 4752 468 4826 nobis
494 4755 585 4825 viam
611 4754 711 4822 vitae.
764 4749 937 4841 Rogamus
964 4759 998 4821 et
1024 4748 1245 4845 deprecamur
1260 4751 1479 4840 majestatem·
1496 4761 1604 4841 tuam,

229 4871 390 4964 propitius
424 4877 497 4941 esto
531 4879 565 4939 et
599 4870 761 4938 miserere
795 4864 913 4954 nobis,
949 4865 1054 4938 libera
1089 4887 1152 4936 nos
1187 4863 1229 4936 ab
1267 4864 1391 4936 invidia
1432 4873 1466 4935 et
1497 4865 1595 4955 odio;

230 4984 326 5056 salva
351 5007 413 5058 uos
442 5010 461 5057 a
490 4984 575 5058 dolis
601 4982 743 5071 diaholi;
777 4980 947 5055 sanctifica
973 4983 1099 5054 animas
1126 4990 1160 5051 et
1190 5002 1334 5077 corpora
1359 4990 1490 5072 nostra,
1524 5003 1595 5075 pu-

230 5122 354 5195 rosque
381 5112 415 5174 et
440 5105 512 5175 siue
538 5098 666 5172 macula
692 5121 756 5173 uos
785 5098 899 5190 effice,
936 5108 972 5170 ut
997 5121 1071 5169 curn
1097 5100 1240 5193 puritate
1266 5101 1438 5193 corporiS,
1465 5101 1594 5171 sancti·
1666 5157 1672 5166 .

268 5240 391 5284 roomo
1338 5216 1387 5289 64
1480 5289 1483 5296 ,
