<?xml version="1.0" encoding="UTF-8"?>
<!DOCTYPE html PUBLIC "-//W3C//DTD XHTML 1.0 Transitional//EN"
    "http://www.w3.org/TR/xhtml1/DTD/xhtml1-transitional.dtd">
<html xmlns="http://www.w3.org/1999/xhtml" xml:lang="en" lang="en">
 <head>
  <title>
</title>
<meta http-equiv="Content-Type" content="text/html;charset=utf-8" />
  <meta name='ocr-system' content='tesseract 3.04.00' />
  <meta name='ocr-capabilities' content='ocr_page ocr_carea ocr_par ocr_line ocrx_word'/>
</head>
<body>
  <div class='ocr_page' id='page_1' title='image "./liturgiarumorie00unkngoog/liturgiarumorie00unkngoog_0339.png"; bbox 0 0 4525 6034; ppageno 0'>
   <div class='ocr_carea' id='block_1_1' title="bbox 575 562 1603 643">
    <p class='ocr_par' dir='ltr' id='par_1_1' title="bbox 575 562 1603 643">
     <span class='ocr_line' id='line_1_1' title="bbox 575 562 1603 643; baseline 0 0"><span class='ocrx_word' id='word_1_1' title='bbox 575 567 627 643; x_wconf 79' lang='lat' dir='ltr'><strong>nl)</strong></span> <span class='ocrx_word' id='word_1_2' title='bbox 642 565 848 643; x_wconf 75' lang='lat' dir='ltr'><strong>mutand</strong></span> <span class='ocrx_word' id='word_1_3' title='bbox 864 562 1056 642; x_wconf 73' lang='lat' dir='ltr'><strong>cornuali</strong></span> <span class='ocrx_word' id='word_1_4' title='bbox 1071 565 1101 643; x_wconf 88' lang='lat' dir='ltr'><strong>S.</strong></span> <span class='ocrx_word' id='word_1_5' title='bbox 1117 566 1263 643; x_wconf 79' lang='lat' dir='ltr'><strong>rasni.</strong></span> <span class='ocrx_word' id='word_1_6' title='bbox 1530 568 1603 643; x_wconf 75' lang='lat'><strong>179</strong></span> 
     </span>
    </p>
   </div>
   <div class='ocr_carea' id='block_1_2' title="bbox 234 750 1907 2926">
    <p class='ocr_par' dir='ltr' id='par_1_2' title="bbox 234 750 1875 1830">
     <span class='ocr_line' id='line_1_2' title="bbox 282 750 1785 835; baseline 0.001 -20"><span class='ocrx_word' id='word_1_7' title='bbox 282 752 463 835; x_wconf 73' lang='lat' dir='ltr'><strong>Adiungitur</strong></span> <span class='ocrx_word' id='word_1_8' title='bbox 484 751 531 816; x_wconf 88' lang='lat' dir='ltr'><strong>his</strong></span> <span class='ocrx_word' id='word_1_9' title='bbox 553 752 636 814; x_wconf 88' lang='lat' dir='ltr'><strong>vasis</strong></span> <span class='ocrx_word' id='word_1_10' title='bbox 664 752 759 815; x_wconf 90' lang='lat' dir='ltr'><strong>sacris</strong></span> <span class='ocrx_word' id='word_1_11' title='bbox 782 750 937 829; x_wconf 73' lang='lat' dir='ltr'>cochlear,</span> <span class='ocrx_word' id='word_1_12' title='bbox 968 751 1048 832; x_wconf 91' lang='lat' dir='ltr'><strong>quod</strong></span> <span class='ocrx_word' id='word_1_13' title='bbox 1069 751 1181 815; x_wconf 87' lang='lat' dir='ltr'><strong>habent</strong></span> <span class='ocrx_word' id='word_1_14' title='bbox 1203 751 1312 814; x_wconf 90' lang='lat' dir='ltr'><strong>Graeci</strong></span> <span class='ocrx_word' id='word_1_15' title='bbox 1334 753 1449 834; x_wconf 91' lang='lat' dir='ltr'><strong>pariter</strong></span> <span class='ocrx_word' id='word_1_16' title='bbox 1477 760 1508 817; x_wconf 90' lang='lat' dir='ltr'><strong>et</strong></span> <span class='ocrx_word' id='word_1_17' title='bbox 1538 752 1604 817; x_wconf 87' lang='lat' dir='ltr'><strong>Co·</strong></span> <span class='ocrx_word' id='word_1_18' title='bbox 1650 773 1785 828; x_wconf 73' lang='lat' dir='ltr'><strong>cochlear.</strong></span> 
     </span>
     <span class='ocr_line' id='line_1_3' title="bbox 243 842 1603 936; baseline 0.002 -22"><span class='ocrx_word' id='word_1_19' title='bbox 243 852 333 934; x_wconf 85' lang='lat' dir='ltr'><strong>ptitae</strong></span> <span class='ocrx_word' id='word_1_20' title='bbox 352 842 465 936; x_wconf 70' lang='lat' dir='ltr'><strong>‘Apim</strong></span> <span class='ocrx_word' id='word_1_21' title='bbox 486 846 609 935; x_wconf 61' lang='lat' dir='ltr'><strong>lupide</strong></span> <span class='ocrx_word' id='word_1_22' title='bbox 631 858 751 931; x_wconf 86' lang='lat' dir='ltr'><strong>vocant,</strong></span> <span class='ocrx_word' id='word_1_23' title='bbox 775 851 844 932; x_wconf 87' lang='lat' dir='ltr'><strong>quia</strong></span> <span class='ocrx_word' id='word_1_24' title='bbox 865 851 982 914; x_wconf 89' lang='lat' dir='ltr'><strong>scilicet</strong></span> <span class='ocrx_word' id='word_1_25' title='bbox 1004 859 1093 934; x_wconf 78' lang='lat' dir='ltr'><strong>typus</strong></span> <span class='ocrx_word' id='word_1_26' title='bbox 1116 859 1165 914; x_wconf 92' lang='lat' dir='ltr'><strong>est</strong></span> <span class='ocrx_word' id='word_1_27' title='bbox 1176 851 1306 932; x_wconf 73' lang='lat' dir='ltr'><strong>forcipis</strong></span> <span class='ocrx_word' id='word_1_28' title='bbox 1320 870 1380 932; x_wconf 87' lang='lat' dir='ltr'><strong>quo</strong></span> <span class='ocrx_word' id='word_1_29' title='bbox 1399 853 1515 935; x_wconf 83' lang='lat' dir='ltr'><strong>seraph</strong></span> <span class='ocrx_word' id='word_1_30' title='bbox 1531 873 1603 917; x_wconf 90' lang='lat' dir='ltr'><strong>car-</strong></span> 
     </span>
     <span class='ocr_line' id='line_1_4' title="bbox 241 950 1603 1047; baseline 0.001 -32"><span class='ocrx_word' id='word_1_31' title='bbox 241 952 347 1015; x_wconf 90' lang='lat' dir='ltr'><strong>bonem</strong></span> <span class='ocrx_word' id='word_1_32' title='bbox 371 954 489 1034; x_wconf 87' lang='lat' dir='ltr'><strong>accepit</strong></span> <span class='ocrx_word' id='word_1_33' title='bbox 511 953 550 1015; x_wconf 89' lang='lat' dir='ltr'><strong>de</strong></span> <span class='ocrx_word' id='word_1_34' title='bbox 573 951 659 1013; x_wconf 89' lang='lat' dir='ltr'><strong>altari</strong></span> <span class='ocrx_word' id='word_1_35' title='bbox 682 958 713 1013; x_wconf 88' lang='lat' dir='ltr'><strong>et</strong></span> <span class='ocrx_word' id='word_1_36' title='bbox 733 951 830 1013; x_wconf 82' lang='lat' dir='ltr'>Isaiae</span> <span class='ocrx_word' id='word_1_37' title='bbox 843 950 920 1014; x_wconf 93' lang='lat' dir='ltr'><strong>labia</strong></span> <span class='ocrx_word' id='word_1_38' title='bbox 935 952 1042 1033; x_wconf 84' lang='lat' dir='ltr'><strong>tetigit.</strong></span> <span class='ocrx_word' id='word_1_39' title='bbox 1065 951 1215 1014; x_wconf 77' lang='lat' dir='ltr'><strong>Christum</strong></span> <span class='ocrx_word' id='word_1_40' title='bbox 1230 952 1308 1047; x_wconf 80' lang='lat' dir='ltr'><strong>enim</strong></span> <span class='ocrx_word' id='word_1_41' title='bbox 1321 954 1603 1016; x_wconf 83' lang='lat' dir='ltr'><strong>vocantcarhonem</strong></span> 
     </span>
     <span class='ocr_line' id='line_1_5' title="bbox 238 1050 1602 1135; baseline 0.001 -21"><span class='ocrx_word' id='word_1_42' title='bbox 238 1053 632 1133; x_wconf 62' lang='lat' dir='ltr'><strong>commmemoratione</strong></span> <span class='ocrx_word' id='word_1_43' title='bbox 650 1051 779 1131; x_wconf 65' lang='lat' dir='ltr'><strong>mmmm.</strong></span> <span class='ocrx_word' id='word_1_44' title='bbox 828 1050 936 1113; x_wconf 86' lang='lat' dir='ltr'><strong>Forma</strong></span> <span class='ocrx_word' id='word_1_45' title='bbox 964 1050 1070 1114; x_wconf 89' lang='lat' dir='ltr'><strong>eadem</strong></span> <span class='ocrx_word' id='word_1_46' title='bbox 1099 1070 1178 1133; x_wconf 83' lang='lat' dir='ltr'><strong>quae</strong></span> <span class='ocrx_word' id='word_1_47' title='bbox 1206 1051 1287 1133; x_wconf 90' lang='lat' dir='ltr'><strong>apud</strong></span> <span class='ocrx_word' id='word_1_48' title='bbox 1317 1050 1465 1131; x_wconf 88' lang='lat' dir='ltr'><strong>Graecos,</strong></span> <span class='ocrx_word' id='word_1_49' title='bbox 1494 1070 1602 1135; x_wconf 80' lang='lat' dir='ltr'>nempe</span> 
     </span>
     <span class='ocr_line' id='line_1_6' title="bbox 239 1148 1604 1233; baseline -0.002 -18"><span class='ocrx_word' id='word_1_50' title='bbox 239 1151 403 1215; x_wconf 85' lang='lat' dir='ltr'><strong>cochlearis</strong></span> <span class='ocrx_word' id='word_1_51' title='bbox 426 1150 611 1214; x_wconf 81' lang='lat' dir='ltr'><strong>manubrium</strong></span> <span class='ocrx_word' id='word_1_52' title='bbox 632 1152 663 1214; x_wconf 92' lang='lat' dir='ltr'><strong>in</strong></span> <span class='ocrx_word' id='word_1_53' title='bbox 690 1150 871 1212; x_wconf 80' lang='lat' dir='ltr'><strong>cruciculam</strong></span> <span class='ocrx_word' id='word_1_54' title='bbox 899 1149 1022 1227; x_wconf 82' lang='lat' dir='ltr'><strong>desinit3</strong></span> <span class='ocrx_word' id='word_1_55' title='bbox 1050 1151 1130 1214; x_wconf 92' lang='lat' dir='ltr'><strong>unde</strong></span> <span class='ocrx_word' id='word_1_56' title='bbox 1160 1151 1197 1213; x_wconf 88' lang='lat' dir='ltr'><strong>ab</strong></span> <span class='ocrx_word' id='word_1_57' title='bbox 1227 1150 1426 1233; x_wconf 75' lang='lat' dir='ltr'><strong>Aethiopibus</strong></span> <span class='ocrx_word' id='word_1_58' title='bbox 1457 1148 1604 1213; x_wconf 85' lang='lat' dir='ltr'><strong>Cochleor</strong></span> 
     </span>
     <span class='ocr_line' id='line_1_7' title="bbox 238 1249 1601 1333; baseline -0.001 -18"><span class='ocrx_word' id='word_1_59' title='bbox 238 1255 336 1315; x_wconf 70' lang='lat' dir='ltr'><strong>cums</strong></span> <span class='ocrx_word' id='word_1_60' title='bbox 359 1251 536 1333; x_wconf 85' lang='lat' dir='ltr'><strong>appellatur.</strong></span> <span class='ocrx_word' id='word_1_61' title='bbox 582 1249 786 1314; x_wconf 77' lang='lat' dir='ltr'><strong>Consecratur</strong></span> <span class='ocrx_word' id='word_1_62' title='bbox 807 1267 867 1313; x_wconf 90' lang='lat' dir='ltr'><strong>non</strong></span> <span class='ocrx_word' id='word_1_63' title='bbox 890 1250 997 1313; x_wconf 90' lang='lat' dir='ltr'><strong>minori</strong></span> <span class='ocrx_word' id='word_1_64' title='bbox 1020 1259 1166 1332; x_wconf 89' lang='lat' dir='ltr'><strong>apparatu</strong></span> <span class='ocrx_word' id='word_1_65' title='bbox 1194 1268 1283 1333; x_wconf 91' lang='lat' dir='ltr'><strong>quam</strong></span> <span class='ocrx_word' id='word_1_66' title='bbox 1305 1250 1415 1313; x_wconf 77' lang='lat' dir='ltr'><strong>Discum</strong></span> <span class='ocrx_word' id='word_1_67' title='bbox 1444 1258 1475 1314; x_wconf 89' lang='lat' dir='ltr'><strong>et</strong></span> <span class='ocrx_word' id='word_1_68' title='bbox 1497 1249 1601 1314; x_wconf 80' lang='lat' dir='ltr'><strong>Calin:</strong></span> 
     </span>
     <span class='ocr_line' id='line_1_8' title="bbox 237 1347 1601 1443; baseline -0.001 -29"><span class='ocrx_word' id='word_1_69' title='bbox 237 1360 421 1433; x_wconf 79' lang='lat' dir='ltr'><strong>rogatuque</strong></span> <span class='ocrx_word' id='word_1_70' title='bbox 443 1351 527 1413; x_wconf 87' lang='lat' dir='ltr'><strong>Deus</strong></span> <span class='ocrx_word' id='word_1_71' title='bbox 549 1352 579 1412; x_wconf 92' lang='lat' dir='ltr'><strong>in</strong></span> <span class='ocrx_word' id='word_1_72' title='bbox 601 1350 681 1412; x_wconf 86' lang='lat' dir='ltr'><strong>hunc</strong></span> <span class='ocrx_word' id='word_1_73' title='bbox 703 1347 832 1412; x_wconf 92' lang='lat' dir='ltr'><strong>modum.</strong></span> <span class='ocrx_word' id='word_1_74' title='bbox 876 1348 1015 1413; x_wconf 68' lang='lat' dir='ltr'><strong>Extende</strong></span> <span class='ocrx_word' id='word_1_75' title='bbox 1036 1370 1157 1443; x_wconf 67' lang='lat' dir='ltr'><strong>monum</strong></span> <span class='ocrx_word' id='word_1_76' title='bbox 1179 1360 1261 1414; x_wconf 88' lang='lat' dir='ltr'><strong>tuom</strong></span> <span class='ocrx_word' id='word_1_77' title='bbox 1276 1370 1367 1431; x_wconf 86' lang='lat' dir='ltr'><strong>super</strong></span> <span class='ocrx_word' id='word_1_78' title='bbox 1381 1351 1439 1413; x_wconf 86' lang='lat' dir='ltr'><strong>hoc</strong></span> <span class='ocrx_word' id='word_1_79' title='bbox 1451 1351 1601 1426; x_wconf 83' lang='lat' dir='ltr'><strong>cochlear,</strong></span> 
     </span>
     <span class='ocr_line' id='line_1_9' title="bbox 235 1448 1604 1532; baseline 0 -21"><span class='ocrx_word' id='word_1_80' title='bbox 235 1452 267 1511; x_wconf 83' lang='lat' dir='ltr'><strong>in</strong></span> <span class='ocrx_word' id='word_1_81' title='bbox 292 1470 352 1530; x_wconf 80' lang='lat' dir='ltr'><strong>guo</strong></span> <span class='ocrx_word' id='word_1_82' title='bbox 373 1451 566 1530; x_wconf 63' lang='lat' dir='ltr'><strong>anemium</strong></span> <span class='ocrx_word' id='word_1_83' title='bbox 587 1457 657 1512; x_wconf 66' lang='lat' dir='ltr'><strong>aaut</strong></span> <span class='ocrx_word' id='word_1_84' title='bbox 676 1448 810 1510; x_wconf 85' lang='lat' dir='ltr'><strong>merubro</strong></span> <span class='ocrx_word' id='word_1_85' title='bbox 836 1452 975 1530; x_wconf 76' lang='lat' dir='ltr'><strong>emporis</strong></span> <span class='ocrx_word' id='word_1_86' title='bbox 1003 1455 1118 1526; x_wconf 73' lang='lat' dir='ltr'><strong>ronch,</strong></span> <span class='ocrx_word' id='word_1_87' title='bbox 1148 1452 1229 1532; x_wconf 74' lang='lat' dir='ltr'><strong>quod</strong></span> <span class='ocrx_word' id='word_1_88' title='bbox 1254 1459 1301 1512; x_wconf 85' lang='lat' dir='ltr'><strong>est</strong></span> <span class='ocrx_word' id='word_1_89' title='bbox 1328 1469 1438 1530; x_wconf 76' lang='lat' dir='ltr'><strong>coaptas</strong></span> <span class='ocrx_word' id='word_1_90' title='bbox 1462 1450 1532 1512; x_wconf 77' lang='lat' dir='ltr'><strong>Filii</strong></span> <span class='ocrx_word' id='word_1_91' title='bbox 1560 1451 1604 1511; x_wconf 86' lang='lat' dir='ltr'><strong>tui</strong></span> 
     </span>
     <span class='ocr_line' id='line_1_10' title="bbox 235 1547 1875 1656; baseline 0 -45"><span class='ocrx_word' id='word_1_92' title='bbox 235 1550 387 1629; x_wconf 69' lang='lat' dir='ltr'><strong>mu&#39;gerriti</strong></span> <span class='ocrx_word' id='word_1_93' title='bbox 432 1550 573 1633; x_wconf 86' lang='lat' dir='ltr'><strong>Figuram</strong></span> <span class='ocrx_word' id='word_1_94' title='bbox 596 1548 678 1611; x_wconf 89' lang='lat' dir='ltr'><strong>dedit</strong></span> <span class='ocrx_word' id='word_1_95' title='bbox 701 1547 827 1611; x_wconf 90' lang='lat' dir='ltr'><strong>Goarius</strong></span> <span class='ocrx_word' id='word_1_96' title='bbox 850 1549 880 1610; x_wconf 90' lang='lat' dir='ltr'><strong>in</strong></span> <span class='ocrx_word' id='word_1_97' title='bbox 902 1548 989 1612; x_wconf 87' lang='lat' dir='ltr'><strong>Notis</strong></span> <span class='ocrx_word' id='word_1_98' title='bbox 1011 1548 1049 1612; x_wconf 88' lang='lat' dir='ltr'><strong>ad</strong></span> <span class='ocrx_word' id='word_1_99' title='bbox 1070 1549 1193 1613; x_wconf 83' lang='lat' dir='ltr'><strong>Missam</strong></span> <span class='ocrx_word' id='word_1_100' title='bbox 1216 1550 1437 1631; x_wconf 77' lang='lat' dir='ltr'><strong>Chrysostomi:</strong></span> <span class='ocrx_word' id='word_1_101' title='bbox 1461 1558 1491 1611; x_wconf 88' lang='lat' dir='ltr'><strong>et</strong></span> <span class='ocrx_word' id='word_1_102' title='bbox 1510 1548 1602 1612; x_wconf 88' lang='lat' dir='ltr'><strong>multa</strong></span> <span class='ocrx_word' id='word_1_103' title='bbox 1648 1585 1752 1638; x_wconf 56' lang='lat' dir='ltr'><strong>Em</strong></span> <span class='ocrx_word' id='word_1_104' title='bbox 1768 1584 1796 1656; x_wconf 50' lang='grc' dir='ltr'><strong>μ-</strong></span> <span class='ocrx_word' id='word_1_105' title='bbox 1814 1587 1875 1639; x_wconf 81' lang='lat'><strong>152.</strong></span> 
     </span>
     <span class='ocr_line' id='line_1_11' title="bbox 236 1647 1602 1733; baseline -0.001 -23"><span class='ocrx_word' id='word_1_106' title='bbox 236 1647 273 1709; x_wconf 92' lang='lat' dir='ltr'><strong>de</strong></span> <span class='ocrx_word' id='word_1_107' title='bbox 294 1649 448 1711; x_wconf 79' lang='lat' dir='ltr'><strong>cochleari</strong></span> <span class='ocrx_word' id='word_1_108' title='bbox 471 1650 640 1726; x_wconf 82' lang='lat' dir='ltr'><strong>annotarit,</strong></span> <span class='ocrx_word' id='word_1_109' title='bbox 662 1656 695 1711; x_wconf 90' lang='lat' dir='ltr'><strong>ut</strong></span> <span class='ocrx_word' id='word_1_110' title='bbox 717 1656 749 1711; x_wconf 89' lang='lat' dir='ltr'><strong>et</strong></span> <span class='ocrx_word' id='word_1_111' title='bbox 771 1647 962 1712; x_wconf 83' lang='lat' dir='ltr'><strong>Clarissimus</strong></span> <span class='ocrx_word' id='word_1_112' title='bbox 986 1649 1119 1733; x_wconf 86' lang='lat' dir='ltr'><strong>Cangius</strong></span> <span class='ocrx_word' id='word_1_113' title='bbox 1142 1651 1174 1712; x_wconf 93' lang='lat' dir='ltr'><strong>in</strong></span> <span class='ocrx_word' id='word_1_114' title='bbox 1196 1649 1361 1714; x_wconf 87' lang='lat' dir='ltr'><strong>Glossario.</strong></span> <span class='ocrx_word' id='word_1_115' title='bbox 1388 1650 1433 1712; x_wconf 89' lang='lat' dir='ltr'><strong>De</strong></span> <span class='ocrx_word' id='word_1_116' title='bbox 1456 1648 1521 1730; x_wconf 88' lang='lat' dir='ltr'><strong>ejus</strong></span> <span class='ocrx_word' id='word_1_117' title='bbox 1543 1665 1602 1709; x_wconf 90' lang='lat' dir='ltr'><strong>usu</strong></span> 
     </span>
     <span class='ocr_line' id='line_1_12' title="bbox 234 1747 1225 1830; baseline 0.002 -21"><span class='ocrx_word' id='word_1_118' title='bbox 234 1747 320 1828; x_wconf 91' lang='lat' dir='ltr'><strong>plura</strong></span> <span class='ocrx_word' id='word_1_119' title='bbox 344 1749 500 1826; x_wconf 90' lang='lat' dir='ltr'><strong>dicentur,</strong></span> <span class='ocrx_word' id='word_1_120' title='bbox 522 1748 573 1811; x_wconf 92' lang='lat' dir='ltr'><strong>uhi</strong></span> <span class='ocrx_word' id='word_1_121' title='bbox 596 1748 810 1811; x_wconf 81' lang='lat' dir='ltr'><strong>communionis</strong></span> <span class='ocrx_word' id='word_1_122' title='bbox 832 1750 907 1811; x_wconf 88' lang='lat' dir='ltr'><strong>ritus</strong></span> <span class='ocrx_word' id='word_1_123' title='bbox 930 1750 988 1811; x_wconf 88' lang='lat' dir='ltr'><strong>erit</strong></span> <span class='ocrx_word' id='word_1_124' title='bbox 1010 1749 1225 1830; x_wconf 84' lang='lat' dir='ltr'><strong>explicandus:</strong></span> 
     </span>
    </p>

    <p class='ocr_par' dir='ltr' id='par_1_3' title="bbox 321 1845 1907 1933">
     <span class='ocr_line' id='line_1_13' title="bbox 321 1845 1907 1933; baseline -0.003 -22"><span class='ocrx_word' id='word_1_125' title='bbox 321 1848 408 1922; x_wconf 86' lang='lat' dir='ltr'><strong>Quae</strong></span> <span class='ocrx_word' id='word_1_126' title='bbox 437 1856 576 1930; x_wconf 86' lang='lat' dir='ltr'><strong>spectant</strong></span> <span class='ocrx_word' id='word_1_127' title='bbox 611 1855 788 1930; x_wconf 87' lang='lat' dir='ltr'><strong>apparatum</strong></span> <span class='ocrx_word' id='word_1_128' title='bbox 824 1850 1080 1912; x_wconf 86' lang='lat' dir='ltr'><strong>caeremoniarum</strong></span> <span class='ocrx_word' id='word_1_129' title='bbox 1117 1848 1155 1911; x_wconf 92' lang='lat' dir='ltr'><strong>ad</strong></span> <span class='ocrx_word' id='word_1_130' title='bbox 1184 1849 1350 1933; x_wconf 90' lang='lat' dir='ltr'><strong>Liturgiam</strong></span> <span class='ocrx_word' id='word_1_131' title='bbox 1379 1845 1600 1926; x_wconf 85' lang='lat' dir='ltr'><strong>celebrandam,</strong></span> <span class='ocrx_word' id='word_1_132' title='bbox 1632 1863 1771 1916; x_wconf 71' lang='lat' dir='ltr'><strong>tnuribula</strong></span> <span class='ocrx_word' id='word_1_133' title='bbox 1786 1872 1812 1918; x_wconf 73' lang='lat' dir='ltr'><strong>er</strong></span> <span class='ocrx_word' id='word_1_134' title='bbox 1828 1866 1907 1919; x_wconf 73' lang='lat' dir='ltr'><strong>cerer.</strong></span> 
     </span>
    </p>

    <p class='ocr_par' dir='ltr' id='par_1_4' title="bbox 234 1946 1605 2926">
     <span class='ocr_line' id='line_1_14' title="bbox 235 1946 1602 2030; baseline 0 -19"><span class='ocrx_word' id='word_1_135' title='bbox 235 1950 403 2011; x_wconf 84' lang='lat' dir='ltr'><strong>communia</strong></span> <span class='ocrx_word' id='word_1_136' title='bbox 425 1955 495 2011; x_wconf 88' lang='lat' dir='ltr'><strong>sunt</strong></span> <span class='ocrx_word' id='word_1_137' title='bbox 525 1946 662 2011; x_wconf 91' lang='lat' dir='ltr'><strong>omnibus</strong></span> <span class='ocrx_word' id='word_1_138' title='bbox 689 1947 855 2011; x_wconf 83' lang='lat' dir='ltr'><strong>Ecclesiis:</strong></span> <span class='ocrx_word' id='word_1_139' title='bbox 884 1957 1084 2030; x_wconf 89' lang='lat' dir='ltr'><strong>praeparatur</strong></span> <span class='ocrx_word' id='word_1_140' title='bbox 1112 1948 1294 2011; x_wconf 87' lang='lat' dir='ltr'><strong>thuribulum</strong></span> <span class='ocrx_word' id='word_1_141' title='bbox 1322 1956 1353 2011; x_wconf 88' lang='lat' dir='ltr'><strong>et</strong></span> <span class='ocrx_word' id='word_1_142' title='bbox 1381 1949 1410 2009; x_wconf 93' lang='lat' dir='ltr'><strong>in</strong></span> <span class='ocrx_word' id='word_1_143' title='bbox 1439 1948 1602 2030; x_wconf 88' lang='lat' dir='ltr'><strong>majoribus</strong></span> 
     </span>
     <span class='ocr_line' id='line_1_15' title="bbox 234 2044 1603 2131; baseline 0.001 -22"><span class='ocrx_word' id='word_1_144' title='bbox 234 2045 380 2111; x_wconf 62' lang='lat' dir='ltr'><strong>&amp;clamis</strong></span> <span class='ocrx_word' id='word_1_145' title='bbox 403 2048 508 2130; x_wconf 88' lang='lat' dir='ltr'><strong>plura,</strong></span> <span class='ocrx_word' id='word_1_146' title='bbox 537 2048 574 2111; x_wconf 92' lang='lat' dir='ltr'><strong>ad</strong></span> <span class='ocrx_word' id='word_1_147' title='bbox 597 2047 776 2111; x_wconf 88' lang='lat' dir='ltr'><strong>adolendum</strong></span> <span class='ocrx_word' id='word_1_148' title='bbox 804 2050 972 2111; x_wconf 90' lang='lat' dir='ltr'><strong>incensum:</strong></span> <span class='ocrx_word' id='word_1_149' title='bbox 1000 2066 1119 2123; x_wconf 90' lang='lat' dir='ltr'><strong>cruces,</strong></span> <span class='ocrx_word' id='word_1_150' title='bbox 1147 2049 1293 2129; x_wconf 87' lang='lat' dir='ltr'><strong>reliquiae</strong></span> <span class='ocrx_word' id='word_1_151' title='bbox 1322 2044 1506 2131; x_wconf 75' lang='lat' dir='ltr'><strong>martyrum,</strong></span> <span class='ocrx_word' id='word_1_152' title='bbox 1533 2047 1603 2110; x_wconf 89' lang='lat' dir='ltr'><strong>libri</strong></span> 
     </span>
     <span class='ocr_line' id='line_1_16' title="bbox 235 2145 1602 2229; baseline -0.001 -20"><span class='ocrx_word' id='word_1_153' title='bbox 235 2145 489 2229; x_wconf 86' lang='lat' dir='ltr'><strong>Evangeliorum,</strong></span> <span class='ocrx_word' id='word_1_154' title='bbox 520 2156 550 2209; x_wconf 90' lang='lat' dir='ltr'><strong>et</strong></span> <span class='ocrx_word' id='word_1_155' title='bbox 579 2148 628 2210; x_wconf 90' lang='lat' dir='ltr'><strong>alii</strong></span> <span class='ocrx_word' id='word_1_156' title='bbox 650 2165 758 2210; x_wconf 88' lang='lat' dir='ltr'><strong>sacrae</strong></span> <span class='ocrx_word' id='word_1_157' title='bbox 781 2147 973 2229; x_wconf 88' lang='lat' dir='ltr'><strong>Scripturae,</strong></span> <span class='ocrx_word' id='word_1_158' title='bbox 1008 2168 1048 2212; x_wconf 83' lang='lat' dir='ltr'><strong>ex</strong></span> <span class='ocrx_word' id='word_1_159' title='bbox 1075 2147 1184 2229; x_wconf 85' lang='lat' dir='ltr'><strong>quibus</strong></span> <span class='ocrx_word' id='word_1_160' title='bbox 1213 2148 1360 2212; x_wconf 86' lang='lat' dir='ltr'><strong>lectiones</strong></span> <span class='ocrx_word' id='word_1_161' title='bbox 1388 2149 1454 2211; x_wconf 91' lang='lat' dir='ltr'><strong>lieri</strong></span> <span class='ocrx_word' id='word_1_162' title='bbox 1482 2146 1602 2226; x_wconf 88' lang='lat' dir='ltr'><strong>debent,</strong></span> 
     </span>
     <span class='ocr_line' id='line_1_17' title="bbox 236 2246 1604 2326; baseline 0 -17"><span class='ocrx_word' id='word_1_163' title='bbox 236 2247 404 2310; x_wconf 84' lang='lat' dir='ltr'><strong>afferuntur</strong></span> <span class='ocrx_word' id='word_1_164' title='bbox 425 2266 442 2308; x_wconf 90' lang='lat' dir='ltr'><strong>a</strong></span> <span class='ocrx_word' id='word_1_165' title='bbox 466 2246 681 2310; x_wconf 87' lang='lat' dir='ltr'><strong>Sacerdotibus</strong></span> <span class='ocrx_word' id='word_1_166' title='bbox 704 2254 735 2311; x_wconf 88' lang='lat' dir='ltr'><strong>et</strong></span> <span class='ocrx_word' id='word_1_167' title='bbox 757 2248 916 2326; x_wconf 86' lang='lat' dir='ltr'><strong>Diaconis,</strong></span> <span class='ocrx_word' id='word_1_168' title='bbox 939 2256 971 2311; x_wconf 90' lang='lat' dir='ltr'><strong>et</strong></span> <span class='ocrx_word' id='word_1_169' title='bbox 992 2250 1024 2311; x_wconf 93' lang='lat' dir='ltr'><strong>in</strong></span> <span class='ocrx_word' id='word_1_170' title='bbox 1045 2249 1184 2311; x_wconf 86' lang='lat' dir='ltr'><strong>Prothesi</strong></span> <span class='ocrx_word' id='word_1_171' title='bbox 1202 2248 1405 2312; x_wconf 86' lang='lat' dir='ltr'><strong>collocantur:</strong></span> <span class='ocrx_word' id='word_1_172' title='bbox 1428 2246 1604 2310; x_wconf 89' lang='lat' dir='ltr'><strong>accendun-</strong></span> 
     </span>
     <span class='ocr_line' id='line_1_18' title="bbox 234 2347 1604 2429; baseline 0 -20"><span class='ocrx_word' id='word_1_173' title='bbox 234 2356 344 2428; x_wconf 88' lang='lat' dir='ltr'><strong>turque</strong></span> <span class='ocrx_word' id='word_1_174' title='bbox 368 2349 467 2410; x_wconf 91' lang='lat' dir='ltr'><strong>cerei:</strong></span> <span class='ocrx_word' id='word_1_175' title='bbox 490 2365 617 2428; x_wconf 85' lang='lat' dir='ltr'><strong>quorum</strong></span> <span class='ocrx_word' id='word_1_176' title='bbox 640 2365 733 2429; x_wconf 89' lang='lat' dir='ltr'><strong>saepe</strong></span> <span class='ocrx_word' id='word_1_177' title='bbox 754 2349 867 2410; x_wconf 86' lang='lat' dir='ltr'><strong>mentio</strong></span> <span class='ocrx_word' id='word_1_178' title='bbox 890 2348 922 2410; x_wconf 88' lang='lat' dir='ltr'><strong>lit</strong></span> <span class='ocrx_word' id='word_1_179' title='bbox 944 2349 974 2410; x_wconf 93' lang='lat' dir='ltr'><strong>in</strong></span> <span class='ocrx_word' id='word_1_180' title='bbox 997 2349 1130 2429; x_wconf 85' lang='lat' dir='ltr'><strong>pompis,</strong></span> <span class='ocrx_word' id='word_1_181' title='bbox 1159 2347 1396 2428; x_wconf 88' lang='lat' dir='ltr'><strong>solennibusque</strong></span> <span class='ocrx_word' id='word_1_182' title='bbox 1425 2348 1604 2428; x_wconf 89' lang='lat' dir='ltr'><strong>processio-</strong></span> 
     </span>
     <span class='ocr_line' id='line_1_19' title="bbox 235 2446 1603 2529; baseline -0.001 -20"><span class='ocrx_word' id='word_1_183' title='bbox 235 2447 322 2509; x_wconf 88' lang='lat' dir='ltr'><strong>nibus</strong></span> <span class='ocrx_word' id='word_1_184' title='bbox 347 2446 603 2522; x_wconf 85' lang='lat' dir='ltr'><strong>Christianorum‚</strong></span> <span class='ocrx_word' id='word_1_185' title='bbox 626 2465 751 2529; x_wconf 90' lang='lat' dir='ltr'><strong>quarum</strong></span> <span class='ocrx_word' id='word_1_186' title='bbox 772 2448 915 2511; x_wconf 87' lang='lat' dir='ltr'><strong>memoria</strong></span> <span class='ocrx_word' id='word_1_187' title='bbox 941 2456 987 2512; x_wconf 89' lang='lat' dir='ltr'><strong>est</strong></span> <span class='ocrx_word' id='word_1_188' title='bbox 1016 2448 1047 2510; x_wconf 93' lang='lat' dir='ltr'><strong>in</strong></span> <span class='ocrx_word' id='word_1_189' title='bbox 1070 2448 1201 2511; x_wconf 88' lang='lat' dir='ltr'><strong>llistoria</strong></span> <span class='ocrx_word' id='word_1_190' title='bbox 1221 2447 1436 2511; x_wconf 81' lang='lat' dir='ltr'><strong>Alexandrina.</strong></span> <span class='ocrx_word' id='word_1_191' title='bbox 1482 2447 1603 2510; x_wconf 88' lang='lat' dir='ltr'><strong>Gabriel</strong></span> 
     </span>
     <span class='ocr_line' id='line_1_20' title="bbox 234 2544 1605 2629; baseline -0.001 -20"><span class='ocrx_word' id='word_1_192' title='bbox 234 2547 311 2609; x_wconf 87' lang='lat' dir='ltr'><strong>lilius</strong></span> <span class='ocrx_word' id='word_1_193' title='bbox 335 2544 446 2607; x_wconf 82' lang='lat' dir='ltr'><strong>&#39;larich</strong></span> <span class='ocrx_word' id='word_1_194' title='bbox 469 2545 640 2607; x_wconf 87' lang='lat' dir='ltr'><strong>Patriarcba</strong></span> <span class='ocrx_word' id='word_1_195' title='bbox 664 2546 694 2607; x_wconf 92' lang='lat' dir='ltr'><strong>in</strong></span> <span class='ocrx_word' id='word_1_196' title='bbox 717 2545 987 2611; x_wconf 86' lang='lat' dir='ltr'><strong>Constitutionibus</strong></span> <span class='ocrx_word' id='word_1_197' title='bbox 1009 2550 1050 2610; x_wconf 93' lang='lat' dir='ltr'><strong>ita</strong></span> <span class='ocrx_word' id='word_1_198' title='bbox 1073 2547 1189 2611; x_wconf 88' lang='lat' dir='ltr'><strong>delinit:</strong></span> <span class='ocrx_word' id='word_1_199' title='bbox 1213 2547 1425 2629; x_wconf 73' lang='lat' dir='ltr'><strong>Limrpionon</strong></span> <span class='ocrx_word' id='word_1_200' title='bbox 1439 2546 1605 2609; x_wconf 83' lang='lat' dir='ltr'><strong>celebretur</strong></span> 
     </span>
     <span class='ocr_line' id='line_1_21' title="bbox 235 2645 1603 2729; baseline 0.001 -23"><span class='ocrx_word' id='word_1_201' title='bbox 235 2645 348 2725; x_wconf 76' lang='lat' dir='ltr'><strong>absque</strong></span> <span class='ocrx_word' id='word_1_202' title='bbox 369 2648 468 2708; x_wconf 81' lang='lat' dir='ltr'><strong>cereis</strong></span> <span class='ocrx_word' id='word_1_203' title='bbox 489 2645 605 2707; x_wconf 74' lang='lat' dir='ltr'><strong>duobm</strong></span> <span class='ocrx_word' id='word_1_204' title='bbox 626 2645 792 2724; x_wconf 77' lang='lat' dir='ltr'><strong>majoribus</strong></span> <span class='ocrx_word' id='word_1_205' title='bbox 813 2656 867 2710; x_wconf 81' lang='lat' dir='ltr'><strong>out</strong></span> <span class='ocrx_word' id='word_1_206' title='bbox 887 2648 1067 2724; x_wconf 54' lang='lat' dir='ltr'><strong>macana,</strong></span> <span class='ocrx_word' id='word_1_207' title='bbox 1090 2650 1143 2729; x_wconf 77' lang='lat' dir='ltr'><strong>poi</strong></span> <span class='ocrx_word' id='word_1_208' title='bbox 1160 2652 1244 2710; x_wconf 85' lang='lat' dir='ltr'><strong>circo</strong></span> <span class='ocrx_word' id='word_1_209' title='bbox 1258 2649 1357 2713; x_wconf 76' lang='lat' dir='ltr'><strong>abore</strong></span> <span class='ocrx_word' id='word_1_210' title='bbox 1371 2649 1498 2711; x_wconf 82' lang='lat' dir='ltr'><strong>luceant.</strong></span> <span class='ocrx_word' id='word_1_211' title='bbox 1521 2646 1603 2708; x_wconf 90' lang='lat' dir='ltr'><strong>ldem</strong></span> 
     </span>
     <span class='ocr_line' id='line_1_22' title="bbox 236 2743 1603 2829; baseline 0.002 -23"><span class='ocrx_word' id='word_1_212' title='bbox 236 2746 426 2827; x_wconf 89' lang='lat' dir='ltr'><strong>praecipiunt</strong></span> <span class='ocrx_word' id='word_1_213' title='bbox 447 2743 546 2807; x_wconf 82' lang='lat' dir='ltr'><strong>hutor</strong></span> <span class='ocrx_word' id='word_1_214' title='bbox 567 2745 717 2808; x_wconf 83' lang='lat' dir='ltr'><strong>scientiae</strong></span> <span class='ocrx_word' id='word_1_215' title='bbox 739 2744 985 2828; x_wconf 87' lang='lat' dir='ltr'><strong>Ecclesiasticae,</strong></span> <span class='ocrx_word' id='word_1_216' title='bbox 1008 2746 1200 2827; x_wconf 80' lang='lat' dir='ltr'><strong>hbulbircat,</strong></span> <span class='ocrx_word' id='word_1_217' title='bbox 1226 2766 1391 2828; x_wconf 84' lang='lat' dir='ltr'><strong>omnesque</strong></span> <span class='ocrx_word' id='word_1_218' title='bbox 1401 2746 1603 2829; x_wconf 88' lang='lat' dir='ltr'><strong>Liturgiarum</strong></span> 
     </span>
     <span class='ocr_line' id='line_1_23' title="bbox 236 2846 441 2926; baseline 0 -18"><span class='ocrx_word' id='word_1_219' title='bbox 236 2846 441 2926; x_wconf 76' lang='lat' dir='ltr'><strong>expositores.</strong></span> 
     </span>
    </p>
   </div>
   <div class='ocr_carea' id='block_1_3' title="bbox 464 3050 1805 3144">
    <p class='ocr_par' dir='ltr' id='par_1_5' title="bbox 464 3050 1805 3144">
     <span class='ocr_line' id='line_1_24' title="bbox 464 3050 1805 3144; baseline 0.004 -23"><span class='ocrx_word' id='word_1_220' title='bbox 464 3050 610 3121; x_wconf 76' lang='lat' dir='ltr'><strong>Ostende</strong></span> <span class='ocrx_word' id='word_1_221' title='bbox 632 3052 760 3142; x_wconf 77' lang='lat' dir='ltr'><strong>faciem</strong></span> <span class='ocrx_word' id='word_1_222' title='bbox 786 3055 877 3120; x_wconf 85' lang='lat' dir='ltr'><strong>tuum</strong></span> <span class='ocrx_word' id='word_1_223' title='bbox 901 3073 1004 3144; x_wconf 83' lang='lat' dir='ltr'><strong>super</strong></span> <span class='ocrx_word' id='word_1_224' title='bbox 1030 3050 1118 3121; x_wconf 83' lang='lat' dir='ltr'><strong>hunc</strong></span> <span class='ocrx_word' id='word_1_225' title='bbox 1140 3072 1275 3143; x_wconf 84' lang='lat' dir='ltr'><strong>punem,</strong></span> <span class='ocrx_word' id='word_1_226' title='bbox 1303 3058 1366 3122; x_wconf 86' lang='lat' dir='ltr'><strong>etc.</strong></span> <span class='ocrx_word' id='word_1_227' title='bbox 1648 3075 1680 3128; x_wconf 83' lang='lat' dir='ltr'><strong>r.</strong></span> <span class='ocrx_word' id='word_1_228' title='bbox 1699 3078 1725 3129; x_wconf 81' lang='lat' dir='ltr'><strong>a.</strong></span> <span class='ocrx_word' id='word_1_229' title='bbox 1744 3077 1761 3129; x_wconf 90' lang='grc' dir='ltr'><strong>ι.</strong></span> <span class='ocrx_word' id='word_1_230' title='bbox 1779 3077 1805 3128; x_wconf 84' lang='lat' dir='ltr'><strong>o.</strong></span> 
     </span>
    </p>
   </div>
   <div class='ocr_carea' id='block_1_4' title="bbox 236 3226 1926 5118">
    <p class='ocr_par' dir='ltr' id='par_1_6' title="bbox 236 3226 1926 5118">
     <span class='ocr_line' id='line_1_25' title="bbox 316 3226 1926 3323; baseline -0.002 -19"><span class='ocrx_word' id='word_1_231' title='bbox 316 3226 410 3304; x_wconf 82' lang='lat' dir='ltr'><strong>Haec</strong></span> <span class='ocrx_word' id='word_1_232' title='bbox 431 3237 528 3318; x_wconf 89' lang='lat' dir='ltr'><strong>prima</strong></span> <span class='ocrx_word' id='word_1_233' title='bbox 549 3236 646 3299; x_wconf 90' lang='lat' dir='ltr'><strong>oratio</strong></span> <span class='ocrx_word' id='word_1_234' title='bbox 669 3244 732 3314; x_wconf 89' lang='lat' dir='ltr'><strong>est,</strong></span> <span class='ocrx_word' id='word_1_235' title='bbox 754 3238 785 3299; x_wconf 93' lang='lat' dir='ltr'><strong>in</strong></span> <span class='ocrx_word' id='word_1_236' title='bbox 807 3256 866 3318; x_wconf 85' lang='lat' dir='ltr'><strong>qua</strong></span> <span class='ocrx_word' id='word_1_237' title='bbox 888 3236 954 3299; x_wconf 86' lang='lat' dir='ltr'><strong>linis</strong></span> <span class='ocrx_word' id='word_1_238' title='bbox 977 3237 1068 3300; x_wconf 89' lang='lat' dir='ltr'><strong>totius</strong></span> <span class='ocrx_word' id='word_1_239' title='bbox 1088 3238 1237 3323; x_wconf 83' lang='lat' dir='ltr'><strong>liturgici</strong></span> <span class='ocrx_word' id='word_1_240' title='bbox 1259 3237 1350 3302; x_wconf 85' lang='lat' dir='ltr'><strong>officii</strong></span> <span class='ocrx_word' id='word_1_241' title='bbox 1375 3240 1538 3320; x_wconf 90' lang='lat' dir='ltr'><strong>perspicue</strong></span> <span class='ocrx_word' id='word_1_242' title='bbox 1556 3241 1601 3301; x_wconf 91' lang='lat' dir='ltr'><strong>si·</strong></span> <span class='ocrx_word' id='word_1_243' title='bbox 1664 3248 1796 3302; x_wconf 77' lang='lat' dir='ltr'><strong>invocatio</strong></span> <span class='ocrx_word' id='word_1_244' title='bbox 1815 3251 1926 3317; x_wconf 77' lang='lat' dir='ltr'><strong>Spiritu·</strong></span> 
     </span>
     <span class='ocr_line' id='line_1_26' title="bbox 236 3337 1926 3423; baseline 0.001 -19"><span class='ocrx_word' id='word_1_245' title='bbox 236 3342 410 3423; x_wconf 85' lang='lat' dir='ltr'><strong>gniiicatur,</strong></span> <span class='ocrx_word' id='word_1_246' title='bbox 433 3356 542 3418; x_wconf 87' lang='lat' dir='ltr'><strong>nempe</strong></span> <span class='ocrx_word' id='word_1_247' title='bbox 565 3337 771 3399; x_wconf 86' lang='lat' dir='ltr'><strong>transmutatio</strong></span> <span class='ocrx_word' id='word_1_248' title='bbox 794 3337 1010 3400; x_wconf 88' lang='lat' dir='ltr'><strong>elementorum</strong></span> <span class='ocrx_word' id='word_1_249' title='bbox 1032 3341 1256 3418; x_wconf 91' lang='lat' dir='ltr'><strong>propositorum</strong></span> <span class='ocrx_word' id='word_1_250' title='bbox 1278 3340 1364 3420; x_wconf 91' lang='lat' dir='ltr'><strong>panis</strong></span> <span class='ocrx_word' id='word_1_251' title='bbox 1383 3347 1414 3403; x_wconf 92' lang='lat' dir='ltr'><strong>et</strong></span> <span class='ocrx_word' id='word_1_252' title='bbox 1437 3340 1499 3403; x_wconf 89' lang='lat' dir='ltr'><strong>vini</strong></span> <span class='ocrx_word' id='word_1_253' title='bbox 1522 3360 1599 3422; x_wconf 87' lang='lat' dir='ltr'><strong>aqua</strong></span> <span class='ocrx_word' id='word_1_254' title='bbox 1612 3337 1693 3387; x_wconf 67' lang='lat' dir='ltr'><strong>⁸⁸¹¹⁰fl</strong></span> <span class='ocrx_word' id='word_1_255' title='bbox 1719 3338 1817 3404; x_wconf 75' lang='lat' dir='ltr'><strong>prima,</strong></span> <span class='ocrx_word' id='word_1_256' title='bbox 1846 3353 1926 3406; x_wconf 55' lang='lat' dir='ltr'><strong>tulta</strong></span> 
     </span>
     <span class='ocr_line' id='line_1_27' title="bbox 239 3420 1838 3523; baseline 0.001 -19"><span class='ocrx_word' id='word_1_257' title='bbox 239 3441 411 3523; x_wconf 87' lang='lat' dir='ltr'><strong>temperati,</strong></span> <span class='ocrx_word' id='word_1_258' title='bbox 434 3439 464 3500; x_wconf 92' lang='lat' dir='ltr'><strong>in</strong></span> <span class='ocrx_word' id='word_1_259' title='bbox 487 3454 599 3518; x_wconf 86' lang='lat' dir='ltr'><strong>corpus</strong></span> <span class='ocrx_word' id='word_1_260' title='bbox 623 3443 654 3498; x_wconf 88' lang='lat' dir='ltr'><strong>et</strong></span> <span class='ocrx_word' id='word_1_261' title='bbox 676 3437 852 3518; x_wconf 84' lang='lat' dir='ltr'><strong>sanguinem</strong></span> <span class='ocrx_word' id='word_1_262' title='bbox 875 3437 986 3501; x_wconf 90' lang='lat' dir='ltr'><strong>Christi</strong></span> <span class='ocrx_word' id='word_1_263' title='bbox 1008 3436 1138 3501; x_wconf 88' lang='lat' dir='ltr'><strong>Domini.</strong></span> <span class='ocrx_word' id='word_1_264' title='bbox 1167 3438 1305 3501; x_wconf 85' lang='lat' dir='ltr'><strong>Notanda</strong></span> <span class='ocrx_word' id='word_1_265' title='bbox 1326 3458 1401 3503; x_wconf 84' lang='lat' dir='ltr'><strong>vero</strong></span> <span class='ocrx_word' id='word_1_266' title='bbox 1417 3449 1486 3503; x_wconf 89' lang='lat' dir='ltr'><strong>sunt</strong></span> <span class='ocrx_word' id='word_1_267' title='bbox 1504 3443 1599 3506; x_wconf 89' lang='lat' dir='ltr'><strong>verba</strong></span> <span class='ocrx_word' id='word_1_268' title='bbox 1613 3420 1680 3474; x_wconf 71' lang='lat'>‘¹⁰⁰⁸</span> <span class='ocrx_word' id='word_1_269' title='bbox 1698 3424 1838 3491; x_wconf 61' lang='lat' dir='ltr'><strong>¹³¹⁰P⁰⁵i¹⁰·</strong></span> 
     </span>
     <span class='ocr_line' id='line_1_28' title="bbox 239 3536 1602 3621; baseline -0.001 -17"><span class='ocrx_word' id='word_1_270' title='bbox 239 3541 344 3621; x_wconf 87' lang='lat' dir='ltr'><strong>qnibus</strong></span> <span class='ocrx_word' id='word_1_271' title='bbox 374 3536 545 3601; x_wconf 87' lang='lat' dir='ltr'><strong>Orientales</strong></span> <span class='ocrx_word' id='word_1_272' title='bbox 574 3536 747 3619; x_wconf 87' lang='lat' dir='ltr'><strong>significare</strong></span> <span class='ocrx_word' id='word_1_273' title='bbox 776 3536 875 3599; x_wconf 89' lang='lat' dir='ltr'><strong>solent</strong></span> <span class='ocrx_word' id='word_1_274' title='bbox 903 3536 1169 3600; x_wconf 81' lang='lat' dir='ltr'><strong>sanctificationem</strong></span> <span class='ocrx_word' id='word_1_275' title='bbox 1198 3556 1298 3601; x_wconf 88' lang='lat' dir='ltr'><strong>rerum</strong></span> <span class='ocrx_word' id='word_1_276' title='bbox 1327 3556 1542 3619; x_wconf 89' lang='lat' dir='ltr'><strong>corporearum</strong></span> <span class='ocrx_word' id='word_1_277' title='bbox 1571 3548 1602 3604; x_wconf 89' lang='lat' dir='ltr'><strong>et</strong></span> 
     </span>
     <span class='ocr_line' id='line_1_29' title="bbox 238 3635 1601 3723; baseline 0.001 -22"><span class='ocrx_word' id='word_1_278' title='bbox 238 3639 437 3718; x_wconf 88' lang='lat' dir='ltr'><strong>sensibilium,</strong></span> <span class='ocrx_word' id='word_1_279' title='bbox 462 3654 549 3718; x_wconf 85' lang='lat' dir='ltr'><strong>quarn</strong></span> <span class='ocrx_word' id='word_1_280' title='bbox 571 3635 603 3698; x_wconf 91' lang='lat' dir='ltr'><strong>in</strong></span> <span class='ocrx_word' id='word_1_281' title='bbox 625 3635 817 3699; x_wconf 89' lang='lat' dir='ltr'><strong>Orationibus</strong></span> <span class='ocrx_word' id='word_1_282' title='bbox 840 3636 903 3699; x_wconf 91' lang='lat' dir='ltr'><strong>suis</strong></span> <span class='ocrx_word' id='word_1_283' title='bbox 926 3656 943 3698; x_wconf 93' lang='lat' dir='ltr'><strong>a</strong></span> <span class='ocrx_word' id='word_1_284' title='bbox 965 3635 1031 3699; x_wconf 88' lang='lat' dir='ltr'><strong>Deo</strong></span> <span class='ocrx_word' id='word_1_285' title='bbox 1055 3637 1224 3717; x_wconf 89' lang='lat' dir='ltr'><strong>postulant,</strong></span> <span class='ocrx_word' id='word_1_286' title='bbox 1248 3656 1356 3719; x_wconf 89' lang='lat' dir='ltr'><strong>nempe</strong></span> <span class='ocrx_word' id='word_1_287' title='bbox 1374 3646 1405 3701; x_wconf 92' lang='lat' dir='ltr'><strong>ut</strong></span> <span class='ocrx_word' id='word_1_288' title='bbox 1421 3641 1515 3703; x_wconf 90' lang='lat' dir='ltr'><strong>mittat</strong></span> <span class='ocrx_word' id='word_1_289' title='bbox 1530 3640 1601 3723; x_wconf 91' lang='lat' dir='ltr'><strong>Spi-</strong></span> 
     </span>
     <span class='ocr_line' id='line_1_30' title="bbox 238 3735 1601 3820; baseline 0.002 -20"><span class='ocrx_word' id='word_1_290' title='bbox 238 3739 323 3800; x_wconf 86' lang='lat' dir='ltr'><strong>ritum</strong></span> <span class='ocrx_word' id='word_1_291' title='bbox 347 3746 499 3816; x_wconf 89' lang='lat' dir='ltr'><strong>sanctum,</strong></span> <span class='ocrx_word' id='word_1_292' title='bbox 522 3735 573 3817; x_wconf 86' lang='lat' dir='ltr'><strong>qui</strong></span> <span class='ocrx_word' id='word_1_293' title='bbox 596 3744 643 3799; x_wconf 88' lang='lat' dir='ltr'><strong>est</strong></span> <span class='ocrx_word' id='word_1_294' title='bbox 665 3736 762 3799; x_wconf 91' lang='lat' dir='ltr'><strong>omnis</strong></span> <span class='ocrx_word' id='word_1_295' title='bbox 784 3737 1027 3800; x_wconf 80' lang='lat' dir='ltr'><strong>sanctificationis</strong></span> <span class='ocrx_word' id='word_1_296' title='bbox 1051 3745 1155 3815; x_wconf 90' lang='lat' dir='ltr'><strong>autor,</strong></span> <span class='ocrx_word' id='word_1_297' title='bbox 1178 3745 1208 3800; x_wconf 89' lang='lat' dir='ltr'><strong>et</strong></span> <span class='ocrx_word' id='word_1_298' title='bbox 1229 3736 1287 3800; x_wconf 89' lang='lat' dir='ltr'><strong>Dei</strong></span> <span class='ocrx_word' id='word_1_299' title='bbox 1308 3738 1430 3820; x_wconf 78' lang='lat' dir='ltr'><strong>digitus.</strong></span> <span class='ocrx_word' id='word_1_300' title='bbox 1470 3739 1601 3803; x_wconf 87' lang='lat' dir='ltr'><strong>luvoca-</strong></span> 
     </span>
     <span class='ocr_line' id='line_1_31' title="bbox 237 3835 1600 3919; baseline 0.002 -20"><span class='ocrx_word' id='word_1_301' title='bbox 237 3844 405 3901; x_wconf 80' lang='lat' dir='ltr'><strong>tutantem</strong></span> <span class='ocrx_word' id='word_1_302' title='bbox 428 3838 643 3918; x_wconf 89' lang='lat' dir='ltr'><strong>superomnia</strong></span> <span class='ocrx_word' id='word_1_303' title='bbox 666 3853 743 3916; x_wconf 88' lang='lat' dir='ltr'><strong>quae</strong></span> <span class='ocrx_word' id='word_1_304' title='bbox 766 3835 803 3897; x_wconf 90' lang='lat' dir='ltr'><strong>ad</strong></span> <span class='ocrx_word' id='word_1_305' title='bbox 826 3853 945 3898; x_wconf 89' lang='lat' dir='ltr'><strong>sacrum</strong></span> <span class='ocrx_word' id='word_1_306' title='bbox 972 3854 1058 3899; x_wconf 90' lang='lat' dir='ltr'><strong>usum</strong></span> <span class='ocrx_word' id='word_1_307' title='bbox 1086 3836 1290 3917; x_wconf 87' lang='lat' dir='ltr'><strong>destinantur,</strong></span> <span class='ocrx_word' id='word_1_308' title='bbox 1321 3857 1379 3919; x_wconf 87' lang='lat' dir='ltr'><strong>que</strong></span> <span class='ocrx_word' id='word_1_309' title='bbox 1409 3841 1600 3902; x_wconf 82' lang='lat' dir='ltr'><strong>invocatione</strong></span> 
     </span>
     <span class='ocr_line' id='line_1_32' title="bbox 237 3934 1599 4021; baseline 0.001 -22"><span class='ocrx_word' id='word_1_310' title='bbox 237 3937 424 4021; x_wconf 85' lang='lat' dir='ltr'><strong>significatur</strong></span> <span class='ocrx_word' id='word_1_311' title='bbox 445 3937 634 4000; x_wconf 88' lang='lat' dir='ltr'><strong>consecratio</strong></span> <span class='ocrx_word' id='word_1_312' title='bbox 658 3937 704 3998; x_wconf 88' lang='lat' dir='ltr'><strong>rei</strong></span> <span class='ocrx_word' id='word_1_313' title='bbox 725 3936 784 4016; x_wconf 92' lang='lat' dir='ltr'><strong>ipsi</strong></span> <span class='ocrx_word' id='word_1_314' title='bbox 806 3934 981 4011; x_wconf 89' lang='lat' dir='ltr'><strong>inhaerens,</strong></span> <span class='ocrx_word' id='word_1_315' title='bbox 1004 3937 1093 3997; x_wconf 90' lang='lat' dir='ltr'><strong>etiam</strong></span> <span class='ocrx_word' id='word_1_316' title='bbox 1108 3935 1223 4018; x_wconf 87' lang='lat' dir='ltr'><strong>absque</strong></span> <span class='ocrx_word' id='word_1_317' title='bbox 1237 3955 1294 3999; x_wconf 90' lang='lat' dir='ltr'><strong>usu</strong></span> <span class='ocrx_word' id='word_1_318' title='bbox 1306 3955 1413 4018; x_wconf 88' lang='lat' dir='ltr'><strong>sacro,</strong></span> <span class='ocrx_word' id='word_1_319' title='bbox 1437 3940 1599 4001; x_wconf 86' lang='lat' dir='ltr'><strong>materiae-</strong></span> 
     </span>
     <span class='ocr_line' id='line_1_33' title="bbox 237 4031 1600 4118; baseline -0.001 -19"><span class='ocrx_word' id='word_1_320' title='bbox 237 4052 296 4116; x_wconf 83' lang='lat' dir='ltr'><strong>que</strong></span> <span class='ocrx_word' id='word_1_321' title='bbox 320 4037 494 4118; x_wconf 86' lang='lat' dir='ltr'><strong>dignitatem</strong></span> <span class='ocrx_word' id='word_1_322' title='bbox 516 4036 662 4099; x_wconf 87' lang='lat' dir='ltr'><strong>tribuens.</strong></span> <span class='ocrx_word' id='word_1_323' title='bbox 706 4031 749 4097; x_wconf 92' lang='lat' dir='ltr'><strong>lta</strong></span> <span class='ocrx_word' id='word_1_324' title='bbox 772 4035 802 4095; x_wconf 93' lang='lat' dir='ltr'><strong>in</strong></span> <span class='ocrx_word' id='word_1_325' title='bbox 824 4034 1008 4096; x_wconf 90' lang='lat' dir='ltr'><strong>orationibus</strong></span> <span class='ocrx_word' id='word_1_326' title='bbox 1036 4052 1162 4116; x_wconf 87' lang='lat' dir='ltr'><strong>quarum</strong></span> <span class='ocrx_word' id='word_1_327' title='bbox 1188 4036 1350 4116; x_wconf 89' lang='lat' dir='ltr'><strong>particulas</strong></span> <span class='ocrx_word' id='word_1_328' title='bbox 1380 4037 1534 4100; x_wconf 88' lang='lat' dir='ltr'><strong>retulimus</strong></span> <span class='ocrx_word' id='word_1_329' title='bbox 1563 4037 1600 4099; x_wconf 91' lang='lat' dir='ltr'><strong>ad</strong></span> 
     </span>
     <span class='ocr_line' id='line_1_34' title="bbox 237 4132 1601 4213; baseline 0.001 -16"><span class='ocrx_word' id='word_1_330' title='bbox 237 4153 311 4198; x_wconf 85' lang='lat' dir='ltr'><strong>rasa</strong></span> <span class='ocrx_word' id='word_1_331' title='bbox 334 4153 422 4198; x_wconf 90' lang='lat' dir='ltr'><strong>sacra</strong></span> <span class='ocrx_word' id='word_1_332' title='bbox 444 4132 669 4213; x_wconf 88' lang='lat' dir='ltr'><strong>benedicenda,</strong></span> <span class='ocrx_word' id='word_1_333' title='bbox 692 4133 850 4197; x_wconf 84' lang='lat' dir='ltr'><strong>invocatur</strong></span> <span class='ocrx_word' id='word_1_334' title='bbox 871 4134 971 4211; x_wconf 87' lang='lat' dir='ltr'><strong>Deus,</strong></span> <span class='ocrx_word' id='word_1_335' title='bbox 993 4142 1025 4197; x_wconf 88' lang='lat' dir='ltr'><strong>ut</strong></span> <span class='ocrx_word' id='word_1_336' title='bbox 1047 4153 1084 4197; x_wconf 89' lang='lat' dir='ltr'><strong>ea</strong></span> <span class='ocrx_word' id='word_1_337' title='bbox 1106 4143 1280 4213; x_wconf 86' lang='lat' dir='ltr'><strong>consecret,</strong></span> <span class='ocrx_word' id='word_1_338' title='bbox 1304 4154 1341 4199; x_wconf 91' lang='lat' dir='ltr'><strong>eo</strong></span> <span class='ocrx_word' id='word_1_339' title='bbox 1365 4137 1423 4199; x_wconf 86' lang='lat' dir='ltr'><strong>fine</strong></span> <span class='ocrx_word' id='word_1_340' title='bbox 1445 4145 1477 4199; x_wconf 89' lang='lat' dir='ltr'><strong>ut</strong></span> <span class='ocrx_word' id='word_1_341' title='bbox 1496 4137 1601 4200; x_wconf 90' lang='lat' dir='ltr'><strong>inillis</strong></span> 
     </span>
     <span class='ocr_line' id='line_1_35' title="bbox 237 4232 1602 4317; baseline 0.002 -21"><span class='ocrx_word' id='word_1_342' title='bbox 237 4236 435 4298; x_wconf 82' lang='lat' dir='ltr'><strong>conficiantur</strong></span> <span class='ocrx_word' id='word_1_343' title='bbox 458 4234 657 4298; x_wconf 88' lang='lat' dir='ltr'><strong>Sacramenta.</strong></span> <span class='ocrx_word' id='word_1_344' title='bbox 693 4232 767 4295; x_wconf 89' lang='lat' dir='ltr'><strong>lnde</strong></span> <span class='ocrx_word' id='word_1_345' title='bbox 788 4250 864 4296; x_wconf 79' lang='lat' dir='ltr'><strong>vero</strong></span> <span class='ocrx_word' id='word_1_346' title='bbox 894 4234 999 4296; x_wconf 88' lang='lat' dir='ltr'><strong>eadem</strong></span> <span class='ocrx_word' id='word_1_347' title='bbox 1021 4254 1093 4299; x_wconf 83' lang='lat' dir='ltr'><strong>vasa</strong></span> <span class='ocrx_word' id='word_1_348' title='bbox 1116 4243 1220 4299; x_wconf 87' lang='lat' dir='ltr'><strong>sancta</strong></span> <span class='ocrx_word' id='word_1_349' title='bbox 1242 4234 1406 4314; x_wconf 90' lang='lat' dir='ltr'><strong>habentur,</strong></span> <span class='ocrx_word' id='word_1_350' title='bbox 1437 4253 1495 4299; x_wconf 91' lang='lat' dir='ltr'><strong>nec</strong></span> <span class='ocrx_word' id='word_1_351' title='bbox 1524 4255 1602 4317; x_wconf 90' lang='lat' dir='ltr'><strong>pro·</strong></span> 
     </span>
     <span class='ocr_line' id='line_1_36' title="bbox 237 4333 1602 4416; baseline 0.001 -20"><span class='ocrx_word' id='word_1_352' title='bbox 237 4333 315 4397; x_wconf 89' lang='lat' dir='ltr'><strong>lanis</strong></span> <span class='ocrx_word' id='word_1_353' title='bbox 338 4335 474 4397; x_wconf 89' lang='lat' dir='ltr'><strong>manibus</strong></span> <span class='ocrx_word' id='word_1_354' title='bbox 496 4335 611 4415; x_wconf 85' lang='lat' dir='ltr'><strong>absque</strong></span> <span class='ocrx_word' id='word_1_355' title='bbox 633 4333 756 4396; x_wconf 91' lang='lat' dir='ltr'><strong>crimine</strong></span> <span class='ocrx_word' id='word_1_356' title='bbox 779 4333 901 4394; x_wconf 88' lang='lat' dir='ltr'><strong>tractari</strong></span> <span class='ocrx_word' id='word_1_357' title='bbox 923 4341 1059 4414; x_wconf 90' lang='lat' dir='ltr'><strong>possunt.</strong></span> <span class='ocrx_word' id='word_1_358' title='bbox 1109 4336 1270 4399; x_wconf 87' lang='lat' dir='ltr'><strong>lnvocatur</strong></span> <span class='ocrx_word' id='word_1_359' title='bbox 1297 4352 1418 4416; x_wconf 83' lang='lat' dir='ltr'><strong>quoque</strong></span> <span class='ocrx_word' id='word_1_360' title='bbox 1447 4342 1479 4397; x_wconf 94' lang='lat' dir='ltr'><strong>ut</strong></span> <span class='ocrx_word' id='word_1_361' title='bbox 1506 4335 1602 4397; x_wconf 86' lang='lat' dir='ltr'><strong>mittat</strong></span> 
     </span>
     <span class='ocr_line' id='line_1_37' title="bbox 237 4432 1601 4516; baseline 0.001 -18"><span class='ocrx_word' id='word_1_362' title='bbox 237 4433 380 4514; x_wconf 90' lang='lat' dir='ltr'><strong>Spiritum</strong></span> <span class='ocrx_word' id='word_1_363' title='bbox 401 4441 536 4497; x_wconf 87' lang='lat' dir='ltr'><strong>sanctum</strong></span> <span class='ocrx_word' id='word_1_364' title='bbox 559 4451 652 4515; x_wconf 88' lang='lat' dir='ltr'><strong>super</strong></span> <span class='ocrx_word' id='word_1_365' title='bbox 674 4449 768 4513; x_wconf 86' lang='lat' dir='ltr'><strong>aquas</strong></span> <span class='ocrx_word' id='word_1_366' title='bbox 790 4432 999 4514; x_wconf 89' lang='lat' dir='ltr'><strong>baptismales,</strong></span> <span class='ocrx_word' id='word_1_367' title='bbox 1022 4444 1054 4498; x_wconf 90' lang='lat' dir='ltr'><strong>ut</strong></span> <span class='ocrx_word' id='word_1_368' title='bbox 1076 4436 1107 4497; x_wconf 93' lang='lat' dir='ltr'><strong>in</strong></span> <span class='ocrx_word' id='word_1_369' title='bbox 1128 4435 1188 4497; x_wconf 89' lang='lat' dir='ltr'><strong>illis</strong></span> <span class='ocrx_word' id='word_1_370' title='bbox 1208 4434 1349 4516; x_wconf 86' lang='lat' dir='ltr'><strong>baptisati</strong></span> <span class='ocrx_word' id='word_1_371' title='bbox 1377 4434 1525 4515; x_wconf 89' lang='lat' dir='ltr'><strong>accipiant</strong></span> <span class='ocrx_word' id='word_1_372' title='bbox 1546 4454 1601 4499; x_wconf 86' lang='lat' dir='ltr'><strong>re·</strong></span> 
     </span>
     <span class='ocr_line' id='line_1_38' title="bbox 237 4533 1599 4617; baseline 0.001 -21"><span class='ocrx_word' id='word_1_373' title='bbox 237 4536 483 4617; x_wconf 81' lang='lat' dir='ltr'><strong>generationem,</strong></span> <span class='ocrx_word' id='word_1_374' title='bbox 507 4535 695 4614; x_wconf 86' lang='lat' dir='ltr'><strong>omniumque</strong></span> <span class='ocrx_word' id='word_1_375' title='bbox 718 4540 913 4614; x_wconf 86' lang='lat' dir='ltr'><strong>peecatorum</strong></span> <span class='ocrx_word' id='word_1_376' title='bbox 934 4535 1162 4599; x_wconf 89' lang='lat' dir='ltr'><strong>remissionem:</strong></span> <span class='ocrx_word' id='word_1_377' title='bbox 1185 4552 1279 4616; x_wconf 92' lang='lat' dir='ltr'><strong>super</strong></span> <span class='ocrx_word' id='word_1_378' title='bbox 1301 4533 1400 4596; x_wconf 92' lang='lat' dir='ltr'><strong>oleum</strong></span> <span class='ocrx_word' id='word_1_379' title='bbox 1419 4541 1450 4595; x_wconf 89' lang='lat' dir='ltr'><strong>et</strong></span> <span class='ocrx_word' id='word_1_380' title='bbox 1461 4534 1599 4615; x_wconf 89' lang='lat' dir='ltr'><strong>chrisma,</strong></span> 
     </span>
     <span class='ocr_line' id='line_1_39' title="bbox 236 4631 1601 4718; baseline -0.001 -21"><span class='ocrx_word' id='word_1_381' title='bbox 236 4643 270 4697; x_wconf 89' lang='lat' dir='ltr'><strong>ut</strong></span> <span class='ocrx_word' id='word_1_382' title='bbox 290 4636 420 4718; x_wconf 90' lang='lat' dir='ltr'><strong>gratiam</strong></span> <span class='ocrx_word' id='word_1_383' title='bbox 443 4633 599 4715; x_wconf 88' lang='lat' dir='ltr'><strong>baptisatis</strong></span> <span class='ocrx_word' id='word_1_384' title='bbox 621 4650 728 4696; x_wconf 83' lang='lat' dir='ltr'><strong>novam</strong></span> <span class='ocrx_word' id='word_1_385' title='bbox 751 4631 924 4696; x_wconf 81' lang='lat' dir='ltr'><strong>conterant:</strong></span> <span class='ocrx_word' id='word_1_386' title='bbox 947 4652 1041 4716; x_wconf 88' lang='lat' dir='ltr'><strong>super</strong></span> <span class='ocrx_word' id='word_1_387' title='bbox 1063 4633 1261 4713; x_wconf 90' lang='lat' dir='ltr'><strong>ordinandos,</strong></span> <span class='ocrx_word' id='word_1_388' title='bbox 1290 4640 1322 4695; x_wconf 88' lang='lat' dir='ltr'><strong>ut</strong></span> <span class='ocrx_word' id='word_1_389' title='bbox 1351 4632 1500 4714; x_wconf 88' lang='lat' dir='ltr'><strong>accipiant</strong></span> <span class='ocrx_word' id='word_1_390' title='bbox 1526 4652 1601 4697; x_wconf 90' lang='lat' dir='ltr'><strong>san-</strong></span> 
     </span>
     <span class='ocr_line' id='line_1_40' title="bbox 238 4732 1600 4814; baseline 0 -17"><span class='ocrx_word' id='word_1_391' title='bbox 238 4735 423 4813; x_wconf 86' lang='lat' dir='ltr'><strong>ctimoniam,</strong></span> <span class='ocrx_word' id='word_1_392' title='bbox 446 4741 478 4796; x_wconf 87' lang='lat' dir='ltr'><strong>et</strong></span> <span class='ocrx_word' id='word_1_393' title='bbox 498 4739 677 4814; x_wconf 88' lang='lat' dir='ltr'><strong>potestatem</strong></span> <span class='ocrx_word' id='word_1_394' title='bbox 698 4732 737 4795; x_wconf 89' lang='lat' dir='ltr'><strong>ad</strong></span> <span class='ocrx_word' id='word_1_395' title='bbox 759 4750 846 4796; x_wconf 88' lang='lat' dir='ltr'><strong>sacra</strong></span> <span class='ocrx_word' id='word_1_396' title='bbox 868 4734 1031 4797; x_wconf 90' lang='lat' dir='ltr'><strong>ministeria</strong></span> <span class='ocrx_word' id='word_1_397' title='bbox 1052 4742 1158 4797; x_wconf 81' lang='lat' dir='ltr'><strong>sancte</strong></span> <span class='ocrx_word' id='word_1_398' title='bbox 1180 4732 1367 4796; x_wconf 87' lang='lat' dir='ltr'><strong>exercenda:</strong></span> <span class='ocrx_word' id='word_1_399' title='bbox 1390 4752 1483 4814; x_wconf 88' lang='lat' dir='ltr'><strong>super</strong></span> <span class='ocrx_word' id='word_1_400' title='bbox 1501 4733 1600 4798; x_wconf 87' lang='lat' dir='ltr'><strong>oleum</strong></span> 
     </span>
     <span class='ocr_line' id='line_1_41' title="bbox 239 4832 1600 4915; baseline -0.001 -18"><span class='ocrx_word' id='word_1_401' title='bbox 239 4835 448 4913; x_wconf 86' lang='lat' dir='ltr'><strong>infirmorum,</strong></span> <span class='ocrx_word' id='word_1_402' title='bbox 481 4840 513 4895; x_wconf 89' lang='lat' dir='ltr'><strong>m</strong></span> <span class='ocrx_word' id='word_1_403' title='bbox 534 4833 601 4915; x_wconf 90' lang='lat' dir='ltr'><strong>ejus</strong></span> <span class='ocrx_word' id='word_1_404' title='bbox 622 4833 724 4895; x_wconf 90' lang='lat' dir='ltr'><strong>unctio</strong></span> <span class='ocrx_word' id='word_1_405' title='bbox 745 4833 843 4913; x_wconf 89' lang='lat' dir='ltr'><strong>prosit</strong></span> <span class='ocrx_word' id='word_1_406' title='bbox 864 4832 1005 4912; x_wconf 84' lang='lat' dir='ltr'><strong>infirmis,</strong></span> <span class='ocrx_word' id='word_1_407' title='bbox 1034 4834 1071 4897; x_wconf 91' lang='lat' dir='ltr'><strong>ad</strong></span> <span class='ocrx_word' id='word_1_408' title='bbox 1099 4832 1225 4896; x_wconf 88' lang='lat' dir='ltr'><strong>salutem</strong></span> <span class='ocrx_word' id='word_1_409' title='bbox 1253 4834 1369 4895; x_wconf 90' lang='lat' dir='ltr'><strong>animae</strong></span> <span class='ocrx_word' id='word_1_410' title='bbox 1399 4840 1430 4896; x_wconf 88' lang='lat' dir='ltr'><strong>et</strong></span> <span class='ocrx_word' id='word_1_411' title='bbox 1451 4835 1600 4915; x_wconf 89' lang='lat' dir='ltr'><strong>corporis,</strong></span> 
     </span>
     <span class='ocr_line' id='line_1_42' title="bbox 242 4931 1601 5015; baseline 0.001 -20"><span class='ocrx_word' id='word_1_412' title='bbox 242 4952 318 5015; x_wconf 86' lang='lat' dir='ltr'><strong>quae</strong></span> <span class='ocrx_word' id='word_1_413' title='bbox 342 4934 442 4996; x_wconf 89' lang='lat' dir='ltr'><strong>omnia</strong></span> <span class='ocrx_word' id='word_1_414' title='bbox 465 4931 546 4996; x_wconf 86' lang='lat' dir='ltr'><strong>clare</strong></span> <span class='ocrx_word' id='word_1_415' title='bbox 568 4939 600 4996; x_wconf 90' lang='lat' dir='ltr'><strong>et</strong></span> <span class='ocrx_word' id='word_1_416' title='bbox 621 4932 783 5014; x_wconf 88' lang='lat' dir='ltr'><strong>perspicue</strong></span> <span class='ocrx_word' id='word_1_417' title='bbox 804 4950 861 5014; x_wconf 89' lang='lat' dir='ltr'><strong>per</strong></span> <span class='ocrx_word' id='word_1_418' title='bbox 882 4932 1004 4997; x_wconf 89' lang='lat' dir='ltr'><strong>easdem</strong></span> <span class='ocrx_word' id='word_1_419' title='bbox 1026 4934 1180 4996; x_wconf 86' lang='lat' dir='ltr'><strong>orationes</strong></span> <span class='ocrx_word' id='word_1_420' title='bbox 1203 4931 1399 5013; x_wconf 84' lang='lat' dir='ltr'><strong>explicantur.</strong></span> <span class='ocrx_word' id='word_1_421' title='bbox 1437 4934 1549 4997; x_wconf 85' lang='lat' dir='ltr'><strong>Verum</strong></span> <span class='ocrx_word' id='word_1_422' title='bbox 1570 4935 1601 4996; x_wconf 92' lang='lat' dir='ltr'><strong>in</strong></span> 
     </span>
     <span class='ocr_line' id='line_1_43' title="bbox 240 5030 1602 5118; baseline 0.001 -22"><span class='ocrx_word' id='word_1_423' title='bbox 240 5033 429 5101; x_wconf 86' lang='lat' dir='ltr'><strong>Eucharistia</strong></span> <span class='ocrx_word' id='word_1_424' title='bbox 451 5032 659 5096; x_wconf 87' lang='lat' dir='ltr'><strong>consecranda</strong></span> <span class='ocrx_word' id='word_1_425' title='bbox 687 5031 768 5095; x_wconf 89' lang='lat' dir='ltr'><strong>aliud</strong></span> <span class='ocrx_word' id='word_1_426' title='bbox 790 5030 929 5114; x_wconf 89' lang='lat' dir='ltr'><strong>quiddam</strong></span> <span class='ocrx_word' id='word_1_427' title='bbox 950 5052 986 5097; x_wconf 91' lang='lat' dir='ltr'><strong>se</strong></span> <span class='ocrx_word' id='word_1_428' title='bbox 1007 5042 1113 5118; x_wconf 88' lang='lat' dir='ltr'><strong>petere</strong></span> <span class='ocrx_word' id='word_1_429' title='bbox 1137 5032 1310 5115; x_wconf 87' lang='lat' dir='ltr'><strong>designant,</strong></span> <span class='ocrx_word' id='word_1_430' title='bbox 1332 5050 1440 5116; x_wconf 88' lang='lat' dir='ltr'><strong>nempe</strong></span> <span class='ocrx_word' id='word_1_431' title='bbox 1463 5034 1602 5117; x_wconf 89' lang='lat' dir='ltr'><strong>illapsum</strong></span> 
     </span>
    </p>
   </div>
   <div class='ocr_carea' id='block_1_5' title="bbox 0 0 2268 6034">
    <p class='ocr_par' dir='ltr' id='par_1_7' title="bbox 0 0 2268 6034">
     <span class='ocr_line' id='line_1_44' title="bbox 0 0 2268 6034; baseline 0 0"><span class='ocrx_word' id='word_1_432' title='bbox 0 0 2268 6034; x_wconf 95' lang='lat' dir='ltr'><strong> </strong></span> 
     </span>
    </p>
   </div>
  </div>
 </body>
</html>
