4525 6034
614 575 807 654 ΤΗΟΜΑΕ
845 573 1208 655 HERACLEENSIS.
1525 573 1600 654 387

328 764 490 858 Populos.
545 764 699 850 Quietem
724 770 868 857 praesta.

329 879 513 952 Sacerdos.
566 878 620 952 Ad
647 878 757 951 lucem
782 878 1066 968 inaccessibilem,
1104 901 1191 974 quae
1216 882 1251 950 iu
1277 889 1312 951 te
1340 888 1409 968 cst,
1443 880 1599 967 Domine,

223 1013 287 1065 uos
319 1000 500 1090 pervenire
534 994 606 1076 lac,
642 1004 675 1065 ct
708 997 795 1066 inter
826 997 996 1066 exercitus
1034 1004 1110 1067 tuos
1145 994 1305 1090 pacificos
1340 1017 1404 1067 nos
1438 1016 1599 1067 accense:

224 1116 324 1203 atque
356 1110 398 1182 ad
431 1121 559 1206 partem
593 1110 767 1181 dexteram
794 1108 892 1181 simul
918 1132 991 1181 cam
1019 1108 1134 1182 electis
1162 1114 1226 1182 tuis
1251 1132 1315 1184 nos
1343 1120 1377 1181 et
1403 1109 1480 1183 illos
1508 1132 1600 1182 con-

225 1225 341 1314 stitue3
368 1229 444 1320 quia
471 1230 503 1297 iu
529 1237 701 1297 numerum
729 1224 924 1297 dilectorum
950 1234 1079 1298 tuorum
1107 1229 1221 1299 vocati
1248 1248 1377 1299 sumus:
1413 1235 1449 1297 ut
1473 1229 1508 1296 in
1533 1224 1600 1297 hoc

168 1394 176 1399 .
225 1340 310 1410 sicut
336 1351 369 1412 ct
405 1343 440 1410 in
473 1337 625 1415 omnihus
650 1339 880 1432 glorificetur,
912 1350 945 1412 et
982 1341 1135 1414 laudetur
1166 1340 1445 1433 gloriosissimum
1475 1363 1599 1413 nomen

223 1462 325 1542 uuum,
353 1464 387 1526 ot
411 1453 634 1546 benedictum,
662 1455 824 1549 simulque
849 1456 983 1528 Domini
1008 1459 1114 1530 nostri
1137 1456 1219 1530 Jesu
1239 1456 1372 1547 Christi,
1399 1464 1433 1527 et
1453 1456 1598 1553 Spiritus

223 1572 270 1641 tui
298 1573 414 1643 sancti.

327 1686 489 1779 Populos.
543 1686 663 1759 Amen.

328 1799 512 1873 Sacerdos.
566 1802 649 1873 Pax.

208 1899 212 1904 ⁵
328 1914 490 2008 Populos.
543 1917 587 1988 Et
613 1940 689 1989 cum
715 1920 831 2013 spiritu
858 1928 923 1989 tuo.

326 2029 511 2105 Sacerdos.
563 2032 798 2107 Miseratioues
825 2034 889 2105 Dei
915 2033 989 2105 sint

327 2146 508 2218 Diaconos
534 2149 620 2219 dicit
646 2148 867 2220 Cattotscom.
921 2146 1096 2218 Sacerdos
1117 2150 1254 2242 [saepit
1280 2153 1315 2218 et
1339 2151 1461 2242 manat

327 2261 516 2334 Diacosm
562 2255 733 2356 Angelus,
761 2274 825 2335 etc.

459 2535 635 2609 Sacerdos
660 2537 746 2607 diets
773 2537 970 2608 Orationem
996 2543 1077 2607 aute
1102 2537 1205 2608 Pater
1230 2545 1358 2608 noster.

324 2725 419 2797 Deus
446 2726 563 2813 Pater,
598 2724 674 2796 Filii
705 2728 885 2817 unigeniti,
920 2725 1055 2796 Domini
1081 2723 1161 2812 Dei,
1198 2734 1233 2795 et
1264 2724 1455 2798 Salvatoris
1486 2727 1595 2801 nostri

219 2841 304 2914 Josu
331 2840 475 2930 Christi,
511 2843 567 2936 qui
594 2861 694 2936 supra
721 2862 837 2914 omnes
865 2840 1012 2930 ordines,
1040 2848 1227 2934 potestates
1254 2850 1288 2912 et
1314 2846 1447 2934 agmina
1474 2845 1594 2915 incor-

219 2979 325 3054 porea
361 2956 534 3031 extolleris
566 2966 600 3028 ct
639 2954 834 3047 honoraris,
865 2958 1026 3050 cujusque
1059 2956 1205 3047 gloriae,
1239 2955 1338 3027 millia
1371 2954 1527 3047 millium,
1560 2967 1595 3028 et

169 3150 181 3160 ,
219 3072 390 3169 myriades
411 3071 595 3168 myriadum
614 3072 839 3144 indesinenter
858 3073 1072 3144 ministerium
1093 3069 1262 3143 exhibent.
1290 3071 1342 3143 Tu
1361 3093 1448 3143 nunc
1469 3075 1594 3144 ctiam-

220 3209 311 3278 num,
337 3189 489 3274 Domine,
517 3197 652 3283 praesta
678 3185 789 3278 nohis,
815 3197 851 3259 ut
877 3209 950 3258 cum
977 3190 1182 3259 conscientia
1209 3209 1312 3282 pura,
1340 3198 1374 3259 et
1400 3209 1475 3260 cnm
1501 3185 1593 3260 fidu-

221 3306 292 3392 cia,
325 3313 425 3399 atque
452 3325 567 3376 amoro
594 3302 700 3400 qualis
732 3302 818 3376 filios
852 3302 967 3390 decet,
1005 3302 1186 3374 audeamus
1221 3306 1381 3376 invocaro
1418 3313 1452 3375 te
1484 3302 1592 3375 Deam

221 3419 353 3491 Patrem
378 3422 649 3514 omnipotentem,
676 3440 877 3513 oremusque
897 3427 930 3488 et
944 3416 1110 3489 dicamus:
1138 3417 1239 3488 l’uter
1258 3427 1373 3490 noster
1396 3420 1513 3513 quies,
1528 3430 1591 3491 etc.

323 3532 485 3627 Populos.
538 3533 780 3606 Sanctificetur.
1553 3543 1583 3614 J

324 3648 508 3720 Sacerdos.
561 3650 627 3720 Per
653 3652 809 3721 virtutem
838 3657 933 3718 tuam
952 3656 1104 3742 potestas
1138 3656 1192 3718 cst
1219 3651 1305 3719 iuter
1331 3658 1523 3740 creaturas,
1558 3660 1593 3721 ot

219 3764 296 3837 illae
323 3774 356 3837 te
382 3763 582 3856 glorificant,
617 3787 638 3836 o
666 3763 744 3835 Rex
779 3764 1007 3855 sacculorum,
1043 3772 1077 3836 ot
1101 3765 1246 3837 Domine
1273 3775 1485 3861 potestatam.
1538 3765 1592 3837 'lu

219 3884 318 3953 ctiam
334 3889 576 3977 praeservatur
588 3889 704 3953 noster
711 3902 766 3971 os3
785 3882 907 3953 salvati
925 3885 993 3953 cito
1012 3901 1127 3951 coram
1146 3891 1179 3951 te
1196 3902 1416 3976 appareamus
1437 3880 1591 3955 omnihus

218 3995 335 4069 diebus
361 3999 453 4068 vitae
479 4004 633 4068 nostrae:
666 4001 742 4091 quia
770 3995 892 4068 bonnm
921 3996 977 4069 tihi
1004 3995 1136 4067 videtur
1162 3996 1301 4068 salutem
1328 4006 1530 4090 praestare:
1558 4007 1592 4067 ct

219 4112 277 4186 tili
302 4112 444 4206 gloriam
471 4111 658 4186 referemus
679 4095 841 4207 simrdque
868 4115 1039 4205 unigenito
1066 4111 1153 4184 Filio
1182 4123 1247 4185 tuo.

321 4229 483 4321 Populos.
537 4230 656 4301 Amen.

321 4345 505 4416 Sacerdos.
559 4345 643 4416 Pax.

323 4460 485 4555 Populos.
537 4459 581 4532 Et
607 4483 682 4532 cum
709 4462 826 4555 spiritu
852 4468 921 4531 tuo.

235 4556 243 4586 ¹
321 4578 509 4649 Diaconos.
563 4577 663 4648 Ante.

319 4692 482 4786 Populus.
536 4690 660 4764 Coram
687 4700 721 4762 te
748 4691 900 4762 Domine.

321 4807 506 4881 Sacerdos.
541 4810 653 4881 Animi
669 4808 855 4901 mentisque
869 4803 1077 4902 perfectione
1095 4800 1194 4873 uobis
1213 4821 1377 4873 concessa
1397 4826 1460 4899 per
1472 4804 1587 4899 Spiri-

217 4934 283 4995 tum
311 4933 400 4995 tuum
428 4934 595 5012 sanctum,
626 4921 768 4994 benedic
794 4919 856 4993 hos
883 4942 1006 4994 servos
1034 4928 1067 4989 ct
1093 4915 1290 4988 adoratores
1318 4926 1393 4989 tuos
1420 4922 1476 5013 qui
1501 4939 1588 4991 nunc

216 5062 291 5111 cum
325 5043 444 5113 timore
479 5039 674 5112 inclinantur
707 5059 820 5109 coram
854 5045 907 5126 te,
947 5040 1167 5130 expectantes
1201 5032 1465 5106 misericordiam
1497 5045 1587 5106 tuam

254 5177 381 5222 ramma.
1334 5150 1381 5221 52
1585 5145 1589 5155 ’
