4525 6034
494 564 705 643 PRAEFATIO
731 564 772 641 IN
798 562 1006 640 LITURGIAM
1030 560 1151 640 MARCI
1177 560 1366 639 GRAECAE
1542 562 1619 637 117

239 754 319 825 inde
346 758 476 823 certum
500 753 652 839 ridetur,
685 753 835 844 officinm
866 750 950 820 illud
983 749 1235 820 Alexandrinis
1269 748 1480 820 Ortbodoais
1509 751 1619 843 fnisse

235 871 426 963 propriane,
454 890 529 938 cum
555 868 644 937 duae
670 866 806 937 alterae
831 865 1015 961 Liturpioe
1041 865 1169 935 Basilii
1195 864 1405 959 etGrcporii
1431 865 1478 934 ad
1502 866 1617 936 laco-

239 984 331 1055 bitas
358 985 548 1054 certissime
571 984 790 1075 pertineant:
814 987 852 1051 ut
879 1004 926 1053 ec
950 981 1027 1051 sola
1047 980 1270 1073 Confessione
1297 1002 1385 1074 quoe
1412 986 1493 1050 ante
1519 1002 1617 1051 com-

237 1102 428 1169 munionem
455 1100 707 1191 praemittitur,
751 1098 1026 1168 animadvertere
1066 1101 1207 1190 quisque
1243 1101 1379 1188 potest:
1420 1118 1498 1165 narn
1533 1096 1618 1165 Mo-

237 1215 494 1307 napbysitarum
519 1214 562 1284 de
588 1236 658 1282 nna
685 1211 814 1283 Cbristi
839 1219 967 1283 notura
987 1213 1089 1305 fidem
1115 1213 1291 1304 expressis
1315 1210 1432 1282 verbis
1458 1214 1617 1282 continet.

238 1328 280 1399 ln
306 1331 377 1399 ista
402 1351 446 1399 ne
475 1326 650 1399 verbulum
682 1327 816 1421 quidam
851 1331 1005 1399 occurrit
1030 1327 1075 1398 ab
1112 1326 1317 1397 Ortbodoaa
1336 1327 1497 1397 doctrina
1523 1325 1616 1396 alie-

238 1468 325 1514 num.
357 1444 452 1515 Talis
472 1443 600 1534 procul
625 1442 728 1513 dubio
755 1466 830 1514 esse
856 1443 1004 1514 debebat
1028 1441 1210 1537 Liturpiae
1237 1463 1326 1536 quoe
1353 1442 1445 1533 opud
1463 1441 1619 1512 Graecos

238 1563 276 1629 in
303 1558 492 1630 Calabriae
517 1558 742 1630 Monasteriis
768 1562 969 1630 constitutos
982 1563 1085 1652 atque
1112 1557 1201 1627 adeo
1219 1557 1439 1628 Ortbodoaos
1462 1580 1616 1649 usurpo·
1717 1578 1723 1585 ¹

238 1674 341 1745 batur
370 1677 504 1766 somna,
536 1675 573 1741 in
602 1673 707 1744 rebus
741 1675 788 1744 ad
818 1675 921 1767 tidem
951 1672 1201 1766 spectantibus,
1238 1676 1303 1743 etsi
1335 1676 1434 1743 circa
1463 1676 1552 1742 ritus
1584 1675 1620 1740 et

238 1793 428 1877 mationa,
454 1794 544 1860 esset
570 1792 660 1859 inter
687 1811 772 1876 ean,
800 1795 835 1859 ct
860 1791 1006 1859 usitatas
1038 1791 1077 1858 in
1102 1786 1265 1858 Ecclesia
1300 1785 1617 1879 Constantinopoli-

238 1911 323 1975 tana
349 1903 538 1998 Lilurpias,
567 1904 749 1974 discrimen
774 1926 843 1974 non
868 1904 1050 1991 mediocre,
1077 1903 1139 1973 sed
1161 1905 1344 1972 innoxiam.
1371 1900 1461 1972 lllud
1485 1898 1617 1971 nibilo-

236 2022 347 2089 minus
374 2022 463 2089 tanti
488 2022 595 2089 risam
629 2025 681 2091 cst
708 2019 1111 2112 Constantinopolitanis,
1146 2042 1171 2087 a
1205 2018 1335 2088 decimo
1363 2018 1505 2087 circiter
1530 2038 1616 2086 sae-

239 2135 317 2206 culo
344 2133 582 2221 Patriarcbis,
615 2139 654 2204 ut
687 2135 963 2205 Alexandrinam
995 2134 1190 2228 Liturpiom
1217 2155 1363 2226 prorsus
1394 2131 1617 2219 aboleverint,

234 2252 385 2342 pessino
413 2255 448 2321 et
473 2274 498 2321 a
522 2253 650 2320 oetais
676 2250 859 2320 Ecclesiae
884 2248 1035 2320 moribus
1061 2250 1268 2319 alienissimo
1296 2245 1461 2339 exemplo.
1494 2246 1617 2339 Itaque

238 2368 308 2435 ista
334 2388 435 2459 queam
462 2365 583 2436 Codes
609 2364 958 2457 Crpptae-Ferratae
983 2370 1226 2457 repraesentat
1250 2363 1426 2458 Liturpia,
1463 2364 1541 2454 ipsa
1566 2366 1619 2433 cst

239 2502 329 2573 assae
356 2480 451 2572 apud
478 2478 698 2551 Ortbodooos
724 2483 761 2551 in
786 2503 848 2550 asa
871 2483 950 2572 suit,
982 2479 1043 2551 sub
1071 2478 1169 2549 titulo
1195 2479 1241 2549 D.
1267 2479 1397 2566 Marci,
1434 2481 1517 2571 quio
1541 2479 1617 2548 sci-

239 2592 322 2665 licet
344 2598 524 2688 propriam
549 2595 814 2666 Alexandrinae
840 2595 1031 2682 Ecclesiae,
1060 2601 1156 2687 crpus
1178 2597 1310 2688 primus
1328 2595 1521 2686 Episcopus
1537 2596 1618 2686 fnit,

236 2713 341 2778 ritum
368 2710 586 2795 continebat,·
611 2733 721 2804 neqste
747 2710 851 2781 aliam
884 2709 1042 2781 uidentur
1078 2716 1158 2780 tunc
1192 2708 1371 2779 babrrisse:
1396 2730 1471 2778 cum
1502 2709 1617 2779 Jaco-

237 2823 333 2895 bitae
370 2831 441 2895 tres
472 2824 656 2913 baberent,
697 2830 793 2916 cujus
827 2826 1044 2918 differentiae
1071 2848 1178 2895 causa
1205 2827 1330 2918 afferri
1355 2823 1449 2894 nulla
1482 2829 1618 2916 potest:

237 2938 501 3010 obscurissimae
528 2944 616 3012 enim
641 2947 719 3010 suat
743 2940 835 3011 illins
861 2939 1064 3032 disciplinae
1091 2942 1253 3034 oripines.

322 3050 326 3055 ’
355 3055 463 3125 Unmn
497 3062 533 3126 et
574 3055 662 3125 idem
697 3059 847 3148 officinm
878 3055 1090 3146 Litnrpicum
1123 3057 1233 3146 foisse
1268 3056 1360 3124 inter
1404 3053 1618 3125 Cbristianos

237 3170 509 3241 Patriarclsatas
525 3170 769 3257 Alexandrini,
796 3178 877 3240 ante
899 3174 1039 3240 scissam
1062 3192 1128 3263 per
1142 3169 1310 3239 Dioscori
1334 3175 1524 3240 sectatores
1539 3170 1617 3241 Ec-

239 3284 392 3374 clesiam,
424 3284 647 3355 indubitatam
679 3292 748 3356 est:
779 3309 888 3379 neque
922 3307 1027 3379 usque
1060 3284 1108 3355 ad
1135 3290 1271 3377 captam
1293 3307 1360 3377 per
1385 3285 1615 3357 Mulomedo-

236 3421 299 3470 nos
335 3399 536 3493 Aepyptum,
563 3403 760 3471 mutationis
793 3399 895 3470 ullius
924 3403 1079 3470 occurrit
1112 3399 1169 3469 ael
1207 3400 1407 3471 mancinum
1446 3400 1616 3471 indiciam.

237 3513 333 3586 Istud
359 3515 530 3585 duntaxat
556 3515 737 3587 discrimen
763 3518 854 3585 inter
879 3515 1062 3587 Jacobitas
1087 3521 1123 3585 et
1143 3514 1365 3586 Ortbodocos
1380 3518 1479 3586 circa
1505 3516 1617 3586 disci-

233 3629 365 3722 plinam
391 3629 691 3718 animadvertitur,
725 3630 816 3724 quod
846 3634 951 3722 primi
983 3629 1129 3722 Coptica
1155 3629 1262 3700 solean
1290 3653 1351 3701 sen
1386 3634 1507 3700 natica
1536 3633 1617 3703 Ae-

236 3746 401 3839 ppptiaca
432 3742 549 3837 linpaa
580 3744 773 3838 Liturpiam
813 3744 990 3815 celebrant
1028 3767 1052 3814 a
1083 3744 1195 3814 multis
1233 3746 1398 3816 saeculis:
1441 3749 1501 3817 isti
1543 3744 1619 3815 sola

239 3860 389 3929 Graeca.
443 3858 542 3929 Haec
570 3880 682 3951 porro
711 3866 819 3948 certa,
852 3864 884 3932 si
918 3882 1007 3954 quae
1039 3882 1199 3954 ananan,
1232 3866 1433 3954 conjectura
1466 3860 1618 3932 rideba-

238 3980 310 4061 tur,
350 3996 426 4043 cum
466 3973 588 4046 nullms
628 3975 758 4045 Graeci
796 3976 928 4047 codicis
965 3975 1204 4046 Jacobitarum
1243 3975 1416 4072 Liturpici
1454 3979 1619 4047 memoria

238 4094 395 4175 ectaret,
436 4088 526 4159 adeo
565 4095 605 4159 ut
644 4111 689 4160 ea
728 4091 805 4162 sola
842 4094 981 4161 ratione
1032 4091 1123 4183 quod
1161 4091 1408 4163 Aleaondrina
1446 4092 1617 4184 Liturpia,

239 4204 378 4274 Graece
410 4206 544 4297 scripta
578 4210 686 4293 esset,
714 4196 944 4277 demonstrari
977 4206 1153 4276 oideretar
1194 4228 1270 4277 cam
1309 4208 1357 4276 ad
1398 4206 1619 4277 Ortbodonos

234 4323 423 4412 pertinere.
477 4317 577 4389 Hanc
609 4326 721 4391 tarmen
753 4319 968 4392 omisbnilem
1001 4326 1036 4390 et
1067 4324 1178 4392 oariis
1212 4325 1419 4415 arpumentis
1449 4324 1619 4414 pinsatum

95 4504 97 4511 ,
238 4438 471 4523 conjecturam
504 4438 623 4506 unicus
649 4436 890 4507 Bibliotbecac
916 4437 1052 4530 Rspice
1079 4437 1193 4506 coden
1219 4440 1350 4508 evertit.
1377 4437 1436 4508 Ea
1462 4457 1506 4506 eo
1530 4438 1620 4506 enim

238 4548 466 4620 intelleximus
505 4548 704 4638 Jacobitas,
738 4554 803 4623 etsi
835 4573 904 4621 non
943 4551 1060 4645 mulpo,
1102 4550 1231 4622 alicubi
1272 4558 1385 4623 tanen
1427 4551 1620 4646 Litnrpiam

242 4663 378 4734 Graece
406 4663 610 4752 celebrasse,
637 4667 818 4737 secundum
845 4688 920 4736 eam
946 4668 1141 4736 orationum
1167 4671 1202 4736 et
1221 4670 1346 4737 rituum
1368 4672 1515 4760 formam
1529 4689 1619 4761 quae

242 4780 278 4847 in
305 4777 435 4849 Codice
461 4780 574 4873 tlepio
599 4783 803 4851 continetur.
838 4780 960 4873 Neque
986 4786 1039 4852 est
1064 4781 1156 4874 qsrod
1180 4780 1274 4851 illam
1298 4785 1526 4853 recentiorem
1544 4804 1619 4853 esse

244 4895 471 4985 suspicatum
504 4916 578 4964 cim
607 4900 752 4987 praeter
785 4898 1022 4988 antiquitatem
1054 4917 1144 4988 qnae
1170 4901 1221 4968 est
1246 4897 1414 4968 undecimi
1440 4903 1501 4969 aut
1525 4896 1619 4968 duo-

246 5008 367 5079 decimi
390 5010 532 5097 saeculi,
559 5016 595 5080 et
615 5014 769 5102 fortune
792 5013 968 5104 asperior,
1002 5016 1131 5082 certem
1156 5013 1203 5083 sit
1228 5034 1273 5082 ea
1298 5018 1424 5103 aetate,
1452 5020 1488 5086 et
1512 5019 1618 5087 ante-
