4525 6034
451 579 453 582 ⁵
575 636 702 715 norm
728 636 1194 716 nmmomumrun.
1493 638 1564 712 161

205 844 281 890 acm
323 824 368 887 Ea
389 823 455 887 sola
477 824 595 887 mdone
616 823 688 887 sads
710 831 828 887 constat
850 821 1013 904 liturgiam
1033 822 1121 885 istam
1143 821 1287 886 alatinis
1309 819 1487 900 bominibus,
1509 822 1569 885 illis

204 925 377 1007 praesertim
407 942 483 1006 quos
510 922 601 987 realis
624 924 815 1004 praesentiae
837 921 925 986 iidem
947 924 978 983 in
1001 921 1126 984 Oriente
1149 940 1339 1004 propagasse
1361 922 1568 985 Protestantes

204 1023 314 1101 volunt,
337 1023 545 1105 interpolatam
567 1040 628 1084 nou
650 1021 754 1086 luisse.
783 1021 872 1084 Nullo
896 1022 973 1084 enim
995 1029 1132 1083 veterum
1156 1022 1307 1104 exemplo,
1329 1020 1425 1084 verba
1447 1019 1569 1085 Christi.

202 1123 265 1186 Hoc
277 1130 322 1185 cst
332 1141 443 1202 corpses
458 1143 564 1201 mecm,
588 1121 646 1183 llic
668 1128 714 1183 ert
734 1122 820 1183 culix
841 1121 1000 1201 sanguinis
1020 1122 1089 1196 mai,
1112 1128 1168 1184 etc.
1193 1124 1377 1200 omittuntur,
1400 1120 1570 1183 reclaman-

202 1219 277 1283 tibus
299 1221 426 1302 reliquis
447 1223 584 1285 omnibus
608 1221 823 1303 cujuscumque
845 1228 948 1282 sectae
961 1227 1011 1281 aut
1024 1219 1147 1302 linguae
1161 1220 1364 1284 Orientalibus
1381 1220 1576 1286 Christianis.¹

202 1320 317 1402 Ouippc
346 1324 372 1383 si
403 1329 464 1384 tres
488 1330 538 1384 aut
561 1329 690 1402 quatuor
712 1320 853 1401 Syriacas
875 1318 1026 1400 liturgias
1049 1320 1232 1401 excipimus,
1262 1339 1340 1401 quae
1363 1321 1471 1383 eodem
1494 1321 1566 1382 vitio

200 1419 346 1499 laborant,
370 1420 452 1483 nulla
474 1428 520 1484 est
543 1439 621 1503 quae
644 1421 792 1483 hocloco
815 1437 902 1482 sacra
925 1420 975 1482 illa
997 1418 1091 1481 verba
1104 1437 1165 1481 non
1176 1427 1403 1501 repraesentet:
1427 1420 1568 1501 quodque

200 1519 359 1582 notandum
374 1524 500 1584 maxime
524 1528 581 1598 est,
605 1539 672 1584 cum
693 1538 752 1583 una
773 1520 890 1583 illarum
912 1537 949 1581 ea
971 1520 1009 1581 sit
1032 1536 1110 1599 quae
1123 1518 1299 1600 Dionysium
1310 1518 1455 1582 Barsalibi
1478 1526 1568 1581 auto-

200 1638 262 1681 rem
283 1619 388 1697 babet,
418 1621 484 1702 ipse
506 1622 538 1683 in
560 1619 780 1683 Commentario
803 1617 840 1680 ad
862 1617 969 1681 iacobi
990 1618 1171 1700 Liturgiam,
1195 1619 1389 1700 pronunciari
1412 1619 1524 1682 debere
1548 1636 1566 1680 a

200 1717 362 1782 Sacerdote
386 1721 490 1783 eadem
512 1719 607 1782 verba
629 1718 721 1781 docet
743 1718 915 1800 perspicue.
962 1718 1042 1785 llere
1069 1717 1163 1799 igitur
1183 1728 1308 1800 questus
1332 1727 1379 1781 est
1400 1718 1438 1782 de
1461 1719 1567 1781 ldaro·

198 1818 264 1880 uitis
286 1819 324 1881 ad
347 1836 424 1900 quos
447 1819 591 1882 Visitator
612 1817 807 1900 Apostolicus
830 1818 938 1879 missus
962 1815 1059 1878 luerat
1080 1816 1280 1899 Hieronymus
1298 1817 1463 1895 Dandinus,
1486 1816 1568 1899 quod

129 1923 133 1928 ’
198 1918 227 1978 in
256 1917 371 1999 aliquot
399 1936 502 1981 eorum
531 1918 684 1981 codicibus
713 1917 743 1979 id
768 1917 872 1979 vitium
893 1916 1105 1979 observasset:
1136 1918 1271 1996 quamvis
1301 1933 1362 1977 non
1392 1924 1496 1979 essent
1525 1916 1569 1978 illi

197 2015 412 2080 llaronitarum
441 2019 574 2100 proprii,
604 2017 659 2081 sed
688 2015 901 2080 Jacobitarum.
946 2015 1099 2096 interpres
1128 2023 1158 2077 et
1181 2022 1398 2078 commentator
1420 2014 1569 2078 itinerarii

196 2114 327 2179 Dandini
348 2118 496 2181 Ricardus
518 2119 629 2194 Simon,
652 2136 719 2180 cum
741 2123 886 2198 excerpta
908 2114 1023 2196 aliquot
1040 2115 1242 2197 liturgiarum
1265 2115 1412 2196 ejusmodi
1426 2134 1443 2178 a
1457 2115 1568 2177 Fausto

196 2215 330 2280 Nairono
354 2217 534 2297 accepisset,
558 2217 679 2298 longam
695 2235 732 2279 ea
748 2216 909 2279 occasione
925 2214 1161 2295 disquisitionem
1176 2216 1312 2293 instituit,
1334 2233 1413 2297 quac
1435 2214 1569 2278 colorem

197 2316 327 2398 aliquem
348 2318 484 2380 veritatis
508 2316 629 2379 babebit
655 2317 734 2398 apud
757 2314 932 2392 nonnullos,
954 2314 1010 2378 sed
1033 2315 1069 2396 ab
1091 2315 1142 2378 illa
1165 2315 1250 2379 abest
1272 2335 1360 2398 quam
1381 2315 1567 2400 longissime.

198 2414 284 2487 Ouod
315 2415 395 2477 enim
424 2413 646 2480 invocationem
676 2415 774 2479 sancti
804 2415 932 2496 Spiritus
961 2433 1039 2496 quae
1067 2415 1158 2497 paulo
1187 2424 1257 2497 post
1283 2415 1441 2499 subjicitur
1462 2413 1568 2477 iisdem

196 2514 309 2593 verbis,
334 2522 425 2595 atque
448 2517 478 2578 in
499 2516 642 2597 Liturgiis
665 2515 790 2579 Graecis
812 2521 910 2594 extat,
933 2513 1051 2577 videret
1072 2514 1109 2576 ab
1132 2514 1348 2596 Orientalibus,
1370 2533 1478 2599 magna
1501 2532 1569 2577 cum

195 2616 370 2678 reverentia
393 2615 596 2697 pronunciari,
619 2616 803 2678 existimavit
831 2615 879 2677 vir
901 2614 1053 2692 eruditus,
1081 2622 1115 2677 ut
1141 2614 1295 2692 Graecos,
1325 2615 1366 2678 ita
1396 2613 1569 2677 Orientales

196 2717 247 2795 qui
269 2713 407 2777 eamdem
424 2714 597 2779 Orationem
615 2714 735 2795 babent,
759 2722 850 2798 totam
873 2714 1071 2777 consecrandi
1094 2715 1155 2778 vim
1178 2714 1235 2776 illis
1258 2715 1435 2777 attribuere:
1459 2713 1569 2777 nullam

197 2822 247 2876 aut
268 2816 413 2897 exiguam
435 2813 537 2876 verbis
559 2815 734 2877 Dominicis.
779 2814 821 2876 At
843 2832 941 2895 neque
965 2813 1083 2893 Graeci,
1106 2832 1206 2895 neque
1230 2814 1297 2896 ipse
1319 2814 1439 2877 llarcus
1463 2812 1570 2893 Ephe·

195 2914 269 2992 sius,
293 2932 384 2995 quem
407 2915 521 2977 erroris
544 2914 740 2978 architectum
763 2931 832 2976 esse
854 2914 977 2993 volunt,
1008 2916 1038 2975 in
1062 2931 1098 2977 ca
1121 2932 1252 2996 unquam
1274 2915 1415 2997 opinione
1439 2912 1569 2988 luerunt,

197 3013 249 3076 sed
273 3012 349 3076 illud
368 3012 461 3076 modo
483 3013 616 3096 probare
638 3013 781 3097 aggressi
801 3020 881 3092 sunt,
905 3030 965 3076 non
981 3013 1056 3076 solia
1068 3012 1171 3076 verbis
1183 3013 1339 3077 dominicis
1352 3011 1570 3075 Eucharistiam

199 3112 385 3174 consecrari.
428 3112 536 3195 Neque
559 3111 744 3175 Catholicam
766 3112 945 3192 doctrinam,
975 3113 1031 3175 sed
1053 3113 1220 3193 aliquorum
1248 3112 1474 3197 Theologorum
1500 3110 1570 3192 pla-

198 3209 256 3271 cita
286 3210 513 3294 impugnabant,
537 3230 640 3275 eorum
671 3211 806 3291 scilicet,
836 3212 887 3293 qui
915 3212 1018 3275 verbis
1048 3212 1112 3274 istis
1143 3220 1230 3275 extra
1258 3230 1375 3275 sacram
1408 3214 1568 3286 actionem,

199 3309 314 3390 absque
344 3311 466 3389 ritibus,
495 3320 526 3374 et
554 3311 752 3374 caeremoniis
779 3311 992 3392 praescriptis,
1023 3329 1213 3394 quocumque
1240 3313 1329 3375 modo
1359 3319 1411 3375 aut
1437 3312 1505 3374 loco
1533 3329 1570 3372 ea

197 3408 418 3490 proferrentur,
443 3414 701 3475 consecrationem
724 3411 830 3492 perfici
853 3412 1085 3476 contendebant.
1113 3411 1174 3476 Sed
1196 3431 1295 3494 neque
1318 3413 1367 3475 vel
1382 3431 1441 3475 nna
1453 3411 1571 3473 Graeca

196 3504 335 3591 liturgia
358 3519 404 3573 est
427 3518 478 3572 aut
501 3509 565 3590 luit,
588 3530 666 3593 quae
690 3519 808 3574 careret
829 3511 925 3574 sacris
954 3511 1012 3574 illis
1033 3512 1153 3575 verbis:
1184 3519 1215 3575 et
1237 3515 1373 3594 quamvis
1397 3512 1506 3575 Graeci
1528 3511 1570 3572 ita

196 3617 363 3687 errassent,
385 3629 437 3672 res
461 3628 566 3674 eorum
588 3611 745 3693 agebatur,
768 3628 830 3674 non
861 3610 1007 3693 Syrorum
1036 3610 1255 3692 Jacobitarum,
1286 3631 1304 3672 a
1334 3613 1441 3694 quibus
1471 3610 1571 3673 vehe-

195 3710 380 3772 mentissime
403 3710 629 3789 dissentientes,
653 3711 734 3773 circa
756 3709 905 3773 incarnati
928 3710 1020 3773 Verbi
1042 3711 1218 3793 mysterium
1242 3719 1272 3774 et
1294 3710 1422 3775 Concilii
1438 3709 1570 3773 Calcbe-

195 3807 341 3872 donensis
373 3813 581 3884 autoritatem,
616 3810 734 3873 dmcere
767 3829 827 3874 nou
856 3819 997 3892 poterant
1026 3811 1186 3893 quidquam
1216 3812 1297 3892 quod
1325 3810 1362 3874 ad
1390 3810 1570 3895 religionem

197 3910 375 3990 pertineret,
400 3929 466 3972 cum
490 3910 577 3973 alteri
600 3911 714 3973 alteros
736 3909 773 3972 ad
792 3910 1028 3973 communionem
1043 3929 1104 3974 non
1118 3910 1324 3974 admitterent:
1347 3911 1439 3974 multo
1462 3911 1570 3985 minus,

198 4025 234 4070 ea
257 4027 337 4089 quae
361 4009 469 4072 Graeci
492 4018 562 4073 tunc
585 4010 775 4093 ignorabant.
824 4010 898 4072 Nam
921 4010 971 4090 qui
994 4009 1081 4092 hujus
1103 4028 1171 4072 cum
1193 4010 1305 4074 Latinis
1328 4011 1569 4084 controversiae,

198 4114 268 4169 ante
293 4106 450 4171 Cabosilae
473 4117 609 4191 tempora
637 4110 814 4188 meminerit,
845 4109 956 4182 nullm,
973 4110 1135 4191 reperitur.
1190 4110 1372 4173 Frustranea
1403 4112 1495 4191 igitur
1523 4114 1570 4170 est

200 4205 307 4268 similis
329 4208 555 4289 interpretatio:
586 4227 684 4291 neque
707 4210 804 4292 magis
826 4209 911 4271 firma
934 4208 1034 4271 Fausti
1056 4209 1198 4288 Naironi,
1228 4209 1355 4273 hominis
1377 4209 1450 4270 nihil
1472 4209 1570 4270 minus

200 4323 290 4385 quam
315 4305 472 4390 Theologi,
495 4309 681 4390 conjectura,
705 4308 786 4391 quod
802 4309 907 4371 vitium
928 4306 1000 4369 illud
1022 4309 1181 4389 irrepserit
1203 4309 1357 4372 exilisse
1379 4307 1571 4371 Praesancti-

199 4402 367 4468 beatorum.
397 4407 471 4469 Nam
493 4407 647 4491 singulare
670 4408 749 4471 illius
771 4408 916 4484 Olllcium,
938 4415 1078 4487 quantum
1100 4428 1141 4470 ex
1163 4410 1387 4491 comparatione
1410 4407 1571 4470 multorum

200 4503 346 4566 Codicum
374 4507 551 4588 perspicere
577 4506 678 4583 licuit,
712 4524 772 4569 non
801 4507 912 4571 babent
938 4506 1020 4588 Syri:
1051 4515 1082 4570 et
1104 4508 1320 4571 Graecanicum
1346 4526 1446 4588 neque
1476 4504 1570 4568 verba

200 4602 314 4665 Christi
335 4605 443 4683 babet;
470 4625 570 4689 neque
598 4606 824 4672 invocationem
851 4608 979 4691 Spiritus
1007 4607 1114 4673 sancti.
1164 4608 1232 4672 Alia
1262 4609 1353 4690 igitur
1380 4605 1453 4670 nodi
1481 4604 1570 4688 hujus

200 4702 314 4766 solatio
338 4705 511 4787 quaerenda
534 4714 590 4786 est,
613 4708 789 4789 simplicior,
810 4709 924 4788 verior,
946 4715 976 4771 et
998 4708 1095 4770 minus
1118 4724 1260 4790 operoso
1650 4708 1655 4714 ’

288 4804 460 4868 Verisimile
482 4805 574 4889 igitur
596 4814 643 4870 est
668 4807 832 4890 Linrrgiam
860 4810 965 4887 mmm,
995 4826 1073 4889 quae
1103 4809 1280 4871 brevissima
1308 4813 1373 4885 est,
1403 4804 1440 4867 ab
1468 4801 1568 4884 aliquo

202 4899 386 4985 descriptam
415 4905 466 4987 qui
495 4906 589 4968 verba
618 4925 705 4970 sacra
736 4925 793 4988 per
821 4907 1028 4990 compendium
1058 4907 1263 4989 expresserit,
1297 4912 1330 4967 ut
1359 4904 1465 4966 multas
1494 4901 1569 4965 alias
1649 4974 1655 4985 ,

203 5002 357 5067 orationes
380 5021 563 5085 communes,
585 5025 663 5088 quae
685 5015 718 5070 ut
740 5007 914 5071 notissimae
937 5008 1062 5072 vocibus
1084 5015 1196 5070 tantum
1218 5006 1380 5070 initialibus
1401 5005 1569 5087 designan-

202 5105 262 5166 tur.
307 5100 465 5184 imperitus
489 5103 597 5168 deinde
620 5106 759 5172 librarius
781 5108 938 5189 quispiam,
961 5107 1134 5171 illisuerbia
1152 5108 1281 5186 omissis,
1304 5105 1370 5170 lloc
1392 5113 1439 5169 ert
1458 5121 1571 5186 corpur
