4525 6034
569 578 621 653 All
638 576 845 654 HTURGLAM
865 575 1059 653 GOPFICAM
1083 576 1113 653 S.
1130 576 1277 653 sstsutt
1530 576 1606 648 277

230 763 380 844 planeque
402 758 558 824 iudaicam
580 758 751 822 felicitatem
780 760 997 842 imaginantur,
1026 779 1067 822 ex
1097 778 1156 842 qua
1178 757 1311 821 Arabum
1341 758 1608 840 Pseudopropheta

230 861 366 923 inaniora
390 857 489 922 adbuc
510 860 667 940 magisque
689 859 839 940 flagitiosa
862 868 1028 921 commenta
1046 860 1175 940 accepit,
1197 877 1238 920 ex
1260 856 1370 938 quibm
1384 863 1503 938 turpem
1526 857 1608 921 illum

230 977 317 1022 suurn
340 958 513 1041 paradisum
535 958 692 1033 instruxit,
715 959 853 1020 omnibus
869 957 1014 1020 Alcorani
1036 958 1157 1039 paginis
1179 956 1378 1018 decanatum.
1413 955 1447 1018 ln
1460 956 1607 1036 utrisque,
1731 963 1734 968 “

229 1065 288 1120 um
310 1056 455 1130 ludaeis,
478 1073 567 1136 vam
588 1055 814 1118 Euhemedanis
838 1056 1038 1137 scriptoribus
1061 1056 1172 1119 eruditi
1192 1055 1324 1118 lectores
1338 1061 1507 1138 agnoscunt
1529 1072 1608 1116 con·

229 1155 329 1217 datam
352 1175 393 1218 ex
415 1155 566 1236 scriptura
588 1172 676 1217 sacra
699 1172 793 1235 prave
815 1153 982 1231 intellecta,
1005 1154 1242 1217 millenariorum
1269 1161 1301 1216 et
1330 1161 1468 1215 veterum
1495 1152 1608 1215 baere-

229 1257 361 1317 ticorum
383 1255 523 1331 somniis,
546 1239 678 1332 paradisi
699 1253 862 1334 voluptatis
885 1252 1132 1334 descriptionem:
1156 1271 1234 1334 quae
1251 1253 1362 1315 nemini
1385 1250 1555 1314 Christiano
1578 1253 1608 1313 in

229 1361 364 1415 mentem
386 1352 520 1426 venerit3
544 1358 657 1413 tantm
680 1352 785 1431 abest,
806 1357 839 1413 ιιι
861 1370 879 1413 a
900 1349 1025 1413 ludaeis
1053 1349 1215 1413 Christiani
1236 1351 1294 1413 boe
1316 1352 1347 1411 in
1369 1366 1486 1430 genere
1517 1350 1607 1430 quid-

229 1468 320 1532 quam
344 1451 529 1532 acceperint.

316 1549 410 1622 onoc
431 1557 555 1612 sanctos
578 1549 698 1626 attinet,
730 1566 859 1629 quorum
887 1550 1007 1611 nomina
1035 1549 1092 1611 bac
1122 1550 1153 1610 in
1181 1557 1336 1629 postrema
1365 1546 1511 1611 Oratione
1542 1547 1606 1611 Co-
1650 1548 1930 1621 Dcaunsdsqnosco·

229 1648 325 1731 ptitae
349 1653 598 1725 commemorant,
621 1647 679 1708 etsi
702 1646 741 1707 de
762 1646 821 1708 iilis
844 1647 1029 1709 commodior
1051 1644 1162 1728 agendi
1184 1646 1270 1709 locus
1293 1656 1376 1711 essct
1399 1646 1430 1707 iu
1451 1640 1915 1710 commen-tiilttwmmemmt

230 1748 308 1810 tario
333 1764 443 1826 mem,
464 1746 492 1808 si
514 1763 591 1825 opus
613 1742 787 1823 ridebitur,
809 1743 1007 1827 adiungemus
1030 1745 1068 1806 ad
1091 1742 1302 1808 calendarium
1333 1748 1483 1827 ipsorum,
1511 1765 1606 1828 pauca

230 1853 333 1907 tamen
355 1844 459 1906 dicere
482 1845 749 1924 operaepretium
771 1845 838 1906 erit
885 1843 931 1906 De
953 1842 1012 1905 illis
1035 1842 1101 1904 luse
1124 1845 1189 1924 agit
1203 1843 1413 1924 Synaxarium,
1437 1844 1610 1926 quodinter

230 1942 466 2005 Ecclesiasticus
489 1940 584 2004 libros
608 1958 670 2003 non
692 1949 877 2022 postremum
899 1940 998 2002 locum
1021 1940 1144 2004 obtinet.
1178 1941 1222 2003 Ea
1235 1950 1306 2004 sunt
1317 1944 1445 2024 duplicis
1467 1945 1608 2025 generis:
1726 1939 1729 1946 “

230 2057 299 2104 aaru
321 2041 443 2121 antiqua
466 2047 498 2103 et
520 2058 598 2121 quae
620 2041 752 2122 legitima
781 2039 840 2101 dici
861 2047 1004 2120 possent,
1034 2041 1061 2101 si
1089 2057 1150 2102 non
1177 2042 1285 2122 ingens
1309 2040 1484 2122 corruptela
1515 2048 1608 2103 totum

231 2140 289 2202 noc
312 2139 458 2201 librorum
482 2157 581 2222 genus
604 2140 808 2220 pervasisset,
831 2157 868 2201 ea
890 2146 977 2201 erant
998 2139 1029 2200 in
1051 2139 1160 2218 quibus
1182 2139 1260 2202 Acta
1282 2138 1465 2221 blartprum,
1488 2159 1529 2202 ex
1550 2157 1609 2201 ve-

230 2239 319 2300 tustis
344 2238 498 2300 codicibus
522 2238 674 2318 descripta
705 2237 945 2314 continebantur,
968 2237 1069 2317 qualia
1092 2238 1163 2300 olim
1186 2238 1265 2319 apud
1289 2237 1477 2301 Christianos
1499 2238 1610 2319 Aegy-

230 2338 331 2418 ptios,
359 2343 393 2398 ιιι
419 2337 450 2398 in
472 2338 611 2400 omnibus
641 2336 708 2399 aliis
737 2335 883 2398 Ecclesia
915 2344 1095 2398 conservata
1124 2336 1237 2415 fuisse,
1270 2345 1394 2417 praeter
1424 2355 1609 2399 communem

229 2437 424 2517 aemorum
450 2442 620 2517 temporum
649 2433 912 2513 consuetudrnem,
943 2434 1073 2514 probant
1101 2453 1163 2498 non
1193 2435 1412 2499 contemnenda
1442 2436 1611 2519 fragmenta

229 2534 445 2615 martyriorum
467 2533 755 2606 Alexandrinorum,
778 2551 855 2615 quae
879 2535 1035 2595 extantia
1057 2534 1386 2598 historial’atriarclrali
1404 2536 1511 2599 Severi
1532 2538 1610 2619 Epi-

229 2634 319 2715 scopi
342 2632 630 2712 Aschmonineusis,
654 2633 829 2715 depromta,
852 2640 886 2694 ιιι
907 2632 1070 2694 verisimile
1093 2642 1157 2712 est,
1189 2652 1228 2696 ex
1250 2634 1400 2714 Eusebio,
1430 2637 1610 2716 praesertim

229 2732 309 2795 libro
334 2731 373 2793 de
395 2731 588 2813 llarlyribus.
632 2732 746 2795 Eadem
768 2732 839 2795 olim
862 2729 979 2793 Graeco
1003 2729 1192 2812 Copticoque
1214 2750 1355 2796 sermone
1377 2743 1558 2797 conservata
1579 2735 1610 2796 iu

230 2830 418 2894 ilonaaterio
448 2832 545 2894 sancti
573 2831 716 2910 Masurii,
745 2839 895 2894 testantur
923 2838 1045 2892 autores
1078 2831 1180 2909 multi,
1208 2831 1299 2912 idque
1325 2834 1452 2895 innuere
1476 2833 1610 2896 Severus

230 2929 297 3010 ipse
321 2927 452 2992 videtur.
497 2931 608 2993 Verum
639 2949 679 2993 ex
709 2948 770 3012 quo
799 2933 831 2992 in
859 2928 1018 2995 Arabicam
1048 2928 1182 3010 linguam
1212 2929 1348 2993 translati
1371 2938 1441 2993 sunt
1463 2929 1610 3011 eJusmodi

233 3026 315 3104 libri,
340 3030 498 3107 perierunt
519 3029 707 3109 exemplaria
730 3028 867 3109 Coptica,
890 3028 966 3091 adeo
988 3036 1022 3090 ut
1043 3027 1155 3094 nullum
1173 3030 1236 3110 jam
1259 3028 1368 3091 dudum
1391 3029 1421 3089 in
1444 3028 1612 3092 Bibliothe-

231 3127 276 3190 cis
299 3135 455 3207 appareat.
500 3126 653 3190 Arabicae
674 3129 836 3191 versiones
858 3126 935 3190 adeo
957 3126 1158 3207 interpolatae
1173 3136 1254 3205 sunt,
1279 3135 1310 3189 ut
1323 3127 1395 3189 nihil
1411 3129 1507 3190 minus
1522 3146 1610 3209 ιῃιιιιι

233 3233 341 3289 vetera
365 3225 482 3288 Graeca
496 3224 575 3288 Acta
597 3233 847 3308 repraesentent,
870 3227 1049 3305 praesertim
1072 3244 1151 3304 cum,
1174 3227 1252 3289 sicut
1274 3227 1304 3287 in
1316 3226 1425 3289 talibus
1448 3230 1611 3304 usuvenit,

232 3342 294 3387 aon
316 3324 408 3387 modo
430 3326 633 3406 interpretes,
655 3324 711 3388 sed
733 3326 941 3406 exscriptores
963 3323 1133 3386 addiderint
1155 3324 1300 3406 quidquid
1328 3325 1402 3405 ipsis
1431 3325 1611 3389 occurrebat

232 3423 271 3486 de
294 3422 403 3486 eodem
426 3432 613 3506 argumento.
657 3423 762 3505 ltaque
783 3424 870 3487 Actis
892 3422 952 3485 illis
974 3430 1025 3484 ant
1047 3424 1116 3485 vitis
1138 3423 1211 3485 nibil
1234 3423 1479 3499 contaminatius,
1509 3441 1609 3504 neque

231 3520 398 3603 Legendae
419 3531 571 3585 nostrates
594 3530 732 3601 veteres,
754 3523 873 3603 possint
895 3519 1044 3584 absurdae
1066 3522 1180 3600 videri,
1203 3524 1230 3584 si
1253 3541 1320 3585 curn
1343 3521 1402 3586 illis
1425 3539 1609 3605 comparen-

231 3627 288 3682 tur.
333 3620 378 3682 Ea
400 3639 477 3683 aero
499 3623 623 3702 proprie
646 3621 801 3701 loquendo
824 3620 991 3703 Synaxaria
1013 3639 1074 3683 non
1097 3629 1183 3696 sunt,
1205 3621 1260 3684 sed
1282 3622 1460 3703 compendia
1484 3621 1608 3684 alterius

231 3721 374 3805 generis,
397 3720 545 3782 simillima
568 3722 605 3782 iis
627 3737 755 3802 quorum
778 3723 808 3782 in
830 3720 968 3782 Ecclesia
991 3720 1109 3783 Graeca
1132 3737 1205 3782 usus
1229 3728 1285 3798 est,
1309 3728 1340 3782 et
1362 3738 1440 3802 quae
1464 3738 1521 3801 per
1543 3721 1606 3781 cir·

230 3819 330 3880 culum
354 3819 424 3880 anni
446 3818 598 3899 descripta
620 3828 707 3898 sunt,
731 3829 765 3882 ut
784 3819 929 3881 historiae
950 3827 1116 3900 sequantur
1138 3820 1275 3881 ordinem
1302 3818 1484 3883 Kalendarii.
1532 3817 1606 3881 Cum

230 3925 332 3979 antem
354 3934 411 3998 pro
432 3925 584 3980 sectarum
606 3916 782 3981 diversitate
805 3919 844 3980 sit
866 3935 986 3998 quoque
1008 3919 1038 3979 in
1060 3919 1345 3996 commemoratione
1362 3925 1535 3980 sanctorum
1559 3917 1609 3980 di-

230 4016 378 4093 versitas,
407 4015 615 4078 ldelchitarum
641 4035 698 4080 sen
729 4016 975 4080 orthodoxorum
1006 4016 1076 4078 libri
1104 4035 1122 4078 a
1156 4017 1333 4079 lacebiticis
1363 4015 1521 4095 differunt,
1552 4019 1611 4080 etsi

229 4116 396 4195 primorum
417 4113 609 4178 saeculorum
631 4118 727 4178 sancd
750 4116 917 4196 aequaliter
939 4117 977 4177 ab
1000 4116 1138 4179 omnibus
1162 4115 1366 4178 celebrentur.
1412 4115 1471 4178 Sed
1485 4135 1526 4179 ex
1549 4134 1609 4196 quo

230 4214 349 4275 scissae
370 4210 492 4275 luerunt
513 4214 671 4278 Ecclesiae
694 4224 764 4296 post
787 4214 954 4278 Concffium
978 4214 1246 4292 Calchedonense,
1269 4215 1437 4278 Dioscorus
1452 4222 1482 4278 et
1504 4216 1609 4295 plures

231 4311 299 4391 ejus
322 4329 521 4375 successores
543 4321 595 4375 aut
616 4321 785 4377 satuentes
814 4313 901 4376 tastis
931 4316 1028 4377 sacris
1056 4315 1199 4395 adscripti
1230 4321 1318 4391 sunt,
1348 4321 1381 4375 ut
1410 4312 1452 4374 illi
1482 4331 1609 4394 quorum

231 4411 354 4471 nomina
376 4411 406 4472 in
429 4411 587 4492 Diptycbis
610 4422 783 4478 occurrunt.
828 4413 861 4474 ln
883 4415 939 4475 ista
962 4432 1038 4477 vero
1062 4413 1164 4475 ultima
1184 4411 1416 4488 benedictione,
1438 4412 1520 4492 quod
1541 4429 1609 4474 ma-

232 4509 313 4569 xime
337 4508 576 4587 observandum,
597 4511 698 4574 nullus
721 4512 861 4593 ambigua
883 4512 960 4574 iarna
983 4513 1134 4588 occurrit,
1164 4512 1219 4574 sed
1241 4511 1354 4593 Angeli
1377 4518 1428 4572 aut
1449 4510 1610 4590 Martyres,

232 4617 285 4669 aut
307 4608 427 4671 tandem
450 4609 510 4687 illi,
541 4609 649 4692 quibus
677 4611 776 4674 bonor
796 4630 854 4692 per
881 4628 987 4673 omnes
1013 4611 1168 4674 Ecclesiae
1192 4629 1313 4692 semper
1335 4618 1367 4672 et
1388 4610 1500 4690 ubique
1523 4608 1610 4671 dela-

230 4713 283 4768 tus
306 4715 362 4771 est.

321 4804 366 4868 De
388 4805 517 4889 Angelis
548 4806 745 4884 monendum,
780 4807 842 4890 legi
872 4809 952 4889 apud
982 4808 1154 4872 Orientales
1185 4808 1359 4889 theologos
1393 4808 1474 4870 circa
1505 4823 1610 4869 eorum
1658 4795 1697 4851 ⁰⁰
1715 4795 1832 4870 Angelis.

232 4922 407 4978 nnmerum,
429 4914 564 4968 naturam
587 4913 618 4968 et
639 4908 782 4983 ordines,
804 4910 902 4971 omnia
926 4926 1005 4988 quae
1032 4907 1171 4970 inlibris
1199 4906 1238 4969 de
1271 4905 1406 4969 Caelesti
1433 4906 1610 4970 Hierarcbia

230 5001 443 5078 continentur,
475 5005 555 5083 qnod
583 5022 660 5085 opus
683 5005 829 5086 Dionysio
862 5006 1069 5090 Areopagitae
1097 5005 1181 5069 Pauli
1208 5005 1349 5087 Apostoli
1377 5005 1524 5089 ducipfflo
1552 5009 1610 5070 tri·

1322 5122 1404 5197 51*
