4525 6034
689 597 765 676 184
1263 597 1495 676 notun

685 784 751 858 boc
781 783 947 875 divinum,
975 798 1009 859 et
1035 795 1206 873 sanctum,
1233 793 1267 858 et
1291 786 1402 858 fecisti
1433 808 1498 860 nos
1534 786 1655 879 dignos
1682 788 1947 861 communicandi
1977 813 2052 862 cor-

685 904 778 998 pori,
806 913 840 972 et
866 905 1019 994 sanguini
1044 904 1206 993 unigeniti
1232 901 1307 974 Filii
1333 906 1396 994 tui,
1424 905 1479 996 qui
1505 925 1569 976 nos
1601 926 1728 999 perse
1755 907 1863 1000 ipsum
1899 902 2051 976 salvavit:

686 1039 761 1088 cum
789 1039 854 1112 quo
882 1027 916 1089 te
943 1017 1058 1106 decet,
1086 1028 1149 1089 etc.

747 1179 751 1188 ·
790 1133 886 1205 Atta.
913 1133 1006 1206 Deus
1034 1131 1221 1220 adorande,
1248 1143 1282 1205 et
1308 1142 1424 1206 sancte
1450 1133 1534 1205 lesu
1553 1133 1696 1224 Christe,
1722 1133 1880 1222 benedic,
1907 1144 1942 1205 et
1958 1155 2052 1228 parce

690 1248 929 1322 Sacerdotibus
956 1250 1151 1321 oeconomis
1176 1247 1354 1321 Ecclesiae
1381 1258 1458 1321 tuae
1485 1260 1639 1337 sanctae,
1671 1260 1705 1321 et
1730 1248 1891 1322 Diaconis
1918 1250 2054 1321 admini-

689 1362 869 1437 strantibus
896 1367 1057 1458 mysteria
1082 1373 1138 1434 tua
1167 1362 1298 1455 divina,
1325 1374 1360 1436 et
1385 1364 1536 1437 omnibus
1564 1362 1715 1437 lidebbus
1742 1368 1853 1454 veris,
1881 1369 1936 1459 qui
1964 1387 2053 1437 com-

690 1483 942 1550 municaverunt
967 1478 1043 1549 huic
1070 1478 1244 1551 sacrificio.
1297 1479 1382 1570 Ale,
1410 1490 1444 1552 et
1470 1504 1550 1552 cura
1577 1477 1758 1576 orphanos,
1786 1479 1910 1572 adjuva
1932 1479 2054 1570 viduas,

689 1594 846 1665 confirma
872 1616 1039 1689 pauperes
1067 1605 1100 1665 et
1126 1598 1334 1687 angustiatos
1362 1599 1495 1692 spiritu,
1522 1599 1607 1669 satia
1641 1600 1846 1686 esurientes,
1881 1607 1915 1668 et
1947 1617 2055 1668 omnes

690 1713 746 1802 qui
773 1712 932 1780 invocant
957 1730 1080 1780 nomen
1106 1720 1197 1782 tunm
1214 1722 1373 1784 sanctum.
1427 1711 1567 1785 Custodi
1582 1712 1658 1785 illos
1685 1716 1718 1784 in
1737 1716 1828 1785 omni
1843 1712 1921 1786 loco
1936 1711 2053 1806 absque

689 1823 835 1913 delictis,
862 1835 899 1896 et
922 1828 1087 1920 peccatis,
1113 1835 1151 1897 ut
1177 1826 1218 1897 ab
1236 1827 1402 1918 omnibus,
1429 1838 1463 1899 et
1488 1850 1550 1923 per
1576 1830 1698 1916 omnia,
1725 1839 1759 1928 et
1784 1837 1925 1924 propter
1951 1832 2053 1902 omnia

688 1938 841 2011 laudetur
866 1960 988 2011 nomen
1014 1949 1104 2011 tuum
1132 1950 1302 2033 sanctum,
1328 1952 1392 2014 etc.

1099 2639 1101 2642 ’
1205 2673 1281 2766 nn
1334 2673 1531 2768 nauci

912 2891 1368 3011 LITURGldll
1420 2894 1833 3013 stellein

1287 3121 1461 3206 noran.

779 3354 833 3431 Da
856 3364 949 3428 titulis
965 3362 1167 3447 Liturgiarum
1190 3365 1371 3458 dictumest
1392 3364 1472 3440 abbi,
1496 3371 1638 3445 quantum
1659 3382 1738 3447 opus
1761 3365 1826 3444 luit,
1850 3374 1882 3428 et
1903 3366 2052 3447 probatum

686 3469 780 3547 satis,
811 3486 852 3529 ex
879 3485 917 3530 eo
946 3467 1012 3530 solo
1042 3476 1220 3550 argumento
1249 3468 1360 3531 nullam
1382 3467 1529 3549 ejusmodi
1553 3466 1662 3529 Olliciis
1686 3468 1878 3531 autoritatem
1901 3469 2051 3545 accedere,

686 3565 863 3645 praesertim
877 3582 945 3627 curn
960 3567 1056 3647 major
1071 3568 1190 3629 omnino
1207 3568 1247 3628 sit
1269 3585 1317 3645 ea,
1341 3585 1418 3647 quae
1442 3586 1482 3646 ep
1503 3584 1561 3628 usu
1576 3566 1782 3628 Ecclesiarum
1804 3568 1948 3647 nascitur,
1972 3586 2051 3649 quam

687 3682 765 3744 quoe
788 3681 827 3725 ex
849 3662 916 3726 sola
937 3672 1091 3744 autorum,
1122 3667 1212 3727 etiam
1242 3673 1431 3744 sanctorum,
1463 3665 1618 3746 dignitate.
1664 3664 1701 3727 Ut
1723 3674 1822 3728 autem
1845 3667 1917 3749 quid
1939 3667 1978 3731 de
1998 3668 2050 3729 ista

687 3761 876 3825 sentiendum
897 3765 937 3824 sit
967 3772 1167 3846 agnoscatur,
1197 3783 1250 3826 eas
1271 3765 1421 3848 liturgias
1444 3764 1612 3827 reseremus
1635 3783 1713 3845 quae
1735 3764 1830 3827 Marci
1852 3783 1962 3828 nomen
1982 3783 2050 3847 prae

687 3879 721 3923 se
746 3860 853 3922 lerunt.
897 3861 994 3923 Prima
1017 3869 1047 3923 et
1069 3863 1274 3943 antiquissima
1297 3861 1414 3925 Graeca
1437 3872 1493 3941 est,
1517 3863 1597 3924 edita
1620 3880 1638 3924 a
1660 3861 1778 3926 Joanne
1800 3863 1838 3924 de
1862 3872 1968 3928 sancto
1990 3865 2050 3926 An-

687 3958 760 4021 drea
781 3958 939 4022 Ecclesiae
961 3959 1137 4022 Parisiensis
1161 3958 1326 4040 canonico,
1350 3979 1390 4022 ex
1412 3948 1593 4045 dmoypo'ptp
1615 3960 1736 4024 Codicis
1760 3960 1870 4023 Graeci
1894 3965 2004 4043 antiqui
2024 3969 2051 4022 et

587 4142 590 4149 ·
687 4058 786 4120 bonae
809 4066 916 4139 notae,
946 4059 996 4140 qui
1020 4060 1085 4121 siue
1108 4057 1258 4120 Guillelmi
1281 4059 1381 4123 Sirleti
1405 4059 1571 4123 Cardinalis
1592 4058 1699 4137 fuerit,
1729 4059 1795 4121 sive
1827 4061 1864 4121 ab
1895 4079 1933 4124 eo
1961 4062 2050 4124 solum

686 4157 770 4219 visus
793 4164 824 4218 et
846 4157 1029 4237 exscriptus,
1051 4164 1193 4238 superest
1214 4158 1245 4221 in
1267 4158 1454 4221 Bibliotheca
1476 4160 1506 4223 S.
1530 4158 1631 4221 Basilii
1642 4158 1827 4221 Graecorum
1842 4158 2049 4222 blonacborum

685 4256 810 4335 Romae,
833 4256 995 4318 translatus
1019 4274 1085 4319 cum
1107 4255 1207 4320 multis
1230 4257 1295 4320 aliis
1319 4277 1358 4321 ex
1379 4258 1563 4322 blonasterio
1587 4258 1899 4339 Cryptae-lerratae,
1927 4277 1997 4321 cura
2017 4255 2048 4317 ll.

686 4356 783 4417 Patris
807 4353 963 4417 Generalis
985 4355 1042 4416 viri
1064 4354 1191 4435 piissimi
1214 4362 1245 4417 et
1268 4356 1450 4436 doctissimi,
1474 4359 1560 4438 cujus
1583 4356 1731 4420 beneficio
1752 4356 1867 4420 Romae
1890 4358 1968 4420 illum
1989 4364 2049 4417 tra-

687 4455 841 4532 ctavimus,
866 4462 897 4517 et
918 4455 1115 4536 integriorem
1138 4455 1315 4538 apographo
1337 4458 1515 4537 reperimus.
1544 4456 1626 4518 Haec
1639 4464 1737 4518 autern
1748 4455 1897 4537 Liturgia,
1914 4455 2048 4536 Copticae

687 4571 765 4632 quae
786 4553 897 4617 Basilio
921 4552 1101 4616 adscribitur
1123 4554 1306 4633 primaevum
1329 4555 1485 4635 exemplar
1507 4563 1572 4629 est,
1603 4561 1633 4616 et
1663 4554 1732 4616 olim
1756 4572 1816 4617 non
1839 4555 1897 4617 alia
1919 4554 2048 4616 utebatur

686 4651 893 4714 Alexandrino
914 4651 1052 4714 Ecclesia
1075 4658 1107 4712 ut
1130 4651 1200 4713 alibi
1222 4653 1425 4733 probavimus.
1470 4653 1568 4716 Aliam
1590 4655 1710 4716 nomine
1732 4653 1828 4715 blanci
1850 4661 1954 4715 extare
1974 4648 2047 4731 apud

687 4768 759 4814 suos
781 4749 934 4814 Jaccbitas
956 4747 1129 4831 Aegyptios
1152 4751 1273 4831 scripsit
1294 4751 1486 4829 Abulbircat,
1517 4761 1547 4815 et
1569 4755 1634 4834 ejus
1658 4750 1857 4835 fragmentum
1879 4749 2045 4814 vidimusin

687 4849 863 4930 quibusdam
887 4847 975 4911 codd.
1019 4848 1061 4910 At
1083 4850 1114 4910 in
1136 4850 1310 4913 melioribus
1334 4869 1394 4914 non
1417 4860 1516 4914 extat:
1540 4859 1570 4914 et
1591 4851 1850 4933 suspectissimum
1874 4858 1921 4913 est
1942 4847 2045 4911 autoris

686 4947 904 5026 testimonium,
935 4948 986 5030 qui
1009 4955 1109 5012 tamen
1132 4948 1192 5011 alio
1215 4949 1284 5013 loco
1307 4968 1342 5013 se
1366 4951 1513 5032 explicat,
1543 4950 1612 5014 dum
1633 4951 1675 5013 ait
1697 4968 1764 5013 eam
1787 4969 1858 5013 esse
1880 4967 1964 5030 quam
1985 4945 2044 5024 Cy·

686 5044 772 5109 rillus
794 5046 933 5129 perfecit.
976 5045 1021 5112 lta
1043 5064 1122 5128 quae
1146 5046 1260 5129 Cyrillo
1284 5050 1424 5113 tribuitur
1452 5050 1670 5133 aquibusdam
1692 5051 1796 5113 blarco
1820 5048 1967 5129 adscripta
1987 5048 2042 5105 est:
