<?xml version="1.0" encoding="UTF-8"?>
<!DOCTYPE html PUBLIC "-//W3C//DTD XHTML 1.0 Transitional//EN"
    "http://www.w3.org/TR/xhtml1/DTD/xhtml1-transitional.dtd">
<html xmlns="http://www.w3.org/1999/xhtml" xml:lang="en" lang="en">
 <head>
  <title>
</title>
<meta http-equiv="Content-Type" content="text/html;charset=utf-8" />
  <meta name='ocr-system' content='tesseract 3.04.00' />
  <meta name='ocr-capabilities' content='ocr_page ocr_carea ocr_par ocr_line ocrx_word'/>
</head>
<body>
  <div class='ocr_page' id='page_1' title='image "./liturgiarumorie00unkngoog/liturgiarumorie00unkngoog_1008.png"; bbox 0 0 4525 6034; ppageno 0'>
   <div class='ocr_carea' id='block_1_1' title="bbox 680 591 1479 674">
    <p class='ocr_par' dir='ltr' id='par_1_1' title="bbox 680 591 1479 674">
     <span class='ocr_line' id='line_1_1' title="bbox 680 591 1479 674; baseline 0.008 -8"><span class='ocrx_word' id='word_1_1' title='bbox 680 591 757 668; x_wconf 82' lang='lat'><strong>298</strong></span> <span class='ocrx_word' id='word_1_2' title='bbox 1248 594 1479 674; x_wconf 76' lang='lat' dir='ltr'><strong>notun</strong></span> 
     </span>
    </p>
   </div>
   <div class='ocr_carea' id='block_1_2' title="bbox 680 849 2038 1039">
    <p class='ocr_par' dir='ltr' id='par_1_2' title="bbox 680 849 2038 1039">
     <span class='ocr_line' id='line_1_2' title="bbox 680 849 2038 965; baseline 0.003 -44"><span class='ocrx_word' id='word_1_3' title='bbox 680 851 715 922; x_wconf 72' lang='lat' dir='ltr'><strong>ll.</strong></span> <span class='ocrx_word' id='word_1_4' title='bbox 758 849 910 943; x_wconf 76' lang='lat' dir='ltr'><strong><em>Propter</em></strong></span> <span class='ocrx_word' id='word_1_5' title='bbox 942 870 1051 943; x_wconf 88' lang='lat' dir='ltr'><strong>opero</strong></span> <span class='ocrx_word' id='word_1_6' title='bbox 1080 856 1201 923; x_wconf 82' lang='lat' dir='ltr'><strong>nostro</strong></span> <span class='ocrx_word' id='word_1_7' title='bbox 1236 850 1379 922; x_wconf 83' lang='lat' dir='ltr'><strong>odibilia</strong></span> <span class='ocrx_word' id='word_1_8' title='bbox 1413 872 1482 922; x_wconf 82' lang='lat' dir='ltr'><strong>oon</strong></span> <span class='ocrx_word' id='word_1_9' title='bbox 1505 854 1621 945; x_wconf 76' lang='lat' dir='ltr'><strong>prices</strong></span> <span class='ocrx_word' id='word_1_10' title='bbox 1642 851 1804 946; x_wconf 81' lang='lat' dir='ltr'><strong>populum</strong></span> <span class='ocrx_word' id='word_1_11' title='bbox 1836 858 1923 965; x_wconf 77' lang='lat' dir='ltr'><strong>tomo</strong></span> <span class='ocrx_word' id='word_1_12' title='bbox 1955 853 2038 925; x_wconf 84' lang='lat' dir='ltr'><strong>dono</strong></span> 
     </span>
     <span class='ocr_line' id='line_1_3' title="bbox 1251 966 1484 1039; baseline 0.004 -3"><span class='ocrx_word' id='word_1_13' title='bbox 1251 972 1308 1037; x_wconf 81' lang='lat' dir='ltr'><strong>too</strong></span> <span class='ocrx_word' id='word_1_14' title='bbox 1335 966 1484 1039; x_wconf 78' lang='lat' dir='ltr'><strong>coelesti.</strong></span> 
     </span>
    </p>
   </div>
   <div class='ocr_carea' id='block_1_3' title="bbox 678 1107 2046 2799">
    <p class='ocr_par' dir='ltr' id='par_1_3' title="bbox 678 1107 2046 2799">
     <span class='ocr_line' id='line_1_4' title="bbox 782 1107 2040 1200; baseline -0.002 -16"><span class='ocrx_word' id='word_1_15' title='bbox 782 1107 898 1185; x_wconf 80' lang='lat' dir='ltr'><strong>Simus</strong></span> <span class='ocrx_word' id='word_1_16' title='bbox 921 1117 1097 1199; x_wconf 77' lang='lat' dir='ltr'>deprecatio</span> <span class='ocrx_word' id='word_1_17' title='bbox 1120 1118 1253 1180; x_wconf 88' lang='lat' dir='ltr'><strong>occurrit</strong></span> <span class='ocrx_word' id='word_1_18' title='bbox 1273 1116 1303 1179; x_wconf 87' lang='lat' dir='ltr'><strong>in</strong></span> <span class='ocrx_word' id='word_1_19' title='bbox 1326 1117 1425 1180; x_wconf 89' lang='lat' dir='ltr'><strong>multis</strong></span> <span class='ocrx_word' id='word_1_20' title='bbox 1448 1117 1591 1200; x_wconf 80' lang='lat' dir='ltr'><strong>liturgiis</strong></span> <span class='ocrx_word' id='word_1_21' title='bbox 1614 1135 1675 1180; x_wconf 92' lang='lat' dir='ltr'><strong>non</strong></span> <span class='ocrx_word' id='word_1_22' title='bbox 1697 1118 1785 1182; x_wconf 91' lang='lat' dir='ltr'><strong>modo</strong></span> <span class='ocrx_word' id='word_1_23' title='bbox 1809 1120 1960 1200; x_wconf 76' lang='lat' dir='ltr'><strong>Syriacis,</strong></span> <span class='ocrx_word' id='word_1_24' title='bbox 1991 1119 2040 1182; x_wconf 87' lang='lat' dir='ltr'><strong>sed</strong></span> 
     </span>
     <span class='ocr_line' id='line_1_5' title="bbox 678 1220 2041 1306; baseline 0 -20"><span class='ocrx_word' id='word_1_25' title='bbox 678 1221 888 1306; x_wconf 72' lang='lat' dir='ltr'><strong>Aegyptiacis,</strong></span> <span class='ocrx_word' id='word_1_26' title='bbox 911 1240 999 1303; x_wconf 85' lang='lat' dir='ltr'><strong>quarn</strong></span> <span class='ocrx_word' id='word_1_27' title='bbox 1022 1221 1062 1285; x_wconf 89' lang='lat' dir='ltr'><strong>nb</strong></span> <span class='ocrx_word' id='word_1_28' title='bbox 1084 1221 1191 1285; x_wconf 88' lang='lat' dir='ltr'><strong>Severi</strong></span> <span class='ocrx_word' id='word_1_29' title='bbox 1213 1240 1352 1304; x_wconf 90' lang='lat' dir='ltr'><strong>magnum</strong></span> <span class='ocrx_word' id='word_1_30' title='bbox 1374 1224 1453 1284; x_wconf 88' lang='lat' dir='ltr'><strong>inter</strong></span> <span class='ocrx_word' id='word_1_31' title='bbox 1472 1220 1624 1283; x_wconf 90' lang='lat' dir='ltr'><strong>Jacobitas</strong></span> <span class='ocrx_word' id='word_1_32' title='bbox 1647 1239 1766 1301; x_wconf 86' lang='lat' dir='ltr'><strong>nornen,</strong></span> <span class='ocrx_word' id='word_1_33' title='bbox 1790 1221 1839 1284; x_wconf 90' lang='lat' dir='ltr'><strong>hic</strong></span> <span class='ocrx_word' id='word_1_34' title='bbox 1861 1224 1966 1303; x_wconf 78' lang='lat' dir='ltr'><strong>paucis</strong></span> <span class='ocrx_word' id='word_1_35' title='bbox 1987 1242 2041 1286; x_wconf 82' lang='lat' dir='ltr'><strong>er-</strong></span> 
     </span>
     <span class='ocr_line' id='line_1_6' title="bbox 678 1320 2041 1406; baseline 0.001 -21"><span class='ocrx_word' id='word_1_36' title='bbox 678 1323 865 1403; x_wconf 86' lang='lat' dir='ltr'><strong>plicabimus,</strong></span> <span class='ocrx_word' id='word_1_37' title='bbox 888 1341 926 1384; x_wconf 90' lang='lat' dir='ltr'><strong>eo</strong></span> <span class='ocrx_word' id='word_1_38' title='bbox 949 1322 1046 1406; x_wconf 87' lang='lat' dir='ltr'><strong>magis</strong></span> <span class='ocrx_word' id='word_1_39' title='bbox 1069 1322 1149 1403; x_wconf 91' lang='lat' dir='ltr'><strong>quod</strong></span> <span class='ocrx_word' id='word_1_40' title='bbox 1172 1322 1305 1385; x_wconf 90' lang='lat' dir='ltr'><strong>colorem</strong></span> <span class='ocrx_word' id='word_1_41' title='bbox 1336 1322 1493 1404; x_wconf 80' lang='lat' dir='ltr'>quemdam</span> <span class='ocrx_word' id='word_1_42' title='bbox 1516 1322 1630 1385; x_wconf 89' lang='lat' dir='ltr'><strong>erroris</strong></span> <span class='ocrx_word' id='word_1_43' title='bbox 1654 1321 1734 1385; x_wconf 85' lang='lat' dir='ltr'><strong>circa</strong></span> <span class='ocrx_word' id='word_1_44' title='bbox 1759 1320 1848 1385; x_wconf 85' lang='lat' dir='ltr'><strong>fidem</strong></span> <span class='ocrx_word' id='word_1_45' title='bbox 1875 1324 2041 1406; x_wconf 80' lang='lat' dir='ltr'><strong>gravissimi</strong></span> 
     </span>
     <span class='ocr_line' id='line_1_7' title="bbox 679 1420 2041 1504; baseline 0.001 -21"><span class='ocrx_word' id='word_1_46' title='bbox 679 1422 798 1485; x_wconf 81' lang='lat' dir='ltr'><strong>referre</strong></span> <span class='ocrx_word' id='word_1_47' title='bbox 819 1421 973 1498; x_wconf 88' lang='lat' dir='ltr'><strong>videatur,</strong></span> <span class='ocrx_word' id='word_1_48' title='bbox 995 1440 1012 1484; x_wconf 92' lang='lat' dir='ltr'><strong>a</strong></span> <span class='ocrx_word' id='word_1_49' title='bbox 1036 1440 1097 1504; x_wconf 84' lang='lat' dir='ltr'><strong>quo</strong></span> <span class='ocrx_word' id='word_1_50' title='bbox 1127 1431 1227 1485; x_wconf 90' lang='lat' dir='ltr'><strong>tamen</strong></span> <span class='ocrx_word' id='word_1_51' title='bbox 1256 1421 1427 1485; x_wconf 85' lang='lat' dir='ltr'><strong>Orientales</strong></span> <span class='ocrx_word' id='word_1_52' title='bbox 1456 1428 1526 1484; x_wconf 90' lang='lat' dir='ltr'><strong>sunt</strong></span> <span class='ocrx_word' id='word_1_53' title='bbox 1552 1420 1736 1485; x_wconf 80' lang='lat' dir='ltr'><strong>alienissimi.</strong></span> <span class='ocrx_word' id='word_1_54' title='bbox 1787 1421 1940 1502; x_wconf 81' lang='lat' dir='ltr'><strong>Quidquid</strong></span> <span class='ocrx_word' id='word_1_55' title='bbox 1968 1425 2041 1486; x_wconf 89' lang='lat' dir='ltr'><strong>enim</strong></span> 
     </span>
     <span class='ocr_line' id='line_1_8' title="bbox 679 1521 2043 1606; baseline 0.001 -22"><span class='ocrx_word' id='word_1_56' title='bbox 679 1522 817 1584; x_wconf 83' lang='lat' dir='ltr'><strong>Ecclesia</strong></span> <span class='ocrx_word' id='word_1_57' title='bbox 838 1539 961 1603; x_wconf 86' lang='lat' dir='ltr'><strong>semper</strong></span> <span class='ocrx_word' id='word_1_58' title='bbox 989 1521 1108 1596; x_wconf 87' lang='lat' dir='ltr'><strong>docuit,</strong></span> <span class='ocrx_word' id='word_1_59' title='bbox 1139 1530 1169 1584; x_wconf 92' lang='lat' dir='ltr'><strong>et</strong></span> <span class='ocrx_word' id='word_1_60' title='bbox 1196 1522 1343 1585; x_wconf 87' lang='lat' dir='ltr'><strong>adversus</strong></span> <span class='ocrx_word' id='word_1_61' title='bbox 1372 1522 1543 1584; x_wconf 76' lang='lat' dir='ltr'><strong>Donatistae</strong></span> <span class='ocrx_word' id='word_1_62' title='bbox 1572 1522 1777 1604; x_wconf 78' lang='lat' dir='ltr'><strong>propugnavit</strong></span> <span class='ocrx_word' id='word_1_63' title='bbox 1806 1521 1846 1582; x_wconf 93' lang='lat' dir='ltr'><strong>de</strong></span> <span class='ocrx_word' id='word_1_64' title='bbox 1875 1522 2043 1606; x_wconf 86' lang='lat' dir='ltr'><strong>integritate</strong></span> 
     </span>
     <span class='ocr_line' id='line_1_9' title="bbox 680 1619 2043 1703; baseline 0.001 -19"><span class='ocrx_word' id='word_1_65' title='bbox 680 1620 950 1700; x_wconf 86' lang='lat' dir='ltr'><strong>Sacramentorum,</strong></span> <span class='ocrx_word' id='word_1_66' title='bbox 973 1622 1060 1684; x_wconf 87' lang='lat' dir='ltr'><strong>etiam</strong></span> <span class='ocrx_word' id='word_1_67' title='bbox 1083 1623 1109 1684; x_wconf 91' lang='lat' dir='ltr'><strong>si</strong></span> <span class='ocrx_word' id='word_1_68' title='bbox 1130 1640 1187 1703; x_wconf 90' lang='lat' dir='ltr'><strong>per</strong></span> <span class='ocrx_word' id='word_1_69' title='bbox 1209 1621 1303 1685; x_wconf 88' lang='lat' dir='ltr'><strong>malos</strong></span> <span class='ocrx_word' id='word_1_70' title='bbox 1327 1628 1358 1684; x_wconf 93' lang='lat' dir='ltr'><strong>et</strong></span> <span class='ocrx_word' id='word_1_71' title='bbox 1381 1622 1517 1702; x_wconf 86' lang='lat' dir='ltr'><strong>peccatis</strong></span> <span class='ocrx_word' id='word_1_72' title='bbox 1539 1619 1648 1701; x_wconf 85' lang='lat' dir='ltr'><strong>plenos</strong></span> <span class='ocrx_word' id='word_1_73' title='bbox 1669 1620 1822 1682; x_wconf 85' lang='lat' dir='ltr'><strong>ministros</strong></span> <span class='ocrx_word' id='word_1_74' title='bbox 1844 1620 2043 1700; x_wconf 89' lang='lat' dir='ltr'><strong>celebrentur,</strong></span> 
     </span>
     <span class='ocr_line' id='line_1_10' title="bbox 679 1718 2043 1803; baseline 0.002 -23"><span class='ocrx_word' id='word_1_75' title='bbox 679 1718 709 1780; x_wconf 94' lang='lat' dir='ltr'><strong>id</strong></span> <span class='ocrx_word' id='word_1_76' title='bbox 732 1721 856 1802; x_wconf 83' lang='lat' dir='ltr'><strong>agnovit</strong></span> <span class='ocrx_word' id='word_1_77' title='bbox 879 1719 1040 1783; x_wconf 88' lang='lat' dir='ltr'><strong>Orientalis</strong></span> <span class='ocrx_word' id='word_1_78' title='bbox 1064 1721 1213 1786; x_wconf 87' lang='lat' dir='ltr'><strong>Ecclesia.</strong></span> <span class='ocrx_word' id='word_1_79' title='bbox 1257 1722 1332 1784; x_wconf 87' lang='lat' dir='ltr'><strong>Nam</strong></span> <span class='ocrx_word' id='word_1_80' title='bbox 1363 1722 1402 1784; x_wconf 92' lang='lat' dir='ltr'><strong>de</strong></span> <span class='ocrx_word' id='word_1_81' title='bbox 1423 1720 1574 1803; x_wconf 80' lang='lat' dir='ltr'><strong>baptismo</strong></span> <span class='ocrx_word' id='word_1_82' title='bbox 1605 1720 1645 1782; x_wconf 91' lang='lat' dir='ltr'><strong>ita</strong></span> <span class='ocrx_word' id='word_1_83' title='bbox 1669 1719 1874 1783; x_wconf 89' lang='lat' dir='ltr'><strong>administrato</strong></span> <span class='ocrx_word' id='word_1_84' title='bbox 1893 1737 2043 1802; x_wconf 50' lang='lat' dir='ltr'><strong>,nunquam</strong></span> 
     </span>
     <span class='ocr_line' id='line_1_11' title="bbox 679 1817 2044 1901; baseline 0.004 -22"><span class='ocrx_word' id='word_1_85' title='bbox 679 1817 834 1895; x_wconf 89' lang='lat' dir='ltr'><strong>dubitavit,</strong></span> <span class='ocrx_word' id='word_1_86' title='bbox 857 1821 992 1901; x_wconf 88' lang='lat' dir='ltr'><strong>quamvis</strong></span> <span class='ocrx_word' id='word_1_87' title='bbox 1015 1820 1053 1883; x_wconf 85' lang='lat' dir='ltr'><strong>de</strong></span> <span class='ocrx_word' id='word_1_88' title='bbox 1076 1820 1182 1883; x_wconf 87' lang='lat' dir='ltr'><strong>eodem</strong></span> <span class='ocrx_word' id='word_1_89' title='bbox 1205 1821 1243 1884; x_wconf 96' lang='lat' dir='ltr'><strong>ab</strong></span> <span class='ocrx_word' id='word_1_90' title='bbox 1266 1821 1434 1884; x_wconf 85' lang='lat' dir='ltr'><strong>Haereticis</strong></span> <span class='ocrx_word' id='word_1_91' title='bbox 1457 1827 1616 1901; x_wconf 88' lang='lat' dir='ltr'><strong>suscepto,</strong></span> <span class='ocrx_word' id='word_1_92' title='bbox 1645 1819 1804 1900; x_wconf 80' lang='lat' dir='ltr'><strong>aliquando</strong></span> <span class='ocrx_word' id='word_1_93' title='bbox 1828 1821 1921 1882; x_wconf 85' lang='lat' dir='ltr'><strong>variis</strong></span> <span class='ocrx_word' id='word_1_94' title='bbox 1947 1820 2044 1884; x_wconf 86' lang='lat' dir='ltr'><strong>Theo-</strong></span> 
     </span>
     <span class='ocr_line' id='line_1_12' title="bbox 679 1917 2044 2003; baseline 0.001 -23"><span class='ocrx_word' id='word_1_95' title='bbox 679 1917 819 1999; x_wconf 88' lang='lat' dir='ltr'><strong>logorum</strong></span> <span class='ocrx_word' id='word_1_96' title='bbox 841 1937 964 1982; x_wconf 88' lang='lat' dir='ltr'><strong>suorum</strong></span> <span class='ocrx_word' id='word_1_97' title='bbox 987 1920 1178 2002; x_wconf 86' lang='lat' dir='ltr'><strong>opinionibus</strong></span> <span class='ocrx_word' id='word_1_98' title='bbox 1201 1921 1313 2003; x_wconf 86' lang='lat' dir='ltr'><strong>agitata</strong></span> <span class='ocrx_word' id='word_1_99' title='bbox 1335 1919 1434 1984; x_wconf 84' lang='lat' dir='ltr'><strong>luerit.</strong></span> <span class='ocrx_word' id='word_1_100' title='bbox 1484 1919 1618 1982; x_wconf 83' lang='lat' dir='ltr'><strong>Fuerunt</strong></span> <span class='ocrx_word' id='word_1_101' title='bbox 1640 1921 1717 1981; x_wconf 92' lang='lat' dir='ltr'><strong>enim</strong></span> <span class='ocrx_word' id='word_1_102' title='bbox 1747 1921 1798 2000; x_wconf 85' lang='lat' dir='ltr'><strong>qui</strong></span> <span class='ocrx_word' id='word_1_103' title='bbox 1825 1919 1917 1982; x_wconf 89' lang='lat' dir='ltr'><strong>talem</strong></span> <span class='ocrx_word' id='word_1_104' title='bbox 1944 1920 2044 2003; x_wconf 91' lang='lat' dir='ltr'><strong>Bapti-</strong></span> 
     </span>
     <span class='ocr_line' id='line_1_13' title="bbox 680 2017 2044 2101; baseline 0.001 -22"><span class='ocrx_word' id='word_1_105' title='bbox 680 2035 774 2080; x_wconf 89' lang='lat' dir='ltr'><strong>smum</strong></span> <span class='ocrx_word' id='word_1_106' title='bbox 796 2019 916 2099; x_wconf 86' lang='lat' dir='ltr'><strong>penitus</strong></span> <span class='ocrx_word' id='word_1_107' title='bbox 938 2019 1129 2096; x_wconf 83' lang='lat' dir='ltr'><strong>damnavere,</strong></span> <span class='ocrx_word' id='word_1_108' title='bbox 1152 2038 1252 2101; x_wconf 88' lang='lat' dir='ltr'><strong>neque</strong></span> <span class='ocrx_word' id='word_1_109' title='bbox 1274 2021 1363 2084; x_wconf 89' lang='lat' dir='ltr'><strong>modo</strong></span> <span class='ocrx_word' id='word_1_110' title='bbox 1385 2028 1559 2101; x_wconf 88' lang='lat' dir='ltr'><strong>susceptum</strong></span> <span class='ocrx_word' id='word_1_111' title='bbox 1583 2019 1620 2081; x_wconf 87' lang='lat' dir='ltr'><strong>ab</strong></span> <span class='ocrx_word' id='word_1_112' title='bbox 1643 2019 1700 2082; x_wconf 87' lang='lat' dir='ltr'><strong>illis</strong></span> <span class='ocrx_word' id='word_1_113' title='bbox 1721 2017 1896 2095; x_wconf 89' lang='lat' dir='ltr'><strong>haereticis,</strong></span> <span class='ocrx_word' id='word_1_114' title='bbox 1920 2037 2044 2100; x_wconf 81' lang='lat' dir='ltr'><strong>quonum</strong></span> 
     </span>
     <span class='ocr_line' id='line_1_14' title="bbox 679 2117 2044 2202; baseline 0.002 -22"><span class='ocrx_word' id='word_1_115' title='bbox 679 2118 861 2200; x_wconf 79' lang='lat' dir='ltr'><strong>baptismum</strong></span> <span class='ocrx_word' id='word_1_116' title='bbox 883 2125 971 2181; x_wconf 89' lang='lat' dir='ltr'><strong>retus</strong></span> <span class='ocrx_word' id='word_1_117' title='bbox 993 2117 1130 2182; x_wconf 83' lang='lat' dir='ltr'><strong>Ecclesia</strong></span> <span class='ocrx_word' id='word_1_118' title='bbox 1152 2121 1276 2202; x_wconf 88' lang='lat' dir='ltr'><strong>rejecit,</strong></span> <span class='ocrx_word' id='word_1_119' title='bbox 1310 2120 1366 2183; x_wconf 90' lang='lat' dir='ltr'><strong>sed</strong></span> <span class='ocrx_word' id='word_1_120' title='bbox 1388 2120 1518 2183; x_wconf 91' lang='lat' dir='ltr'><strong>omnium</strong></span> <span class='ocrx_word' id='word_1_121' title='bbox 1548 2119 1599 2198; x_wconf 83' lang='lat' dir='ltr'><strong>qui</strong></span> <span class='ocrx_word' id='word_1_122' title='bbox 1627 2136 1645 2180; x_wconf 89' lang='lat' dir='ltr'><strong>a</strong></span> <span class='ocrx_word' id='word_1_123' title='bbox 1672 2118 1839 2181; x_wconf 88' lang='lat' dir='ltr'><strong>Jacobitica</strong></span> <span class='ocrx_word' id='word_1_124' title='bbox 1870 2118 1931 2181; x_wconf 89' lang='lat' dir='ltr'><strong>lide</strong></span> <span class='ocrx_word' id='word_1_125' title='bbox 1961 2118 2044 2182; x_wconf 87' lang='lat' dir='ltr'><strong>alieni</strong></span> 
     </span>
     <span class='ocr_line' id='line_1_15' title="bbox 680 2217 2044 2301; baseline 0.002 -22"><span class='ocrx_word' id='word_1_126' title='bbox 680 2225 794 2296; x_wconf 91' lang='lat' dir='ltr'><strong>essent,</strong></span> <span class='ocrx_word' id='word_1_127' title='bbox 816 2225 848 2280; x_wconf 90' lang='lat' dir='ltr'><strong>ut</strong></span> <span class='ocrx_word' id='word_1_128' title='bbox 869 2218 1116 2282; x_wconf 89' lang='lat' dir='ltr'><strong>Nestorianorum</strong></span> <span class='ocrx_word' id='word_1_129' title='bbox 1140 2227 1171 2282; x_wconf 91' lang='lat' dir='ltr'><strong>et</strong></span> <span class='ocrx_word' id='word_1_130' title='bbox 1193 2218 1497 2294; x_wconf 84' lang='lat' dir='ltr'><strong>Calchedonensium,</strong></span> <span class='ocrx_word' id='word_1_131' title='bbox 1527 2225 1560 2280; x_wconf 91' lang='lat' dir='ltr'><strong>ut</strong></span> <span class='ocrx_word' id='word_1_132' title='bbox 1582 2235 1695 2280; x_wconf 86' lang='lat' dir='ltr'><strong>vocare</strong></span> <span class='ocrx_word' id='word_1_133' title='bbox 1717 2217 1817 2280; x_wconf 90' lang='lat' dir='ltr'><strong>solent</strong></span> <span class='ocrx_word' id='word_1_134' title='bbox 1839 2217 2044 2301; x_wconf 84' lang='lat' dir='ltr'><strong>Orthodoxos,</strong></span> 
     </span>
     <span class='ocr_line' id='line_1_16' title="bbox 680 2317 2046 2400; baseline 0.002 -21"><span class='ocrx_word' id='word_1_135' title='bbox 680 2334 758 2398; x_wconf 83' lang='lat' dir='ltr'><strong>quos</strong></span> <span class='ocrx_word' id='word_1_136' title='bbox 780 2318 811 2378; x_wconf 93' lang='lat' dir='ltr'><strong>in</strong></span> <span class='ocrx_word' id='word_1_137' title='bbox 833 2318 939 2381; x_wconf 88' lang='lat' dir='ltr'><strong>eadem</strong></span> <span class='ocrx_word' id='word_1_138' title='bbox 962 2317 1061 2381; x_wconf 87' lang='lat' dir='ltr'><strong>classe</strong></span> <span class='ocrx_word' id='word_1_139' title='bbox 1084 2317 1243 2382; x_wconf 88' lang='lat' dir='ltr'><strong>collocant.</strong></span> <span class='ocrx_word' id='word_1_140' title='bbox 1290 2317 1325 2380; x_wconf 93' lang='lat' dir='ltr'><strong>ln</strong></span> <span class='ocrx_word' id='word_1_141' title='bbox 1347 2337 1415 2382; x_wconf 89' lang='lat' dir='ltr'><strong>eum</strong></span> <span class='ocrx_word' id='word_1_142' title='bbox 1438 2336 1574 2380; x_wconf 89' lang='lat' dir='ltr'><strong>errorem</strong></span> <span class='ocrx_word' id='word_1_143' title='bbox 1598 2335 1670 2380; x_wconf 91' lang='lat' dir='ltr'><strong>casu</strong></span> <span class='ocrx_word' id='word_1_144' title='bbox 1692 2318 1804 2399; x_wconf 89' lang='lat' dir='ltr'><strong>potius,</strong></span> <span class='ocrx_word' id='word_1_145' title='bbox 1828 2325 1859 2379; x_wconf 90' lang='lat' dir='ltr'><strong>et</strong></span> <span class='ocrx_word' id='word_1_146' title='bbox 1881 2325 2046 2400; x_wconf 86' lang='lat' dir='ltr'><strong>temporum</strong></span> 
     </span>
     <span class='ocr_line' id='line_1_17' title="bbox 680 2414 2046 2499; baseline 0.003 -21"><span class='ocrx_word' id='word_1_147' title='bbox 680 2416 858 2497; x_wconf 77' lang='lat' dir='ltr'><strong>solennitate,</strong></span> <span class='ocrx_word' id='word_1_148' title='bbox 881 2435 970 2498; x_wconf 86' lang='lat' dir='ltr'><strong>quam</strong></span> <span class='ocrx_word' id='word_1_149' title='bbox 992 2425 1077 2481; x_wconf 90' lang='lat' dir='ltr'><strong>certo</strong></span> <span class='ocrx_word' id='word_1_150' title='bbox 1100 2417 1227 2481; x_wconf 88' lang='lat' dir='ltr'><strong>consilio</strong></span> <span class='ocrx_word' id='word_1_151' title='bbox 1250 2417 1384 2499; x_wconf 90' lang='lat' dir='ltr'><strong>prolapsi</strong></span> <span class='ocrx_word' id='word_1_152' title='bbox 1406 2424 1486 2482; x_wconf 93' lang='lat' dir='ltr'><strong>sunt.</strong></span> <span class='ocrx_word' id='word_1_153' title='bbox 1515 2416 1590 2479; x_wconf 89' lang='lat' dir='ltr'><strong>Nam</strong></span> <span class='ocrx_word' id='word_1_154' title='bbox 1612 2436 1679 2480; x_wconf 89' lang='lat' dir='ltr'><strong>cum</strong></span> <span class='ocrx_word' id='word_1_155' title='bbox 1691 2416 1830 2479; x_wconf 89' lang='lat' dir='ltr'><strong>Canones</strong></span> <span class='ocrx_word' id='word_1_156' title='bbox 1843 2414 2046 2482; x_wconf 87' lang='lat' dir='ltr'><strong>Conciliorun</strong></span> 
     </span>
     <span class='ocr_line' id='line_1_18' title="bbox 679 2515 2046 2601; baseline 0.001 -23"><span class='ocrx_word' id='word_1_157' title='bbox 679 2524 816 2579; x_wconf 89' lang='lat' dir='ltr'><strong>veterum</strong></span> <span class='ocrx_word' id='word_1_158' title='bbox 838 2517 868 2578; x_wconf 93' lang='lat' dir='ltr'><strong>in</strong></span> <span class='ocrx_word' id='word_1_159' title='bbox 883 2516 1037 2599; x_wconf 70' lang='lat' dir='ltr'><strong>Syriacum</strong></span> <span class='ocrx_word' id='word_1_160' title='bbox 1059 2516 1192 2601; x_wconf 89' lang='lat' dir='ltr'><strong>linguam</strong></span> <span class='ocrx_word' id='word_1_161' title='bbox 1207 2515 1417 2595; x_wconf 80' lang='lat' dir='ltr'><strong>transferrent,</strong></span> <span class='ocrx_word' id='word_1_162' title='bbox 1441 2515 1522 2598; x_wconf 91' lang='lat' dir='ltr'><strong>quod</strong></span> <span class='ocrx_word' id='word_1_163' title='bbox 1544 2517 1655 2579; x_wconf 84' lang='lat' dir='ltr'><strong>lactum</strong></span> <span class='ocrx_word' id='word_1_164' title='bbox 1677 2524 1722 2580; x_wconf 89' lang='lat' dir='ltr'><strong>est</strong></span> <span class='ocrx_word' id='word_1_165' title='bbox 1744 2515 1834 2598; x_wconf 88' lang='lat' dir='ltr'><strong>paulo</strong></span> <span class='ocrx_word' id='word_1_166' title='bbox 1857 2525 1929 2597; x_wconf 91' lang='lat' dir='ltr'><strong>post</strong></span> <span class='ocrx_word' id='word_1_167' title='bbox 1953 2535 2046 2580; x_wconf 86' lang='lat' dir='ltr'><strong>occu-</strong></span> 
     </span>
     <span class='ocr_line' id='line_1_19' title="bbox 678 2616 2045 2702; baseline 0.002 -25"><span class='ocrx_word' id='word_1_168' title='bbox 678 2624 779 2697; x_wconf 89' lang='lat' dir='ltr'><strong>patam</strong></span> <span class='ocrx_word' id='word_1_169' title='bbox 801 2635 819 2679; x_wconf 90' lang='lat' dir='ltr'><strong>a</strong></span> <span class='ocrx_word' id='word_1_170' title='bbox 841 2616 1065 2680; x_wconf 86' lang='lat' dir='ltr'><strong>Muhamedanis</strong></span> <span class='ocrx_word' id='word_1_171' title='bbox 1086 2616 1213 2699; x_wconf 77' lang='lat' dir='ltr'><strong>Syriam,</strong></span> <span class='ocrx_word' id='word_1_172' title='bbox 1236 2616 1485 2702; x_wconf 86' lang='lat' dir='ltr'><strong>Carthaginiense</strong></span> <span class='ocrx_word' id='word_1_173' title='bbox 1509 2617 1664 2699; x_wconf 88' lang='lat' dir='ltr'><strong>octoginta</strong></span> <span class='ocrx_word' id='word_1_174' title='bbox 1686 2624 1803 2697; x_wconf 89' lang='lat' dir='ltr'><strong>septem</strong></span> <span class='ocrx_word' id='word_1_175' title='bbox 1824 2616 2045 2698; x_wconf 88' lang='lat' dir='ltr'><strong>Episcoporum</strong></span> 
     </span>
     <span class='ocr_line' id='line_1_20' title="bbox 680 2714 2045 2799; baseline 0.002 -21"><span class='ocrx_word' id='word_1_176' title='bbox 680 2715 735 2778; x_wconf 86' lang='lat' dir='ltr'><strong>sun</strong></span> <span class='ocrx_word' id='word_1_177' title='bbox 765 2714 934 2798; x_wconf 79' lang='lat' dir='ltr'><strong>Cypriane,</strong></span> <span class='ocrx_word' id='word_1_178' title='bbox 967 2715 1092 2798; x_wconf 88' lang='lat' dir='ltr'><strong>reliquis</strong></span> <span class='ocrx_word' id='word_1_179' title='bbox 1126 2717 1365 2799; x_wconf 82' lang='lat' dir='ltr'><strong>conjunxerunt,</strong></span> <span class='ocrx_word' id='word_1_180' title='bbox 1393 2719 1527 2797; x_wconf 90' lang='lat' dir='ltr'><strong>tantique</strong></span> <span class='ocrx_word' id='word_1_181' title='bbox 1555 2715 1697 2799; x_wconf 74' lang='lat' dir='ltr'><strong>Martyris</strong></span> <span class='ocrx_word' id='word_1_182' title='bbox 1726 2733 1837 2779; x_wconf 92' lang='lat' dir='ltr'><strong>nomen</strong></span> <span class='ocrx_word' id='word_1_183' title='bbox 1863 2715 1923 2779; x_wconf 89' lang='lat' dir='ltr'><strong>illis</strong></span> <span class='ocrx_word' id='word_1_184' title='bbox 1953 2716 2045 2781; x_wconf 77' lang='lat' dir='ltr'><strong>bandi</strong></span> 
     </span>
    </p>
   </div>
   <div class='ocr_carea' id='block_1_4' title="bbox 601 2813 2045 2997">
    <p class='ocr_par' dir='ltr' id='par_1_4' title="bbox 601 2813 2045 2997">
     <span class='ocr_line' id='line_1_21' title="bbox 679 2813 2044 2900; baseline 0.003 -23"><span class='ocrx_word' id='word_1_185' title='bbox 679 2813 745 2895; x_wconf 85' lang='lat' dir='ltr'><strong>fuit,</strong></span> <span class='ocrx_word' id='word_1_186' title='bbox 768 2816 838 2879; x_wconf 92' lang='lat' dir='ltr'><strong>dum</strong></span> <span class='ocrx_word' id='word_1_187' title='bbox 860 2815 996 2880; x_wconf 88' lang='lat' dir='ltr'><strong>homines</strong></span> <span class='ocrx_word' id='word_1_188' title='bbox 1018 2816 1131 2879; x_wconf 85' lang='lat' dir='ltr'><strong>veteris</strong></span> <span class='ocrx_word' id='word_1_189' title='bbox 1154 2815 1297 2879; x_wconf 85' lang='lat' dir='ltr'><strong>historiae</strong></span> <span class='ocrx_word' id='word_1_190' title='bbox 1319 2816 1397 2880; x_wconf 91' lang='lat' dir='ltr'><strong>haud</strong></span> <span class='ocrx_word' id='word_1_191' title='bbox 1420 2817 1493 2879; x_wconf 88' lang='lat' dir='ltr'><strong>satis</strong></span> <span class='ocrx_word' id='word_1_192' title='bbox 1515 2817 1617 2897; x_wconf 91' lang='lat' dir='ltr'><strong>periti,</strong></span> <span class='ocrx_word' id='word_1_193' title='bbox 1641 2834 1720 2897; x_wconf 88' lang='lat' dir='ltr'><strong>quae</strong></span> <span class='ocrx_word' id='word_1_194' title='bbox 1742 2815 1780 2877; x_wconf 91' lang='lat' dir='ltr'><strong>ab</strong></span> <span class='ocrx_word' id='word_1_195' title='bbox 1803 2815 1862 2878; x_wconf 90' lang='lat' dir='ltr'><strong>illis</strong></span> <span class='ocrx_word' id='word_1_196' title='bbox 1884 2815 2044 2900; x_wconf 85' lang='lat' dir='ltr'><strong>Episcopis</strong></span> 
     </span>
     <span class='ocr_line' id='line_1_22' title="bbox 601 2908 2045 2997; baseline 0.001 -21"><span class='ocrx_word' id='word_1_197' title='bbox 601 2908 608 2922; x_wconf 82' lang='lat'>’</span> <span class='ocrx_word' id='word_1_198' title='bbox 681 2915 719 2979; x_wconf 89' lang='lat' dir='ltr'><strong>de</strong></span> <span class='ocrx_word' id='word_1_199' title='bbox 741 2915 959 2997; x_wconf 86' lang='lat' dir='ltr'><strong>rebaptisandis</strong></span> <span class='ocrx_word' id='word_1_200' title='bbox 982 2915 1144 2979; x_wconf 86' lang='lat' dir='ltr'><strong>haereticis</strong></span> <span class='ocrx_word' id='word_1_201' title='bbox 1167 2917 1327 2981; x_wconf 89' lang='lat' dir='ltr'><strong>constituta</strong></span> <span class='ocrx_word' id='word_1_202' title='bbox 1348 2917 1477 2995; x_wconf 85' lang='lat' dir='ltr'><strong>luerunt,</strong></span> <span class='ocrx_word' id='word_1_203' title='bbox 1500 2917 1607 2979; x_wconf 89' lang='lat' dir='ltr'><strong>eodem</strong></span> <span class='ocrx_word' id='word_1_204' title='bbox 1628 2915 1698 2979; x_wconf 90' lang='lat' dir='ltr'><strong>loco</strong></span> <span class='ocrx_word' id='word_1_205' title='bbox 1720 2915 1907 2994; x_wconf 89' lang='lat' dir='ltr'><strong>babuerunt,</strong></span> <span class='ocrx_word' id='word_1_206' title='bbox 1935 2935 1975 2980; x_wconf 91' lang='lat' dir='ltr'><strong>ao</strong></span> <span class='ocrx_word' id='word_1_207' title='bbox 1995 2935 2045 2979; x_wconf 91' lang='lat' dir='ltr'><strong>re-</strong></span> 
     </span>
    </p>
   </div>
   <div class='ocr_carea' id='block_1_5' title="bbox 678 3014 2045 5195">
    <p class='ocr_par' dir='ltr' id='par_1_5' title="bbox 678 3014 2045 4295">
     <span class='ocr_line' id='line_1_23' title="bbox 679 3014 2045 3097; baseline 0 -19"><span class='ocrx_word' id='word_1_208' title='bbox 679 3014 761 3097; x_wconf 88' lang='lat' dir='ltr'><strong>liqua</strong></span> <span class='ocrx_word' id='word_1_209' title='bbox 784 3015 987 3080; x_wconf 86' lang='lat' dir='ltr'><strong>Conciliorum</strong></span> <span class='ocrx_word' id='word_1_210' title='bbox 1016 3016 1149 3080; x_wconf 86' lang='lat' dir='ltr'><strong>decreta.</strong></span> <span class='ocrx_word' id='word_1_211' title='bbox 1197 3016 1301 3097; x_wconf 87' lang='lat' dir='ltr'><strong>ltaque</strong></span> <span class='ocrx_word' id='word_1_212' title='bbox 1330 3016 1613 3094; x_wconf 76' lang='lat' dir='ltr'><strong>consiliumillud,</strong></span> <span class='ocrx_word' id='word_1_213' title='bbox 1643 3014 1798 3096; x_wconf 83' lang='lat' dir='ltr'><strong>Epistulae</strong></span> <span class='ocrx_word' id='word_1_214' title='bbox 1827 3015 1990 3097; x_wconf 75' lang='lat' dir='ltr'><strong>Cypriani,</strong></span> <span class='ocrx_word' id='word_1_215' title='bbox 2016 3024 2045 3079; x_wconf 86' lang='lat' dir='ltr'><strong>et</strong></span> 
     </span>
     <span class='ocr_line' id='line_1_24' title="bbox 680 3114 2044 3197; baseline 0.001 -20"><span class='ocrx_word' id='word_1_216' title='bbox 680 3115 900 3197; x_wconf 87' lang='lat' dir='ltr'><strong>Episcoporum</strong></span> <span class='ocrx_word' id='word_1_217' title='bbox 937 3117 1107 3179; x_wconf 90' lang='lat' dir='ltr'><strong>sententiae</strong></span> <span class='ocrx_word' id='word_1_218' title='bbox 1146 3115 1320 3179; x_wconf 84' lang='lat' dir='ltr'><strong>referuntur</strong></span> <span class='ocrx_word' id='word_1_219' title='bbox 1352 3119 1383 3179; x_wconf 94' lang='lat' dir='ltr'><strong>in</strong></span> <span class='ocrx_word' id='word_1_220' title='bbox 1419 3116 1623 3197; x_wconf 83' lang='lat' dir='ltr'><strong>antiquissima</strong></span> <span class='ocrx_word' id='word_1_221' title='bbox 1662 3114 1817 3179; x_wconf 79' lang='lat' dir='ltr'><strong>canonum</strong></span> <span class='ocrx_word' id='word_1_222' title='bbox 1858 3114 2044 3180; x_wconf 57' lang='lat' dir='ltr'><strong>&amp;bethone</strong></span> 
     </span>
     <span class='ocr_line' id='line_1_25' title="bbox 680 3213 2042 3299; baseline 0.001 -24"><span class='ocrx_word' id='word_1_223' title='bbox 680 3214 814 3296; x_wconf 70' lang='lat' dir='ltr'><strong>Syriaca,</strong></span> <span class='ocrx_word' id='word_1_224' title='bbox 837 3233 915 3299; x_wconf 86' lang='lat' dir='ltr'><strong>quae</strong></span> <span class='ocrx_word' id='word_1_225' title='bbox 943 3222 1027 3278; x_wconf 84' lang='lat' dir='ltr'><strong>extat</strong></span> <span class='ocrx_word' id='word_1_226' title='bbox 1055 3215 1085 3278; x_wconf 89' lang='lat' dir='ltr'><strong>in</strong></span> <span class='ocrx_word' id='word_1_227' title='bbox 1108 3216 1221 3298; x_wconf 92' lang='lat' dir='ltr'><strong>optimo</strong></span> <span class='ocrx_word' id='word_1_228' title='bbox 1245 3213 1358 3279; x_wconf 88' lang='lat' dir='ltr'><strong>Codice</strong></span> <span class='ocrx_word' id='word_1_229' title='bbox 1378 3214 1534 3294; x_wconf 86' lang='lat' dir='ltr'><strong>blediceo,</strong></span> <span class='ocrx_word' id='word_1_230' title='bbox 1563 3214 1678 3296; x_wconf 87' lang='lat' dir='ltr'><strong>absque</strong></span> <span class='ocrx_word' id='word_1_231' title='bbox 1705 3223 1776 3278; x_wconf 89' lang='lat' dir='ltr'><strong>nota</strong></span> <span class='ocrx_word' id='word_1_232' title='bbox 1804 3214 1866 3278; x_wconf 88' lang='lat' dir='ltr'><strong>ulla</strong></span> <span class='ocrx_word' id='word_1_233' title='bbox 1897 3234 1992 3279; x_wconf 87' lang='lat' dir='ltr'><strong>censo</strong></span> <span class='ocrx_word' id='word_1_234' title='bbox 2011 3217 2042 3277; x_wconf 90' lang='lat'><strong>&#39;.</strong></span> 
     </span>
     <span class='ocr_line' id='line_1_26' title="bbox 681 3313 2042 3397; baseline 0.002 -22"><span class='ocrx_word' id='word_1_235' title='bbox 681 3313 756 3377; x_wconf 91' lang='lat' dir='ltr'><strong>llinc</strong></span> <span class='ocrx_word' id='word_1_236' title='bbox 778 3316 979 3389; x_wconf 88' lang='lat' dir='ltr'><strong>occasionem,</strong></span> <span class='ocrx_word' id='word_1_237' title='bbox 1003 3315 1254 3397; x_wconf 86' lang='lat' dir='ltr'><strong>autoritatemque</strong></span> <span class='ocrx_word' id='word_1_238' title='bbox 1275 3315 1355 3378; x_wconf 87' lang='lat' dir='ltr'><strong>nacti</strong></span> <span class='ocrx_word' id='word_1_239' title='bbox 1368 3316 1570 3379; x_wconf 89' lang='lat' dir='ltr'><strong>Jacobitarum</strong></span> <span class='ocrx_word' id='word_1_240' title='bbox 1593 3314 1735 3378; x_wconf 89' lang='lat' dir='ltr'><strong>doctores</strong></span> <span class='ocrx_word' id='word_1_241' title='bbox 1757 3315 1926 3397; x_wconf 89' lang='lat' dir='ltr'><strong>praecipui,</strong></span> <span class='ocrx_word' id='word_1_242' title='bbox 1951 3314 2042 3379; x_wconf 85' lang='lat' dir='ltr'><strong>Sere-</strong></span> 
     </span>
     <span class='ocr_line' id='line_1_27' title="bbox 679 3413 2042 3497; baseline 0 -21"><span class='ocrx_word' id='word_1_243' title='bbox 679 3432 732 3476; x_wconf 91' lang='lat' dir='ltr'><strong>rus</strong></span> <span class='ocrx_word' id='word_1_244' title='bbox 755 3415 921 3495; x_wconf 87' lang='lat' dir='ltr'><strong>inprimis,</strong></span> <span class='ocrx_word' id='word_1_245' title='bbox 944 3413 1191 3477; x_wconf 81' lang='lat' dir='ltr'><strong>Ortbodoxorum</strong></span> <span class='ocrx_word' id='word_1_246' title='bbox 1219 3414 1400 3497; x_wconf 79' lang='lat' dir='ltr'><strong>baptismum</strong></span> <span class='ocrx_word' id='word_1_247' title='bbox 1430 3415 1571 3478; x_wconf 87' lang='lat' dir='ltr'><strong>damnare</strong></span> <span class='ocrx_word' id='word_1_248' title='bbox 1600 3422 1781 3495; x_wconf 88' lang='lat' dir='ltr'><strong>coeperunt:</strong></span> <span class='ocrx_word' id='word_1_249' title='bbox 1809 3433 1879 3477; x_wconf 89' lang='lat' dir='ltr'><strong>nam</strong></span> <span class='ocrx_word' id='word_1_250' title='bbox 1907 3423 1992 3478; x_wconf 85' lang='lat' dir='ltr'><strong>extat</strong></span> <span class='ocrx_word' id='word_1_251' title='bbox 2015 3417 2042 3476; x_wconf 93' lang='lat' dir='ltr'><strong>in</strong></span> 
     </span>
     <span class='ocr_line' id='line_1_28' title="bbox 681 3513 2041 3597; baseline -0.002 -19"><span class='ocrx_word' id='word_1_252' title='bbox 681 3513 826 3596; x_wconf 77' lang='lat' dir='ltr'><strong>Syrorum</strong></span> <span class='ocrx_word' id='word_1_253' title='bbox 840 3514 1054 3577; x_wconf 88' lang='lat' dir='ltr'><strong>Nomocanone</strong></span> <span class='ocrx_word' id='word_1_254' title='bbox 1068 3514 1171 3578; x_wconf 87' lang='lat' dir='ltr'><strong>similis</strong></span> <span class='ocrx_word' id='word_1_255' title='bbox 1185 3515 1250 3597; x_wconf 88' lang='lat' dir='ltr'><strong>ejus</strong></span> <span class='ocrx_word' id='word_1_256' title='bbox 1261 3516 1381 3579; x_wconf 88' lang='lat' dir='ltr'><strong>nomine</strong></span> <span class='ocrx_word' id='word_1_257' title='bbox 1398 3513 1588 3592; x_wconf 87' lang='lat' dir='ltr'><strong>Constitutio,</strong></span> <span class='ocrx_word' id='word_1_258' title='bbox 1608 3532 1696 3595; x_wconf 84' lang='lat' dir='ltr'><strong>quam</strong></span> <span class='ocrx_word' id='word_1_259' title='bbox 1706 3514 1843 3577; x_wconf 91' lang='lat' dir='ltr'><strong>nonnulli</strong></span> <span class='ocrx_word' id='word_1_260' title='bbox 1852 3517 1952 3578; x_wconf 88' lang='lat' dir='ltr'><strong>secuti</strong></span> <span class='ocrx_word' id='word_1_261' title='bbox 1965 3522 2041 3577; x_wconf 89' lang='lat' dir='ltr'><strong>sunt:</strong></span> 
     </span>
     <span class='ocr_line' id='line_1_29' title="bbox 680 3612 2040 3701; baseline 0.002 -27"><span class='ocrx_word' id='word_1_262' title='bbox 680 3614 892 3695; x_wconf 89' lang='lat' dir='ltr'><strong>prudentiores</strong></span> <span class='ocrx_word' id='word_1_263' title='bbox 905 3612 966 3693; x_wconf 92' lang='lat' dir='ltr'><strong>alii,</strong></span> <span class='ocrx_word' id='word_1_264' title='bbox 988 3631 1048 3675; x_wconf 94' lang='lat' dir='ltr'><strong>non</strong></span> <span class='ocrx_word' id='word_1_265' title='bbox 1060 3613 1275 3695; x_wconf 89' lang='lat' dir='ltr'><strong>probaverunt.</strong></span> <span class='ocrx_word' id='word_1_266' title='bbox 1303 3614 1502 3677; x_wconf 85' lang='lat' dir='ltr'><strong>Verumhaec</strong></span> <span class='ocrx_word' id='word_1_267' title='bbox 1525 3613 1563 3676; x_wconf 90' lang='lat' dir='ltr'><strong>ad</strong></span> <span class='ocrx_word' id='word_1_268' title='bbox 1585 3613 1766 3694; x_wconf 81' lang='lat' dir='ltr'><strong>baptismum</strong></span> <span class='ocrx_word' id='word_1_269' title='bbox 1788 3612 1887 3701; x_wconf 77' lang='lat' dir='ltr'><strong>solum</strong></span> <span class='ocrx_word' id='word_1_270' title='bbox 1910 3616 2040 3695; x_wconf 89' lang='lat' dir='ltr'><strong>pertine-</strong></span> 
     </span>
     <span class='ocr_line' id='line_1_30' title="bbox 679 3712 2041 3794; baseline 0.001 -18"><span class='ocrx_word' id='word_1_271' title='bbox 679 3714 765 3776; x_wconf 88' lang='lat' dir='ltr'><strong>bant:</strong></span> <span class='ocrx_word' id='word_1_272' title='bbox 788 3713 827 3776; x_wconf 90' lang='lat' dir='ltr'><strong>de</strong></span> <span class='ocrx_word' id='word_1_273' title='bbox 849 3713 972 3794; x_wconf 88' lang='lat' dir='ltr'><strong>reliquis</strong></span> <span class='ocrx_word' id='word_1_274' title='bbox 988 3712 1187 3777; x_wconf 76' lang='lat' dir='ltr'><strong>sacramentis</strong></span> <span class='ocrx_word' id='word_1_275' title='bbox 1210 3714 1247 3776; x_wconf 88' lang='lat' dir='ltr'><strong>ab</strong></span> <span class='ocrx_word' id='word_1_276' title='bbox 1269 3713 1387 3776; x_wconf 87' lang='lat' dir='ltr'><strong>bomine</strong></span> <span class='ocrx_word' id='word_1_277' title='bbox 1403 3713 1543 3777; x_wconf 85' lang='lat' dir='ltr'><strong>diversae</strong></span> <span class='ocrx_word' id='word_1_278' title='bbox 1559 3712 1627 3776; x_wconf 87' lang='lat' dir='ltr'><strong>fidei</strong></span> <span class='ocrx_word' id='word_1_279' title='bbox 1639 3712 1810 3789; x_wconf 83' lang='lat' dir='ltr'><strong>celebratis,</strong></span> <span class='ocrx_word' id='word_1_280' title='bbox 1832 3714 1908 3777; x_wconf 88' lang='lat' dir='ltr'><strong>nihil</strong></span> <span class='ocrx_word' id='word_1_281' title='bbox 1930 3715 2041 3778; x_wconf 87' lang='lat' dir='ltr'><strong>videtur</strong></span> 
     </span>
     <span class='ocr_line' id='line_1_31' title="bbox 680 3812 2038 3894; baseline 0 -17"><span class='ocrx_word' id='word_1_282' title='bbox 680 3813 800 3894; x_wconf 88' lang='lat' dir='ltr'><strong>publice</strong></span> <span class='ocrx_word' id='word_1_283' title='bbox 817 3815 1018 3878; x_wconf 87' lang='lat' dir='ltr'><strong>constitutum.</strong></span> <span class='ocrx_word' id='word_1_284' title='bbox 1042 3813 1073 3877; x_wconf 90' lang='lat' dir='ltr'><strong>Si</strong></span> <span class='ocrx_word' id='word_1_285' title='bbox 1089 3812 1161 3894; x_wconf 90' lang='lat' dir='ltr'><strong>quid</strong></span> <span class='ocrx_word' id='word_1_286' title='bbox 1181 3832 1197 3876; x_wconf 92' lang='lat' dir='ltr'><strong>a</strong></span> <span class='ocrx_word' id='word_1_287' title='bbox 1210 3812 1331 3877; x_wconf 74' lang='lat' dir='ltr'><strong>fumosis</strong></span> <span class='ocrx_word' id='word_1_288' title='bbox 1346 3813 1522 3894; x_wconf 90' lang='lat' dir='ltr'><strong>quibusdam</strong></span> <span class='ocrx_word' id='word_1_289' title='bbox 1532 3812 1650 3891; x_wconf 85' lang='lat' dir='ltr'><strong>zelotis,</strong></span> <span class='ocrx_word' id='word_1_290' title='bbox 1660 3812 1787 3876; x_wconf 86' lang='lat' dir='ltr'><strong>ulterius</strong></span> <span class='ocrx_word' id='word_1_291' title='bbox 1801 3821 1979 3877; x_wconf 85' lang='lat' dir='ltr'><strong>attentatum</strong></span> <span class='ocrx_word' id='word_1_292' title='bbox 1989 3823 2038 3890; x_wconf 82' lang='lat' dir='ltr'><strong>est,</strong></span> 
     </span>
     <span class='ocr_line' id='line_1_32' title="bbox 680 3911 2039 3997; baseline -0.001 -21"><span class='ocrx_word' id='word_1_293' title='bbox 680 3913 751 3978; x_wconf 90' lang='lat' dir='ltr'><strong>odio</strong></span> <span class='ocrx_word' id='word_1_294' title='bbox 773 3913 875 3995; x_wconf 89' lang='lat' dir='ltr'><strong>potius</strong></span> <span class='ocrx_word' id='word_1_295' title='bbox 892 3931 981 3995; x_wconf 90' lang='lat' dir='ltr'><strong>quam</strong></span> <span class='ocrx_word' id='word_1_296' title='bbox 1000 3915 1068 3996; x_wconf 86' lang='lat' dir='ltr'><strong>jure</strong></span> <span class='ocrx_word' id='word_1_297' title='bbox 1080 3911 1189 3975; x_wconf 86' lang='lat' dir='ltr'><strong>lactum</strong></span> <span class='ocrx_word' id='word_1_298' title='bbox 1206 3915 1278 3976; x_wconf 90' lang='lat' dir='ltr'><strong>satis</strong></span> <span class='ocrx_word' id='word_1_299' title='bbox 1294 3915 1479 3997; x_wconf 79' lang='lat' dir='ltr'><strong>agnoscitur.</strong></span> <span class='ocrx_word' id='word_1_300' title='bbox 1503 3912 1654 3977; x_wconf 87' lang='lat' dir='ltr'><strong>Jacobitas</strong></span> <span class='ocrx_word' id='word_1_301' title='bbox 1666 3915 1744 3976; x_wconf 90' lang='lat' dir='ltr'><strong>enim</strong></span> <span class='ocrx_word' id='word_1_302' title='bbox 1757 3915 1905 3994; x_wconf 79' lang='lat' dir='ltr'><strong>quosdam</strong></span> <span class='ocrx_word' id='word_1_303' title='bbox 1917 3915 2039 3996; x_wconf 88' lang='lat' dir='ltr'><strong>Episco-</strong></span> 
     </span>
     <span class='ocr_line' id='line_1_33' title="bbox 678 4011 2037 4098; baseline 0.001 -23"><span class='ocrx_word' id='word_1_304' title='bbox 678 4031 736 4097; x_wconf 91' lang='lat' dir='ltr'><strong>pos</strong></span> <span class='ocrx_word' id='word_1_305' title='bbox 754 4012 1000 4077; x_wconf 87' lang='lat' dir='ltr'><strong>Eucharistiama</strong></span> <span class='ocrx_word' id='word_1_306' title='bbox 1017 4011 1164 4075; x_wconf 86' lang='lat' dir='ltr'><strong>blelchitis</strong></span> <span class='ocrx_word' id='word_1_307' title='bbox 1185 4031 1239 4076; x_wconf 90' lang='lat' dir='ltr'><strong>seu</strong></span> <span class='ocrx_word' id='word_1_308' title='bbox 1255 4012 1438 4076; x_wconf 81' lang='lat' dir='ltr'><strong>Ortbodoxis</strong></span> <span class='ocrx_word' id='word_1_309' title='bbox 1461 4021 1678 4092; x_wconf 89' lang='lat' dir='ltr'><strong>consecratam,</strong></span> <span class='ocrx_word' id='word_1_310' title='bbox 1694 4013 1892 4094; x_wconf 88' lang='lat' dir='ltr'><strong>proculcasse</strong></span> <span class='ocrx_word' id='word_1_311' title='bbox 1909 4015 2037 4098; x_wconf 86' lang='lat' dir='ltr'><strong>legimus,</strong></span> 
     </span>
     <span class='ocr_line' id='line_1_34' title="bbox 680 4111 2036 4189; baseline -0.002 -12"><span class='ocrx_word' id='word_1_312' title='bbox 680 4121 711 4177; x_wconf 88' lang='lat' dir='ltr'><strong>et</strong></span> <span class='ocrx_word' id='word_1_313' title='bbox 727 4114 859 4176; x_wconf 87' lang='lat' dir='ltr'><strong>vicissim</strong></span> <span class='ocrx_word' id='word_1_314' title='bbox 877 4132 894 4176; x_wconf 89' lang='lat' dir='ltr'><strong>a</strong></span> <span class='ocrx_word' id='word_1_315' title='bbox 911 4113 1034 4176; x_wconf 89' lang='lat' dir='ltr'><strong>Graecis</strong></span> <span class='ocrx_word' id='word_1_316' title='bbox 1049 4111 1232 4189; x_wconf 87' lang='lat' dir='ltr'><strong>Latinorum,</strong></span> <span class='ocrx_word' id='word_1_317' title='bbox 1246 4131 1263 4175; x_wconf 92' lang='lat' dir='ltr'><strong>a</strong></span> <span class='ocrx_word' id='word_1_318' title='bbox 1279 4113 1392 4176; x_wconf 90' lang='lat' dir='ltr'><strong>Latinis</strong></span> <span class='ocrx_word' id='word_1_319' title='bbox 1413 4113 1597 4175; x_wconf 86' lang='lat' dir='ltr'><strong>Graecorum</strong></span> <span class='ocrx_word' id='word_1_320' title='bbox 1610 4112 1802 4176; x_wconf 86' lang='lat' dir='ltr'><strong>Sacramenta</strong></span> <span class='ocrx_word' id='word_1_321' title='bbox 1824 4112 1937 4177; x_wconf 87' lang='lat' dir='ltr'><strong>eodem</strong></span> <span class='ocrx_word' id='word_1_322' title='bbox 1958 4113 2036 4176; x_wconf 89' lang='lat' dir='ltr'><strong>modo</strong></span> 
     </span>
     <span class='ocr_line' id='line_1_35' title="bbox 680 4210 2034 4295; baseline -0.001 -20"><span class='ocrx_word' id='word_1_323' title='bbox 680 4213 815 4295; x_wconf 85' lang='lat' dir='ltr'><strong>projecta</strong></span> <span class='ocrx_word' id='word_1_324' title='bbox 834 4220 914 4292; x_wconf 85' lang='lat' dir='ltr'><strong>sunt,</strong></span> <span class='ocrx_word' id='word_1_325' title='bbox 933 4211 1016 4275; x_wconf 92' lang='lat' dir='ltr'><strong>nullo</strong></span> <span class='ocrx_word' id='word_1_326' title='bbox 1025 4213 1106 4295; x_wconf 89' lang='lat' dir='ltr'><strong>jure.</strong></span> <span class='ocrx_word' id='word_1_327' title='bbox 1135 4210 1196 4276; x_wconf 85' lang='lat' dir='ltr'><strong>Sed</strong></span> <span class='ocrx_word' id='word_1_328' title='bbox 1211 4212 1250 4274; x_wconf 92' lang='lat' dir='ltr'><strong>de</strong></span> <span class='ocrx_word' id='word_1_329' title='bbox 1268 4213 1314 4276; x_wconf 92' lang='lat' dir='ltr'><strong>his</strong></span> <span class='ocrx_word' id='word_1_330' title='bbox 1328 4230 1390 4277; x_wconf 93' lang='lat' dir='ltr'><strong>non</strong></span> <span class='ocrx_word' id='word_1_331' title='bbox 1409 4215 1508 4295; x_wconf 89' lang='lat' dir='ltr'><strong>agitur</strong></span> <span class='ocrx_word' id='word_1_332' title='bbox 1524 4214 1554 4274; x_wconf 92' lang='lat' dir='ltr'><strong>in</strong></span> <span class='ocrx_word' id='word_1_333' title='bbox 1571 4213 1628 4275; x_wconf 88' lang='lat' dir='ltr'><strong>ista</strong></span> <span class='ocrx_word' id='word_1_334' title='bbox 1645 4220 1675 4275; x_wconf 91' lang='lat' dir='ltr'><strong>et</strong></span> <span class='ocrx_word' id='word_1_335' title='bbox 1690 4212 1834 4275; x_wconf 85' lang='lat' dir='ltr'><strong>similibus</strong></span> <span class='ocrx_word' id='word_1_336' title='bbox 1850 4213 2034 4277; x_wconf 76' lang='lat' dir='ltr'><strong>eradendos.</strong></span> 
     </span>
    </p>

    <p class='ocr_par' dir='ltr' id='par_1_6' title="bbox 678 4312 2035 5195">
     <span class='ocr_line' id='line_1_36' title="bbox 766 4312 2035 4395; baseline 0 -21"><span class='ocrx_word' id='word_1_337' title='bbox 766 4312 855 4375; x_wconf 88' lang='lat' dir='ltr'><strong>lstius</strong></span> <span class='ocrx_word' id='word_1_338' title='bbox 884 4319 983 4374; x_wconf 90' lang='lat' dir='ltr'><strong>autem</strong></span> <span class='ocrx_word' id='word_1_339' title='bbox 1010 4312 1086 4374; x_wconf 92' lang='lat' dir='ltr'><strong>haec</strong></span> <span class='ocrx_word' id='word_1_340' title='bbox 1115 4312 1265 4375; x_wconf 89' lang='lat' dir='ltr'><strong>sententia</strong></span> <span class='ocrx_word' id='word_1_341' title='bbox 1272 4334 1281 4389; x_wconf 84' lang='lat'><em>3</em></span> <span class='ocrx_word' id='word_1_342' title='bbox 1318 4330 1408 4376; x_wconf 88' lang='lat' dir='ltr'><strong>orare</strong></span> <span class='ocrx_word' id='word_1_343' title='bbox 1437 4313 1650 4391; x_wconf 85' lang='lat' dir='ltr'><strong>Sacerdotem,</strong></span> <span class='ocrx_word' id='word_1_344' title='bbox 1679 4322 1712 4375; x_wconf 94' lang='lat' dir='ltr'><strong>ut</strong></span> <span class='ocrx_word' id='word_1_345' title='bbox 1740 4312 1823 4375; x_wconf 89' lang='lat' dir='ltr'><strong>Deus</strong></span> <span class='ocrx_word' id='word_1_346' title='bbox 1854 4313 1894 4376; x_wconf 93' lang='lat' dir='ltr'><strong>ad</strong></span> <span class='ocrx_word' id='word_1_347' title='bbox 1923 4320 2035 4395; x_wconf 84' lang='lat' dir='ltr'><strong>peccata</strong></span> 
     </span>
     <span class='ocr_line' id='line_1_37' title="bbox 681 4410 2034 4495; baseline -0.001 -18"><span class='ocrx_word' id='word_1_348' title='bbox 681 4410 853 4477; x_wconf 79' lang='lat' dir='ltr'><strong>Sacerdotis</strong></span> <span class='ocrx_word' id='word_1_349' title='bbox 876 4420 907 4474; x_wconf 89' lang='lat' dir='ltr'><strong>et</strong></span> <span class='ocrx_word' id='word_1_350' title='bbox 930 4411 1064 4487; x_wconf 90' lang='lat' dir='ltr'><strong>aliorum,</strong></span> <span class='ocrx_word' id='word_1_351' title='bbox 1085 4427 1148 4473; x_wconf 93' lang='lat' dir='ltr'><strong>non</strong></span> <span class='ocrx_word' id='word_1_352' title='bbox 1171 4410 1321 4493; x_wconf 87' lang='lat' dir='ltr'><strong>attendat,</strong></span> <span class='ocrx_word' id='word_1_353' title='bbox 1352 4421 1402 4475; x_wconf 89' lang='lat' dir='ltr'><strong>aut</strong></span> <span class='ocrx_word' id='word_1_354' title='bbox 1431 4430 1534 4475; x_wconf 87' lang='lat' dir='ltr'><strong>eorum</strong></span> <span class='ocrx_word' id='word_1_355' title='bbox 1558 4429 1650 4474; x_wconf 89' lang='lat' dir='ltr'><strong>causa</strong></span> <span class='ocrx_word' id='word_1_356' title='bbox 1673 4410 1874 4474; x_wconf 83' lang='lat' dir='ltr'><strong>Christianum</strong></span> <span class='ocrx_word' id='word_1_357' title='bbox 1906 4413 2034 4495; x_wconf 91' lang='lat' dir='ltr'><strong>populum</strong></span> 
     </span>
     <span class='ocr_line' id='line_1_38' title="bbox 679 4509 2033 4593; baseline -0.004 -18"><span class='ocrx_word' id='word_1_358' title='bbox 679 4514 931 4591; x_wconf 86' lang='lat' dir='ltr'><strong>circumstantem,</strong></span> <span class='ocrx_word' id='word_1_359' title='bbox 953 4511 1101 4575; x_wconf 86' lang='lat' dir='ltr'><strong>beneficio</strong></span> <span class='ocrx_word' id='word_1_360' title='bbox 1124 4510 1206 4592; x_wconf 89' lang='lat' dir='ltr'><strong>quod</strong></span> <span class='ocrx_word' id='word_1_361' title='bbox 1228 4520 1425 4592; x_wconf 82' lang='lat' dir='ltr'><strong>exspectatur</strong></span> <span class='ocrx_word' id='word_1_362' title='bbox 1441 4512 1551 4593; x_wconf 84' lang='lat' dir='ltr'><strong>privet,</strong></span> <span class='ocrx_word' id='word_1_363' title='bbox 1573 4529 1682 4591; x_wconf 90' lang='lat' dir='ltr'><strong>nempe</strong></span> <span class='ocrx_word' id='word_1_364' title='bbox 1704 4509 1814 4573; x_wconf 88' lang='lat' dir='ltr'><strong>ellectu</strong></span> <span class='ocrx_word' id='word_1_365' title='bbox 1837 4513 1988 4589; x_wconf 88' lang='lat' dir='ltr'><strong>orationis,</strong></span> <span class='ocrx_word' id='word_1_366' title='bbox 2007 4517 2033 4572; x_wconf 89' lang='lat' dir='ltr'><strong>et</strong></span> 
     </span>
     <span class='ocr_line' id='line_1_39' title="bbox 679 4610 2032 4694; baseline -0.005 -18"><span class='ocrx_word' id='word_1_367' title='bbox 679 4611 897 4676; x_wconf 85' lang='lat' dir='ltr'><strong>clementorum</strong></span> <span class='ocrx_word' id='word_1_368' title='bbox 919 4614 1143 4694; x_wconf 89' lang='lat' dir='ltr'><strong>propositorum</strong></span> <span class='ocrx_word' id='word_1_369' title='bbox 1166 4615 1404 4678; x_wconf 89' lang='lat' dir='ltr'><strong>consecratione.</strong></span> <span class='ocrx_word' id='word_1_370' title='bbox 1441 4611 1484 4674; x_wconf 92' lang='lat' dir='ltr'><strong>lta</strong></span> <span class='ocrx_word' id='word_1_371' title='bbox 1506 4613 1595 4691; x_wconf 88' lang='lat' dir='ltr'><strong>enim,</strong></span> <span class='ocrx_word' id='word_1_372' title='bbox 1619 4610 1780 4691; x_wconf 89' lang='lat' dir='ltr'><strong>verbisque</strong></span> <span class='ocrx_word' id='word_1_373' title='bbox 1803 4612 1902 4694; x_wconf 82' lang='lat' dir='ltr'><strong>magis</strong></span> <span class='ocrx_word' id='word_1_374' title='bbox 1925 4611 2032 4692; x_wconf 89' lang='lat' dir='ltr'><strong>perspi·</strong></span> 
     </span>
     <span class='ocr_line' id='line_1_40' title="bbox 679 4709 2031 4796; baseline -0.004 -21"><span class='ocrx_word' id='word_1_375' title='bbox 679 4714 761 4789; x_wconf 88' lang='lat' dir='ltr'><strong>cuis,</strong></span> <span class='ocrx_word' id='word_1_376' title='bbox 789 4712 819 4775; x_wconf 93' lang='lat' dir='ltr'><strong>id</strong></span> <span class='ocrx_word' id='word_1_377' title='bbox 847 4711 1034 4796; x_wconf 84' lang='lat' dir='ltr'><strong>significatur</strong></span> <span class='ocrx_word' id='word_1_378' title='bbox 1058 4713 1089 4774; x_wconf 89' lang='lat' dir='ltr'><strong>in</strong></span> <span class='ocrx_word' id='word_1_379' title='bbox 1122 4711 1255 4793; x_wconf 89' lang='lat' dir='ltr'><strong>Coptiois</strong></span> <span class='ocrx_word' id='word_1_380' title='bbox 1289 4712 1486 4775; x_wconf 91' lang='lat' dir='ltr'><strong>orationibus.</strong></span> <span class='ocrx_word' id='word_1_381' title='bbox 1539 4710 1626 4785; x_wconf 82' lang='lat' dir='ltr'><strong>Quod</strong></span> <span class='ocrx_word' id='word_1_382' title='bbox 1654 4730 1672 4772; x_wconf 89' lang='lat' dir='ltr'><strong>a</strong></span> <span class='ocrx_word' id='word_1_383' title='bbox 1700 4709 1899 4775; x_wconf 83' lang='lat' dir='ltr'><strong>sacerdotum</strong></span> <span class='ocrx_word' id='word_1_384' title='bbox 1928 4711 2031 4784; x_wconf 82' lang='lat' dir='ltr'><strong>merito,</strong></span> 
     </span>
     <span class='ocr_line' id='line_1_41' title="bbox 678 4810 2030 4894; baseline -0.004 -20"><span class='ocrx_word' id='word_1_385' title='bbox 678 4814 801 4894; x_wconf 90' lang='lat' dir='ltr'><strong>vitaque</strong></span> <span class='ocrx_word' id='word_1_386' title='bbox 824 4811 942 4876; x_wconf 90' lang='lat' dir='ltr'><strong>illorum</strong></span> <span class='ocrx_word' id='word_1_387' title='bbox 963 4811 1113 4894; x_wconf 87' lang='lat' dir='ltr'><strong>inculpata</strong></span> <span class='ocrx_word' id='word_1_388' title='bbox 1137 4812 1263 4875; x_wconf 84' lang='lat' dir='ltr'><strong>allectus</strong></span> <span class='ocrx_word' id='word_1_389' title='bbox 1287 4813 1471 4877; x_wconf 84' lang='lat' dir='ltr'><strong>sacramenti</strong></span> <span class='ocrx_word' id='word_1_390' title='bbox 1493 4811 1633 4893; x_wconf 87' lang='lat' dir='ltr'><strong>pendeat,</strong></span> <span class='ocrx_word' id='word_1_391' title='bbox 1656 4829 1745 4873; x_wconf 90' lang='lat' dir='ltr'><strong>nemo</strong></span> <span class='ocrx_word' id='word_1_392' title='bbox 1769 4810 1945 4894; x_wconf 82' lang='lat' dir='ltr'><strong>Theologus</strong></span> <span class='ocrx_word' id='word_1_393' title='bbox 1966 4811 2030 4871; x_wconf 83' lang='lat' dir='ltr'><strong>inter</strong></span> 
     </span>
     <span class='ocr_line' id='line_1_42' title="bbox 679 4909 2027 4996; baseline -0.006 -22"><span class='ocrx_word' id='word_1_394' title='bbox 679 4911 850 4976; x_wconf 84' lang='lat' dir='ltr'><strong>Orientales</strong></span> <span class='ocrx_word' id='word_1_395' title='bbox 873 4912 1064 4976; x_wconf 78' lang='lat' dir='ltr'><strong>existimavit.</strong></span> <span class='ocrx_word' id='word_1_396' title='bbox 1112 4912 1155 4974; x_wconf 90' lang='lat' dir='ltr'><strong>lta</strong></span> <span class='ocrx_word' id='word_1_397' title='bbox 1183 4913 1277 4996; x_wconf 88' lang='lat' dir='ltr'><strong>igitur</strong></span> <span class='ocrx_word' id='word_1_398' title='bbox 1306 4921 1395 4975; x_wconf 91' lang='lat' dir='ltr'><strong>orant</strong></span> <span class='ocrx_word' id='word_1_399' title='bbox 1424 4931 1463 4974; x_wconf 82' lang='lat' dir='ltr'><strong>ex</strong></span> <span class='ocrx_word' id='word_1_400' title='bbox 1494 4910 1596 4974; x_wconf 91' lang='lat' dir='ltr'><strong>cordis</strong></span> <span class='ocrx_word' id='word_1_401' title='bbox 1626 4909 1829 4992; x_wconf 88' lang='lat' dir='ltr'><strong>plenitudine,</strong></span> <span class='ocrx_word' id='word_1_402' title='bbox 1860 4911 2027 4994; x_wconf 79' lang='lat' dir='ltr'><strong>propriaque</strong></span> 
     </span>
     <span class='ocr_line' id='line_1_43' title="bbox 679 5004 2026 5095; baseline -0.001 -22"><span class='ocrx_word' id='word_1_403' title='bbox 679 5011 864 5095; x_wconf 88' lang='lat' dir='ltr'><strong>indignitatis</strong></span> <span class='ocrx_word' id='word_1_404' title='bbox 888 5004 1088 5092; x_wconf 87' lang='lat' dir='ltr'><strong>conscientia,</strong></span> <span class='ocrx_word' id='word_1_405' title='bbox 1117 5011 1239 5076; x_wconf 81' lang='lat' dir='ltr'><strong>latendo</strong></span> <span class='ocrx_word' id='word_1_406' title='bbox 1262 5030 1297 5075; x_wconf 90' lang='lat' dir='ltr'><strong>se</strong></span> <span class='ocrx_word' id='word_1_407' title='bbox 1318 5019 1401 5075; x_wconf 85' lang='lat' dir='ltr'><strong>tanto</strong></span> <span class='ocrx_word' id='word_1_408' title='bbox 1424 5019 1543 5093; x_wconf 82' lang='lat' dir='ltr'><strong>tamque</strong></span> <span class='ocrx_word' id='word_1_409' title='bbox 1567 5008 1693 5072; x_wconf 89' lang='lat' dir='ltr'><strong>mirabili</strong></span> <span class='ocrx_word' id='word_1_410' title='bbox 1714 5010 1883 5073; x_wconf 89' lang='lat' dir='ltr'><strong>ministerio</strong></span> <span class='ocrx_word' id='word_1_411' title='bbox 1905 5009 2026 5090; x_wconf 75' lang='lat' dir='ltr'><strong>indignos</strong></span> 
     </span>
     <span class='ocr_line' id='line_1_44' title="bbox 679 5108 2023 5195; baseline -0.007 -21"><span class='ocrx_word' id='word_1_412' title='bbox 679 5129 766 5175; x_wconf 85' lang='lat' dir='ltr'><strong>esse:</strong></span> <span class='ocrx_word' id='word_1_413' title='bbox 788 5116 954 5194; x_wconf 85' lang='lat' dir='ltr'><strong>timereque</strong></span> <span class='ocrx_word' id='word_1_414' title='bbox 976 5130 1015 5176; x_wconf 89' lang='lat' dir='ltr'><strong>ne</strong></span> <span class='ocrx_word' id='word_1_415' title='bbox 1037 5113 1085 5175; x_wconf 89' lang='lat' dir='ltr'><strong>sui</strong></span> <span class='ocrx_word' id='word_1_416' title='bbox 1108 5130 1200 5176; x_wconf 84' lang='lat' dir='ltr'><strong>censa</strong></span> <span class='ocrx_word' id='word_1_417' title='bbox 1214 5112 1298 5176; x_wconf 87' lang='lat' dir='ltr'><strong>Deus</strong></span> <span class='ocrx_word' id='word_1_418' title='bbox 1320 5111 1447 5195; x_wconf 87' lang='lat' dir='ltr'><strong>gratiam</strong></span> <span class='ocrx_word' id='word_1_419' title='bbox 1469 5118 1501 5174; x_wconf 92' lang='lat' dir='ltr'><strong>et</strong></span> <span class='ocrx_word' id='word_1_420' title='bbox 1522 5108 1700 5174; x_wconf 84' lang='lat' dir='ltr'><strong>beneficium</strong></span> <span class='ocrx_word' id='word_1_421' title='bbox 1721 5108 1804 5191; x_wconf 91' lang='lat' dir='ltr'><strong>quod</strong></span> <span class='ocrx_word' id='word_1_422' title='bbox 1823 5110 2023 5191; x_wconf 83' lang='lat' dir='ltr'><strong>postulaturet</strong></span> 
     </span>
    </p>
   </div>
   <div class='ocr_carea' id='block_1_6' title="bbox 0 0 2268 6034">
    <p class='ocr_par' dir='ltr' id='par_1_7' title="bbox 0 0 2268 6034">
     <span class='ocr_line' id='line_1_45' title="bbox 0 0 2268 6034; baseline 0 2"><span class='ocrx_word' id='word_1_423' title='bbox 0 0 2268 6034; x_wconf 95' lang='lat' dir='ltr'><strong> </strong></span> 
     </span>
    </p>
   </div>
  </div>
 </body>
</html>
