4525 6034
367 3819 396 3873 P.
415 3821 459 3874 ³9.
478 3822 493 3874 l.
512 3823 537 3874 9.

594 557 733 663 '112
958 585 1655 665 onsaavrrrouas

742 771 863 853 Accipit
885 770 1061 852 particulam
1084 789 1125 833 ex
1147 788 1279 853 corpore
1302 779 1333 833 et
1355 770 1443 831 mittit
1465 768 1545 831 illam
1567 771 1598 832 in
1620 769 1760 848 calicem,
1790 776 1824 832 ut
1845 769 2027 854 intelligatur

655 871 735 933 bunc
757 889 828 933 esse
850 871 1028 953 sanguinem
1055 869 1144 951 hujus
1172 871 1331 951 corporis,
1361 876 1392 931 et
1419 867 1479 930 boc
1510 886 1621 950 corpus
1650 868 1738 949 hujus
1766 870 1941 951 sanguinis,
1968 888 2028 935 non

656 970 791 1048 alterius,
815 965 869 1032 s'ed
893 977 1051 1050 utrumque
1067 968 1146 1031 idem
1169 968 1250 1050 quod
1272 970 1303 1030 in
1326 985 1416 1030 cruce
1438 967 1620 1030 immolatum
1642 975 1705 1038 oet:
1728 966 1915 1049 significatur
1931 970 2028 1048 etiam,

657 1067 738 1148 quod
760 1068 831 1130 licet
852 1068 883 1131 in
905 1069 988 1130 vasis
1011 1067 1127 1130 duobus
1150 1069 1249 1149 posita
1272 1069 1331 1130 sint
1353 1084 1463 1148 corpus
1487 1074 1517 1128 et
1539 1068 1682 1150 sanguis,
1712 1075 1811 1128 tamen
1839 1085 1929 1128 unum
1953 1086 2029 1131 cor-

656 1186 713 1249 pus
737 1166 917 1230 dominicum
941 1176 1004 1246 est,
1029 1167 1122 1229 Verbi
1145 1167 1212 1228 Dei.
1567 1173 1570 1180 “

743 1266 851 1328 Postea
875 1284 986 1348 corpus
1009 1268 1039 1327 in
1062 1265 1166 1345 plures
1189 1262 1353 1346 particulas
1377 1263 1495 1344 dividit,
1520 1266 1589 1346 quia
1618 1266 1659 1326 ita
1689 1261 1761 1325 lecit
1789 1263 1936 1326 Dominus
1964 1281 2030 1325 cum

657 1382 770 1446 corpus
793 1383 879 1427 suum
900 1364 993 1449 fregit
1015 1372 1046 1427 et
1069 1364 1172 1426 divisit
1193 1365 1224 1425 in
1246 1363 1429 1426 coenaculo:
1457 1364 1604 1445 particula
1635 1381 1757 1444 quoque
1779 1362 1845 1424 sive
1866 1361 2031 1445 Margarita

657 1481 734 1545 quae
763 1465 793 1525 in
824 1463 949 1526 calicem
972 1463 1110 1541 mittitur,
1146 1462 1311 1546 significat,
1341 1463 1420 1524 hunc
1448 1464 1627 1546 sanguinem
1657 1480 1727 1523 esse
1762 1460 1851 1542 hujus
1882 1463 2030 1542 corporis,

580 1591 583 1596 Δ
656 1581 808 1644 unumque
831 1571 862 1625 et
883 1562 1019 1626 eumdem
1043 1579 1112 1624 esse
1137 1563 1289 1635 occisum,
1311 1561 1341 1621 in
1364 1563 1514 1645 sanguine
1537 1569 1568 1624 ct
1590 1579 1731 1642 corpore.

739 1661 890 1724 Observat
912 1669 1073 1742 praeterea
1095 1660 1175 1722 idem
1197 1660 1343 1723 Barsalibi
1365 1668 1488 1741 praeter
1510 1660 1576 1723 illas
1599 1660 1761 1740 particulas
1790 1661 1901 1740 quibus
1927 1659 2031 1721 consi-

656 1760 867 1842 gnatiolitet
892 1761 1022 1841 quaein
1054 1760 1178 1823 calicem
1207 1762 1377 1835 mittuntur,
1407 1759 1520 1840 aliquas
1549 1761 1679 1841 majores
1707 1761 1863 1822 reservari
1892 1766 2032 1839 maguam

655 1860 836 1939 praecipuas
860 1868 962 1940 partes
986 1861 1123 1940 corporis
1148 1858 1304 1935 dominici,
1327 1877 1404 1940 quae
1428 1859 1614 1940 dignioribus
1638 1858 1823 1939 praebentur
1845 1857 2032 1920 adcommo-

656 1959 789 2021 nionem:
821 1958 902 2039 quod
932 1976 993 2021 non
1021 1961 1095 2021 satis
1125 1958 1245 2020 videtur
1273 1958 1465 2040 explicatum.
1509 1958 1616 2039 Neque
1638 1958 1725 2040 2enim
1756 1956 1929 2020 Orientales
1960 1957 2032 2018 exi·

655 2058 776 2119 stimant
802 2058 978 2140 particulam
1012 2058 1103 2120 ullam
1133 2058 1191 2120 alia
1226 2076 1296 2120 esse
1331 2057 1514 2139 digniorem:
1546 2065 1576 2119 et
1605 2057 1690 2119 istam
1721 2058 1895 2138 opinionem
1922 2054 2033 2118 refellit

654 2156 871 2221 Ecbmimensis
894 2159 924 2220 in
946 2174 1002 2220 sua
1026 2157 1182 2220 Canonum
1206 2156 1410 2235 Collectione,
1435 2156 1548 2218 docens
1570 2157 1601 2217 in
1629 2158 1740 2237 exigua
1762 2154 1913 2236 particula
1936 2172 2032 2235 aeque

656 2258 804 2319 contineri
832 2256 944 2319 Christi
966 2274 1095 2337 corpus,
1126 2274 1162 2317 ac
1192 2256 1222 2317 in
1252 2263 1315 2318 tota
1338 2254 1456 2317 Oblata.
1503 2256 1617 2316 Verum
1640 2273 1724 2333 curn,
1755 2262 1788 2316 ut
1817 2252 1890 2315 alibi
1913 2273 1957 2316 ex
1979 2254 2032 2316 Ja-

562 2353 567 2362 '
656 2356 733 2418 cubo
756 2355 930 2434 Edessena,
954 2356 1080 2437 aliisque
1103 2355 1190 2436 Syris
1213 2355 1367 2417 autoribus
1383 2388 1385 2390 ·
1399 2355 1591 2416 observatum
1620 2360 1686 2431 est,
1714 2353 1892 2434 Episcopis,
1924 2354 1954 2415 si
1983 2351 2032 2434 gui

656 2453 772 2535 adsint,
795 2462 827 2519 et
849 2453 1058 2517 sacerdotibus
1089 2453 1235 2535 particula
1258 2453 1458 2535 praebeatur,
1493 2461 1555 2515 tum
1585 2451 1664 2514 calix
1694 2470 1734 2513 ex
1761 2470 1821 2533 quo
1851 2452 2032 2534 sangninem

655 2552 775 2630 bibant,
797 2554 868 2616 illae
890 2551 1057 2636 particulae
1079 2553 1110 2614 in
1133 2552 1217 2615 disco
1239 2560 1450 2614 reservantur:
1474 2549 1609 2632 reliquae
1629 2552 1782 2627 intinctae,
1804 2550 1965 2613 cochleari
1977 2550 2032 2613 ad-

656 2654 871 2717 ministrantur.
915 2652 1020 2715 Monet
1043 2652 1130 2714 etiam
1157 2649 1303 2713 Barsalibi
1330 2659 1362 2712 ut
1389 2649 1457 2712 dum
1480 2648 1648 2730 particulae
1677 2650 1807 2729 majores
1837 2647 2031 2731 franguntur,

657 2752 745 2815 etiam
779 2751 817 2814 ad
847 2751 1085 2815 communionem
1118 2749 1279 2812 infantibus
1310 2747 1562 2827 distribuendam,
1596 2745 1746 2812 Sacerdos
1778 2746 1829 2810 det
1857 2767 1987 2829 operam
2001 2756 2032 2810 nt

656 2852 774 2932 signum
797 2845 913 2929 crucis,
937 2850 1016 2931 quod
1039 2848 1166 2932 singulis
1189 2851 1368 2928 impressum
1400 2856 1447 2910 est
1476 2854 1685 2910 conservetur.
1729 2846 1863 2928 Nempe,
1892 2858 1929 2911 nt
1960 2849 2031 2911 alias

656 2950 903 3029 observavimus,
926 2951 1023 3012 Panes
1045 2948 1244 3011 Eucharistici
1267 2949 1332 3010 sive
1363 2946 1507 3026 Oblatae,
1540 2946 1640 3009 multis
1672 2947 1830 3008 cruciculis
1861 2948 2032 3030 signantur,

656 3057 687 3111 et
709 3050 856 3130 particula
877 3048 927 3110 illa
951 3066 1028 3129 quac
1051 3066 1172 3110 crucem
1195 3047 1299 3122 habet,
1324 3055 1372 3108 est
1393 3049 1518 3128 proprie
1541 3045 1693 3126 loquendo
1717 3065 1754 3108 ea
1782 3064 1872 3126 quam
1894 3059 2031 3125 unrici,

656 3147 843 3224 Carbonem,
864 3147 1087 3227 Margaritam,
1105 3146 1242 3226 Sigillum
1270 3154 1388 3207 vocant.
1434 3145 1522 3219 Quod
1545 3145 1638 3228 igitur
1660 3146 1700 3206 ait
1721 3144 1887 3225 Barsalibi,
1921 3148 1961 3209 de
1984 3148 2031 3208 in-

654 3245 784 3309 fantibus
807 3246 1035 3328 intelligendum
1058 3247 1108 3326 qui
1131 3245 1244 3326 glutire
1267 3253 1395 3325 possunt
1418 3252 1448 3306 et
1470 3243 1623 3322 mandere,
1648 3261 1708 3306 non
1722 3243 1761 3305 de
1776 3244 1859 3306 aliis:
1882 3254 1918 3306 ut
1935 3262 2031 3325 neque

653 3344 802 3425 particula
824 3344 972 3426 ejusmodi
994 3345 1112 3428 integra
1125 3362 1248 3425 semper
1271 3344 1340 3406 data
1359 3351 1421 3406 est:
1445 3362 1513 3405 cum
1536 3345 1565 3404 in
1579 3342 1787 3404 minutissimas
1800 3352 1918 3424 partes,
1944 3345 2031 3405 etiarn

655 3444 735 3523 apud
760 3444 894 3506 Graecos
917 3445 1076 3507 comminui
1100 3443 1208 3506 Oblata
1230 3442 1344 3522 soleat,
1369 3449 1400 3504 et
1422 3442 1508 3504 calici
1530 3442 1655 3517 immitti,
1677 3441 1758 3504 unde
1772 3441 1930 3528 cochleari
1948 3444 2031 3505 acci-

653 3545 751 3622 pitur,
775 3550 805 3605 et
827 3542 1055 3605 communicanti
1078 3543 1309 3605 administratur.

976 3819 1153 3890 Sacerdos
1178 3826 1259 3889 anie
1286 3822 1477 3889 orationem
1503 3816 1714 3886 dominicam.

351 3989 454 4079 Omne
481 4013 539 4081 anm
565 4028 644 4081 Pater
756 4012 871 4091 Baavrs
894 4024 1041 4106 quaedam
1063 4022 1211 4104 praelatio
1234 4022 1361 4084 orationi
1384 4020 1569 4096 Dominicae,
1591 4019 1651 4080 ritu
1674 4017 1829 4095 Orientali,
1853 4036 1948 4098 quem
1970 4018 2031 4081 Oo-

330 4119 419 4162 morter.

654 4127 818 4190 cidentales
842 4146 963 4209 quoque
986 4128 1125 4203 retinent,
1149 4125 1298 4206 praemitti
1321 4124 1408 4186 solet.
1444 4124 1497 4186 lta
1520 4124 1656 4199 dicimus,
1679 4122 1858 4201 Praeceptis
1879 4124 2033 4184 solidam-

653 4228 710 4289 bus
730 4229 838 4289 moniti
857 4237 886 4289 et
907 4229 1013 4290 divina
1034 4226 1220 4286 destitutione
1239 4224 1376 4303 formati,
1400 4225 1546 4285 audenus
1568 4224 1679 4285 dicere.
1716 4222 1806 4283 Pater
1828 4229 1949 4299 noster,
1974 4229 2030 4282 etc.

654 4327 757 4389 Oratio
781 4344 869 4408 quam
893 4326 976 4406 Syri,
1008 4324 1065 4385 hoc
1087 4324 1157 4385 loco
1179 4323 1306 4385 recitant
1328 4340 1476 4404 expressa
1499 4328 1546 4384 est
1569 4340 1610 4383 ex
1638 4321 1772 4398 Graeca,
1803 4339 1885 4401 quae
1916 4322 2030 4402 incipit

648 4417 683 4487 ‘0
712 4415 795 4497 Θεός
816 4419 872 4485 καὶ
893 4414 1014 4507 πατήρ,
1037 4418 1099 4483 τοῦ
1119 4415 1235 4507 κυρίου
1256 4418 1312 4483 καὶ
1336 4420 1435 4494 Θεοῦ,
1457 4417 1513 4482 καὶ
1535 4417 1682 4505 σωτῆρος
1704 4410 1794 4502 ἡμῶν
1816 4408 1934 4503 Ἰησοῦ,
1966 4439 2032 4481 cum

652 4525 713 4587 lovi
736 4523 917 4601 discrimine,
942 4522 1021 4603 quod
1045 4520 1224 4583 observatur
1247 4519 1369 4602 quoquc
1390 4523 1468 4582 inter
1491 4518 1564 4582 alias
1579 4520 1714 4600 ejusdem
1727 4519 1849 4600 linguae
1864 4519 2031 4602 liturgias.
2149 4537 2156 4544 ·

651 4623 783 4687 lacobus
806 4621 991 4684 Edessenns.
1038 4619 1112 4681 Cam
1134 4618 1289 4682 Sacerdos
1317 4639 1421 4681 omnes
1449 4621 1604 4680 motiones
1633 4618 1814 4690 absolverit,
1842 4617 1900 4678 dat
1924 4636 2033 4696 pacem

649 4724 771 4802 populo,
794 4722 852 4785 hoo
875 4727 922 4783 est
944 4721 1021 4782 dicit
1040 4720 1103 4781 Pax
1126 4737 1193 4797 cum
1216 4719 1352 4781 omnibus
1375 4720 1480 4794 vobis;
1510 4726 1540 4780 et
1564 4726 1611 4780 ter
1631 4720 1717 4797 signo
1742 4716 1845 4778 anas
1863 4716 1955 4794 facto
1978 4717 2033 4777 de·

651 4823 782 4897 aedicit,
805 4824 918 4884 diceas.
957 4816 1184 4881 Misericordiae
1206 4818 1324 4880 Domini
1347 4821 1408 4880 sint
1430 4835 1523 4897 super
1544 4833 1610 4879 vos.
1645 4816 1719 4877 noe
1738 4814 1858 4893 frangit
1879 4822 1911 4874 et
1924 4816 2035 4894 >sigim

651 4919 893 4995 Eucbomstiam,
916 4925 978 4980 tam
999 4919 1105 4996 incipit
1126 4919 1293 4979 orationem
1315 4919 1513 4992 dominicam,
1543 4935 1620 4997 puae
1642 4915 1751 4977 deinde
1773 4932 1794 4975 a
1811 4913 1930 4992 populo
1954 4915 2033 4972 iate-

649 5036 710 5097 pra
732 5021 899 5080 recitatam:
921 5016 955 5080 ln
976 5016 1034 5078 illis
1058 5016 1161 5078 verbis
1184 5016 1362 5099 agnoscitur
1382 5016 1470 5098 hujus
1488 5017 1582 5096 partis
1596 5014 1753 5097 liturgiae
1768 5011 1940 5093 dispositio.
1964 5008 2033 5072 Usi·
