4525 6034
605 1142 1241 1320 APPENDIX

447 1482 520 1573 AD
560 1479 868 1574 LITURGIAS
908 1477 1384 1593 ALEXANDRINA&

240 1715 429 1787 Continens
454 1714 743 1788 Dissertationem
777 1712 820 1784 de
854 1711 1070 1783 Potriarclto
1103 1711 1344 1783 Alexandrino
1380 1711 1613 1806 Coptitornm3

295 1839 330 1904 et
369 1836 471 1902 nitran
505 1832 735 1902 ordinationis
766 1829 913 1921 ejusdem
948 1851 995 1900 ec
1028 1828 1230 1921 Pontificnli
1262 1827 1503 1901 Bibliothecae
1539 1829 1613 1903 Se·
1692 1836 1696 1847 '

294 1951 498 2043 qrrierionce
523 1948 649 2018 Latine
675 1967 881 2018 concmsurn.

344 2158 498 2235 erunaus
532 2167 747 2231 Alexandrinis
784 2165 989 2230 lacebitarum
1022 2165 1207 2247 subjungere
1237 2166 1335 2229 visum
1363 2174 1410 2229 est
1438 2166 1477 2229 ob
1514 2184 1612 2250 argu-

240 2276 335 2337 menti
364 2272 618 2349 conformitatem,
649 2271 895 2334 Dissertationem
925 2270 963 2333 de
993 2269 1165 2332 Patriarcha
1193 2268 1417 2349 Alexandrino,
1447 2260 1615 2335 secundum

241 2373 402 2437 Ecclesiae
425 2372 570 2454 Copticae
594 2369 790 2452 disciplinam,
812 2389 854 2432 ex
865 2370 1084 2452 probatissimis
1106 2368 1271 2432 Autoribus
1287 2368 1476 2450 explicatam.
1499 2369 1615 2445 Quam-

242 2476 291 2536 vis
314 2475 394 2536 enim
416 2492 457 2536 ex
479 2472 610 2534 Historia
632 2469 827 2533 Patriarchali
849 2488 947 2552 nuper
968 2469 1066 2548 edita,
1089 2469 1252 2549 praecipua
1280 2467 1455 2551 disciplinae
1485 2471 1522 2534 ad
1546 2472 1614 2534 ele-

242 2576 374 2637 ctionem
405 2572 645 2636 Patriarcharum
675 2571 839 2650 spectantis
871 2569 986 2650 capita,
1017 2586 1082 2632 mos
1102 2567 1296 2632 Comitiorum
1319 2568 1613 2649 Ecclesiasticorum,

244 2674 334 2737 dotes
371 2674 402 2734 in
428 2672 600 2735 Patriarcha
629 2670 804 2751 requisitae,
834 2669 913 2732 illius
943 2670 1098 2743 autoritas,
1129 2667 1315 2733 Dioeceseos
1344 2668 1469 2749 limites,
1499 2680 1530 2735 et
1558 2692 1613 2737 re-

243 2772 327 2854 liqua
350 2773 407 2835 alia
428 2771 554 2853 intelligi
576 2772 648 2833 satis
671 2770 833 2851 perspicue
856 2770 989 2850 possint;
1012 2776 1111 2830 tamen
1133 2769 1277 2831 materiae
1299 2769 1384 2833 istius
1412 2773 1529 2837 novitas
1551 2773 1614 2837 dif-

242 2872 353 2934 ficilem
376 2871 446 2934 lacit
468 2869 674 2950 exemplorum
691 2869 954 2949 comparationem,
977 2867 1019 2929 ita
1040 2874 1074 2929 ut
1096 2885 1137 2928 ex
1161 2865 1220 2928 illis
1238 2868 1316 2949 juris
1333 2871 1496 2936 communis
1513 2874 1612 2955 aliqua

243 2972 355 3053 regula
377 2971 517 3034 constitui
541 2976 626 3032 certo
648 2968 700 3029 vin
723 2975 823 3048 queat.
857 2968 931 3031 lllud
954 2985 973 3029 a
995 2968 1114 3030 nemine
1137 2967 1195 3031 huc
1216 2986 1314 3049 usque
1337 2972 1410 3034 satis
1433 2973 1613 3054 explicatum

245 3080 306 3148 est,
328 3089 396 3133 cum
418 3070 552 3133 Antores
581 3067 752 3149 Aegyptios
782 3069 833 3148 qui
859 3067 941 3131 luris
971 3066 1117 3130 Canonici
1146 3069 1254 3148 peritia
1282 3070 1361 3131 inter
1388 3089 1460 3134 suos
1487 3075 1614 3136 mamme

241 3170 504 3247 commendantur,
526 3185 615 3232 nemo
639 3166 824 3230 eruditorum
848 3174 969 3230 nostrae
992 3167 1098 3228 aetatis
1120 3168 1257 3245 noverit,
1287 3177 1337 3231 aut
1364 3172 1500 3251 apposite
1524 3173 1615 3235 testi-

244 3272 356 3334 moniis
377 3269 495 3333 illorum
517 3286 590 3330 usus
613 3265 713 3330 luerit
756 3265 798 3329 At
824 3265 1024 3338 Ebnassalus‚
1047 3264 1225 3328 Abulbircat
1253 3276 1283 3330 et
1305 3270 1372 3350 alii,
1403 3270 1522 3333 tradunt
1544 3272 1615 3335 dili-

243 3377 369 3453 genter,
392 3369 464 3450 quid
486 3367 624 3431 Ecclesia
646 3366 850 3429 Alexandrina
873 3365 1063 3443 observaret,
1086 3374 1145 3428 mm
1167 3366 1198 3428 in
1221 3367 1371 3450 eligendis
1393 3389 1480 3451 quam
1503 3373 1532 3434 in
1555 3392 1611 3435 or-

244 3468 385 3532 dinandis
408 3467 608 3545 Psinachis,
621 3464 701 3547 quod
719 3466 770 3546 jus
793 3465 851 3528 illis
873 3472 1069 3546 competeret,
1091 3483 1189 3546 eaque
1211 3469 1382 3531 accuratius
1405 3487 1493 3550 quam
1514 3471 1615 3537 ltine-

244 3571 407 3645 rariorum,
424 3575 474 3631 aut
485 3569 644 3650 regionum
656 3564 871 3646 descriptores,
884 3567 935 3646 qui
949 3567 997 3629 sui
1005 3565 1100 3628 salum
1115 3560 1262 3647 temporis
1276 3568 1423 3631 rationem
1435 3571 1614 3654 habuerunt,

244 3677 446 3750 vetustasque
467 3668 601 3750 origines
623 3683 749 3748 prorsus
773 3665 999 3746 ignoraverunt.
1045 3665 1158 3729 Scissio
1179 3665 1336 3731 Ecclesiae
1360 3672 1389 3731 in
1412 3679 1515 3752 partes
1538 3672 1614 3739 duas

245 3768 495 3833 Orthodoxorum
518 3774 549 3829 et
569 3766 783 3841 lacebitarum,
806 3764 959 3845 plerisque
982 3766 1134 3848 incognita
1147 3765 1217 3829 luit:
1241 3776 1271 3830 et
1293 3769 1359 3850 ipse
1381 3768 1531 3837 ludiculus
1553 3776 1614 3838 Pa-

242 3867 455 3945 triarchsrum,
478 3867 549 3929 olim
571 3865 739 3947 publicatus
762 3866 793 3926 in
815 3862 935 3944 Lingua
947 3863 1134 3946 Aegyptiace
1155 3869 1302 3944 restincto,
1326 3888 1366 3931 ex
1388 3871 1524 3953 utrisque
1536 3890 1614 3936 con-

246 3970 416 4032 sarcinatus
446 3974 510 4042 est,
534 3973 624 4046 atque
646 3966 723 4029 adeo
745 3964 871 4042 nullius,
908 3965 965 4026 uisi
995 3963 1033 4026 ad
1060 3963 1196 4028 fraudem
1223 3965 1401 4032 Lectorilsus
1434 3970 1612 4055 taciendam,

245 4086 324 4129 usus
346 4066 409 4129 luit.
446 4065 518 4144 Alii,
541 4083 617 4146 quos
640 4066 669 4127 in
692 4064 824 4127 Historia
845 4063 982 4144 Eutychii
1005 4080 1065 4125 non
1088 4063 1339 4144 observaverunt,
1361 4070 1432 4150 quia
1454 4072 1538 4135 solos
1552 4074 1615 4137 Or-

244 4166 399 4229 thodoxos
421 4174 580 4243 recenset,
604 4183 644 4226 ex
665 4162 901 4227 Patriareharum
924 4181 1049 4227 numero
1073 4174 1268 4241 exemeruut3
1295 4186 1396 4249 neque
1424 4169 1500 4233 haec
1522 4174 1615 4256 igno-

244 4268 346 4330 rantia
368 4264 441 4328 solis
464 4283 498 4326 se
519 4263 706 4327 literatorum
729 4262 852 4342 scriptis
871 4263 1026 4340 condnuit,
1039 4263 1094 4325 sed
1110 4265 1139 4326 in
1158 4267 1353 4347 gravissimas
1369 4268 1615 4336 hallucinationes

244 4365 387 4440 induxit,
410 4382 486 4446 quos
511 4362 571 4426 lalli
593 4365 711 4427 minime
734 4362 903 4445 oportebat.
947 4362 1020 4436 Quis
1043 4364 1122 4426 enim
1145 4364 1291 4429 Clementi
1313 4367 1388 4433 Vlll.
1411 4386 1472 4431 non
1495 4370 1615 4451 publice

244 4464 448 4547 priuatimque
468 4462 635 4545 gratulatus
658 4471 722 4542 est,
749 4461 831 4543 quod
851 4460 1018 4525 Ecclesiam
1039 4462 1276 4528 Alexandrinam
1304 4476 1444 4549 suscepta
1467 4468 1615 4535 Gabrielis

244 4564 440 4627 Patriarclrae
466 4563 617 4646 legatione
647 4571 678 4625 et
704 4562 818 4640 literis,
854 4562 891 4624 ad
920 4564 1062 4626 unitatem
1092 4564 1276 4633 Catholicam
1311 4566 1499 4632 reduxisset:
1537 4589 1615 4652 quae

244 4663 394 4745 legatio,
412 4663 637 4745 qualiscunque
665 4662 761 4738 loret,
783 4661 883 4729 [ructu
911 4664 1014 4726 caruit.
1061 4665 1173 4727 Verum
1203 4666 1294 4751 vulgo
1321 4669 1560 4748 existimabatur,
1582 4680 1616 4735 ut

245 4764 479 4844 inscriptiones,
508 4764 702 4843 numismata,
733 4761 850 4844 aliaque
880 4770 1069 4826 monumenta
1097 4764 1218 4846 publiea
1247 4766 1344 4847 palam
1373 4765 1500 4849 faciunt,
1523 4777 1615 4834 totam

247 4862 418 4925 Ecclesiam
440 4861 673 4925 Alexandrinam
695 4863 918 4927 reconciliatam
940 4882 1007 4927 cum
1029 4865 1162 4929 Romana
1184 4866 1291 4930 luisse:
1321 4884 1388 4929 cum
1410 4869 1525 4933 interea
1545 4870 1614 4935 nte-

250 4961 342 5025 letius
364 4963 438 5044 Pige
460 4961 594 5026 Graecus
624 4962 760 5045 ejusdem
786 4963 975 5045 Patriarclra,
997 4964 1091 5028 literis
1113 4965 1234 5047 publice
1256 4967 1376 5048 scriptis
1405 4987 1531 5052 gravem
1560 4990 1615 5035 ca-

253 5060 395 5125 lumniam
417 5061 474 5125 sibi
495 5062 560 5126 lieri
581 5068 770 5145 quereretur,
792 5072 823 5127 et
846 5064 1029 5129 anathemata
1052 5066 1082 5128 in
1105 5066 1227 5131 Latinos
1257 5086 1314 5149 per
1335 5074 1428 5131 totum
1450 5068 1617 5154 Orientem,

1099 5182 1108 5219 Ι
1357 5180 1362 5185 .
