4525 6034
504 605 648 684 ORDO
689 603 983 684 COllblUlllS
1023 606 1351 684 LITURGIAE.
1572 609 1595 682 3

228 796 363 889 suspice
400 793 545 866 Domine
588 792 776 866 oblationes
817 815 994 865 servorum
1032 804 1179 883 tuorum,
1226 804 1309 889 quaa
1354 806 1597 890 separaverunt

227 921 262 982 et
287 909 480 998 intulerrmt,
514 920 653 1006 propter
679 930 828 982 amorem
853 918 958 1000 hrum,
992 918 1026 981 et
1050 932 1173 983 nomen
1188 920 1279 983 tuum
1315 922 1479 985 sancum:
1506 936 1596 986 con-

228 1048 332 1099 serva
365 1036 399 1098 et
432 1024 575 1099 benedic
601 1049 662 1100 cos
697 1024 848 1099 omnibus
874 1025 1161 1099 benedictionibus
1188 1025 1428 1124 spiritualibus,
1454 1029 1595 1103 laetifica

226 1164 290 1212 eos
315 1141 412 1215 bonis
436 1141 715 1230 indeficienh'bus,
750 1152 784 1214 et
815 1164 878 1238 spe
908 1145 1148 1239 promissorum
1180 1164 1313 1233 eorum,
1351 1166 1436 1239 quae
1471 1151 1594 1220 sanctis

225 1261 292 1329 tuis
317 1257 406 1329 facta
432 1267 517 1332 sunt
569 1258 710 1330 Ellunde
742 1258 991 1332 benedictiones
1024 1269 1097 1331 tuas
1130 1262 1165 1331 in
1197 1262 1306 1361 omnio
1337 1282 1424 1355 quae
1459 1260 1501 1332 ad
1533 1285 1594 1338 eos

223 1378 408 1469 pertinent:
435 1375 586 1447 concede
612 1379 787 1448 sanitatem
814 1384 848 1447 et
874 1377 1108 1448 continentiam
1135 1374 1330 1471 corporibus
1357 1396 1490 1465 eorum,
1524 1400 1594 1474 pu-

224 1494 356 1563 ritatem
384 1500 418 1561 et
443 1495 651 1564 sanctitatem
678 1490 849 1564 animabus
876 1515 1009 1581 eorum,
1035 1500 1070 1563 et
1095 1491 1138 1563 da
1163 1495 1311 1588 requiem
1331 1490 1503 1567 animabus
1527 1494 1593 1568 de-

225 1605 414 1679 functorum
440 1630 487 1680 ex
512 1611 610 1704 ipsis,
638 1612 672 1680 in
697 1607 890 1682 habitaculis
917 1611 981 1681 tuis
998 1606 1123 1695 beatis,
1151 1610 1185 1679 in
1200 1619 1384 1681 aeternum:
1412 1617 1511 1703 atque
1531 1634 1594 1708 pro

224 1720 326 1795 rebus
353 1726 425 1796 istis
451 1724 706 1820 temporalibus,
734 1725 776 1797 da
802 1726 865 1797 illis
891 1728 995 1797 vitam
1021 1733 1056 1796 et
1081 1745 1230 1817 regnum.
1282 1725 1403 1799 Amen.
1675 1802 1680 1809 ยน

328 1839 461 1925 Pacem
485 1848 644 1935 quantana
670 1864 754 1935 opor
780 1849 832 1914 est
861 1841 1081 1934 madtiplicot,
1116 1845 1288 1929 incessant,
1323 1843 1525 1936 reponitque
1557 1844 1593 1911 io

223 1956 348 2043 ultor-i,
375 1957 512 2030 dicem:

329 2072 501 2168 Tanquam
528 2096 634 2167 agnus
662 2074 705 2146 ad
731 2077 935 2148 occisionem
961 2074 1076 2147 ductus
1103 2084 1173 2164 est,
1200 2083 1234 2146 et
1259 2073 1352 2147 velut
1377 2077 1453 2149 ovis
1480 2097 1592 2148 coram

220 2190 380 2263 tondente
407 2212 446 2264 se
472 2188 648 2280 obmutuit,
674 2213 739 2262 nec
765 2194 893 2286 aperuit
920 2214 959 2265 os
986 2213 1079 2263 suum
1107 2189 1269 2282 affligenti
1296 2213 1343 2264 se.

328 2308 376 2378 nt
396 2313 576 2403 postquam
597 2330 723 2399 paoem
735 2307 1010 2379 metaneam
1034 2307 1189 2378 intulerit
1206 2307 1253 2378 od
1270 2307 1393 2397 ultore,
1420 2311 1594 2402 occipiens

221 2445 298 2494 eruo
322 2428 468 2516 atraque
493 2445 593 2493 mou
620 2424 722 2494 dicit:

325 2539 420 2611 Deus
447 2541 502 2634 qni
528 2539 726 2612 sacrificium
756 2538 846 2613 Abel
877 2542 913 2611 in
944 2562 1063 2636 campo
1098 2541 1292 2635 suscepisti,
1322 2539 1399 2613 Noe
1431 2544 1466 2612 in
1501 2563 1592 2632 arca,

218 2652 380 2728 Abrahae
406 2659 440 2727 in
466 2659 586 2729 montis
613 2658 801 2746 cacumine,
827 2656 968 2729 Davidis
995 2660 1029 2727 in
1055 2678 1136 2728 area
1161 2656 1278 2729 Doran
1299 2656 1470 2748 lebusaei,
1495 2654 1592 2730 Eliae

217 2774 256 2842 in
288 2780 399 2843 monte
432 2769 606 2861 Carmelo,
643 2781 677 2844 et
708 2775 830 2844 minuta
861 2770 984 2844 aduae
1014 2775 1046 2842 in
1080 2770 1345 2868 Gazophylacio:
1380 2783 1414 2846 tu
1449 2774 1592 2846 Domine

218 2890 356 2983 srrscipe
380 2885 441 2960 bas
468 2886 655 2959 oblationes
681 2911 769 2984 qnae
794 2888 853 2961 tibi
880 2886 1059 2961 offeruntur
1091 2888 1243 2961 manibus
1268 2892 1370 2979 meis,
1404 2889 1523 2961 infirmi
1558 2899 1592 2962 et

218 3006 427 3099 peccatoris:
455 3011 488 3074 et
512 3026 574 3099 per
600 3002 673 3077 illas
699 3014 835 3098 praesta
865 3008 1059 3076 memoriam
1093 3002 1216 3077 bonam
1249 3007 1339 3078 vivis
1375 3015 1409 3076 et
1438 3009 1589 3099 mortuis,

219 3141 285 3217 pro
313 3118 431 3215 quibus
458 3119 657 3211 offeruntur,
682 3117 889 3215 benedicque
914 3119 1148 3192 habitationem
1176 3143 1293 3194 eorum
1319 3123 1374 3216 qui
1399 3119 1474 3194 illas
1501 3122 1589 3195 offe-

217 3245 306 3308 runt
359 3236 479 3309 Amen.

324 3351 478 3446 Depooit
503 3352 653 3425 obtutam
677 3356 714 3424 io
741 3353 836 3424 diaco
863 3358 898 3424 et
923 3353 1026 3424 dicit:

324 3467 481 3540 Paratum
507 3468 579 3542 sedi
605 3478 684 3541 tuae
718 3467 825 3541 fecisti
859 3471 1082 3541 sanctuarium
1116 3477 1205 3541 tuum
1237 3468 1398 3544 Domine:
1430 3469 1588 3543 confirma

218 3584 300 3656 illud
326 3585 469 3657 Domine
496 3583 645 3657 manibus
673 3589 747 3659 tuis.
781 3584 944 3657 Dominus
969 3583 1123 3677 regnabit
1147 3587 1182 3656 in
1209 3585 1342 3657 saecula
1364 3585 1584 3659 saeculorum.

326 3701 486 3774 loceoaot
510 3701 618 3772 ocimo
642 3705 765 3793 minua,
792 3705 875 3797 leqit
899 3701 958 3771 itio
984 3703 1127 3789 directo,
1155 3707 1190 3772 et
1214 3701 1318 3772 dicit:

328 3816 490 3890 Dominus
527 3820 702 3909 regnavit,
747 3816 905 3889 decorem
939 3817 1057 3892 induit:
1092 3817 1210 3907 Pater,
1243 3816 1347 3891 Filius
1382 3827 1416 3890 et
1447 3816 1587 3915 Spiritus

226 3944 382 4025 sanctus,
407 3934 527 4007 Amen.

329 4050 471 4143 Accipit
496 4050 638 4122 calicem
663 4056 698 4123 et
724 4051 823 4122 dicit:
849 4049 996 4122 Calicem
1022 4048 1137 4124 salutis
1165 4051 1341 4148 accipiam,
1366 4071 1487 4122 nomen
1506 4049 1587 4122 Do-

217 4169 298 4238 mini
323 4163 504 4255 invocabo,
532 4177 566 4239 et
590 4178 672 4239 vota
697 4189 771 4239 mea
797 4166 941 4238 Domino
967 4165 1114 4238 reddam.

321 4284 448 4355 tundo
472 4286 584 4354 vicmo
609 4287 646 4354 ic
672 4283 813 4355 culicem
839 4289 875 4354 et
899 4283 1000 4354 dicit:

319 4398 428 4470 Etiam
453 4398 519 4472 lroc
543 4402 658 4471 unum
684 4399 773 4495 quod
800 4409 851 4471 est
877 4408 978 4495 typus
1005 4400 1188 4491 sanguinis,
1215 4401 1270 4495 qui
1295 4395 1391 4470 fluxit
1415 4395 1513 4470 nobis
1540 4420 1586 4469 ex

216 4516 323 4588 latere
350 4515 406 4586 lilii
432 4519 478 4586 tui
516 4515 625 4589 ddecti
656 4515 739 4589 Jesu
772 4514 893 4589 Christi
925 4514 1059 4588 Domini
1094 4518 1218 4605 nostri,
1253 4513 1353 4587 hrndo
1388 4518 1422 4585 in
1448 4513 1586 4586 calicem

213 4630 322 4725 bunc,
356 4631 495 4705 calicem
526 4633 663 4721 salutis,
689 4635 881 4704 innomine
907 4632 1016 4703 Patris
1050 4642 1084 4704 ct
1118 4630 1192 4705 Filii
1225 4642 1259 4703 et
1292 4631 1433 4727 Spiritus
1460 4633 1585 4720 sancti,

215 4750 336 4822 Amen.

323 4867 499 4939 Admiscet
523 4868 603 4937 oioo
624 4864 798 4958 paucum
822 4885 934 4957 oquae
960 4870 995 4935 et
1020 4864 1122 4935 dicit:

323 4982 419 5055 Hanc
446 4985 544 5055 etiam
572 5004 708 5079 aquarn,
735 4976 822 5076 qnae
846 4989 947 5077 typus
973 4989 1026 5053 est
1051 5002 1159 5075 aquae
1176 4977 1274 5068 illius,
1300 5000 1386 5073 quae
1402 4975 1496 5050 linxit
1512 4999 1582 5051 no-

217 5097 271 5171 bis
298 5121 319 5170 e
343 5099 449 5173 latere
475 5098 532 5172 lilii
558 5103 605 5172 tui
631 5098 740 5181 dilecti
758 5096 892 5169 Domini
917 5101 1022 5172 nostri
1048 5097 1130 5170 lesu
1145 5095 1277 5184 Christi,
1304 5095 1429 5168 misceo
1456 5097 1489 5167 in
1515 5118 1581 5168 co-

263 5233 390 5283 annun
1360 5212 1386 5287 4
