4525 6034
725 554 802 631 586
1235 551 1595 632 uthonotn

829 740 1067 838 Prosequitur.
1115 745 1260 817 Domine
1286 744 1379 817 Deus
1406 754 1522 817 noster
1547 754 1681 841 praesta
1708 739 1806 817 nohis
1832 743 2045 838 tranquillitatem

727 868 762 931 et
795 881 913 955 pacem
950 871 1057 951 tuam,
1097 858 1251 933 omnihus
1284 857 1401 934 diebus
1434 860 1560 934 saeculi
1593 860 1706 953 hujus:
1742 868 1777 931 ιιι
1819 873 2049 952 cognoscartta

727 997 844 1049 omnes
871 974 1077 1050 habitatores
1105 986 1234 1050 terrae:
1261 978 1337 1072 qnia
1364 986 1399 1050 ιιι
1425 999 1464 1049 es
1490 978 1583 1050 Deus
1608 977 1711 1048 Pater
1735 996 1839 1048 verus
1865 975 1961 1066 solus3
1981 989 2049 1051 eth

725 1095 843 1166 misisti
868 1093 1045 1166 Domhrum
1072 1102 1221 1166 nostrum
1248 1091 1364 1166 lesum
1400 1092 1566 1167 Christum
1597 1091 1716 1165 Filium
1750 1102 1839 1165 tunm
1875 1102 1906 1163 et
1936 1092 2051 1166 dilectum

726 1216 836 1296 tuum3
874 1217 909 1280 et
935 1211 1009 1304 ipse
1035 1210 1200 1282 Dominus
1222 1218 1262 1286 et
1285 1210 1379 1282 Dens
1406 1220 1523 1283 noster
1548 1212 1640 1283 venit
1667 1219 1702 1281 et
1727 1207 1839 1281 docuit
1862 1229 1921 1282 nos
1954 1231 2052 1285 omnem

725 1327 900 1422 puritatem
928 1334 962 1397 et
988 1328 1214 1398 sanctitatem:
1249 1325 1446 1398 Memoriam
1471 1325 1527 1398 luo
1552 1324 1813 1422 Prophetarum,
1846 1324 2053 1419 Apostolorum,

724 1440 922 1535 Martyrum,
950 1439 1204 1530 Coniessorum,
1229 1440 1493 1539 Episcopum,
1526 1441 1722 1532 Doctorum,
1748 1440 1970 1530 sacerdotum,
1990 1443 2055 1514 Dia-

699 1545 898 1647 concrum,
926 1568 961 1630 et
986 1562 1130 1631 omnium
1158 1558 1300 1631 liliorum
1325 1557 1501 1632 Ecclesiae
1532 1571 1670 1633 sanctae
1698 1556 1912 1646 Catholicae,
1940 1562 1986 1653 qm
2006 1557 2055 1630 oh-

725 1677 847 1768 signati
873 1685 949 1748 suot
975 1677 1074 1769 signo
1100 1679 1207 1768 vitae,
1231 1675 1444 1772 Baptismatis
1471 1680 1587 1749 sancti
1639 1676 1712 1748 Nos
1739 1698 1874 1772 quoque
1899 1676 2027 1747 Domine.

830 1824 1067 1921 Prosequitur.
1120 1825 1222 1898 Servi
1248 1827 1294 1898 tui
1327 1825 1467 1900 humiles
1499 1823 1684 1900 imbecilles
1711 1836 1744 1899 et
1770 1824 1890 1898 infirmi
1919 1828 1969 1920 qui
1994 1847 2059 1897 eon-

725 1945 860 2036 gregati
885 1965 999 2018 sumus
1025 1944 1220 2016 innomine
1256 1952 1323 2030 tuo,
1350 1965 1516 2038 nuncque»
1530 1954 1655 2016 stamus
1682 1964 1796 2015 coram
1825 1951 1872 2030 te,
1897 1951 1930 2014 et
1952 1943 2060 2037 aceepi-

725 2081 799 2134 mus
826 2082 901 2132 cum
923 2057 1031 2153 juhilo
1056 2058 1198 2133 formum
1231 2080 1318 2154 quae
1351 2082 1371 2131 a
1404 2068 1439 2132 te
1474 2069 1545 2149 est,
1577 2057 1769 2147 laudantes,
1804 2058 2061 2151 glomdcautuset

727 2173 927 2264 exulantes,
954 2195 1265 2263 commemoramus,
1293 2185 1327 2247 et
1352 2172 1579 2264 celebramus,
1615 2178 1809 2272 mysterium
1842 2173 1907 2247 hoc
1939 2195 2063 2265 magnum

725 2300 760 2366 et
785 2289 1003 2382 tremendum,
1029 2301 1179 2364 senonim
1207 2299 1243 2363 et
1267 2290 1432 2381 divinum,
1463 2294 1651 2387 passionis,
1678 2295 1814 2380 mortis,
1847 2290 2063 2388 sepulturaeet

725 2410 981 2482 resurrectionis
1006 2407 1153 2497 Domini,
1180 2417 1214 2480 et
1239 2406 1428 2480 Salvatoris
1454 2412 1560 2484 nostri
1585 2408 1668 2481 lesu
1695 2405 1829 2480 Christi.

830 2554 876 2629 Et
900 2560 1015 2631 veniat
1045 2559 1075 2597 ¹⁴
1101 2557 1245 2630 Domine
1271 2557 1415 2654 Spiritus
1447 2565 1522 2629 hius
1548 2563 1696 2643 summus,
1723 2564 1757 2626 et
1783 2557 1969 2650 requiescat
1990 2572 2067 2647 super

725 2671 928 2748 oblationem
953 2673 1039 2746 hanc
1066 2696 1243 2746 servorum
1268 2682 1419 2764 tuorum,
1455 2694 1555 2769 quam
1581 2669 1735 2760 oderunt,
1761 2681 1795 2744 et
1821 2694 1899 2743 eam
1924 2668 2068 2741 hereditat

725 2798 761 2861 et
786 2790 981 2881 sanctificet,
1008 2799 1043 2862 ut
1069 2794 1113 2864 sit
1138 2791 1237 2864 nohis
1263 2789 1420 2881 Domine,
1446 2788 1489 2862 ad
1523 2790 1789 2885 propitiationem
1816 2787 2069 2874 delictorum,et

724 2909 953 2979 remissionem
980 2916 1209 3002 peccatorum,
1235 2929 1396 3003 spemque
1427 2927 1583 2998 magnam
1616 2906 1875 2978 resurrectionis
1902 2926 1923 2975 a
1946 2903 2070 2988 morou,

726 3030 761 3093 et
793 3022 836 3094 ad
868 3026 973 3095 vitam
1004 3044 1129 3096 novam
1161 3027 1195 3096 iu
1228 3045 1336 3116 reguo
1376 3021 1566 3110 coelorum,
1606 3044 1680 3093 cunr
1713 3020 1870 3093 omnihus
1903 3023 1957 3115 qui
1983 3017 2070 3114 placiti

724 3135 859 3211 fuerunt
884 3160 999 3212 coram
1025 3162 1079 3212 eo.
1114 3138 1159 3212 Et
1183 3150 1322 3236 propter
1347 3142 1539 3212 universam
1568 3136 1852 3234 dispensationem
1879 3146 1965 3210 tuam
1989 3138 2071 3218 mira·

725 3252 825 3327 hilem
853 3277 937 3349 erga
962 3278 1044 3344 uos,
1071 3254 1301 3329 confitebimur
1326 3255 1404 3343 tihi,
1437 3265 1471 3327 et
1503 3253 1760 3348 glorificabimus
1796 3263 1832 3325 te
1864 3252 2070 3335 indesinenter,

683 3351 692 3384 Χ
724 3374 760 3443 in
784 3369 939 3445 Ecclesia
966 3381 1034 3461 tua,
1060 3372 1209 3445 redemta
1236 3394 1299 3468 per
1323 3374 1520 3465 sanguinem
1546 3374 1726 3467 pretiosum
1748 3369 1876 3444 Christi
1903 3373 1959 3457 tui,
1983 3365 2070 3441 oribus

659 3495 674 3564 ,’
726 3491 864 3584 apertis,
890 3498 924 3560 et
948 3486 1036 3560 facie
1062 3487 1184 3561 libera:
1219 3488 1357 3561 Conon:
1389 3486 1576 3560 referentes
1611 3485 1780 3582 hymnum,
1806 3486 1983 3574 honorem,
2006 3504 2072 3556 oon-

725 3601 908 3676 lessiomem
935 3613 969 3676 et
995 3603 1222 3678 adorationem
1250 3607 1373 3678 nomini
1400 3615 1457 3677 tuo
1485 3613 1601 3676 sancto
1628 3607 1710 3676 vivo
1738 3613 1772 3675 et
1791 3603 1985 3688 vivificanti,
2007 3619 2071 3671 nunc

727 3727 762 3791 et
787 3741 931 3816 sempor,
958 3730 993 3792 et
1018 3724 1053 3793 in
1079 3720 1215 3793 saecula
1242 3720 1461 3795 saeculorum.

830 3868 1007 3943 Sacerdos
1031 3874 1146 3967 sipont
1172 3893 1275 3942 cruce
1301 3874 1482 3969 mysterio:
1508 3877 1543 3942 et
1566 3870 1784 3964 respondeat.
1838 3870 1963 3942 Amen.

830 4019 1007 4093 Sacerdos
1031 4021 1177 4093 inclinat
1201 4043 1239 4093 sc
1266 4028 1302 4093 et
1327 4021 1501 4094 osculetur
1520 4021 1646 4108 ultore,
1667 4023 1815 4113 priam
1834 4021 1873 4089 im
1886 4018 2004 4104 medio,
2026 4021 2073 4087 ιιι

728 4136 776 4207 od
801 4136 868 4208 deo
894 4137 1009 4210 latero
1035 4138 1192 4209 Metram
1217 4143 1253 4209 et
1277 4140 1460 4228 deornm,
1487 4139 1636 4232 dicitque
1662 4137 1752 4207 hooc
1780 4136 1991 4206 Orat-torrent

711 4291 716 4300 ’
782 4267 804 4284 P
832 4286 873 4360 Ia
900 4287 971 4358 olio
998 4288 1137 4359 codiee:
1167 4288 1253 4359 dicit
1277 4285 1456 4360 Psolmrco.
1508 4289 1673 4362 Miserere
1698 4289 1763 4359 mei
1789 4286 1901 4374 Deus,
1928 4280 2076 4379 usquead

728 4403 817 4476 hoec
842 4402 969 4492 umba,
996 4412 1031 4477 et
1056 4406 1158 4499 iniqui
1184 4402 1227 4477 ud
1253 4413 1286 4476 te
1313 4415 1558 4478 convertentur.
1583 4403 1640 4478 Ad
1659 4414 1691 4476 te
1705 4403 1821 4475 levavi
1849 4401 1970 4475 oculos
1992 4419 2075 4482 meos

728 4542 834 4616 usque
860 4519 907 4590 ad
931 4519 1096 4592 Miserere
1121 4521 1227 4596 nostri
1252 4521 1407 4611 Domine,
1433 4524 1595 4593 miserere
1620 4522 1738 4594 nostri.
1782 4517 1947 4592 Extende
1971 4533 2075 4589 manum

728 4645 890 4725 tuamet
915 4634 1026 4711 salvet
1051 4659 1106 4709 me
1132 4636 1273 4710 dextera
1299 4647 1355 4710 tua
1380 4637 1542 4711 Domine:
1568 4644 1784 4733 permaneant
1810 4658 1921 4734 super
1946 4660 1997 4708 mo
2017 4632 2076 4704 Do-

728 4755 829 4841 mine,
855 4756 1087 4828 miserationes
1114 4763 1192 4827 tuae
1217 4757 1251 4825 iu
1278 4753 1466 4847 saeculum,
1501 4762 1536 4828 et
1567 4775 1673 4851 opera
1707 4775 1867 4826 manuum
1900 4762 2020 4825 marum
2044 4765 2076 4816 vt

729 4868 907 4967 despicias.
983 4891 996 4914 '
