4525 6034
650 609 723 684 138
1181 604 1541 684 irrubuit

642 797 779 872 Pateiee
800 820 914 871 eorum
931 794 1130 892 superbiam.
1157 795 1313 867 Demon-
1357 789 1546 871 δεῖξον
1499 802 1620 875 αυτοῖς
1643 795 1681 865 ἐν
1699 785 1798 885 τάχει
1821 785 1890 885 τήν
1912 786 2033 863 dude-

642 913 711 975 stra
738 906 788 973 eis
816 905 881 973 citu
910 921 1025 972 eorum
1046 898 1312 972 imbecillitatem
1356 924 1456 971 νειαν
1471 894 1604 987 αι’τῶν,
1623 893 1686 978 τάς
1703 890 1954 991 ἐπιβουλάς
1908 900 2031 971 αυτών

641 1004 781 1077 insidias
809 1026 943 1092 eorum,
970 1006 1169 1100 praestigias
1197 1023 1314 1074 eorum
1356 997 1416 1073 καί
1441 997 1504 1084 τάς
1518 996 1767 1125 πανουργίας,
1796 993 1838 1080 άς
1861 1004 2031 1073 ποιοῦσιν

641 1120 677 1180 et
702 1113 882 1199 versutias,
918 1106 1034 1202 quibus
1060 1128 1121 1177 nos
1149 1105 1313 1177 adoriun-
1357 1101 1473 1177 καθ’ς
1452 1100 1768 1200 ημιῦνοίπράκτους
1775 1101 1934 1196 ποίησον.
1943 1098 2033 1179 Ἐξι-

641 1222 710 1301 ῐιιο,
758 1211 899 1284 infectas
946 1222 980 1281 et
1025 1213 1135 1281 irrites
1180 1208 1314 1281 efficito.
1356 1209 1510 1309 γε’ρθητι
1529 1204 1630 1303 κύριε
1651 1235 1713 1281 και
1703 1201 2031 1301 διασκορπισθή-

641 1314 782 1408 Exurge
827 1315 989 1402 nomine,
1032 1325 1067 1385 et
1115 1313 1315 1408 dissipentur
1356 1335 1477 1386 τωσαν
1493 1340 1527 1385 οι
1517 1311 1671 1443 ‘ebidem'
1686 1334 1767 1400 σου,
1784 1306 1845 1382 καί
1860 1312 2032 1407 φυγέτω-

641 1422 763 1491 inimiei
798 1424 864 1509 tui,
901 1428 934 1489 et
965 1418 1093 1509 fugiant
1129 1428 1314 1489 retrorsum
1357 1439 1427 1491 σαν
1440 1417 1486 1499 είς
1498 1413 1543 1488 τά
1560 1412 1675 1540 ὀπίσω
1683 1411 1816 1540 πάντες
1829 1411 2031 1506 οίμισσῦν-

642 1545 758 1595 0mnes
787 1526 842 1617 qui
864 1521 1003 1594 oderunt
1028 1531 1176 1593 sanetum
1191 1542 1313 1592 nemen
1355 1548 1410 1603 τες
1425 1517 1467 1593 τά
1484 1517 1601 1613 όνομά
1624 1544 1692 1592 σου
1711 1516 1753 1592 τὸ
1770 1515 1890 1645 ἅγιον.
1926 1508 2030 1590 Τὸν*

641 1636 740 1697 tunrn
775 1624 905 1722 Populo
941 1633 1050 1696 autem
1076 1635 1132 1695 tuo
1159 1621 1247 1695 fideli
1279 1632 1313 1694 et
1356 1620 1397 1696 δὲ
1414 1619 1503 1697 λαόν
1520 1647 1589 1699 σου
1604 1620 1671 1698 τὸν
1683 1620 1813 1697 πιστὸν
1830 1647 1890 1692 και
1880 1614 2029 1717 ὀρθό-

643 1729 830 1802 0rth0d0xu
857 1727 1033 1800 benedie'
1023 1751 1057 1798 rn
1072 1726 1205 1799 millena
1232 1726 1312 1798 mil·
1356 1724 1512 1815 δοξον,
1495 1757 1537 1801 επ
1537 1724 1720 1826 ἐὐλογίας
1729 1724 1847 1822 χιλίας
1859 1750 1899 1817 χι
1901 1719 2030 1806 λιάδας

640 1832 698 1921 lia,
718 1844 751 1904 et
768 1833 880 1905 decies
898 1831 1028 1904 millena
1041 1829 1152 1918 millia,
1175 1830 1310 1902 facien·
1354 1828 1414 1903 καί
1430 1829 1561 1926 μυρίας
1574 1827 1766 1958 μυριάδας,
1780 1832 1971 1910 ποιοῦντας
1983 1825 2029 1900 τά

641 1934 728 2008 tibus
755 1947 903 2011 sanctam
917 1935 1121 2008 veluntatem
1146 1945 1246 2006 tuam
1353 1932 1498 2031 θείημά
1515 1958 1583 2008 σου
1599 1932 1640 2008 τὸ
1656 1933 1771 2034 ἅγιον.
2028 2005 2036 2021 ,

693 2041 879 2122 Diaconum
920 2040 984 2127 Qui
1002 2038 1125 2112 sedetis
1148 2040 1284 2130 surgite.
1402 2038 1626 2126 οΔιάκοιρς,
1670 2033 2029 2134 Οίκαθήμενοιάνά-

1354 2166 1466 2241 στητε.

730 2299 868 2356 sacerdot
889 2299 956 2355 dt'cll
976 2299 1047 2356 banc
1068 2300 1228 2355 wallonem.
1525 2286 1559 2340 ‘0
1572 2285 1665 2359 Ἶερεὺς
1682 2291 1747 2358 λέγει
1766 2286 1852 2357 sixti.

697 2415 837 2490 Redime
846 2421 987 2504 vinctos,
1003 2415 1046 2487 de
1058 2415 1313 2489 necessitatibus
1407 2406 1606 2509 Λάτριυσαι
1621 2408 1800 2506 δεσμίους,
1813 2413 1934 2491 tettae
1944 2411 2032 2500 τούς

644 2523 736 2609 saie,
780 2520 920 2592 afflictos
962 2523 1092 2610 exime,
1127 2522 1312 2592 esurientes
1355 2518 1395 2590 ἐν
1410 2511 1594 2614 ἀνάγκας,
1622 2521 1815 2599 πεινῶντας
1831 2517 2031 2613 χόρτασυν,

645 2629 743 2715 satia,
760 2623 931 2697 desolatos
949 2621 1139 2711 consolare,
1162 2631 1312 2695 errantes
1356 2615 1663 2717 ὀλιγοψυχοῦντας
1678 2614 1944 2718 παρακάλεσον,
1963 2651 2033 2696 πε-

644 2739 824 2818 converte,
851 2730 885 2798 in
910 2725 1057 2799 tenebris
1085 2725 1240 2799 sedentes
1266 2725 1312 2797 il·
1356 2727 1604 2817 πλανηριενους
1627 2722 1861 2821 ε’πίστρεψον,
1885 2728 2032 2799 ἐσκοτι-

643 2830 775 2921 lumina‚
790 2829 904 2927 lapsos
918 2834 1025 2923 erige,
1036 2828 1206 2902 instabiles
1224 2852 1312 2901 con·
1356 2829 1510 2920 σμίνους
1527 2823 1818 2926 ῳαπαγυίγησον,
1840 2826 2032 2903 πεπτωκό-

642 2933 750 3024 firma,
777 2955 899 3026 aegros
915 2957 1011 3024 sana,
1030 2953 1159 3023 omnes
1178 2933 1313 3025 ebone,
1356 2929 2032 3030 ταςεγειρον,σαλευομενουςστηριξον,

643 3043 676 3110 in
703 3043 793 3110 viam
820 3037 933 3111 salutis
964 3037 1083 3130 dirige,
1110 3037 1313 3131 eosdemque
1356 3031 1589 3130 νενοσηκότας
1608 3032 1725 3124 ἷίκσαι,
1748 3032 1882 3120 πάντας
1896 3033 2031 3136 ἀγαθέ,

643 3145 679 3213 in
705 3151 854 3214 sanetum
880 3140 970 3214 ovile
997 3152 1087 3213 tuum
1121 3162 1313 3233 congrega:
1358 3134 1636 3232 ειςτηνοδον
1592 3166 1653 3233 της
1664 3137 2030 3238 σωτηρίαςσάναψον,

643 3268 707 3319 nes
734 3256 843 3318 autem
869 3243 910 3316 ab
937 3243 1160 3339 iniquitatibus
1192 3247 1314 3316 nostris
1358 3239 1418 3315 καί
1443 3238 1574 3325 αυτοάς
1597 3249 1642 3338 τῇ
1666 3241 1752 3369 άγίρι
1789 3266 1857 3316 σου
1878 3244 2032 3340 ποίμνῃ·

643 3348 760 3438 libera,
785 3358 956 3469 protestor
982 3357 1097 3421 nester
1130 3358 1164 3419 et
1190 3347 1249 3419 del
1233 3348 1312 3419 i-en
1358 3343 1450 3440 ἡμᾶς
1476 3343 1517 3419 δὲ·
1540 3343 1697 3440 ῥῦσαι
1673 3344 1745 3419 απὸ
1770 3353 1845 3422 τῶν
1865 3345 2032 3441 άνομιαῖν

645 3474 704 3527 sor
729 3475 791 3549 per
818 3455 926 3523 omnia
952 3450 1071 3525 faetus.
1356 3447 1474 3544 ἡμων,
1498 3447 1657 3575 φρουράς
1677 3447 1783 3544 ἡμων
1802 3478 1862 3524 και
1853 3448 2032 3548 άντιλή-

1357 3580 1458 3651 πτωρ
1474 3550 1565 3626 κατά
1582 3549 1701 3628 πάντα
1717 3551 1914 3654 γενόμενος.

698 3657 884 3729 Dianoeas.
911 3659 967 3734 Ad
993 3659 1172 3732 Orientem.
1408 3659 1631 3744 ὉΔιάκονος
1668 3659 1728 3741 Εἰς
1744 3655 1933 3754 ἀνατολήν.

746 3814 884 3871 Sacerdos
904 3831 935 3871 se
955 3815 1068 3872 iswliraat
1089 3823 1116 3871 et
1138 3821 1208 3871 orat.
1448 3812 1503 3860 Καὶ
1520 3812 1598 3860 κλίνει
1616 3804 1744 3879 ὃἾερεάς,
1763 3814 1806 3861 καὶ
1823 3808 1943 3879 rigetur-²

699 3935 750 4006 Tu
777 3955 814 4005 es
841 3957 940 4028 supra
967 3954 1063 4004 omne
1076 3936 1260 4028 imperium,
1282 3945 1316 4007 et
1409 3928 1469 4004 Συ
1484 3928 1555 4030 γάρ
1574 3928 1638 4004 εἶά
1651 3928 1815 4029 ὑπεράνω
1828 3931 1942 4029 πάσης
1957 3930 2030 4033 ἅρ-

647 4061 779 4111 omnem
804 4041 996 4132 potentiam,
1023 4047 1057 4108 et
1082 4041 1254 4127 virtudem,
1282 4047 1315 4109 et
1353 4039 1419 4131 χῆς
1433 4033 1493 4108 καί
1508 4035 1679 4124 ἔξουσίας,
1693 4033 1753 4109 καί
1770 4033 2030 4131 δυνάμεωςκαί

647 4143 914 4229 dominationem,
928 4151 961 4211 et
974 4162 1071 4211 omne
1086 4162 1210 4211 nomen
1226 4141 1313 4235 quud
1356 4135 1581 4236 κυριότητος,
1603 4138 1663 4212 καί
1688 4138 1819 4224 παντὸς
1840 4138 2029 4236 ὀνόματος,

646 4249 843 4335 nominatur,
869 4267 935 4316 non
962 4243 1070 4317 selum
1095 4246 1127 4314 in
1150 4242 1212 4316 hoe
1230 4267 1313 4318 sae·
1356 4239 1817 4338 ὀνομαζομενου,οὐμόνον
1825 4247 2029 4339 ἐντῴαίῶνι

647 4348 741 4438 endu,
776 4348 835 4421 sed
871 4352 970 4419 etiam
1000 4350 1035 4418 in
1065 4346 1187 4419 iuhrro.
1238 4346 1315 4421 Tibi
1357 4342 1493 4441 τούτῳ,
1519 4343 1610 4422 ἄλλά
1635 4345 1696 4420 καί
1719 4351 1757 4423 ἐν
1777 4353 1830 4444 τῷ
1848 4353 2028 4443 μέλλοντα

648 4451 778 4525 adstant
807 4450 906 4523 millia
940 4448 1093 4544 millium,
1129 4461 1164 4522 et
1202 4450 1314 4524 decies
1359 4448 1432 4523 Σοί
1444 4447 1713 4548 παραστήκουσι
1728 4450 1841 4546 χίλιαι
1857 4450 2029 4586 χιλιάδες,

645 4556 763 4629 millies
806 4565 946 4627 centena
987 4554 1086 4625 millia
1126 4566 1315 4627 sanctorum
1357 4551 1417 4627 καί
1436 4550 1565 4685 μύριαι
1589 4551 1806 4652 μυριάδεςς
1782 4555 1898 4656 aylam
1918 4554 2030 4687 ἄγγε’-

647 4658 869 4751 Angelorum,
896 4668 929 4730 οι
939 4655 1225 4750 Archangelemm
1244 4682 1313 4730 ex·
1357 4662 1445 4746 λων,
1453 4685 1513 4730 και
1504 4656 1757 4757 αρχαγγελων
1768 4659 1940 4756 στρατιαι
1959 4657 2030 4734 Σοί

647 4767 781 4834 ercitus
815 4761 891 4834 Tibi
913 4760 1044 4833 adstant
1061 4759 1314 4835 honoratissime
1358 4758 1627 4858 παραστήκυυσι
1661 4791 1705 4836 τα
1695 4759 1802 4836 δύο
1829 4761 2030 4858 τιμιώτατά

645 4876 702 4937 tua
729 4864 794 4938 duo
821 4864 985 4954 animalia,
1012 4869 1164 4936 nimirum
1189 4864 1315 4936 multo-
1359 4891 1427 4939 σου
1439 4863 1526 4955 ζαια,
1535 4893 1579 4938 τα
1570 4862 1830 4961 πολτομματα
1836 4868 2029 4967 χερουβιμ,

648 4966 722 5040 cula
750 4967 958 5059 Cherubim,
980 4979 1014 5040 et
1040 4991 1104 5041 sex
1131 4968 1218 5043 alata
1244 4966 1315 5040 Se-
1359 4966 1708 5070 καίτάὲξαπτὲρυγα
1717 4971 1886 5096 σεραφίμ,
1901 5001 1925 5045 α
1908 4968 2029 5046 δυσί

648 5070 794 5166 raphim,
831 5095 917 5166 quae
944 5069 1069 5145 duabus
1097 5071 1227 5167 quidem
1254 5072 1315 5147 alis
1359 5077 1428 5169 μεν
1458 5075 1605 5173 πτέρυξι
1629 5071 1677 5149 τά
1711 5071 1879 5247 πράςωπα
1912 5072 2028 5152 καλά-
