4525 6034
721 578 745 650 o
1230 576 1590 653 LITURGIA

720 776 881 861 tempore.
934 763 1052 859 ruque
1080 786 1117 837 es
1145 767 1197 836 cui
1222 763 1400 855 bonorem,
1426 763 1587 856 gloriam,
1613 766 1794 860 potentiam
1814 771 1849 834 et
1864 763 2083 835 adorationem

718 882 914 971 referimus‚
942 903 1015 952 cum
1029 881 1130 952 Putre
1150 889 1207 951 tuo
1220 878 1311 952 bono
1329 891 1361 953 et
1379 880 1505 975 Spiritu
1526 890 1660 971 sancto,
1687 902 1774 952 nimc
1795 888 1829 950 et
1855 902 1999 974 semper,
2024 889 2082 949 etc.

827 1000 908 1069 Tam
941 1021 1026 1068 anos
1056 997 1292 1068 Diaconoram
1332 997 1422 1091 tepet
1448 997 1649 1068 catholicon
1683 996 1823 1089 Coptica
1857 1002 1892 1066 et
1924 995 2083 1083 Arabico,

721 1121 756 1186 et
777 1121 957 1209 postquam
982 1113 1103 1184 lection
1131 1117 1240 1206 faerit
1268 1114 1425 1206 Coptica,
1461 1114 1552 1183 dicet
1585 1113 1760 1185 Sacerdos
1793 1111 1971 1184 cetarum
2002 1113 2084 1182 lanc

720 1234 925 1302 orationem:
960 1230 1050 1323 qood
1080 1233 1111 1301 si
1146 1229 1360 1301 Potriarcba
1391 1233 1464 1323 ipse
1488 1254 1594 1302 sacra
1617 1234 1748 1323 saciat
1784 1230 1875 1300 dicet
1907 1252 1983 1300 eam
2015 1227 2084 1298 Sa-

721 1347 852 1418 coare.

1175 1554 1295 1624 Oratio
1317 1557 1399 1646 poet
1425 1552 1635 1624 Cotbolicon.

729 1800 732 1807 λ
822 1762 1006 1834 Sacerdos.
1059 1760 1204 1832 Domine
1230 1761 1323 1832 Deus
1351 1762 1406 1855 qui
1432 1782 1494 1855 per
1520 1770 1655 1833 sanctos
1682 1758 1870 1854 Apostolos
1902 1768 1979 1831 tuos
2012 1780 2083 1827 rna-

693 1868 882 1951 -niiestasti
915 1875 1013 1950 nobis
1052 1880 1248 1974 mysterium
1280 1875 1459 1968 Evangelii
1493 1876 1623 1968 gloriae
1657 1874 1780 1971 Christi
1813 1877 1875 1964 tui,
1909 1883 1945 1944 et
1975 1873 2085 1945 dedisti

719 1992 783 2066 illis
811 1994 992 2066 secundum
1019 1993 1276 2086 magnitudinem
1303 1992 1381 2064 doni
1406 1993 1519 2064 infiniti
1546 1996 1676 2085 gratiae
1693 2002 1790 2081 tuae,
1816 1991 2012 2087 praedicare
2032 1991 2085 2061 toti

718 2110 841 2182 mundo
882 2107 1114 2181 abundantiam
1156 2108 1399 2201 investigabilis
1433 2109 1684 2182 misericordiae
1718 2118 1815 2198 tuae3
1854 2129 2013 2200 rogamus
2045 2117 2084 2193 te,

718 2220 879 2316 Domine,
905 2226 961 2297 iac
986 2248 1050 2299 nos
1078 2226 1198 2318 dignos
1223 2236 1319 2322 parte
1347 2236 1381 2296 et
1407 2236 1499 2299 sorte
1525 2226 1665 2297 illorum.
1705 2222 1864 2297 Concede
1883 2222 2084 2296 nobissem-

718 2361 781 2434 per
806 2354 843 2413 ut
869 2341 1074 2415 ambulemus
1101 2345 1136 2414 in
1163 2365 1279 2414 eorum
1306 2346 1475 2436 vestigiis,
1501 2352 1537 2412 ut
1563 2363 1692 2433 agones
1720 2363 1835 2412 eorum
1852 2342 2031 2429 imitemur,
2055 2348 2085 2410 et

720 2462 998 2530 communicemus
1033 2481 1107 2529 cum
1143 2462 1211 2549 eis,
1247 2457 1418 2531 laboribus
1450 2468 1485 2530 et
1519 2456 1716 2547 sudoribuS‚
1750 2477 1835 2550 quos
1867 2478 1933 2552 pro
1972 2460 2084 2552 pietate

719 2578 951 2646 sustinuerunt.
1005 2572 1184 2647 Conserva
1209 2573 1398 2647 Ecclesiam
1425 2585 1512 2646 tuam
1541 2584 1709 2665 sanctam,
1736 2595 1834 2667 quam
1855 2595 1920 2667 per
1937 2595 1997 2646 eos
2011 2571 2083 2643 iun·

719 2687 821 2780 desti,
847 2690 988 2763 benedic
1016 2695 1112 2783 agnis
1139 2694 1255 2784 gregis
1283 2694 1349 2781 tui,
1376 2703 1410 2762 et
1432 2690 1609 2787 multiplica
1628 2689 1713 2760 hanc
1727 2691 1862 2761 vineam
1877 2689 2082 2785 quamplan-

717 2809 801 2879 tavit
828 2807 967 2879 dextera
994 2818 1069 2897 tua,
1095 2812 1129 2879 in
1157 2806 1291 2881 Christo
1319 2808 1401 2880 Jesu
1427 2808 1572 2880 Domino
1599 2817 1733 2879 nostro:
1760 2828 1823 2900 per
1849 2829 1967 2901 quem,
1993 2815 2050 2877 etc.

822 2938 942 3007 Finita
968 2936 1115 3007 lectione
1143 2936 1313 3008 Catholici
1338 2937 1511 3025 Arabiae,
1539 2936 1702 3008 ascendet
1717 2934 1893 3006 Sacerdos
1916 2936 1964 3006 ad
1981 2934 2081 3006 altore

717 3057 752 3122 et
778 3052 930 3124 adolebit
955 3057 1128 3125 incensant
1152 3053 1270 3142 semel,
1298 3060 1366 3124 tan
1390 3052 1595 3125 recitabitur
1623 3053 1744 3124 Oratio
1771 3073 1926 3146 repuens.

1118 3274 1238 3345 Oratio
1265 3276 1412 3346 Aetnam
1436 3273 1688 3367 Apostolorrnn.

820 3478 1004 3551 Sacerdos.
1062 3478 1156 3554 Deus
1192 3483 1246 3575 qui
1280 3482 1457 3576 suscepisti
1487 3479 1682 3552 sacrificium
1714 3476 1919 3569 Abrabam,
1962 3488 1994 3551 et
2024 3501 2078 3574 pro

716 3596 835 3669 isaaco
863 3600 1001 3669 arietem
1027 3600 1059 3668 ei
1084 3599 1310 3694 praeparasti,
1346 3600 1391 3669 ita
1423 3600 1557 3692 suscipe
1592 3620 1611 3667 a
1645 3594 1761 3685 nobis,
1797 3595 1963 3685 Domina
1993 3592 2078 3686 hujus

717 3711 820 3785 thuris
847 3712 1064 3805 sacrificium,
1091 3724 1126 3786 et
1151 3737 1213 3811 pro
1241 3736 1282 3785 eo
1308 3716 1400 3788 mitte
1425 3712 1524 3785 nobis
1552 3712 1684 3784 divitem
1706 3711 1970 3783 misericordiam
1989 3722 2077 3782 tuam.

717 3826 842 3901 Munda
866 3853 934 3904 nos
959 3828 1000 3901 ab
1030 3833 1120 3902 omni
1146 3830 1287 3902 foedare
1313 3833 1463 3926 peccati,
1490 3838 1525 3900 et
1550 3838 1685 3923 praesta
1711 3849 1774 3900 nos
1802 3827 1925 3919 dignos
1943 3849 2032 3913 esse,
2047 3834 2078 3895 ut

718 3966 833 4017 coram
859 3944 1009 4020 bonitate
1036 3956 1091 4018 tua
1119 3969 1140 4018 o
1165 3946 1332 4019 hominum
1359 3958 1505 4036 amator,
1531 3967 1615 4041 pure
1642 3952 1675 4015 et
1701 3941 1851 4040 perfedte
1866 3947 2076 4017 ministremus

718 4061 870 4135 omnibus
897 4062 1132 4136 diebusvitae
1158 4074 1310 4137 nostrae:
1337 4064 1506 4136 Memento
1533 4062 1677 4133 Domine
1702 4065 1812 4157 pacis,
1841 4070 1904 4132 etc.
1956 4146 1959 4151 ¹

820 4180 966 4274 Perficit
991 4180 1084 4250 illam
1110 4203 1157 4251 aa
1185 4182 1350 4257 Oratione
1380 4181 1502 4251 iliaris
1526 4179 1649 4265 Pauli,
1676 4178 1769 4248 orella
1794 4201 1835 4249 re
1861 4178 2017 4249 detracta
2031 4169 2078 4242 rel

718 4296 858 4368 addita:
893 4317 962 4390 poa
995 4296 1135 4390 expleta
1168 4297 1307 4367 oboram
1340 4296 1431 4368 solas
1464 4319 1537 4366 cnm
1572 4299 1711 4364 incenso
1747 4294 1916 4364 circuibit.
1969 4293 2075 4363 Finita

716 4414 883 4485 Lectione
915 4416 1083 4486 Actorum
1119 4413 1260 4508 Coptica
1302 4420 1336 4484 el
1368 4412 1524 4486 Arabiae
1565 4412 1679 4482 dicent
1714 4416 1784 4498 ter,
1825 4410 1981 4484 Sanctus:
2017 4426 2073 4500 pao

713 4534 831 4624 finito,
859 4530 1035 4629 Sacerdos
1061 4530 1153 4601 dicet
1177 4529 1268 4601 lonc
1295 4533 1495 4602 orationem.

1170 4764 1289 4834 Oratio
1316 4763 1497 4859 Evangelii
1521 4763 1642 4834 sanati.

821 4962 964 5036 Domine
992 4972 1025 5038 et
1049 4967 1212 5057 magister
1235 4963 1320 5044 lesu
1348 4961 1479 5036 Christe
1506 4962 1599 5033 Deus
1624 4967 1756 5049 noster,
1783 4959 1839 5053 qui
1865 4957 1975 5030 dixisti
1997 4950 2071 5023 diris

720 5077 882 5175 apostolis
908 5082 972 5152 tuis
1001 5090 1035 5151 et
1061 5080 1230 5178 discipulis
1257 5082 1320 5156 tuis
1348 5082 1491 5169 sanctis;
1516 5076 1611 5150 Multi
1637 5073 1821 5172 prophetae
1848 5084 1881 5145 et
1908 5073 1985 5166 justi
2013 5088 2070 5137 cu-
