4525 6034
712 569 789 644 404
1222 566 1580 645 llTllllGld

713 781 842 830 somus:
879 761 934 852 qui
970 780 1015 830 ex
1042 755 1174 853 populis
1201 755 1319 827 alienis
1346 753 1496 827 translati
1530 776 1643 826 snmus
1678 752 1721 824 ad
1754 753 1939 845 religionem
1967 763 2047 825 torm

713 878 767 968 qui
794 883 966 969 portamus
994 875 1123 965 signum
1152 882 1241 943 tuum
1276 869 1483 956 admirabile,
1509 891 1619 964 neque
1644 867 1748 941 ullum
1774 869 1817 941 de
1843 880 1875 942 te
1904 868 2048 941 commo

711 1011 787 1060 nem
815 987 984 1061 babemus.
1039 987 1092 1060 Ne
1120 984 1301 1060 erubescas
1336 985 1381 1058 de
1413 985 1521 1072 nobis,
1549 1008 1571 1057 o
1598 984 1764 1074 clemens,
1799 988 1875 1080 quia
1906 987 2049 1058 remman

711 1116 800 1177 tuam
827 1127 895 1177 non
922 1106 1147 1199 corrupimus:
1183 1126 1227 1175 ne
1254 1102 1405 1195 abneges
1432 1123 1497 1175 nos
1523 1123 1639 1174 coram
1666 1100 1751 1174 solio
1779 1102 1946 1193 aequitatis
1975 1109 2049 1186 tuae3

712 1243 756 1292 ue
782 1221 898 1293 liumus
926 1219 1020 1292 cibus
1047 1222 1135 1312 ignis
1162 1223 1300 1307 urentis,
1328 1222 1403 1314 quia
1431 1240 1554 1313 corpus
1581 1228 1614 1289 et
1641 1218 1779 1308 sanguis
1801 1218 1899 1287 vivus
1924 1215 2051 1287 innubis

712 1337 885 1411 recondita
919 1348 1001 1410 sunt.
1070 1334 1123 1407 Ne
1157 1337 1372 1431 projiciamur
1411 1338 1444 1405 iu
1478 1333 1589 1406 medio
1622 1330 1837 1404 tenebrarum
1870 1333 2052 1418 exeniorum,

714 1459 768 1549 qui
802 1453 972 1526 illuminati
1004 1474 1117 1524 surmus
1152 1451 1227 1524 luce
1269 1450 1412 1546 Spiritus
1446 1453 1491 1522 tui
1523 1448 1734 1521 vivificantis.
1793 1446 1846 1519 Ne
1885 1445 2054 1518 fleamusin

714 1570 876 1666 supplicio
903 1591 1014 1664 neque
1040 1572 1083 1641 sit
1109 1570 1164 1663 qui
1191 1565 1403 1641 consoletur:
1439 1588 1482 1637 ne
1515 1569 1718 1637 cruciatuum
1752 1563 1871 1638 dolore
1904 1584 2054 1655 gemamus,

712 1706 821 1777 neque
848 1689 889 1758 sit
916 1686 1000 1757 ullus
1033 1687 1088 1780 qui
1120 1687 1327 1755 misereatur.
1381 1684 1525 1754 Domine
1551 1682 1694 1754 Domine
1720 1691 1887 1752 memento
1912 1677 2055 1750 Ecclesiae

713 1810 808 1890 tuae,
837 1825 935 1895 quum
962 1802 1113 1889 salvasti,
1142 1811 1176 1873 et
1201 1822 1305 1895 parce
1332 1801 1430 1891 gregi
1458 1809 1514 1871 tuo
1542 1820 1641 1892 quem
1667 1797 1855 1885 redemisti3
1881 1794 1976 1869 libera
1998 1816 2055 1865 ean

714 1917 961 1989 acrnciatibus
988 1920 1156 2004 aeternis,
1191 1926 1226 1987 et
1252 1915 1386 2007 dignam
1419 1914 1509 1986 illam
1546 1914 1640 1985 allice
1672 1913 1847 2011 voluptate
1881 1910 2056 1994 indeficienti,

714 2037 788 2127 quia
816 2045 954 2129 propter
979 2033 1064 2106 haec
1092 2043 1192 2128 atque
1219 2030 1284 2103 alia
1312 2029 1475 2123 ejusmodi
1501 2028 1643 2102 vocibus
1670 2028 1892 2121 gemebundis
1918 2027 2056 2122 depreca-

712 2158 765 2220 tur
792 2161 837 2237 te,
865 2158 899 2220 et
924 2173 986 2246 per
1013 2160 1046 2221 te
1073 2160 1172 2245 atque
1199 2159 1309 2220 moiun
1335 2145 1469 2218 Patrem
1497 2155 1585 2216 tuum
1613 2144 1738 2219 dicens.

817 2265 978 2358 Populus.
1033 2266 1199 2339 lliserere
1224 2266 1343 2349 nostri,
1370 2272 1433 2334 etc.
1590 2260 1776 2333 Sacerdos.
1804 2261 1879 2334 Nos
1905 2279 2028 2354 quoque.

817 2381 979 2474 Populus.
1007 2382 1058 2454 'le
1084 2380 1267 2453 laudamus.
1297 2378 1482 2449 Moror,
1510 2376 1618 2463 Quam
1644 2377 1789 2450 dmenda
1818 2386 1872 2448 est
1896 2374 1974 2446 baec
1989 2372 2059 2445 horu.

745 2738 922 2809 Sacerdos
949 2737 1132 2808 inclinatur
1158 2737 1243 2807 dicit
1273 2735 1470 2806 &odonem
1497 2732 1730 2803 invocationis
1748 2730 1904 2824 Spiritus
1927 2731 2032 2800 suncti

817 2953 939 3025 Veniat
965 2952 1108 3049 Spiritus
1136 2965 1284 3043 sanctus,
1312 2959 1367 3049 qui
1394 2978 1440 3027 ex
1467 2966 1501 3027 te
1526 2954 1627 3027 Pater
1652 2952 1810 3026 coelestis
1844 2962 1974 3024 secreto
1995 2969 2061 3044 pro-

713 3069 818 3156 cedit‚
845 3072 901 3163 qui
927 3091 989 3164 per
1015 3068 1201 3164 Prophetas
1228 3070 1359 3144 loeutus
1386 3082 1451 3162 est,
1477 3082 1511 3143 et
1536 3069 1700 3166 profunda
1734 3081 1793 3141 tua
1819 3079 1996 3156 serutatur,
2022 3065 2063 3158 qni

714 3183 885 3258 descendit
911 3206 1013 3280 super
1038 3183 1221 3257 lordanem
1247 3199 1281 3259 et
1308 3191 1460 3284 apparuit
1486 3191 1519 3258 in
1546 3189 1661 3283 specie
1680 3185 1869 3271 columbae,
1896 3182 1986 3256 simul
2007 3200 2062 3251 cun

712 3323 801 3373 voce
840 3304 1062 3395 incorporea,
1103 3312 1136 3373 et
1176 3323 1250 3374 oum
1291 3304 1379 3376 Filio
1416 3312 1472 3376 tuo
1511 3302 1632 3376 dilecto
1668 3310 1761 3373 ortus
1796 3310 1852 3374 est
1885 3296 2064 3389 robiani

715 3443 734 3491 a
762 3430 795 3490 te
822 3418 992 3514 procedit,
1029 3429 1063 3490 et
1097 3441 1116 3489 a
1148 3419 1328 3514 splendore
1361 3433 1416 3495 tuo
1452 3425 1591 3516 accipit:
1625 3423 1679 3515 qui
1706 3417 1898 3514 Apostolos
1925 3426 1994 3486 tuos
2015 3432 2062 3482 sa-

713 3538 844 3630 pientes
873 3532 998 3621 effecit,
1033 3538 1089 3628 qui
1122 3546 1289 3632 martyres
1322 3548 1398 3611 tuos
1428 3558 1555 3609 corona
1596 3534 1727 3629 gloriae
1768 3535 1959 3608 coronavit:
1995 3526 2064 3597 illnn

713 3649 842 3743 absque
869 3660 1019 3746 tempore
1046 3649 1136 3721 illum
1163 3649 1205 3723 ab
1233 3663 1372 3726 aeterno
1399 3655 1614 3726 existentem:
1641 3651 1731 3724 illurn
1754 3653 1811 3746 qui
1838 3645 1997 3743 procedit,
2019 3637 2065 3712 sel

712 3765 801 3837 nulla
828 3787 903 3838 cum
931 3765 1109 3837 divisione:
1144 3777 1178 3839 et
1203 3768 1331 3864 perlicit
1363 3768 1518 3841 sednon
1545 3766 1789 3864 temporaliter,
1824 3777 1860 3837 et
1887 3764 2020 3835 divinum
2040 3760 2065 3826 in

713 3881 846 3952 modum
872 3879 1113 3976 perlectionem
1141 3882 1281 3956 confert.
1312 3883 1371 3956 llle
1398 3888 1512 3957 veniat
1539 3907 1601 3980 per
1626 3883 1875 3979 beneplacitum
1901 3889 1996 3962 tuum,
2018 3895 2066 3945 se·

712 3995 853 4068 cundum
882 4017 1031 4069 amorem
1058 4007 1148 4069 tunm
1175 4021 1257 4092 erga
1284 3998 1447 4088 homines,
1475 4011 1509 4071 et
1534 3999 1688 4072 illabatur
1714 4020 1817 4095 super
1844 3997 1932 4068 baec
1955 3999 2067 4089 misle·

712 4116 775 4199 ria,
802 4122 837 4184 et
862 4113 1046 4184 sanctificet
1072 4113 1127 4186 illa
1155 4125 1254 4210 atque
1275 4116 1444 4212 perficiat,
1471 4119 1608 4209 ejiciens
1637 4114 1735 4189 simul
1761 4137 1838 4186 cum
1867 4134 1980 4186 eorum
2000 4128 2066 4179 san-

713 4228 932 4319 ctificatione,
959 4232 1181 4321 cogitationes
1214 4231 1400 4307 immundas
1427 4237 1557 4305 animae
1584 4223 1700 4320 meae,
1735 4252 1923 4326 purumque
1951 4238 1984 4299 et
2011 4226 2067 4296 siue

714 4343 869 4416 sordibus
896 4366 951 4415 me
977 4344 1127 4440 perficiat
1153 4369 1267 4420 coram
1296 4358 1329 4420 te
1355 4350 1449 4421 Dens
1476 4347 1590 4439 Pater,
1616 4369 1737 4442 meque
1762 4357 1797 4417 et
1822 4331 2068 4416 cncumstamen

711 4460 887 4555 P⁰P¹1¹¹111¹‚
928 4459 1063 4532 mundet
1095 4472 1194 4556 atque
1229 4463 1397 4557 purificet,
1429 4474 1465 4536 ut
1495 4465 1606 4559 parati
1641 4473 1675 4534 et
1709 4462 1800 4554 digni
1836 4460 1890 4532 bis
1924 4455 2067 4552 mysteriis

713 4575 836 4649 Christi
862 4577 927 4647 Dei
954 4579 1071 4665 nostri,
1100 4599 1323 4673 appareamus
1351 4580 1479 4674 absque
1510 4579 1641 4652 muoulu
1656 4582 1820 4674 peccati,
1855 4599 1920 4673 per
1951 4570 2068 4667 gratian

712 4699 746 4761 et
772 4691 1034 4763 misericordiam
1063 4702 1161 4764 tuam.
1240 4694 1402 4789 Populus.
1429 4697 1549 4768 Amen.
1655 4694 1840 4766 Sacerdos.
1868 4689 1999 4763 Exaudi
2019 4703 2068 4756 me·

816 4806 978 4899 Populus.
1031 4807 1137 4902 llyrie
1164 4807 1315 4884 eleison..

817 4922 1002 4994 Sacerdos.
1057 4923 1101 4995 Ut
1129 4925 1326 5016 adveniens,
1353 4929 1571 5023 requiescens
1595 4937 1633 5006 ‘et
1657 4922 1798 4998 illabens
1825 4944 1932 5021 super
1956 4924 2067 5014 myste-

713 5040 762 5108 ria
790 5035 885 5127 haec,
912 5061 1032 5134 panem
1060 5040 1190 5133 quidem
1217 5046 1315 5115 istum
1343 5052 1540 5118 transmutet
1569 5035 1631 5128 ³1²
1665 5045 1699 5114 in
1724 5061 1850 5135 eorpus
1880 5037 1997 5112 Christi
2018 5029 2067 5101 Dei
