4525 6034
1411 584 1558 659 170
2383 580 3090 659 LITURGIA

1999 888 2333 960 Memento
2387 886 2678 958 Domine
2729 883 2990 978 Requm
3037 885 3352 978 fidelim,
3408 894 3535 958 etc.

1588 1080 1791 1159 Num
1836 1100 2007 1154 erant
2033 1092 2237 1174 Reges
2284 1091 2491 1155 fideles
2509 1092 2878 1174 Apostolicis
2923 1092 3324 1173 temporibus:
3370 1099 3549 1173 atque
3596 1112 3667 1155 ea
3709 1095 3938 1157 ratione
3980 1094 4094 1157 sola

1407 1198 1699 1260 evertitur
1741 1203 2154 1278 argumentum
2199 1197 2360 1276 quod
2409 1216 2489 1258 ex
2548 1196 2716 1260 titulo
2763 1195 2898 1259 duci
2944 1186 3153 1277 posset
3197 1196 3271 1257 ad
3315 1195 3718 1275 antiquitatem
3777 1197 3942 1261 istius
3997 1198 4096 1261 Li-

1403 1298 1642 1378 turgiae
1688 1296 2119 1375 stabiliendam,
2164 1297 2519 1376 praesertim
2565 1315 2698 1359 cum
2742 1296 3020 1377 Apostoli
3074 1313 3186 1376 pro
3232 1294 3498 1377 Regibus
3544 1297 3717 1358 etiam
3764 1296 4099 1374 infidelibuS‚

1408 1393 1779 1459 Christianos
1838 1414 2052 1476 preces
2110 1394 2335 1458 offerre
2390 1397 2694 1458 docerent.
2814 1397 2905 1458 De
2960 1396 3059 1458 illa
3116 1394 3369 1458 formula
3423 1395 3643 1457 dictum
3710 1405 3804 1458 est
3857 1399 4099 1480 saepiuS‚

1406 1512 1561 1576 quae
1606 1495 1663 1558 id
1709 1494 2078 1559 solummodo
2123 1496 2420 1579 significat
2464 1495 2622 1576 quod
2668 1495 2972 1578 Liturgiae
3016 1498 3076 1557 in
3121 1495 3336 1577 quibus
3383 1495 3670 1571 occurrit,
3716 1515 3795 1558 ex
3840 1496 3955 1559 illis
3997 1515 4101 1558 ex-

1405 1614 1657 1677 pressae
1701 1597 1818 1659 sint
1863 1614 2015 1678 quae
2060 1593 2168 1657 sub
2217 1593 2566 1658 Christianis
2613 1596 3079 1677 Imperatoribus
3123 1598 3181 1658 in
3228 1615 3341 1659 usu
3387 1605 3579 1659 erant.

2158 2390 3351 2570 LITURGIA

1705 2706 2535 2825 DUODECIM
2654 2705 3809 2826 APOSTOLORUM

1398 2948 1822 3024 ΒΔΝΟΤΟΒΙΙΜ,
1868 2947 2054 3028 QUAM
2097 2947 2451 3016 ORDINAVIT
2493 2948 2702 3017 LUGAS
2745 2947 3193 3032 EVANGEHSTA
3239 2947 3448 3015 MAGNI
3491 2948 3683 3017 PAULI
3725 2950 4105 3021 mscIPULUs

2199 3206 2499 3278 Primum
2554 3208 2797 3277 Oratio
2849 3212 3010 3277 ante
3055 3228 3313 3298 pacem.

1585 3403 1691 3507 I)
1710 3452 1914 3503 onum
1964 3428 2150 3502 Deus
2204 3433 2585 3503 misericors
2639 3442 2706 3502 et
2758 3440 3023 3517 sancte,
3090 3431 3198 3525 qui
3249 3453 3372 3525 per
3422 3432 3830 3523 unigenitum
3885 3432 4100 3504 Filium

1394 3557 1568 3620 tuum
1624 3569 1918 3620 mensam
1971 3544 2140 3617 hanc
2194 3547 2598 3642 spiritualem
2650 3557 2718 3618 et
2768 3558 3062 3619 sanctam
3113 3549 3525 3642 praeparasti
3575 3544 3793 3634 nobiS‚
3852 3552 4101 3643 suscipe

1396 3690 1435 3736 a
1487 3663 1681 3736 nobis
1736 3661 2135 3735 oblationem
2190 3663 2493 3735 sacrificii
2546 3662 2735 3756 hujus
2789 3665 3127 3749 incruenti,
3184 3672 3251 3733 et
3303 3662 3596 3734 concede
3649 3662 3847 3737 nobis
3878 3666 4098 3738 donum

1395 3780 1676 3876 Spiritus
1732 3783 1821 3850 tui
1875 3781 2121 3866 sancti,
2174 3789 2241 3850 et
2294 3778 2659 3853 reseremus
2713 3777 2829 3850 tibi
2875 3779 3190 3871 gloriam,
3249 3790 3372 3849 etc.

1599 3896 1954 3968 Diaconos
2006 3896 2151 3965 alta
2201 3919 2372 3966 voce
2417 3899 2832 3989 pronunciat
2882 3896 3194 3966 Mediam.

1566 4013 1945 4084 ‚Sacerdos
1997 4012 2269 4083 elevans
2317 4035 2565 4083 vocem.
2636 4011 3100 4109 Tranquillitas
3153 4023 3262 4083 tua
3316 4022 3384 4082 et
3432 4032 3571 4106 pax
3623 4020 3758 4098 tua,
3801 4011 4097 4099 Domine,

1394 4138 1461 4200 et
1513 4128 1773 4200 dilectio
1830 4139 1938 4201 tua
1991 4151 2193 4216 vera„
2245 4132 2461 4221 gratia
2513 4141 2660 4218 tua,
2715 4133 3176 4202 miserationes
3230 4139 3416 4215 tuae,
3470 4127 3804 4199 naturales
3861 4128 4095 4200 divini-

1390 4248 1506 4315 tati
1558 4255 1872 4316 aeternae
1925 4255 2110 4332 tuae‚
2164 4247 2296 4316 sint
2345 4244 2688 4321 nobiscum
2743 4256 2811 4317 et
2862 4251 3033 4317 inter
3084 4267 3235 4333 ηοε,
3290 4242 3591 4317 omnibus
3645 4244 3880 4318 diebus
3933 4247 4095 4315 vitae

1390 4371 1709 4433 nostrae:
1765 4370 1833 4432 et
1883 4358 2249 4432 reseremus
2304 4359 2454 4450 tibi,
2507 4373 2632 4434 etc.

1593 4475 1914 4570 Populus.
2023 4477 2262 4551 Amen.

1595 4592 1944 4665 Sacerdos
1996 4594 2268 4665 elevans
2333 4617 2578 4666 vocem.
2697 4595 2939 4669 Coram
3007 4605 3071 4667 te
3140 4594 3294 4666 Rex
3364 4614 3627 4685 regum:
3695 4603 3764 4664 et
3827 4592 4092 4664 Domine

1393 4710 1858 4782 dominantium
1912 4709 2263 4783 adoramus
2292 4764 2315 4801 ,
2368 4734 2813 4809 rogamusque
2867 4724 2934 4784 et
2985 4712 3417 4808 deprecamur
3480 4720 3618 4781 tet·
3653 4712 3915 4805 respice
3980 4729 4092 4780 nos

1391 4826 1908 4898 misericorditer
1959 4837 2028 4898 et
2076 4840 2346 4923 praesta
2399 4826 2624 4917 nobiS,
2692 4838 2760 4900 ut
2829 4852 2976 4901 cum
3035 4831 3318 4922 puritate
3369 4826 3587 4898 cordis
3642 4835 3708 4897 et
3762 4830 4092 4899 sanctitate

1395 4944 1674 5030 animae,
1729 4941 2122 5015 accedamus
2177 4942 2260 5014 ad
2315 4942 2523 5016 altare
2573 4955 2751 5017 tuum
2806 4954 3100 5018 sanctum
3154 4955 3219 5015 et
3269 4941 3633 5014 referemus
3652 4994 3674 5028 .,
3727 4952 3851 5013 etc.

1599 5059 1919 5151 Populus.
2025 5059 2259 5132 Amen.
