4525 6034
737 603 1051 681 laturario.

212 795 411 874 arbitramur
433 794 608 896 fideliter,
631 794 835 896 respondit,
862 792 933 871 boc
955 796 1163 895 mysterium
1187 819 1284 873 esse:
1318 806 1354 873 et
1377 793 1582 875 Catholicus

211 954 308 1009 nemo
331 955 404 1007 non
429 928 525 1007 idem
547 940 732 1032 agnoscat.
765 927 902 1006 Verum
922 930 952 1005 si
974 930 1173 1031 ignorantia
1196 928 1385 1032 aliquando
1407 954 1582 1007 excusare

212 1074 331 1166 potest,
355 1067 422 1143 etsi
445 1088 491 1142 eo
513 1066 657 1141 nomine
679 1065 843 1140 excusari
865 1087 972 1141 nemo
996 1062 1115 1165 debet,
1141 1066 1201 1168 qui
1224 1089 1317 1167 quae
1341 1067 1418 1167 ipse
1434 1066 1582 1165 nesciat,

211 1210 359 1301 cogente
385 1197 505 1298 nullo,
537 1197 625 1275 alios
659 1196 795 1275 docere
827 1195 1058 1299 aggreditur,
1092 1209 1127 1275 at
1161 1195 1410 1276 inexcusabilis
1436 1199 1581 1275 omnino

210 1342 260 1409 est
291 1333 382 1410 mala
417 1330 529 1433 fides,
568 1357 674 1435 quam
707 1330 841 1434 ubique
871 1333 906 1407 in
931 1328 1086 1409 Ludollo
1111 1330 1423 1433 deprehendimus.
1487 1329 1582 1423 Quid

208 1489 275 1542 non
306 1464 353 1542 de
381 1463 550 1567 Liturgiis
582 1475 805 1543 commentus
838 1476 912 1566 est⁷
946 1490 1096 1569 quarum
1132 1468 1330 1569 originem,
1364 1464 1514 1542 formam
1545 1473 1583 1540 et

209 1597 470 1700 dispositionem
505 1622 654 1700 prorsus
688 1601 885 1701 ignoravit,
927 1597 1012 1676 dum
1048 1600 1123 1676 illas
1158 1596 1330 1677 Homiiias
1366 1623 1449 1676 esse
1484 1597 1581 1700 dixit,

155 1720 163 1733 “
209 1731 427 1836 diversisque
449 1731 652 1809 nominibus
682 1731 890 1834 appellavit,
923 1757 970 1809 ne
993 1731 1187 1837 Liturgiam
1208 1745 1268 1811 aut
1290 1730 1435 1810 Missam
1460 1731 1581 1808 dicere

208 1877 413 1968 cogeretur:
445 1864 512 1945 sed
532 1865 737 1944 Orationem
761 1864 1053 1944 Eucharisticam.
1105 1864 1270 1970 Cumque
1292 1869 1442 1943 veritate
1463 1868 1581 1943 victus

207 2023 337 2102 negare
360 2024 433 2077 non
457 2011 581 2101 posset
603 2002 752 2102 agnosci
775 1997 819 2076 ab
842 1998 1080 2103 Aethiopibus
1104 2001 1238 2079 realem
1260 2002 1514 2103 praesentiam7
1546 2009 1582 2076 at

209 2156 250 2209 ex
270 2133 363 2211 illius
380 2131 569 2235 Aethiopis
592 2135 815 2233 testimonio7
843 2137 903 2237 qui
925 2145 1043 2211 tamen
1065 2146 1105 2212 ut
1125 2160 1172 2211 cx
1205 2135 1284 2237 ejus
1308 2131 1430 2211 verbis
1458 2155 1581 2235 agno-

208 2269 329 2368 scitur,
361 2265 445 2344 nibil
471 2267 585 2345 simile
608 2257 770 2377 dixeratf
792 2266 961 2345 audacter
983 2266 1181 2369 affirmavit,
1212 2266 1291 2345 illos
1313 2265 1581 2343 Transubstan·

208 2402 381 2479 tiationem
402 2424 475 2477 non
501 2424 713 2504 agnoscere.

325 2533 366 2611 ln
394 2532 563 2637 Liturgiis
594 2534 734 2612 illomm
757 2533 865 2611 multa
893 2546 1031 2643 entantJ
1064 2560 1158 2639 quae
1185 2535 1284 2613 aliter
1314 2531 1481 2634 explicari
1506 2556 1581 2613 non

207 2679 352 2768 possunt
385 2692 491 2772 quam
523 2666 722 2746 secundum
757 2665 974 2746 Catholicam
1013 2668 1060 2746 de
1098 2668 1320 2747 Eucharistia
1361 2666 1579 2745 doctrinam:

207 2800 384 2878 invocatio
408 2801 543 2879 scilicet
565 2800 717 2904 Spiritus
742 2805 873 2903 sancti,
907 2828 1013 2907 quam
1036 2827 1164 2880 omnes
1187 2812 1474 2904 repraesentant:
1513 2799 1580 2878 sed

208 2938 395 3038 pmecipue
416 2938 543 3013 eximia
566 2936 623 3013 illa
645 2947 727 3014 ante
749 2940 1037 3015 communionem
1061 2933 1274 3035 Confessio⁷
1296 2960 1402 3038 quam
1423 2933 1467 3011 ab
1483 2933 1580 3012 Ale-

207 3068 372 3146 xandrina
402 3066 568 3147 Ecclesia
600 3082 828 3172 acceperunt
889 3070 946 3149 De
979 3096 1021 3149 ea
1054 3094 1102 3148 ne
1132 3068 1284 3148 verbum
1315 3067 1459 3172 quidem
1496 3066 1581 3145 lecit

205 3201 397 3281 ludolfus:
429 3214 465 3280 et
485 3204 564 3306 ejus
588 3215 706 3281 tamen
734 3229 826 3307 opus
855 3207 890 3282 in
918 3207 1035 3283 varias
1060 3205 1202 3306 linguas
1224 3202 1451 3303 translatum,
1482 3226 1579 3278 arma

206 3334 483 3415 Protestantibus
517 3335 693 3415 adversus
728 3362 795 3415 nos
826 3337 1085 3440 subministrat,
1126 3337 1192 3416 sed
1236 3360 1329 3441 quae
1370 3347 1409 3413 ut
1441 3336 1578 3438 glacies

207 3468 329 3571 bullis,
361 3494 432 3547 una
460 3482 496 3548 et
522 3472 670 3574 simplici
693 3470 838 3550 Rituum
865 3472 1190 3550 Alexandrinorum
1212 3473 1477 3573 comparatione
1499 3469 1578 3548 dis-

205 3603 328 3681 siliunt
392 3602 528 3681 Verum
564 3603 610 3682 de
646 3604 700 3684 bis
732 3605 833 3707 plura
867 3605 1029 3684 dicentur
1060 3608 1094 3683 in
1126 3608 1220 3684 notis
1253 3603 1297 3682 ad
1330 3602 1577 3706 Aethiopicam

204 3735 411 3840 liturgiam7
442 3749 481 3815 ut
505 3741 609 3816 etiam
633 3742 668 3816 in
687 3738 945 3817 Dissertatione
968 3738 1014 3817 dc
1035 3737 1201 3819 Ecclesia
1224 3737 1453 3839 Aethiopica,
1484 3761 1577 3847 quae

205 3868 334 3948 dudum
360 3871 405 3948 ad
430 3871 620 3950 editionem
643 3884 762 3975 parata
790 3884 854 3951 est.
907 3946 909 3951 ,

319 4004 441 4084 Edidit
466 4009 522 4084 vir
544 4005 703 4084 eruditus
726 4005 891 4085 Andreas
912 4005 1083 4084 lllullerus
1110 4031 1166 4082 an.
1189 4001 1436 4082 lllDCLXXll.
1461 4001 1577 4081 Gom·
1645 4017 1766 4073 nutam
1801 4017 1904 4073 murm

205 4142 409 4216 mentarium
444 4139 490 4217 de
511 4138 743 4218 Monumento
766 4139 1008 4243 Syro-Sinico
1040 4138 1138 4243 quod
1172 4164 1265 4217 anno
1288 4132 1507 4215 MDCXXV.
1542 4140 1577 4214 in
1590 4104 1751 4161 mmm·

205 4269 313 4349 chsi
342 4271 506 4351 Sinarum
526 4272 717 4352 Provincia
739 4273 911 4353 ellossum
933 4273 1017 4376 luitg
1043 4277 1185 4376 insigne
1208 4297 1377 4375 prorsus,
1408 4281 1577 4375 quantum

207 4404 248 4481 ad
267 4405 468 4484 Ecclesiam
492 4406 707 4486 Orientalem
730 4412 899 4512 pertinet⁷
931 4418 1210 4486 monumentum.
1271 4406 1328 4485 De
1350 4431 1395 4484 eo
1421 4415 1456 4481 et
1478 4401 1578 4480 blul-

207 4536 265 4615 leri
287 4545 570 4643 commentariis⁷
602 4568 685 4620 cum
705 4542 846 4621 dicendi
869 4543 925 4620 bic
949 4544 1052 4620 locus
1075 4566 1149 4619 non
1170 4544 1235 4641 sit7
1276 4538 1434 4643 illudque
1459 4537 1578 4639 expli·

209 4677 403 4752 caverimus
425 4679 645 4777 accuratius⁷
677 4680 712 4754 in
735 4676 1050 4756 Dissertationibus
1074 4675 1121 4752 de
1140 4673 1328 4751 Ecclesiae
1344 4671 1578 4750 Nestorianae

210 4810 481 4911 propagatione,
516 4809 600 4887 nibil
622 4809 803 4913 dicemus,
836 4814 902 4890 nisi
925 4809 1023 4915 quod
1046 4809 1166 4886 ultima
1186 4818 1286 4909 parte
1319 4805 1366 4884 de
1386 4807 1577 4910 Religione

212 4960 347 5041 corum⁷
370 4940 467 5044 quod
491 4946 525 5019 in
547 4941 653 5022 Sinas
667 4943 857 5049 Evangelii
880 4940 1113 5022 annunciandi
1138 4966 1245 5019 causa
1267 4940 1467 5044 profectos,
1488 4941 1578 5042 lapis
1602 5028 1607 5033 l

145 5052 150 5057 ’
210 5079 369 5176 testatur,
399 5073 572 5156 lllullerus
600 5077 778 5157 disserere
801 5103 1000 5182 aggressus
1024 5087 1089 5155 est.
1152 5073 1246 5153 Nibil
1267 5102 1375 5180 porro
1402 5074 1508 5154 babet
1532 5099 1579 5152 ex
