4525 6034
728 521 803 662 5b0
1233 587 1592 665 urrunnun

725 778 882 848 remissio
917 778 1023 848 omnis
1059 777 1296 870 cujuscumque
1338 778 1474 866 generis
1497 778 1654 871 'peccatiz
1696 772 1858 848 abstersio
1889 778 2045 851 macdamu

727 895 891 980 omnium,
927 914 974 963 ex
1006 894 1154 987 peccatis
1189 913 1252 986 per
1276 894 1498 983 ignorantiam
1526 894 1731 980 concussis,
1765 893 1897 985 opisque
1923 891 2046 968 beneficio

725 1030 965 1106 praeparemur
992 1008 1034 1080 ad
1061 1008 1213 1080 standum
1241 1007 1369 1102 absque
1395 1005 1524 1103 pudore
1544 1029 1660 1080 eoram
1686 1006 1773 1080 solio
1800 1016 1868 1096 tuo,
1891 1010 2046 1083 bunnu-

724 1148 793 1221 que
819 1125 861 1196 ad
887 1122 1109 1196 babitaculum
1135 1123 1213 1195 illud
1240 1122 1390 1211 beatum,
1417 1133 1451 1195 et
1476 1128 1579 1196 vitam
1608 1136 1786 1197 aeternam.

833 1241 995 1334 Populus.
1047 1242 1168 1315 Amen.

831 1357 1008 1429 Sacerdos
1033 1357 1227 1428 inclinatus.
1279 1357 1453 1450 Rogamus
1489 1367 1523 1429 te
1548 1356 1692 1430 Domine
1717 1360 1831 1448 Deus,
1865 1362 1915 1454 qni
1945 1361 2050 1452 suscipis

728 1474 892 1552 sacrificia
918 1477 1074 1571 mystica,
1102 1476 1236 1568 suscipe
1263 1473 1462 1546 sacrificium
1487 1472 1679 1546 bocvivurn
1706 1484 1740 1546 et
1765 1480 1969 1562 momentum,
1989 1473 2053 1567 quod

728 1592 896 1665 offerimus
924 1590 966 1661 ad
993 1589 1154 1663 bonorem
1187 1591 1370 1680 majestatis
1398 1600 1487 1678 tuae,
1514 1601 1548 1662 et
1573 1590 1792 1664 reconciliare
1829 1615 1887 1689 per
1914 1590 1981 1663 illud
2000 1590 2053 1661 llo

727 1707 856 1782 clasiae
881 1716 1031 1797 sanetae,
1059 1728 1145 1801 quae
1170 1728 1233 1801 per
1258 1709 1452 1779 universum
1479 1706 1596 1779 orbem
1623 1731 1725 1805 super
1749 1730 1871 1780 nomen
1895 1717 1972 1778 trun
1993 1729 2054 1778 sau-

727 1837 817 1898 ctum
842 1823 975 1895 lundata
1003 1835 1037 1895 et
1062 1823 1130 1894 lixa
1157 1831 1219 1894 est.
1255 1821 1421 1895 Coubrma
1448 1822 1609 1895 Pastor-es
1636 1828 1708 1916 ejus
1735 1823 1944 1900 Ortbodoxos
1965 1827 2056 1895 druto

727 1954 797 2030 tua,
824 1950 860 2012 ut
885 1949 1025 2036 pascant
1051 1961 1124 2010 eam
1152 1938 1345 2034 prudenter,
1380 1960 1449 2010 non
1474 1960 1648 2034 peruerse.
1700 1939 1831 2013 Decem
1857 1943 1926 2032 ejus
1955 1939 2055 2011 ordirer

721 2055 853 2130 ‘honora
881 2077 942 2152 per
969 2054 1202 2128 abundantiam
1230 2053 1353 2127 multae
1378 2054 1630 2127 misericordiae
1656 2066 1743 2145 tuae,
1770 2067 1804 2129 et
1832 2079 1913 2149 erga
1934 2079 1982 2127 me
1998 2045 2057 2126 iui-

727 2196 815 2245 mum
842 2171 967 2269 pelago
994 2171 1155 2243 nodorum
1181 2173 1389 2262 immersum,
1418 2170 1608 2245 demonstra
1634 2176 1776 2264 gratiam
1803 2183 1907 2262 tuam,
1930 2182 1961 2244 et
1979 2174 2058 2243 nise·

727 2293 877 2362 rationes
905 2298 982 2360 tuae
1008 2286 1171 2380 adjuvent
1195 2310 1260 2376 me,
1287 2310 1362 2359 cum
1389 2287 1541 2360 omnibus
1567 2286 1639 2360 bliis
1654 2286 1836 2363 Ecclesiae
1861 2298 1934 2360 tuae
1946 2297 2058 2362 sarone

832 2405 983 2477 meaa
1015 2426 1141 2474 ocean.
1194 2403 1249 2476 Ab
1282 2401 1346 2475 bac
1381 2407 1480 2474 etiam
1504 2402 1661 2475 Ecclesia
1687 2415 1743 2477 tua
1770 2415 1888 2478 sancta
1913 2395 1997 2500 mam
2017 2426 2061 2474 ao-

727 2523 894 2618 quisivisti
920 2522 1257 2612 sauguineunigeuiti
1279 2524 1336 2608 tui,
1363 2521 1464 2615 quiin
1479 2517 1646 2612 Golgotba
1674 2520 1797 2594 alfusus
1827 2533 1891 2613 est,
1917 2532 1948 2593 et
1969 2539 2061 2614 asper·

728 2659 799 2726 sus,
826 2645 1043 2733 tempestates
1069 2634 1236 2707 violentas
1272 2635 1479 2724 haereseon,
1514 2634 1625 2708 fallaci
1658 2660 1697 2710 se
1730 2641 1869 2710 nomine
1898 2638 2062 2731 jactantium,

732 2775 920 2848 quaecum
948 2775 989 2825 ea
1020 2761 1185 2848 pugnant,
1221 2775 1421 2849 compesce,
1457 2762 1492 2825 et
1524 2751 1672 2848 depelle:
1703 2762 1737 2825 et
1772 2754 1937 2828 adversus
1966 2770 2064 2825 omnen

729 2870 930 2943 altinrdinem
958 2869 1143 2963 erigentem
1170 2890 1210 2942 se
1237 2880 1354 2942 canna
1382 2893 1475 2959 eam,
1508 2867 1608 2942 eleva
1635 2892 1709 2941 eam
1742 2881 1778 2942 et
1810 2874 1956 2959 sustine;
1981 2867 2064 2939 bosia
2177 2854 2178 2927 J

729 3009 814 3059 vero
840 3008 1034 3083 pugnaees,
1068 2988 1123 3080 qui
1151 2983 1269 3057 volunt
1303 3007 1377 3057 eam
1410 2989 1444 3056 in
1478 2982 1639 3080 abyssum
1672 2989 1855 3082 impietatis
1897 2985 2065 3076 demergere
2177 2984 2178 3035 f

728 3102 834 3199 perde
862 3112 896 3173 et
921 3101 1105 3174 confunde:
1132 3100 1320 3196 gladiisque
1346 3105 1451 3175 acutis
1467 3101 1584 3196 quibus
1599 3111 1760 3197 quaemurt
1779 3102 1932 3174 dividere
1955 3098 2066 3174 menbra

728 3217 906 3291 Ecclesiae
932 3230 1010 3291 tuae
1036 3228 1184 3305 sanetae,
1211 3221 1304 3313 ipsos
1332 3216 1482 3291 discinde
1508 3228 1543 3288 et
1566 3228 1686 3290 macta.
1739 3219 1870 3291 Omnes
1896 3222 1986 3290 etiem
2007 3215 2066 3287 lilios

729 3338 803 3427 ejus
830 3357 952 3408 servos
979 3344 1066 3423 tuos,
1093 3332 1220 3406 illustra
1246 3332 1303 3405 illo
1341 3342 1479 3405 aeterno
1504 3332 1627 3406 lumine
1654 3334 1743 3429 quod
1775 3334 1968 3432 resplendet
1996 3351 2067 3427 supa

730 3474 793 3525 eos
820 3454 875 3547 qui
900 3449 1025 3523 faciunt
1049 3449 1255 3523 voluntatem
1283 3461 1383 3539 tuam,
1410 3458 1443 3520 et
1468 3448 1653 3524 referemus
1668 3450 1727 3524 tibi
1743 3451 1891 3545 gloriam
1916 3461 1948 3524 et
1969 3447 2066 3521 budeu

730 3571 970 3663 unigenitoque
995 3565 1081 3640 Filio
1109 3577 1193 3656 tuos
1206 3576 1241 3638 et
1266 3565 1402 3663 Spiritui
1429 3569 1650 3639 sanctissimo.

835 3682 997 3776 Populus.
1051 3685 1170 3756 Amen.

835 3798 1012 3870 Sacerdos
1037 3799 1231 3870 inclinatus.
1273 3799 1483 3873 Convertere
1496 3799 1640 3872 Domine
1659 3799 1701 3871 ad
1722 3799 1990 3897 deprecationem
2006 3794 2070 3869 serti

731 3920 788 4003 tui,
815 3936 878 4010 pro
905 3919 1065 3987 universo
1086 3915 1212 4011 populo
1232 3924 1266 3987 et
1282 3915 1488 3988 haereditate
1511 3924 1579 4006 tua,
1606 3938 1693 4011 quaa
1719 3918 1860 3989 assidue
1879 3939 1986 3989 curam
2002 3913 2070 4006 gall

731 4031 970 4120 habitationes,
1010 4031 1217 4104 Mouasteria
1255 4041 1289 4103 et
1320 4030 1493 4104 Ecclesias
1525 4042 1599 4104 tuas
1633 4033 1861 4107 sustentandi:
1895 4054 1976 4129 quae
2002 4030 2072 4102 aaa

732 4150 907 4244 primitias,
934 4147 1100 4237 decimas,
1136 4158 1171 4221 et
1205 4147 1391 4221 oblationes
1418 4150 1452 4219 in
1477 4147 1595 4220 iisdem
1621 4147 1718 4220 offert
1743 4147 1826 4241 ubi,
1863 4161 1900 4223 et
1929 4162 2072 4245 pauperum

732 4264 934 4358 indigentiae
961 4267 1154 4337 necessaria
1182 4264 1385 4360 suppeditat,
1415 4276 1554 4362 propter
1587 4287 1709 4337 nomen
1741 4275 1854 4340 mum:
1889 4277 1923 4340 ot
1951 4285 2006 4363 pro
2029 4255 2073 4330 illis

734 4383 789 4476 qui
816 4379 996 4452 secuudum
1022 4380 1199 4453 facultates
1231 4403 1311 4453 suas
1347 4379 1533 4454 oblationes
1566 4380 1626 4454 tibi
1659 4380 1873 4472 obtuleruut,
1906 4391 1942 4454 ut
1971 4374 2072 4477 prois

736 4500 791 4592 qui
818 4496 935 4568 eadem
962 4496 1120 4569 facultate
1147 4496 1302 4586 destituti,
1329 4497 1524 4570 confitentur
1548 4496 1616 4570 tibi.
1659 4497 1798 4592 Adiuva
1829 4522 1947 4573 omnes
1971 4499 2017 4591 qui
2035 4495 2074 4561 ia·

734 4623 861 4686 vocant
884 4634 1006 4685 nomen
1034 4622 1135 4702 mum,
1161 4635 1224 4708 per
1250 4612 1423 4685 dexmram
1450 4625 1539 4687 mam
1565 4613 1718 4688 omuibus
1744 4615 1972 4689 sufficientem

838 4729 1001 4823 Populus.
1053 4727 1160 4825 Kyrie
1186 4728 1324 4802 eleison.

839 4846 1015 4918 Sacerdos
1049 4848 1186 4917 elevant
1217 4868 1344 4918 vocem.
1402 4845 1547 4944 Suscipe
1581 4868 1715 4942 quoque
1749 4847 1923 4938 Domine,
1953 4845 2073 4932 hemma

733 4961 914 5035 illationem
941 4963 1146 5036 oblationum
1172 4973 1206 5035 et
1231 4966 1460 5059 primitiarum,
1488 4986 1604 5037 eorum
1631 4966 1687 5059 qui
1711 4963 1773 5036 tibi
1798 4963 1881 5037 illas
1908 4959 2072 5037 otutaut:

736 5100 854 5150 eorum
889 5082 986 5151 etiam
1023 5083 1079 5174 qui
1113 5076 1212 5153 uobis
1245 5077 1457 5152 benefaciunt
1492 5091 1526 5152 et
1558 5080 1780 5176 deprecantur
1815 5093 1870 5154 te:
1906 5067 2072 5162 eorontti
