4525 6034
685 570 760 644 398
1063 563 1667 643 DEPATRIARCHA

684 759 848 853 antiquior
874 757 1046 828 Diaconus
1082 754 1271 850 Episcopos
1307 751 1563 825 adorationem
1594 751 1756 826 hortatur:
1792 755 1847 849 qui
1881 757 2045 850 praescri-

683 884 758 971 ptas
797 875 831 944 in
866 870 1050 946 Pontificali
1083 875 1254 945 orationes
1288 872 1447 961 recitant,
1480 869 1602 962 singuli
1632 874 1731 962 juxta
1765 869 1914 943 ordinem
1948 893 2044 960 suum,

683 1001 836 1062 tenentes
863 992 991 1061 interea
1016 1010 1134 1060 manus
1160 988 1332 1083 impositas
1359 989 1460 1084 capiti
1495 986 1654 1060 Ordinati.
1685 985 1769 1058 'Ad
1800 990 2046 1082 uniuscujusque

684 1107 784 1179 linem
811 1106 888 1177 dicit
913 1103 1185 1177 Archidiaconus.
1231 1101 1314 1176 ’Ἔτι
1331 1109 1398 1182 τοῦ
1423 1103 1552 1202 κυρίου
1575 1101 1611 1177 ‹l'
1627 1106 1811 1196 ε’νθώμενε
1830 1103 1969 1198 populus
1990 1125 2048 1174 re-

687 1222 832 1320 spondet
858 1222 968 1315 Kyrie
995 1221 1133 1293 eleison.
1186 1220 1374 1316 Dicuntque
1400 1219 1571 1317 Episcopi.
1623 1221 1827 1314 imponimus
1845 1243 1962 1290 munus
1984 1242 2046 1291 no-

684 1348 777 1411 stras
802 1361 905 1433 saper
932 1338 1073 1410 electam
1097 1335 1178 1426 Dei,
1207 1343 1271 1408 etc.
1297 1359 1403 1432 usque
1431 1338 1474 1410 ad
1499 1338 1597 1410 finem
1613 1340 1794 1410 orationis:
1821 1344 1855 1406 et
1881 1358 1954 1406 cum
1974 1336 2047 1408 illo-

551 1447 554 1456 ’
684 1478 757 1528 rum
785 1457 1012 1550 unusquisque
1038 1451 1127 1525 illam
1155 1451 1391 1549 compleverit,
1423 1453 1566 1550 populus
1602 1451 1690 1524 dicet
1724 1463 1796 1543 ter,
1829 1451 1962 1554 Dipone
1994 1459 2047 1523 est.

685 1573 836 1645 Tandem
868 1571 1011 1643 induitur
1044 1573 1226 1643 aseniore
1251 1568 1423 1667 Episcopo
1459 1572 1662 1643 ornamentis
1695 1566 1989 1657 Patriarchaliltus,
2020 1575 2050 1638 et

686 1690 802 1762 dicitur
826 1687 1023 1781 Doxologia
1050 1685 1093 1758 ad
1118 1685 1154 1758 S.
1181 1686 1384 1758 Trinitatem.
1439 1688 1563 1760 Omnes
1590 1684 1750 1783 Episcopi
1777 1696 1811 1757 et
1836 1683 1977 1781 poprdus
2001 1685 2051 1755 si·

684 1805 752 1879 mul
778 1827 892 1879 rursus
919 1803 1080 1895 clamant,
1106 1801 1240 1896 Dipone
1266 1808 1326 1877 eat.
1378 1803 1561 1900 Postquam
1587 1806 1697 1875 onmia
1731 1812 1926 1875 ornamenta
1953 1822 2051 1872 acce-

685 1925 785 2019 perit:
812 1921 973 2018 Episcopi
1000 1922 1202 2015 antiquiores
1230 1918 1316 2010 duo,
1344 1919 1386 1991 de
1413 1918 1532 1993 throno
1554 1917 1808 2009 descendentes,
1833 1915 2052 1990 Patriarchnm

688 2061 791 2136 super
818 2061 893 2109 eum
920 2037 1098 2126 collocant,
1125 2046 1277 2109 tenentes
1304 2059 1420 2109 manus
1448 2040 1537 2130 ejus:
1564 2035 1761 2107 inclamante
1786 2033 1912 2129 populo
1930 2031 2050 2113 Ἄξιος·

687 2154 882 2230 Collocutur
908 2164 1019 2226 autem
1044 2164 1097 2225 ter
1122 2155 1156 2223 in
1183 2152 1282 2240 sede,
1310 2152 1352 2224 ad
1368 2152 1530 2225 honorem
1547 2152 1716 2224 Trinitatis
1734 2160 1890 2223 sanctae:
1918 2160 1953 2222 et
1970 2148 2053 2244 Epi·

688 2293 811 2367 scopus
848 2273 1013 2365 antiquior
1051 2291 1174 2361 magua
1208 2290 1296 2340 voce
1332 2268 1429 2361 dicit,
1465 2251 1662 2341 Collocutus
1697 2268 1740 2338 N.
1767 2266 2052 2361 Arclicpiscopaa

686 2410 795 2481 super¹
827 2387 940 2458 sedem
977 2391 1131 2458 sanctam
1161 2384 1414 2478 Apostolicarn,
1454 2385 1698 2478 Eneapelicom
1723 2384 1760 2456 S.
1787 2383 1911 2455 Putris
1941 2383 2051 2466 nostri,

687 2503 875 2590 benedicti,
901 2503 1013 2574 Deum
1037 2502 1183 2574 videntis
1208 2501 1339 2589 Marci,
1367 2505 1404 2572 in
1428 2505 1562 2573 nomine
1580 2500 1862 2573 Patrtssetrttn
1890 2497 2052 2591 elSpa'rt‘-

689 2627 741 2690 tos
766 2623 887 2693 sancti.
929 2617 1076 2713 Populus
1101 2616 1283 2713 respondet
1315 2626 1382 2706 ter,
1399 2616 1537 2702 ’Άξιοςε
1564 2628 1597 2690 et
1622 2628 1741 2712 postea
1767 2613 2055 2713 proclamationem

553 2815 555 2820 ,
688 2741 770 2810 novi
795 2734 1009 2809 Patriarclrae
1036 2734 1115 2806 lacit
1143 2733 1275 2806 Graeca
1301 2732 1584 2832 lingua2'21ssfia
1627 2715 1923 2832 Ἠρχιεπίσκοπος
1948 2756 2056 2831 μεγα-

691 2851 869 2938 λοπόλεως
893 2848 1161 2950 Ἀλεξανδρείας
1183 2847 1243 2923 καὶ
1268 2854 1342 2925 τῶν
1368 2846 1496 2946 νόμων
1520 2847 1637 2946 αὐτῆς.
1688 2850 1800 2921 Pater
1831 2847 1876 2919 Ν.
1905 2847 2054 2919 Archia-

685 2975 849 3066 piscopaa
873 2991 1018 3062 moqnnc
1043 2967 1139 3039 ordis
1163 2966 1404 3038 Alexandrina
1430 2974 1466 3039 et
1480 2967 1665 3039 Nomos-om
1691 2972 1781 3058 ejus,
1806 2986 1867 3036 aaa
1887 2967 2055 3056 reqionum

689 3093 723 3161 ei
748 3087 993 3179 subjecturum:
1017 3095 1053 3156 ut
1079 3082 1265 3179 explicatur
1298 3083 1456 3156 Arabico.
1511 3082 1660 3154 Tandem
1695 3080 1879 3154 collocatur
1913 3083 1949 3151 iu
1981 3077 2056 3153 sede

688 3202 922 3292 Patriarchali,
949 3223 1059 3296 neque
1085 3223 1124 3272 se
1160 3197 1300 3294 amplius
1335 3209 1466 3288 movet,
1507 3198 1634 3271 hahens
1666 3200 1700 3269 in
1732 3199 1806 3271 sinu
1838 3195 2056 3289 Evangelium

690 3324 725 3395 S.
759 3321 875 3393 Marci.
927 3317 1104 3391 Accedunt
1135 3315 1296 3413 Episcopi
1329 3327 1362 3389 et
1395 3317 1586 3391 osculantur
1621 3339 1712 3404 eum3
1746 3313 1927 3408 dicuntque
1958 3311 2057 3385 adhuc

689 3448 759 3528 ter,
776 3436 911 3519 Ἄξιος.
963 3435 1047 3507 'lum
1078 3433 1191 3523 Laici,
1226 3443 1305 3529 post
1330 3433 1533 3507 Sacerdotes
1562 3444 1595 3506 et
1621 3432 1705 3505 alios
1731 3453 1778 3503 ex
1805 3427 1929 3521 Clero,
1956 3451 2055 3503 oscu-

689 3552 798 3624 lantur
837 3573 967 3625 manum
1002 3552 1084 3642 ejus.
1129 3548 1301 3622 Recitatur
1335 3572 1451 3623 coram
1476 3571 1520 3622 eo
1546 3546 1730 3640 Prologus,
1772 3549 1827 3642 qui
1859 3558 1916 3618 est
1948 3546 2055 3619 Oratio

691 3668 873 3763 quaedam,
900 3667 943 3739 de
969 3690 1034 3762 qua
1061 3665 1181 3740 dictum
1208 3674 1260 3738 est
1293 3664 1384 3739 alibi:
1412 3677 1480 3738 tum
1513 3663 1676 3761 psalmus:
1715 3663 1834 3736 deinde
1869 3661 1971 3735 datur
2000 3660 2056 3756 ipsi

690 3783 913 3878 Evangelium
938 3784 1078 3856 Joannis
1113 3803 1159 3852 ex
1193 3803 1259 3876 quo
1292 3780 1375 3873 legit
1409 3791 1509 3877 caput
1534 3781 1596 3857 23.
1628 3778 1685 3852 uhi
1716 3780 1801 3853 haec
1835 3777 1946 3852 verba
1979 3784 2053 3850 sunt

640 3893 641 3896 ¹
691 3903 822 3992 Amen,
847 3901 957 3972 Amen
984 3900 1063 3971 dico
1089 3897 1205 3985 codic,
1233 3901 1290 3991 qni
1315 3921 1384 3970 non
1409 3901 1518 3969 intrat
1540 3920 1606 3990 per
1632 3899 1752 3969 ostium
1777 3900 1814 3966 io
1829 3896 1923 3967 ovile
1944 3897 2054 3976 mun,

690 4040 797 4114 usque
824 4018 866 4091 ad
893 4020 973 4090 ista:
1001 4022 1036 4088 et
1058 4018 1121 4109 fiet
1146 4037 1245 4085 unum
1272 4014 1361 4086 coila
1387 4021 1422 4085 et
1446 4037 1531 4086 anns
1553 4020 1686 4107 pastor.
1733 4012 1818 4087 Cum
1835 4011 1879 4085 ad
1901 4035 1943 4085 ea
1957 4007 2055 4084 verba

691 4138 893 4233 pervenerit
945 4134 1022 4226 Epo
1056 4155 1128 4203 aum
1161 4131 1292 4201 Pastor
1323 4129 1446 4218 bonos,
1487 4152 1603 4203 omues
1636 4127 1816 4202 inclamant
1841 4139 1913 4220 ter,
1934 4125 2053 4206 ’istm

693 4253 755 4325 llis
781 4253 928 4348 peractis
955 4247 1105 4322 celebrat
1119 4246 1304 4340 Liturgiam
1326 4250 1424 4340 juxta
1437 4244 1720 4337 consuetudinem,
1747 4244 1968 4341 omnibusque
1988 4242 2055 4315 dis-

691 4362 813 4466 tribuit}
839 4389 938 4441 sacra
969 4367 1151 4463 mysteria,
1183 4364 1305 4459 datque
1331 4362 1395 4436 illis
1420 4386 1558 4461 pacem,
1593 4361 1658 4435 hoc
1690 4371 1743 4437 est
1773 4360 1919 4435 dumam
1952 4359 2054 4432 hene·

692 4487 886 4559 dictionem:
919 4504 1029 4578 neque
1055 4483 1142 4553 enim
1168 4479 1232 4553 lroc
1257 4481 1334 4554 loco
1359 4480 1498 4573 intelligi
1524 4478 1624 4552 debet
1648 4483 1742 4575 pacis
1769 4479 1930 4553 osculum.
1977 4473 2054 4547 Nam

692 4612 729 4675 ut
754 4603 894 4691 Graeci,
922 4602 967 4672 ita
994 4596 1182 4671 Orientales
1208 4619 1342 4687 omnes,
1359 4596 1513 4688 salutant
1537 4598 1681 4678 invicem
1714 4599 1747 4667 in
1780 4595 1897 4668 osculo
1933 4596 2054 4673 sancto

694 4729 771 4792 ante
797 4715 1059 4803 Praefationem‚
1086 4694 1155 4785 nor'r
1186 4712 1287 4808 paulo
1319 4723 1397 4786 autc
1429 4714 1711 4803 communionem,
1743 4723 1779 4785 ut
1811 4711 1966 4785 Romano
1998 4705 2053 4774 ritu

693 4838 764 4910 lieri
791 4835 887 4909 solet.
940 4829 1144 4904 Sacerdotes
1170 4832 1297 4902 interea
1323 4839 1445 4901 canunt
1470 4828 1630 4927 hymnos,
1658 4829 1765 4902 donec
1785 4826 1947 4925 spoliatus
1963 4820 2054 4894 luent

693 4955 900 5027 vestimentis
921 4951 1040 5038 sacris,
1067 4945 1186 5043 quibus
1205 4946 1248 5019 ad
1259 4944 1504 5019 'celebrandam
1521 4944 1704 5039 Liturgiam
1723 4967 1801 5019 usus
1817 4942 1937 5032 luerat,
1964 4940 2052 5031 eique

695 5071 857 5167 antiquior
882 5066 1071 5166 Episcopus
1098 5066 1293 5162 imposuerit
1318 5062 1437 5139 stolam
1464 5065 1603 5156 nigram.
1655 5063 1779 5136 Postea
1804 5063 1923 5133 itenun
1949 5054 2051 5129 collo-
