4525 6034
539 593 570 672 S.
597 592 736 671 incunt
760 594 946 672 mostell
971 595 1129 673 FRATRIS
1155 593 1300 673 ocimu
1557 596 1606 673 41

332 782 509 855 Sacerdos
533 784 725 874 interiectis
750 780 882 875 aliquot
912 780 1129 855 orationibus
1159 805 1249 877 quac
1276 807 1344 878 pro
1372 784 1609 859 Ecclesiaram

229 900 472 972 commentae
497 901 621 970 cariae
645 903 739 985 stant,
762 901 898 991 franpit
924 919 971 969 ea
995 902 1120 990 majori
1146 899 1382 972 Errciaristici
1392 904 1496 993 panis
1505 908 1610 994 parte

227 1021 391 1088 minoren
426 1015 549 1105 alica,
582 1037 651 1109 aaa
681 1017 718 1084 in
752 1013 862 1085 catice
894 1016 1057 1102 intincta,
1092 1013 1246 1109 reliquas
1276 1018 1313 1086 is
1338 1018 1469 1088 modam
1496 1020 1640 1091 crucis⁴

227 1137 357 1228 sipaat,
385 1133 521 1205 dicens:
1637 1136 1640 1201 t

332 1249 539 1343 Inspergitur
565 1248 704 1338 sanguis
730 1245 864 1317 Domini
891 1247 1017 1335 nostri,
1044 1247 1179 1341 corpori
1205 1248 1356 1339 ejus,¹in
1382 1250 1516 1321 nomiae
1534 1248 1608 1322 Pa-

228 1367 286 1436 tris
314 1365 343 1451 †
369 1375 404 1436 et
429 1363 524 1454 Filii,
550 1364 579 1450 †
606 1374 639 1434 et
665 1361 810 1457 Spiritus
838 1364 954 1433 sancti.
981 1362 1010 1448 †

332 1478 496 1550 Madent
517 1476 724 1572 particulam
749 1479 896 1547 immittit
921 1479 957 1547 in
985 1476 1127 1549 calicem
1153 1478 1317 1550 diceado:

331 1593 495 1668 Miscuisti
521 1597 665 1669 Domine
700 1594 906 1667 divinitatem
938 1603 1027 1665 aram
1061 1615 1137 1665 carn
1169 1593 1372 1666 humanitate
1404 1604 1541 1685 nostra,
1575 1606 1609 1669 et

227 1710 462 1783 humanitatem
489 1721 638 1784 nostram
664 1733 741 1784 cum
767 1709 939 1781 divinitate
966 1720 1040 1800 tua;
1066 1713 1170 1782 vitam
1197 1721 1288 1782 tuam
1314 1733 1390 1783 cum
1408 1710 1609 1785 mortalitate

226 1838 362 1917 nostra,
389 1838 423 1899 et
448 1826 682 1900 mortalitatem
708 1837 857 1900 nostram
884 1848 958 1897 cum
986 1830 1056 1898 vita
1074 1820 1156 1915 ¹tua3
1193 1826 1353 1921 accepisti
1379 1848 1465 1921 quiae
1491 1837 1607 1900 nostra

228 1954 343 2033 erant,
370 1955 404 2015 et
431 1941 549 2015 dedisti
575 1941 675 2015 nobis
702 1952 779 2030 tua,
806 1940 998 2032 advitam,
1031 1952 1066 2014 et
1091 1940 1231 2015 salutem
1259 1945 1442 2014 animarum
1467 1953 1608 2017 nostra-

226 2079 319 2147 rum,
346 2058 404 2130 tibi
429 2058 538 2150 gloria
565 2060 598 2129 in
625 2058 770 2131 saecula.

332 2187 508 2259 Sacerdos
533 2188 664 2280 accipit
690 2208 816 2280 corpas
842 2184 988 2273 emisti,
1015 2186 1151 2257 dicens:

332 2319 473 2393 Praesta
491 2320 633 2392 Domine
657 2330 693 2392 ut
717 2316 966 2392 sanctificentur
986 2340 1130 2414 corpora
1153 2326 1269 2391 nostra
1290 2340 1498 2416 percorpus
1520 2329 1609 2392 tuum

228 2445 398 2524 sanctum,
426 2446 459 2507 et
484 2434 700 2532 purificentur
726 2436 855 2505 animae
881 2446 1018 2507 nostrae
1043 2456 1105 2530 per
1132 2435 1331 2527 sanguinem
1363 2445 1451 2508 tuum
1486 2438 1609 2531 propi-

226 2555 414 2639 tiatorium,
442 2554 573 2646 sintque
599 2550 804 2624 adveniam
832 2548 1025 2623 delictomm
1060 2561 1094 2622 et
1126 2553 1360 2625 remissionem
1393 2563 1610 2650 peccatorum

229 2676 439 2755 nostrorum3
465 2667 609 2740 Domine
635 2666 728 2739 Dens
755 2665 814 2738 tibi
841 2665 949 2757 glorie
976 2665 1183 2738 insaecula.

333 2798 420 2870 Mac
452 2799 708 2872 Eucharistiam
743 2797 918 2869 distribuit
951 2797 1217 2886 Sacerdotibus,
1257 2799 1444 2889 Diaccnis,
1487 2800 1611 2872 deinde

214 2915 365 3002 Laicis,
393 2915 528 2987 diceas:
544 2914 688 3033 :Corpus
715 2924 749 2986 et
775 2917 912 3006 sanguis
939 2913 1072 2987 Domini
1110 2917 1217 2987 nostri
1250 2915 1332 2988 Jesu
1360 2912 1483 2988 Christi
1516 2914 1611 2986 datur

228 3030 296 3103 tibi·
321 3034 357 3101 in
389 3028 524 3103 venitm
559 3031 753 3103 delictorum
760 3082 772 3119 ,
813 3039 847 3101 et
879 3030 1109 3103 remissionem
1148 3038 1363 3126 peccatorum
1396 3033 1430 3102 in
1467 3039 1609 3126 utroque

229 3145 379 3219 saeculo.

330 3277 472 3350 interca
497 3278 573 3349 dam
601 3282 785 3350 coremunio
813 3278 1071 3349 administratur
1097 3300 1171 3348 cum
1197 3276 1392 3365 cochleari,
1426 3276 1606 3347 Diaconos
1631 3252 1634 3265 ¹

231 3393 376 3488 reliquis
400 3393 651 3466 succineatibus
673 3394 819 3465 ctarnat:

333 3527 471 3601 Fratres
499 3529 565 3599 mei
592 3530 733 3625 accipite
760 3549 883 3623 corpus
909 3525 988 3615 tilii,
1024 3523 1147 3598 clamat
1178 3524 1349 3599 Ecclesia:
1382 3524 1486 3597 bibite
1521 3545 1609 3598 san-

227 3645 365 3736 guinem
401 3646 473 3735 ejus
506 3666 581 3715 cum
611 3643 699 3734 tide,
727 3654 761 3715 et
787 3646 897 3715 canite
923 3642 1084 3735 gloriam,
1118 3640 1171 3712 hic
1202 3651 1254 3714 est
1280 3639 1371 3714 calix
1406 3662 1504 3735 quem
1539 3642 1610 3711 nri-

232 3761 320 3831 scuit
345 3758 507 3831 Dominus
534 3773 649 3833 noster
675 3782 777 3854 super
811 3759 936 3850 lignum
972 3760 1098 3829 crucis:
1126 3757 1276 3829 accedite
1302 3756 1478 3845 mortales,
1506 3754 1609 3829 bibite

227 3898 273 3946 ex
301 3896 361 3962 eo,
391 3874 424 3945 in
453 3877 686 3949 remissionem
713 3874 916 3946 delictorum.
969 3872 1138 3961 Alleluia,
1171 3883 1205 3944 et
1244 3875 1307 3969 ipsi
1333 3873 1424 3961 tans,
1464 3871 1507 3942 de
1543 3892 1608 3965 qno

225 3989 310 4063 bibit
336 4014 424 4084 grex
451 3993 535 4083 ejus,
574 4003 608 4064 et
633 3994 809 4087 paritatem
836 3991 1059 4084 consequitur.

334 4120 399 4205 Oui
431 4143 550 4193 cerem
583 4128 620 4192 ut
654 4127 690 4192 ct
721 4119 814 4191 matti
847 4120 927 4211 alii,
953 4126 1062 4212 pacta
1097 4123 1411 4192 communicantium
1437 4142 1608 4191 numeram

224 4239 419 4307 moueatur
443 4237 499 4308 cet
520 4237 781 4331 producantur:
812 4256 893 4306 maa
923 4235 1099 4307 Sacerdos
1125 4235 1294 4331 absterpit
1318 4259 1404 4308 casa
1416 4288 1427 4323 ,
1460 4235 1605 4306 Diaco-

225 4374 347 4423 rtaram
371 4355 581 4440 ministerio,
609 4358 645 4423 ct
670 4351 793 4422 deinde
820 4352 946 4422 dicitur
972 4352 1091 4422 Oratio
1117 4356 1308 4444 pratiaram
1335 4353 1491 4422 actionis.

334 4484 469 4556 Gratias
496 4487 624 4577 egimus
651 4482 710 4555 tihi
737 4485 831 4557 Deus
859 4492 894 4555 et
918 4487 1101 4580 praecipue
1127 4483 1299 4556 laudamus
1331 4493 1364 4554 te
1391 4479 1434 4553 ob
1462 4483 1608 4554 immen-

226 4621 301 4672 sum
328 4609 363 4670 et
388 4599 587 4673 ineffabilem
622 4622 703 4693 erga
736 4598 889 4671 homines
924 4621 1073 4671 amorem
1105 4610 1205 4671 mum.
1267 4599 1295 4671 D
1329 4599 1491 4686 Domine,
1525 4619 1610 4691 quos

225 4715 401 4787 admittere
429 4716 584 4809 dignatus
611 4738 649 4790 es
683 4715 725 4819 ad
757 4718 1044 4811 participationem
1077 4738 1213 4788 mensae
1245 4724 1323 4785 tuae
1358 4713 1533 4802 coelestis,
1566 4735 1610 4784 ne

233 4831 375 4903 damnes
402 4830 446 4903 ob
475 4835 719 4929 susceptionem
747 4835 981 4927 mysteriorum
1009 4843 1139 4904 tuorum
1166 4841 1356 4905 sanctorum
1388 4839 1422 4900 et
1446 4830 1613 4902 immacu-

224 4945 379 5018 latorum.
432 4947 559 5019 Verum
595 4971 617 5020 o
653 4948 759 5036 bone,
796 4949 925 5021 custodi
958 4970 1023 5021 nos
1054 4952 1088 5020 in
1120 4951 1249 5040 justitia
1282 4955 1317 5019 et
1349 4949 1541 5034 sanctitate,
1575 4956 1611 5018 ut

228 5063 322 5153 digni
349 5063 458 5135 ettecti
493 5066 791 5136 communicatione
824 5062 967 5159 Spiritus
1000 5068 1046 5136 tui
1081 5067 1206 5155 sancti,
1240 5073 1388 5160 partem,
1421 5073 1545 5136 sortem
1576 5074 1611 5137 et
