4525 6034
694 568 771 647 428
1186 570 1543 650 lllllllllld

692 755 769 830 libri
793 758 889 855 hujus
916 782 936 834 a
962 759 1038 834 Deo
1070 761 1221 856 inspirati
1254 757 1476 855 divinitusque
1508 759 1664 852 demissi,
1696 772 1730 833 et
1760 784 1917 855 magnam
1947 785 2049 838 rernm

692 872 853 949 lectarum
880 879 1114 969 cognitionem.
1154 874 1344 949 llxorcistis
1371 897 1560 951 sermonem
1585 886 1753 972 potentem
1780 879 1905 968 idlae,
1936 884 2048 976 quique

692 994 800 1088 possit
824 990 984 1086 frangere
1009 995 1167 1089 impetum
1198 991 1405 1074 daemonum.
1457 991 1526 1066 lllis
1553 996 1608 1088 qui
1633 995 1668 1066 iu
1693 1004 1860 1090 potestate
1891 999 2050 1069 constituti

692 1118 784 1197 sunt,
817 1107 860 1182 da
887 1119 923 1181 ut
948 1107 1070 1182 nullam
1095 1106 1239 1181 habeant
1264 1112 1299 1180 in
1321 1107 1445 1200 judicio
1470 1130 1690 1204 personarum
1715 1114 1963 1207 acceptionem3
1989 1135 2049 1184 ne-

693 1248 772 1319 que.
785 1224 874 1321 quod
899 1224 989 1300 iacto
1017 1247 1102 1321 opas
1128 1236 1162 1298 et
1188 1247 1330 1321 aequum
1356 1233 1420 1314 est,
1446 1223 1618 1321 repellent
1670 1224 1714 1299 Iis
1747 1249 1835 1301 vero
1868 1232 1925 1323 qui
1956 1233 2051 1306 vitam

692 1339 957 1439 Philosophicam
991 1341 1138 1437 amplexi
1170 1353 1264 1430 sunt,
1297 1339 1447 1416 concede
1478 1351 1515 1414 ut
1545 1344 1675 1438 possint
1704 1343 1882 1416 retundere
1917 1346 2050 1442 impetm

692 1461 821 1544 carnis,
849 1462 905 1553 qui
930 1456 1100 1531 difficulter
1126 1461 1279 1532 coerceri
1306 1468 1443 1555 queunt,
1470 1470 1504 1532 et
1528 1469 1565 1534 ut
1590 1482 1797 1556 quacumque
1822 1460 1907 1535 liora
1933 1462 2051 1536 decer-

692 1583 762 1647 tent
787 1576 952 1648 adversus
979 1577 1116 1647 astutias
1143 1572 1343 1670 deceptoris.

795 1691 946 1764 Eleconr
970 1713 1097 1763 ccccm.
1150 1691 1292 1778 Quando
1320 1690 1452 1788 quidem
1477 1714 1562 1767 vero
1590 1692 1641 1765 his
1668 1693 1820 1767 omnibus
1853 1704 1955 1790 atque
1987 1695 2052 1769 aliis

692 1808 855 1901 ejusmodi
881 1806 971 1900 digni
1003 1804 1083 1879 iacti
1115 1805 1246 1895 luimus,
1279 1810 1438 1904 mamque
1468 1807 1563 1896 nolis
1599 1812 1707 1882 tritam
1738 1809 1986 1905 quodammodo
2017 1811 2053 1884 ad

691 1924 821 1998 coelum
846 1921 987 1997 lecimus
1017 1917 1042 2012 ⁹,
1069 1945 1258 2020 agnumque
1284 1927 1433 1999 occisum
1453 1948 1554 2022 super
1574 1923 1679 1998 altare
1696 1924 1860 2014 videmus,
1887 1935 1922 1999 et
1935 1927 2052 2001 lumine

691 2041 891 2134 cognitionis
911 2040 976 2112 Dei
991 2049 1146 2135 tanquam
1170 2037 1302 2133 fulgure
1320 2037 1424 2114 afflati
1444 2062 1568 2133 sumus,
1593 2064 1662 2115 non
1678 2064 1723 2113 cn
1741 2041 1901 2139 operibus
1919 2046 2052 2131 nostris,

691 2154 753 2228 sed
778 2178 826 2228 ex
850 2159 973 2230 uirtute
1000 2166 1034 2228 et
1059 2165 1227 2252 potestate
1252 2156 1348 2250 hujm
1373 2159 1556 2247 ministerii,
1575 2154 1657 2232 'cum
1682 2158 1800 2231 fiducia
1827 2159 1935 2257 qualis
1962 2159 2053 2232 decet

608 2261 613 2270 ’
691 2281 845 2361 sanctos,
872 2275 1042 2346 orationes
1068 2283 1202 2346 nostras
1228 2271 1386 2364 iacimus,
1419 2274 1638 2370 deprecantes
1667 2283 1701 2347 te
1727 2284 1856 2349 amator
1890 2275 2053 2351 lominum

691 2389 852 2478 Domine,
884 2396 919 2460 ut
952 2391 1000 2463 sis
1027 2391 1189 2486 propitius
1215 2392 1365 2487 peccatis
1389 2393 1513 2464 noscis
1545 2393 1773 2486 pergratiam
1799 2391 2053 2465 smcuficanren

690 2504 833 2602 Spiritus
859 2507 906 2577 tui
932 2508 1056 2594 saneti,
1091 2527 1154 2602 per
1186 2528 1284 2602 mam
1316 2509 1416 2580 etiam
1441 2504 1526 2580 lmec
1550 2509 1710 2604 mysteria
1734 2507 1833 2582 nobis
1859 2530 2053 2606 praeparas,

689 2634 725 2696 ut
750 2622 842 2716 digni
867 2622 1045 2696 efficiamur
1070 2645 1188 2696 eornm
1214 2625 1438 2719 susceptione,
1464 2625 1550 2697 sicut
1573 2621 1638 2698 illis
1668 2628 1835 2697 convenit
1886 2624 2052 2698 ilemento

690 2741 790 2813 etiam
815 2761 877 2836 per
902 2738 1163 2814 misericordiam
1189 2752 1224 2813 et
1248 2740 1475 2826 clementiam,
1507 2737 1684 2812 Ecclesiae
1714 2752 1792 2814 tuae
1817 2749 1958 2816 sanctae
1984 2739 2052 2814 Ga-

689 2855 833 2929 drolicae
858 2866 892 2928 ct
914 2856 1144 2952 Apostolicae,
1171 2866 1205 2929 et
1229 2854 1438 2953 plenitudinis
1460 2853 1730 2929 Orthodoxornm
1755 2859 1811 2951 qni
1836 2859 1871 2927 in
1898 2879 1943 2929 ea
1968 2869 2052 2946 sunt3

689 2982 726 3044 ut
752 2994 827 3045 eam
852 2993 993 3069 prorsus
1019 2975 1196 3046 immnmm
1221 2971 1328 3047 iacies
1355 2971 1397 3045 ali
1424 2974 1513 3045 orani
1546 2970 1711 3046 diabolico
1741 2971 1898 3068 maloque
1931 2995 2051 3061 errore,

689 3099 725 3162 et
749 3092 923 3186 inpiorum
950 3087 1121 3185 perplexis
1148 3086 1423 3185 disputationibus
1449 3097 1484 3161 et
1508 3086 1552 3161 m
1579 3091 1668 3162 omni
1693 3087 1845 3162 futilitate
1867 3091 2051 3184 opinioumn

688 3204 892 3295 haereseos,
926 3226 1012 3300 quae
1046 3215 1237 3302 corrumpat
1272 3207 1433 3296 mimam,
1466 3214 1565 3301 atque
1598 3203 1640 3277 al)
1676 3207 1764 3277 omni
1794 3207 1935 3278 crimine
1970 3205 2050 3303 quod

690 3319 918 3395 confusionem
944 3319 1094 3394 inducat:
1120 3330 1154 3394 et
1178 3319 1365 3397 referemus
1391 3321 1450 3395 tibi
1475 3320 1628 3415 gloriam.

793 3437 955 3532 Populea.
1006 3436 1127 3510 Amen.

791 3551 969 3626 &eerdm
995 3553 1187 3626 inclinatur.
1238 3551 1407 3627 llemento
1448 3547 1478 3588 ¹⁰
1509 3553 1653 3627 Domine
1685 3562 1720 3625 et
1753 3575 1873 3627 eorum
1904 3558 1962 3651 qui
1991 3553 2049 3627 luc

689 3672 855 3764 usquein
879 3667 1035 3743 Ecclesia
1060 3680 1116 3743 tas
1141 3672 1227 3759 nati,
1263 3681 1298 3742 et
1328 3672 1362 3741 iu
1393 3691 1479 3742 rere
1504 3668 1668 3763 religione
1691 3671 1828 3744 instituti
1855 3681 1950 3744 sumt:
1975 3672 2048 3744 illn-

688 3787 778 3857 min'a
804 3806 867 3859 eos
893 3786 1048 3877 Domine,
1074 3785 1198 3858 lumine
1223 3788 1422 3880 cognitionis
1448 3795 1536 3874 tuae,
1563 3795 1597 3858 et
1621 3784 1761 3859 lavacro
1788 3793 2047 3881 regeneratione

689 3898 811 3992 dignos
842 3899 917 3976 illos
950 3902 1059 3976 efficax
1092 3912 1126 3975 ot
1157 3901 1333 3999 perficiens
1364 3924 1426 3976 eos
1459 3901 1501 3976 ad
1534 3924 1633 3976 omne
1667 3904 1822 3975 virtutum
1855 3927 1981 3998 genus,
2010 3904 2047 3977 da

688 4014 754 4091 illis
778 4027 815 4089 nt
839 4040 923 4114 pure
948 4018 1094 4092 evadant
1118 4022 1153 4090 in
1179 4020 1288 4091 vinnan
1313 4017 1507 4115 perfectam,
1533 4018 1712 4092 secundum
1729 4042 1921 4093 mensmam
1939 4023 2047 4094 aetads

689 4132 898 4230 plenitudinis
925 4133 1055 4209 Christi
1108 4134 1277 4208 llemento
1304 4135 1446 4209 Domine
1472 4144 1506 4207 et
1531 4133 1672 4223 illorum,
1699 4138 1755 4231 qui
1779 4134 1880 4210 hodie
1905 4137 2046 4212 oblatio·

687 4271 750 4324 nes
783 4247 842 4323 titi
876 4249 1073 4340 obtulerunt,
1107 4261 1142 4323 et
1174 4249 1312 4324 irsoum
1346 4260 1535 4324 noseorum
1572 4254 1627 4348 qui
1645 4251 1843 4356 inciderw
1875 4257 1910 4326 in
1942 4257 2045 4328 vanas

688 4364 800 4439 mumdi
826 4364 1044 4459 calamitates,
1070 4377 1170 4462 atqua
1196 4365 1335 4441 salutem
1360 4368 1443 4464 ipsis
1472 4371 1539 4440 cito
1563 4377 1710 4464 praesta,
1735 4371 1812 4464 qaia
1830 4391 1900 4443 non
1926 4381 1980 4445 est
1995 4368 2045 4442 tili

689 4479 896 4578 impossibile
921 4480 1023 4555 ullum
1048 4481 1207 4574 verlrrm,
1241 4493 1277 4556 et
1310 4481 1449 4580 plmima
1482 4483 1569 4580 apud
1604 4494 1639 4558 te
1667 4484 1921 4558 misericordiae
1952 4504 2044 4578 seges

690 4606 751 4672 est.
803 4597 857 4670 Ne
882 4596 971 4671 lame
997 4602 1133 4673 enecari
1157 4601 1294 4697 patiaris
1320 4620 1382 4675 eos
1409 4600 1464 4694 qui
1488 4609 1684 4698 paupertate
1703 4599 1908 4694 affliguntur:
1934 4601 2043 4698 lacry-

689 4737 762 4788 mas
781 4714 955 4788 viduarum
974 4714 1173 4807 consolare3
1199 4738 1312 4789 curum
1332 4738 1417 4810 gere
1442 4718 1653 4793 necessitatis
1679 4715 1920 4814 orphanorum:
1947 4739 2042 4815 pere-

688 4833 857 4922 grinorum
885 4853 1060 4905 aerumnas
1086 4835 1210 4908 visita:
1238 4854 1418 4931 compensa
1444 4836 1614 4927 angustias
1649 4856 1764 4907 eornm
1795 4838 1851 4931 qni
1886 4856 2041 4933 perseeu-

688 4948 813 5020 tionem
840 4951 1026 5044 patiuntur3
1056 4949 1204 5025 infirmos
1231 4972 1329 5024 sana:
1361 4970 1423 5024 eos
1453 4952 1510 5047 qui
1534 4952 1568 5024 in
1594 4950 1752 5026 custodiis
1778 4961 1813 5024 et
1845 4954 1880 5024 in
1912 4949 2040 5024 vinculis

689 5060 873 5136 detinentur
898 5086 918 5136 a
943 5067 1134 5161 captivitate
1158 5065 1275 5141 libere
