4525 6034
526 605 572 680 Ill
604 603 853 682 LITURGth
884 602 1293 682 NESTORIANORUM.
1518 605 1593 678 603

229 790 378 871 duplicem
400 790 517 853 scilicet
539 806 675 852 errorem
697 788 774 870 lapsi
796 796 876 867 sunt,
899 808 939 851 ex
958 790 1150 870 ignoratione
1173 790 1282 852 rituum
1304 788 1514 852 Orientalium:
1538 808 1596 852 ex-

230 891 385 952 cusatione
409 896 507 951 tamen
530 888 623 971 digni,
647 887 728 969 quod
750 889 858 952 multos
880 906 1067 972 magnosque
1092 888 1266 970 Theologos
1289 889 1394 951 eadem
1416 888 1517 969 opinio
1540 890 1598 949 im-

229 988 362 1070 plicavit.
408 987 602 1051 Orientalium
625 986 782 1068 disciplina
812 996 876 1065 est,
908 987 1031 1050 elevare
1053 996 1083 1049 et
1105 988 1290 1051 adstantibus
1321 987 1483 1051 ostendere
1509 1006 1599 1050 sacra

229 1090 390 1170 mysteria,
419 1088 510 1169 paulo
539 1094 608 1148 ante
631 1089 880 1166 communionem,
903 1106 969 1149 cum
993 1086 1168 1150 inclamatur
1197 1086 1312 1149 Sancta
1341 1089 1464 1150 soractis.
1514 1087 1598 1149 'lunc

229 1196 329 1250 autem
351 1187 416 1250 heri
438 1205 526 1268 quam
549 1185 657 1247 Graeci
689 1194 800 1249 vocant
818 1176 927 1269 Ἁγίαν
957 1175 1103 1271 dumoso,
1134 1188 1200 1249 sive
1228 1188 1441 1262 elevationem,
1471 1187 1600 1268 probant

123 1274 127 1298 ¹
230 1289 340 1351 Graeci
362 1305 466 1351 omnes
491 1286 613 1349 codices
641 1285 804 1369 Liturgioi:
834 1287 1030 1367 Aegyptiaci,
1063 1295 1093 1348 et
1121 1293 1243 1349 autores
1270 1285 1389 1347 Rituum
1419 1287 1600 1367 gravissimi,

232 1406 359 1470 quorum
392 1388 560 1449 testimonia
594 1385 631 1447 ad
660 1385 761 1449 Basilii
791 1386 945 1468 Copticam
974 1385 1140 1470 liturgiam
1168 1383 1348 1448 reseruntur.
1398 1386 1502 1466 ltaque
1532 1402 1600 1447 cum

229 1488 410 1567 descriptam
440 1485 602 1548 habeamus
635 1504 674 1547 ex
705 1486 764 1547 illis
794 1488 1031 1565 caeremoniam,
1073 1485 1239 1548 secundum
1268 1503 1356 1565 quam
1389 1485 1496 1546 dicitur
1524 1483 1600 1546 haec

230 1586 438 1669 proclamatio,
461 1603 624 1665 omnesque
652 1603 716 1646 eam
739 1584 805 1647 lieri
834 1584 1020 1668 significent,
1049 1603 1115 1647 cunr
1144 1585 1317 1661 elevantur,
1348 1592 1378 1647 et
1401 1583 1600 1647 ostenduntur

231 1704 319 1750 sacra
342 1685 495 1767 mysteria,
518 1684 628 1763 illaque
652 1683 770 1745 tandem
793 1686 832 1747 sit
861 1685 997 1747 omnibus
1020 1684 1223 1748 Orientalibus
1247 1685 1428 1761 communis,
1452 1684 1503 1745 ubi
1525 1686 1600 1746 ritus

231 1784 431 1867 particulatim
454 1802 515 1847 non
545 1783 727 1864 explicatur,
757 1784 812 1847 sed
842 1792 954 1846 tanturn
982 1791 1102 1846 notatur
1131 1784 1247 1845 Sancto
1273 1786 1405 1861 sanctis,
1438 1783 1520 1844 illum
1550 1784 1601 1864 qui

231 1887 337 1949 iisdem
360 1883 463 1947 vorbis
487 1884 665 1963 conjunctus
693 1884 803 1964 ubique
832 1892 893 1962 est,
917 1883 1088 1966 intelligere
1111 1900 1272 1964 possumus
1303 1891 1332 1944 et
1362 1882 1515 1945 debemus.
1560 1881 1601 1943 nt

231 1986 346 2047 Sancto
368 1986 483 2045 sanctis
504 1982 616 2064 legitur
638 1983 667 2044 in
691 1984 827 2045 omnibus
845 1984 1034 2046 Nestorianis
1049 1983 1209 2066 liturgiis:
1233 1983 1325 2065 igitur
1346 1982 1427 2063 quod
1441 1981 1601 2045 Christiani

232 2102 337 2148 omnes
367 2083 568 2146 observabant
595 2098 633 2144 eo
662 2081 750 2157 loco,
783 2083 932 2145 elevando
955 2083 1189 2161 Eucharistiam,
1217 2099 1235 2143 a
1264 2081 1451 2143 Nestorianis
1480 2100 1601 2163 quoque

232 2182 462 2248 observabatur.
497 2177 599 2254 'Quam
621 2198 715 2262 porro
737 2181 833 2244 inanis
856 2185 895 2244 sit
918 2202 958 2244 ex
980 2181 1100 2244 delectu
1123 2181 1302 2245 elevationis
1325 2180 1361 2242 ad
1385 2181 1602 2244 excludendam

234 2283 437 2346 adorationem
460 2281 659 2358 ratiocinatio,
682 2298 722 2342 ex
744 2280 907 2345 domestica
920 2289 1022 2344 nostra
1046 2281 1205 2362 disciplina
1228 2279 1405 2344 ostenditur.
1443 2281 1530 2343 Feria
1553 2281 1602 2343 Vl.

232 2383 353 2467 majoris
383 2378 614 2456 Hebdomadae,
650 2398 709 2461 qua
738 2380 804 2444 sola
838 2382 887 2445 die
921 2379 1093 2444 celebratur
1120 2384 1151 2443 in
1178 2380 1316 2442 Ecclesia
1344 2379 1477 2442 Romana
1509 2380 1602 2444 hlissa

232 2480 576 2557 Praesanctihcatorum,
600 2480 730 2542 elevatio
760 2498 820 2542 non
843 2481 891 2557 lit,
920 2489 953 2543 ut
976 2481 1006 2542 in
1029 2480 1095 2543 aliis
1118 2481 1185 2543 lieri
1207 2480 1302 2557 solet,
1331 2480 1387 2541 nisi
1415 2480 1505 2561 paulo
1534 2489 1603 2544 ante

236 2581 487 2647 communionem:
510 2598 608 2660 neque
631 2579 776 2642 attollitur
798 2580 1000 2659 Eucharistia,
1029 2589 1061 2642 ut
1082 2581 1113 2642 in
1135 2579 1315 2661 quotidianis
1338 2579 1450 2642 blissis:
1474 2587 1504 2642 et
1526 2581 1604 2643 ado-

236 2691 321 2745 ratur
343 2687 449 2741 tamen.
494 2679 725 2744 carthusienses
754 2697 811 2741 suo
841 2679 910 2742 Ritu
933 2698 1020 2743 sacra
1043 2680 1206 2756 iacientes,
1235 2679 1357 2742 calicem
1385 2679 1437 2740 vin
1467 2679 1603 2744 elevant:

127 2767 132 2790 '
239 2781 363 2845 adorant
385 2787 484 2840 tamen
506 2779 683 2860 sanguinem
706 2778 826 2843 Christi.
878 2779 1003 2842 Elevata
1025 2787 1072 2842 est
1094 2780 1186 2862 igitur
1207 2778 1393 2842 Eucharistia
1417 2780 1447 2840 in
1470 2779 1605 2863 liturgia

237 2882 418 2945 Nestoriana
440 2895 524 2940 more
547 2877 695 2939 Orientali
716 2878 806 2959 paulo
829 2886 898 2942 ante
929 2879 1181 2958 communionem,
1210 2879 1266 2942 sed
1296 2896 1356 2941 non
1379 2895 1417 2941 eo
1439 2878 1520 2957 loco,
1543 2896 1603 2958 quo

237 2981 409 3063 assignatur
430 2978 460 3038 in
481 2976 575 3038 Missa
597 2975 787 3039 blalabarica.
1374 3043 1377 3048 ,

294 3067 355 3138 ‘ln
384 3077 490 3139 eadem
520 3083 661 3138 notantur
682 3078 878 3157 responsoria
901 3077 1029 3140 dicenda
1059 3077 1234 3140 aDiacono
1265 3085 1296 3139 et
1326 3095 1343 3138 a
1372 3074 1492 3152 Choro,
1523 3078 1605 3140 circa

237 3176 434 3239 elevationem
441 3196 450 3251 ;
479 3183 550 3238 sunt
572 3183 671 3238 autem
694 3176 839 3239 translata
861 3178 982 3240 exalia
1006 3177 1092 3256 loco,
1121 3195 1230 3258 nempe
1258 3185 1328 3239 ante
1355 3176 1604 3252 communionem,

237 3283 267 3337 et
289 3275 441 3352 nonnulla,
465 3277 544 3337 circa
567 3283 684 3355 tempus
706 3276 908 3339 lnvocationis
938 3277 1066 3358 Spiritus
1095 3275 1202 3339 suncti.
1251 3275 1333 3339 luter
1362 3274 1413 3337 illa
1434 3294 1525 3338 unum
1547 3295 1605 3340 oc-

237 3363 342 3454 currit,
364 3375 445 3456 quod
467 3375 602 3437 Romano
625 3375 801 3438 charactere
824 3375 935 3439 editum
958 3384 1005 3439 est
1027 3378 1113 3458 quasi
1135 3375 1257 3438 rubrica
1280 3383 1372 3454 esset,
1396 3375 1476 3456 quod
1497 3378 1605 3440 incau-

238 3482 286 3537 tos
310 3474 442 3536 lectores
464 3482 570 3554 posset
591 3475 621 3536 in
644 3494 781 3538 errorem
800 3475 957 3554 inducere,
979 3475 1048 3557 quia
1060 3476 1189 3539 orationi
1212 3493 1267 3538 seu
1289 3477 1487 3555 responsorio
1510 3475 1605 3538 verba

237 3576 402 3638 convenire
425 3591 485 3636 non
507 3573 656 3638 videntur.
687 3575 841 3638 Canuntur
862 3584 961 3638 tamen
983 3575 1105 3639 alternis
1127 3575 1202 3638 haec
1225 3575 1333 3651 onmia,
1356 3574 1489 3637 Diacono
1512 3592 1606 3655 prae-

239 3682 340 3751 eunte,
365 3672 454 3754 idque
478 3673 659 3736 observatur
681 3676 795 3755 pariter
824 3675 903 3757 apud
925 3675 1095 3753 lacohitas,
1125 3675 1156 3736 in
1187 3692 1314 3755 quorum
1343 3674 1421 3736 libro
1449 3674 1605 3736 Ministerii

236 3771 390 3835 Diaconici
413 3772 554 3856 leguntur
576 3774 711 3855 ejusdem
733 3777 856 3857 generis
878 3776 1090 3856 responsoria,
1113 3783 1143 3837 et
1165 3774 1237 3838 illud
1259 3774 1318 3836 hoc
1341 3775 1408 3855 ipso
1430 3774 1498 3836 loco
1522 3782 1553 3836 et
1574 3775 1604 3835 in

239 3872 373 3936 eamdem
396 3874 582 3935 sententiam.
627 3874 724 3949 Ooorn
747 3875 891 3937 terribilis
912 3875 988 3937 boec
1008 3876 1088 3938 horo
1109 3881 1170 3950 est,
1192 3877 1224 3936 in
1245 3894 1306 3954 quo
1330 3874 1463 3954 Spiritu
1483 3881 1607 3936 soricius

238 3973 276 4034 de
298 3974 392 4034 coelis
413 3973 569 4035 descendit
589 3992 680 4053 super
708 3973 934 4036 Eucharistiom
962 3977 994 4036 io
1022 3977 1117 4038 altori
1142 3976 1289 4055 positam,
1318 3983 1373 4038 etc.
1424 3975 1467 4037 lta
1496 3973 1605 4036 lectam

240 4073 335 4135 fuisse
358 4072 387 4133 in
410 4070 658 4135 Nestorianorum
681 4073 835 4135 codicibus
863 4073 940 4136 hauc
963 4075 1150 4155 responsorii
1171 4073 1344 4151 formulam,
1373 4080 1520 4136 testantur
1541 4073 1606 4134 Lu-

236 4173 335 4234 sitani.
390 4170 543 4234 Sacerdos
576 4173 697 4252 wando
725 4174 769 4234 od
796 4181 933 4235 sanctam
961 4176 1058 4236 ultore
1086 4175 1264 4253 inpreditor,
1293 4191 1402 4235 monos
1429 4191 1503 4234 suos
1527 4192 1605 4251 pare

235 4271 388 4350 protendit
416 4272 448 4331 in
476 4271 606 4349 coelum,
646 4280 675 4333 et
701 4274 812 4333 incitet
832 4272 956 4348 (melius
979 4276 1124 4346 invocat)
1151 4272 1310 4351 Spiritum,
1340 4275 1392 4354 qai
1419 4274 1458 4334 rte
1486 4273 1605 4351 srtperis

237 4370 401 4443 descendit,
424 4378 454 4430 et
475 4380 633 4432 consecrat
654 4391 765 4451 corpus
787 4379 817 4432 et
836 4375 1012 4452 scopatam
1036 4371 1158 4436 Christi.
1201 4372 1275 4433 'lum
1297 4372 1373 4435 baec
1395 4371 1515 4434 addunt.
1558 4370 1620 4432 lbi·

238 4476 366 4548 apparet
386 4471 563 4530 sententiam
585 4473 819 4550 orationisesse,
842 4473 923 4552 quod
934 4474 1081 4534 sacerdos
1101 4473 1225 4534 moocot
1237 4461 1381 4551 Spiritum
1401 4472 1454 4552 qui
1474 4471 1604 4532 descen-

237 4568 283 4628 dit
303 4568 342 4629 de
364 4569 458 4644 coelo,
481 4578 510 4631 et
531 4579 692 4632 cortsecrot
713 4589 823 4649 corpus
846 4569 970 4647 Christi,
992 4591 1053 4634 non
1075 4573 1140 4651 ipse
1161 4571 1315 4633 sacerdos.
1359 4568 1433 4631 Com
1454 4589 1527 4632 ocro
1548 4589 1604 4631 sue

238 4669 346 4730 cerdos
367 4669 433 4747 ipse
453 4671 495 4729 sit
523 4670 666 4749 quivere
688 4679 862 4746 corzsecrat,
892 4669 1007 4732 Christi
1034 4678 1134 4732 tomen
1161 4670 1281 4746 ambas,
1310 4676 1340 4731 et
1367 4688 1427 4731 non
1455 4670 1536 4746 suis,
1565 4687 1604 4729 ne

238 4769 361 4828 occano
376 4767 464 4828 detor
485 4771 594 4844 error-i,
617 4770 776 4831 dicendam
790 4778 856 4844 est,·
878 4788 982 4833 manus
1005 4788 1075 4832 suas
1097 4788 1173 4852 pure
1195 4769 1347 4851 protendit
1368 4771 1398 4830 in
1421 4768 1548 4846 coelum,
1572 4774 1604 4830 et

239 4873 399 4927 consecrat
422 4885 533 4949 corpus
557 4876 588 4931 et
609 4869 785 4952 sanguinem
808 4869 933 4948 Christi,
963 4871 1083 4950 otioque
1109 4871 1205 4932 verba
1226 4869 1398 4932 omittertdo.
1450 4868 1533 4930 Haeo
1561 4866 1603 4927 illi

237 4963 305 5027 loco
328 4967 428 5029 citato.
480 4967 574 5040 Ouam
605 4976 703 5030 autern
733 4972 970 5050 propositionem
998 4969 1081 5031 velot
1108 4976 1278 5050 suspectam
1304 4967 1489 5043 babuerunt,
1517 4966 1604 5047 quasi

238 5062 439 5128 Sacerdotalis
463 5066 593 5148 dignitas
617 5066 824 5131 detrimentum
842 5076 976 5151 caperet,
1000 5070 1027 5131 si
1038 5067 1191 5132 diceretur
1205 5068 1346 5149 Spiritum
1368 5075 1503 5130 sanctum
1525 5081 1612 5129 con-⁸

275 5239 397 5283 commu.
1347 5223 1395 5297 79
