4525 6034
725 552 774 626 52
1093 555 1304 633 ORATIONES
1335 557 1384 633 ET
1410 555 1718 637 BENEDIGTIONES.

876 849 940 927 DE
981 848 1365 938 SEQUENTIBUS
1407 849 1934 933 BENEDIGTIONIBUS

1165 1058 1732 1247 sossius.)

825 1290 1016 1410 Initurpiis
1043 1315 1195 1410 Copticis
1220 1318 1306 1386 istos
1331 1312 1586 1385 benedictiones
1611 1312 1764 1404 coicere
1791 1335 1920 1407 operae
1942 1322 2076 1411 pretium

720 1435 826 1504 cisium
852 1440 921 1523 est,
948 1457 1022 1504 cum
1047 1434 1094 1504 od
1120 1456 1181 1505 eos
1208 1429 1449 1527 quodammodo
1472 1433 1681 1523 pertineant,
1709 1435 1743 1500 et
1769 1439 1967 1523 orpumenta
1991 1460 2072 1529 per.

720 1553 841 1644 spicue
865 1551 1079 1643 suppeditent
1108 1551 1193 1643 fidei
1225 1549 1436 1643 Coptitorum
1462 1548 1559 1616 circa
1571 1545 1816 1618 Eucharistiae
1833 1559 2074 1624 sacromentum

720 1664 804 1736 Illos
839 1668 1076 1760 descripsimus
1115 1690 1162 1738 ec
1201 1666 1336 1737 Rituali
1371 1662 1543 1736 Gabrielis
1575 1661 1809 1733 Alexandrini
1841 1664 2074 1758 Putriarcboe,

721 1788 815 1875 cujus
841 1781 922 1853 libri
950 1787 1146 1877 praecipuo
1176 1788 1227 1854 est
1258 1782 1350 1877 opud
1383 1803 1443 1852 eos
1476 1782 1656 1849 autoritas.
1710 1778 1791 1850 Cam
1821 1804 1906 1852 cero
1941 1784 2075 1856 lristoria

720 1898 976 1970 Potriarcbalis
1002 1900 1049 1971 ad
1073 1900 1165 1971 illius
1189 1922 1294 1994 osqrre
1320 1904 1474 1991 temporo
1498 1918 1566 1966 nou
1588 1898 1785 1988 pervemat,
1811 1901 1935 1969 scimus
1961 1906 2075 1971 unua

720 2036 767 2085 ec
792 2010 1015 2110 inscriptione
1042 2016 1180 2088 Codicis
1205 2019 1264 2112 qui
1288 2021 1447 2087 servatur
1472 2018 1508 2086 iu
1534 2013 1753 2087 Bibliotheca
1778 2016 1904 2110 Repio,
1933 2020 2074 2092 Gobrie-

719 2131 783 2203 lem
808 2132 913 2204 88¹ss
939 2136 1112 2204 numerari
1138 2137 1174 2203 in
1200 2133 1322 2203 ordine
1355 2130 1642 2202 Patriorcbarum
1676 2131 1888 2226 Coptiturum
1922 2136 2072 2207 Alexan-

720 2249 912 2338 drinorum,
940 2255 975 2320 et
1000 2249 1173 2320 Ritoalem
1198 2247 1319 2319 librum
1344 2248 1536 2319 ordinatum
1561 2253 1595 2317 et
1622 2252 1694 2338 ejm
1726 2252 1916 2321 autoritate
1951 2255 2072 2344 confir-

720 2369 844 2435 matum
865 2369 973 2458 foisse
1000 2387 1090 2436 anno
1116 2364 1306 2457 Martyrum
1334 2364 1532 2457 1127.1qm
1558 2369 1610 2434 est
1635 2364 1668 2435 l.
1696 2363 1731 2435 C.
1758 2364 1874 2437 1411.
1901 2390 1969 2439 non
1994 2368 2072 2439 2127.

720 2486 759 2552 ut
775 2481 932 2552 mendose
952 2481 1077 2553 editum
1095 2486 1147 2552 est
1161 2484 1197 2551 in
1211 2481 1369 2552 Historia
1381 2479 1632 2552 Alexandrina.
1664 2479 1813 2551 Eosdem
1831 2480 2073 2555 benedictiones

722 2596 920 2691 quibusdam
946 2599 1100 2691 exceptis
1125 2598 1284 2669 ediderat
1311 2620 1400 2667 euno
1419 2596 1531 2668 1653.
1558 2594 1631 2667 Leo
1652 2595 1804 2666 Allotius
1828 2601 1864 2667 in
1884 2600 2072 2693 Spmmictis,

721 2736 768 2785 ec
793 2717 950 2786 versione
975 2712 1162 2784 Athanasii
1177 2713 1353 2801 Kirclreri,
1379 2713 1435 2784 cel
1460 2712 1631 2804 cujusdam
1651 2715 1769 2805 potius
1785 2713 1941 2787 advenae
1956 2716 2097 2787 Orien-v

721 2830 802 2901 talis
828 2835 886 2925 qui
911 2835 1111 2902 sententiam
1142 2834 1275 2901 autoris
1303 2852 1409 2923 saepe
1441 2852 1510 2899 non
1541 2834 1715 2900 essecutus
1748 2834 1819 2918 est,
1852 2855 1919 2902 mec
1949 2834 2072 2904 uidetur

722 2948 872 3018 codicem
897 2948 1055 3019 babuisse
1081 2951 1166 3017 sotis
1192 2951 1366 3039 inteprum.
1417 2946 1540 3039 ltaque
1566 2968 1687 3015 nocam
1712 2948 1903 3018 mersionem
1919 2950 2002 3020 dare
2020 2953 2071 3020 ci-

717 3087 790 3133 sum
816 3072 868 3136 est
893 3064 939 3136 od
972 3065 1117 3157 Repiom
1148 3062 1323 3157 exemplar
1354 3067 1494 3155 factam.
1547 3059 1589 3130 ln
1620 3061 1732 3132 altero
1765 3085 1860 3156 qoem
1894 3065 2072 3136 Kircberus

718 3187 853 3252 secutus
879 3186 945 3269 est,
972 3179 1117 3252 eutobot
1140 3178 1363 3273 subscriptio,
1390 3200 1458 3272 quo
1484 3181 1624 3247 notatur
1644 3179 1819 3270 prodiisse
1833 3180 2004 3253 Ritualem
2027 3181 2070 3251 li-

718 3296 814 3368 brum
840 3305 989 3391 tempore
1006 3296 1180 3369 Gabrielis
1203 3298 1413 3388 nonopesimi
1428 3296 1536 3388 quinti
1550 3291 1795 3371 Patriorcbue·
1830 3295 1904 3368 Sed
1923 3298 2071 3390 deceptus

720 3421 772 3486 est
797 3412 878 3485 libri
903 3414 1111 3506 descriptor,
1139 3418 1200 3483 out
1225 3415 1410 3506 interpres,
1436 3414 1467 3481 si
1494 3409 1575 3504 quid
1605 3410 1700 3503 aliud
1729 3417 1931 3509 sipnificare
1963 3414 2069 3500 coluit,

718 3534 788 3602 nisi
820 3532 910 3624 quod
944 3530 1056 3602 codes
1086 3534 1235 3623 scriptus
1265 3532 1390 3623 suisset
1424 3534 1575 3621 tempore
1605 3528 1703 3598 istius
1736 3530 1988 3619 Potriarcboe,
2020 3531 2071 3622 qui

720 3645 864 3719 Gabriel
888 3650 991 3717 etiam
1016 3646 1126 3717 dietus
1152 3651 1223 3731 est,·
1257 3652 1292 3715 et
1320 3643 1568 3715 Miscbonensis
1599 3646 1646 3716 ad
1676 3645 1819 3718 ulterius
1853 3647 2071 3740 differentiam

719 3768 863 3834 oocotur
889 3786 913 3833 a
935 3760 1148 3850 Wonslebio,
1176 3768 1210 3833 et
1236 3760 1280 3832 ab
1307 3759 1486 3832 autoribus
1512 3760 1691 3832 Historiae
1716 3762 1976 3834 Potriarcbalis
1986 3760 2069 3831 Bol-

719 3879 921 3950 lendiunoe:
946 3883 1036 3950 inter
1064 3900 1160 3972 quem
1185 3883 1220 3949 et
1247 3876 1441 3979 Gabrielem
1466 3877 1618 3947 Ritualis
1642 3882 1906 3971 reformatorem
1932 3885 1966 3949 et
1986 3899 2069 3969 pro·

583 4022 585 4026 ⁸
718 3995 953 4089 mulputorem,
979 4018 1043 4066 sec
1068 3993 1132 4064 clii
1156 3994 1385 4066 nummamurss
1437 3994 1545 4064 Nemo
1572 3999 1703 4084 autem,
1738 3998 1805 4066 nisi
1830 3998 1866 4064 in
1896 3991 2070 4064 Orientalis

720 4111 902 4183 Ecclesiae
926 4112 1073 4183 historio
1093 4110 1200 4204 plone
1225 4111 1361 4204 bospes,
1389 4111 1578 4203 offendetur
1610 4114 1685 4181 istis
1719 4109 1948 4196 orationibus,
1982 4109 2071 4201 priam

719 4232 903 4300 nouitatem
927 4227 1123 4315 redoleant,
1151 4250 1225 4298 com
1249 4249 1407 4297 nasorum
1431 4247 1607 4296 sacrorum
1635 4231 1812 4298 veneratio
1843 4227 2070 4320 antiquissimo

718 4349 764 4417 sit
798 4347 834 4414 in
863 4347 1023 4415 uniuersa
1052 4343 1232 4431 Ecclesia,
1267 4366 1367 4438 qoam
1400 4342 1598 4434 relipionem
1632 4343 1823 4414 orientales
1856 4344 2069 4412 retinuerunt.

719 4462 810 4532 Hinc
834 4461 1003 4532 miraculo
1027 4460 1131 4531 mulla
1156 4465 1302 4529 nomant
1328 4459 1371 4529 de
1395 4457 1620 4528 Eucbaristia
1646 4461 1682 4527 iu
1708 4459 1776 4528 illis
1789 4462 1909 4551 facto,
1937 4462 1971 4527 et
1995 4452 2069 4524 illud

715 4581 922 4673 praesertim
946 4580 983 4647 iu
1007 4580 1081 4647 oita
1105 4573 1232 4646 Jacobi
1256 4574 1490 4645 Patriorcbae
1515 4574 1555 4644 L.
1582 4575 1625 4645 de
1661 4574 1770 4644 calice
1805 4596 1851 4643 eu
1885 4594 1969 4667 quo,
2004 4592 2069 4640 coru

448 4696 511 4750 flos.
538 4694 610 4749 Patr.
633 4695 810 4786 meminsse
840 4693 1079 4766 Mubamedani
1108 4693 1291 4785 Praefecti
1322 4694 1380 4784 qui
1413 4690 1605 4760 Ecclesiam
1645 4693 1738 4759 casis
1780 4688 2004 4783 spoliaverat,
2028 4682 2068 4755 ab

396 4803 423 4854 Ρ·
437 4785 473 4838 ²⁷
473 4785 500 4837 ⁰·
720 4814 863 4905 aurifice
885 4815 1005 4905 fronpi
1031 4812 1215 4903 coepisset,
1248 4830 1371 4899 mapnu
1399 4809 1499 4901 {lucit
1528 4809 1702 4899 sarrpuinis
1734 4808 1846 4899 coplu-
1901 4803 1995 4889 (lmw
2027 4798 2069 4870 “ll

720 4927 856 4999 eosdem
880 4926 1133 4999 benedictiones
1157 4923 1375 4995 illustrandos
1397 4916 1571 5016 pertinent
1595 4925 1633 4992 in
1657 4923 1761 4994 Notis
1786 4922 1950 4991 dicentur.

1120 5126 1670 5177 w
