4525 6034
700 585 777 658 nto
1130 585 1636 664 otssttttltto

699 775 783 843 uicis
818 774 1036 871 Syriacisque
1062 776 1167 848 literis
1193 776 1392 871 insculptus,
1429 778 1459 846 is
1494 777 1567 871 ipse
1598 784 1651 847 est
1683 798 1750 870 quo
1778 781 1906 872 primae
1939 781 1981 852 ad
2009 780 2063 851 Si-

698 909 758 958 nas
785 887 963 982 Evangelii
990 890 1206 987 praedicandi
1232 915 1336 963 causa
1363 894 1549 978 missionis,
1584 895 1746 963 memoria
1780 899 1977 988 consignata
2001 898 2061 969 luit

698 1003 918 1101 Subscriptio,
946 1031 1020 1078 cum
1049 1007 1259 1080 sacerdotum
1295 1009 1502 1104 aliorumque
1528 1007 1843 1081 Ecclesiasticorum
1877 1013 2064 1088 uomiuffirs.

697 1119 850 1216 Syriacis
877 1123 981 1196 literis
1009 1137 1149 1197 exarata
1176 1135 1246 1197 est:
1282 1147 1347 1195 nec
1373 1125 1472 1196 aliam
1499 1123 1543 1197 ob
1571 1147 1707 1196 causam
1734 1148 1835 1219 quam
1861 1130 1952 1222 quod
1977 1153 2062 1201 sacra

697 1246 732 1308 et
757 1236 995 1312 Ecclesiastico
1023 1252 1116 1312 esset
1142 1241 1255 1333 lingua
1281 1240 1443 1336 Syriaca3
1478 1245 1512 1313 in
1549 1263 1614 1335 qua
1640 1240 1717 1312 illos
1743 1264 1815 1314 rem
1842 1244 1988 1316 divinam
2011 1244 2064 1315 fe-

697 1356 786 1426 cisse
813 1377 881 1427 nou
907 1355 1117 1428 dubitandum
1145 1357 1296 1444 ridetur,
1324 1356 1591 1452 quandoquidem
1626 1360 1671 1429 ita
1704 1356 1857 1432 iecerunt
1882 1360 2064 1433 Nestoriaui

698 1470 858 1544 inludia.
910 1472 1086 1545 Ecclesiae
1118 1477 1206 1545 euim
1239 1473 1468 1546 llalubaricae
1503 1495 1621 1546 sacros
1655 1473 1761 1546 libros
1795 1477 1879 1548 alios
1911 1500 1982 1548 nou
2004 1475 2063 1547 tu-

699 1585 804 1658 buere
832 1613 931 1684 quam
958 1591 1139 1686 Syriacos,
1174 1594 1207 1661 in
1240 1590 1359 1685 quihus
1392 1589 1607 1662 emendandis
1641 1599 1816 1687 tantopere
1840 1592 1993 1665 Lusitani
2014 1590 2064 1661 lu-

702 1702 914 1778 borareroot.
967 1707 1066 1779 Plora
1094 1707 1207 1779 dicere
1241 1729 1530 1804 supervacaneum
1562 1704 1650 1778 foret
1681 1710 1715 1777 iu
1747 1730 1786 1778 re
1818 1713 2014 1804 perspicua,
2036 1716 2065 1776 et

702 1824 846 1892 omniurn
874 1826 928 1917 qui
955 1827 988 1894 iu
1016 1824 1153 1896 Oriente
1179 1823 1311 1895 luerunt
1337 1826 1532 1895 testimoniis
1551 1823 1766 1912 confirmata,
1793 1847 1890 1919 quam
1916 1829 2066 1916 iguorme

701 1959 770 2010 nou
795 1948 936 2034 possunt
961 1943 1059 2012 οῑίοιο
1087 1943 1169 2036 ipsi,
1196 1942 1251 2035 qui
1277 1962 1323 2011 ex
1350 1937 1566 2011 Orientalium
1582 1938 1740 2035 exemplo
1754 1939 1942 2012 Romanam
1969 1938 2065 2010 disci-

619 2143 622 2154 .
701 2055 824 2152 plinam
852 2055 1011 2128 vellicare
1038 2060 1196 2151 aggressi
1223 2066 1315 2128 sunt:
1344 2056 1432 2152 quod
1460 2077 1561 2151 quam
1587 2055 1743 2128 inutiliter
1757 2055 1881 2130 lactum
1908 2061 1970 2144 sit,
1996 2058 2066 2128 satis

430 2293 521 2349 Graeci
539 2297 573 2350 de
592 2297 688 2350 Nesto·

378 2381 505 2434 fluorum
532 2383 623 2438 ritibus
646 2387 689 2436 vix

378 2467 690 2540 quidquurscripscruut.

701 2174 841 2267 quisque
868 2172 1029 2266 intelligit.

807 2289 960 2362 XXVIll.
1013 2290 1051 2363 ln
1079 2289 1219 2361 Graecis
1247 2287 1419 2361 autoribus
1447 2288 1488 2359 ad
1516 2290 1669 2382 antiquas
1694 2288 1973 2362 Nestoriauorum
1999 2293 2065 2362 ori-

702 2411 799 2500 gines
827 2405 1050 2494 illustrandas,
1076 2409 1138 2476 vix
1164 2406 1341 2501 quidquam
1368 2405 1526 2500 praesidii
1544 2413 1611 2475 est:
1640 2427 1775 2478 errores
1795 2408 1926 2479 illorum
1954 2412 2067 2479 acrita

702 2536 736 2597 et
762 2525 889 2598 erudite
916 2528 1196 2620 impugnaverunt
1222 2522 1331 2610 molti,
1367 2522 1427 2596 sed
1460 2523 1503 2594 do
1533 2521 1663 2594 illorum
1699 2522 1800 2594 rebus
1825 2521 2066 2598 Ecclesiastico

702 2665 812 2740 pauca
848 2640 1023 2714 admodum
1055 2639 1212 2712 videntur
1250 2642 1414 2727 scivisse,
1452 2638 1541 2735 quod
1570 2643 1688 2711 mnam
1715 2661 1794 2712 esse
1826 2644 1934 2714 minus
1969 2641 2068 2728 debet,

704 2782 801 2855 quam
838 2758 953 2831 similis
985 2754 1214 2829 Jacobitarum
1247 2766 1281 2828 et
1306 2754 1553 2846 Melchitamm,
1589 2760 1644 2851 qui
1676 2758 1710 2827 in
1742 2757 1859 2829 iisdem
1894 2761 2066 2853 prorinciis

700 2874 862 2948 virebant
888 2874 1092 2967 negligentia
1120 2882 1176 2945 aut
1202 2875 1400 2966 ignorantia.
1453 2873 1503 2945 llli
1531 2876 1618 2944 enim
1644 2887 1721 2945 cum
1746 2875 1780 2943 in
1805 2873 1923 2946 iisdem
1951 2879 2065 2967 regio-

701 2991 798 3064 nibus
826 2991 921 3065 simul
949 3002 1083 3080 essent,
1116 2989 1218 3062 multa
1255 2990 1377 3062 docere
1403 2999 1560 3086 poteraut
1596 2989 1639 3061 de
1664 2989 1941 3063 Nestorianorom
1976 3015 2067 3064 sacra

701 3108 886 3205 disciplina,
914 3117 948 3179 ut
975 3109 1074 3179 etiam
1101 3105 1144 3178 de
1170 3105 1300 3179 illorum
1328 3105 1496 3197 Litorgtts.
1533 3106 1579 3177 At
1605 3105 1705 3200 quale
1730 3105 1829 3179 luerit
1855 3107 1897 3178 de
1923 3109 1963 3177 iis
1987 3129 2065 3202 quae

701 3226 788 3323 apud
815 3249 853 3298 se
883 3228 915 3296 in
948 3247 1011 3296 usu
1037 3245 1104 3295 nou
1130 3232 1246 3296 esseut
1272 3220 1480 3294 Graecorum
1505 3221 1682 3313 judicium,
1709 3228 1790 3295 satis
1818 3223 1960 3295 ostendit
1984 3223 2063 3295 Bal-

701 3364 818 3416 samon
844 3342 934 3414 turis
952 3341 1114 3415 canonici
1140 3343 1339 3437 praecipuus
1366 3339 1453 3435 apud
1481 3362 1542 3411 eos
1560 3321 1737 3435 interpres,
1764 3344 1818 3435 qui
1840 3339 2064 3413 Jacobillar·

700 3464 797 3555 cique
822 3458 992 3551 liturgias
1019 3456 1202 3530 abolendas
1225 3457 1405 3550 judicavit,
1432 3477 1506 3526 cum
1533 3457 1607 3551 ipse
1628 3454 1856 3527 Antiochenus
1881 3454 2062 3527 Patriarclm

700 3579 788 3649 scire
816 3575 995 3662 debuisset,
1023 3596 1120 3669 qiam
1148 3577 1301 3669 antiquos
1327 3573 1455 3645 illarum
1480 3593 1562 3643 usus
1588 3575 1622 3641 io
1634 3570 1797 3643 Ecclesiia
1811 3573 2006 3645 Palaestinis
2031 3580 2061 3642 et

699 3694 947 3788 Aegyptiaticis
974 3691 1071 3762 ioret.
1124 3690 1240 3786 ltaque
1267 3693 1327 3762 vix
1354 3689 1529 3784 quidquam
1555 3689 1588 3757 in
1617 3687 1823 3760 Graecorum
1850 3691 2061 3760 recentiorum

701 3811 833 3904 scriptis
861 3806 1012 3901 legimus,
1040 3810 1130 3878 circa
1158 3805 1346 3878 Orientalcs
1372 3805 1557 3896 Litorgias,
1589 3806 1653 3875 nisi
1687 3808 1931 3879 accusationem
1956 3805 2059 3876 Jaco-

700 3927 840 4000 lituram
874 3924 961 4021 apud
996 3926 1210 4018 Anonqmnm
1244 3947 1264 3995 a
1299 3921 1506 4000 Combesrsio,
1534 3919 1675 4008 editum,
1704 3922 1792 4016 quod
1818 3920 1983 4011 Litorgias
2008 3918 2058 3988 di·

700 4065 822 4117 versas
850 4041 892 4114 ab
919 4039 1159 4112 Ecclesiastico
1192 4039 1406 4127 l'raditione,
1441 4040 1717 4133 composuissent.
1770 4038 1820 4110 lta
1852 4036 2058 4108 Leontiusiu

701 4183 806 4256 opere
839 4161 932 4251 cujus
967 4154 1120 4228 Latinam
1156 4159 1349 4229 versionem
1376 4155 1558 4226 Turrianus
1591 4153 1693 4226 edidit
1726 4153 1768 4224 de
1801 4153 1963 4226 Theodori
1994 4155 2056 4222 im-

700 4281 833 4376 pietate.
887 4272 1001 4346 Verba
1035 4272 1168 4346 Graeca
1202 4295 1248 4345 ex
1286 4271 1384 4344 MSS.
1418 4267 1597 4343 Codicibus
1634 4269 1711 4342 talia
1745 4280 1840 4357 sont,
1879 4274 1996 4363 Τολμᾷ
2019 4264 2057 4339 δὲ

702 4401 822 4494 ἕτερον
843 4389 957 4466 κακὸν
977 4397 1051 4465 τῶν
1068 4392 1265 4489 eipqpta'vmv
1280 4386 1325 4463 od
1344 4386 1521 4487 δεύτερον.
1551 4382 1769 4484 Ἀναφοράν
1792 4384 1865 4485 ydp
1887 4380 2052 4480 σχεδιάζει

701 4516 824 4610 ἑτέραν
847 4505 944 4607 παρὰ
957 4505 1024 4603 τὴν
1047 4505 1236 4607 πατρόθεν
1249 4516 1325 4590 ταῖς
1340 4503 1565 4601 Ἐκκληοίαις
1575 4500 1883 4601 cremationem,
1896 4499 1979 4598 μήτε
1993 4497 2054 4594 τήν

703 4637 777 4705 τῶν
801 4621 1014 4700 ἀποστόλων
1043 4622 1240 4712 αἰδεσθείς,
1268 4621 1357 4721 μήτε
1377 4621 1443 4721 τὴν
1464 4629 1532 4696 τοῦ
1552 4617 1713 4721 μεγάλου
1734 4620 1926 4695 Βοσιλείου
1950 4622 1985 4694 ἐν
2008 4621 2053 4712 τῷ

700 4743 799 4842 αὐτῷ
815 4739 991 4840 πνεύματι
1012 4753 1284 4843 ουγγραφεῖσαν
1307 4735 1422 4842 λόγου
1443 4737 1541 4822 τινὸς
1557 4738 1694 4838 κρίνων
1718 4735 1835 4817 ἀξίαν.
1858 4736 1922 4813 Ἐν
1935 4730 1957 4836 ᾗ
1967 4734 2050 4810 οἰνο-
2153 4766 2154 4769 “

644 4865 652 4882 ’
701 4869 799 4964 φορᾷ
816 4863 1073 4959 βλασφημιῶν,
1087 4855 1131 4933 οὐ
1143 4856 1216 4961 ydp
1230 4855 1355 4955 εὐχῶν,
1368 4855 1437 4954 τὴν
1451 4853 1593 4953 τελετὴν
1600 4850 1869 4953 οἶνοπλήρωσεν.
1882 4857 1988 4926 Aaron
1998 4855 2049 4937 etl,

701 4987 735 5051 et
761 4979 856 5050 aliod
878 4981 1018 5072 [acinos
1044 5000 1151 5070 supro
1177 4977 1279 5048 diutia
1304 4996 1372 5045 non
1403 4978 1557 5069 inferior.
1610 4971 1837 5065 Aanpdorom
1864 4976 1963 5056 enan,
1985 4969 2047 5038 sire
2153 5018 2154 5021 ,

699 5097 895 5190 Litorgiam,
924 5097 1124 5188 composuit,
1151 5094 1255 5164 otiam
1281 5091 1325 5163 ab
1353 5115 1409 5185 eo,
1436 5113 1524 5187 quoe
1551 5112 1575 5160 o
1600 5087 1766 5160 Putridae
1792 5087 1955 5161 Eccleriis
1977 5089 2043 5154 tro-
