<?xml version="1.0" encoding="UTF-8"?>
<!DOCTYPE html PUBLIC "-//W3C//DTD XHTML 1.0 Transitional//EN"
    "http://www.w3.org/TR/xhtml1/DTD/xhtml1-transitional.dtd">
<html xmlns="http://www.w3.org/1999/xhtml" xml:lang="en" lang="en">
 <head>
  <title>
</title>
<meta http-equiv="Content-Type" content="text/html;charset=utf-8" />
  <meta name='ocr-system' content='tesseract 3.04.00' />
  <meta name='ocr-capabilities' content='ocr_page ocr_carea ocr_par ocr_line ocrx_word'/>
</head>
<body>
  <div class='ocr_page' id='page_1' title='image "./liturgiarumorie00unkngoog/liturgiarumorie00unkngoog_1344.png"; bbox 0 0 4525 6034; ppageno 0'>
   <div class='ocr_carea' id='block_1_1' title="bbox 687 555 1465 636">
    <p class='ocr_par' dir='ltr' id='par_1_1' title="bbox 687 555 1465 636">
     <span class='ocr_line' id='line_1_1' title="bbox 687 555 1465 636; baseline 0.013 -9"><span class='ocrx_word' id='word_1_1' title='bbox 687 555 763 628; x_wconf 83' lang='grc'>638</span> <span class='ocrx_word' id='word_1_2' title='bbox 1232 558 1465 636; x_wconf 79' lang='lat' dir='ltr'>notat</span> 
     </span>
    </p>
   </div>
   <div class='ocr_carea' id='block_1_2' title="bbox 683 740 2033 1918">
    <p class='ocr_par' dir='ltr' id='par_1_2' title="bbox 683 740 2033 1918">
     <span class='ocr_line' id='line_1_2' title="bbox 684 740 2025 827; baseline 0.004 -25"><span class='ocrx_word' id='word_1_3' title='bbox 684 740 930 804; x_wconf 86' lang='lat' dir='ltr'>Nestorianorum</span> <span class='ocrx_word' id='word_1_4' title='bbox 961 761 1107 825; x_wconf 85' lang='lat' dir='ltr'>perversa</span> <span class='ocrx_word' id='word_1_5' title='bbox 1138 750 1169 805; x_wconf 89' lang='lat' dir='ltr'>et</span> <span class='ocrx_word' id='word_1_6' title='bbox 1197 742 1235 806; x_wconf 89' lang='lat' dir='ltr'>ah</span> <span class='ocrx_word' id='word_1_7' title='bbox 1266 742 1453 806; x_wconf 79' lang='lat' dir='ltr'>Orthodoxis</span> <span class='ocrx_word' id='word_1_8' title='bbox 1482 744 1620 806; x_wconf 89' lang='lat' dir='ltr'>damnata</span> <span class='ocrx_word' id='word_1_9' title='bbox 1647 744 1810 808; x_wconf 88' lang='lat' dir='ltr'>sententia.</span> <span class='ocrx_word' id='word_1_10' title='bbox 1862 741 1929 806; x_wconf 90' lang='lat' dir='ltr'>Cum</span> <span class='ocrx_word' id='word_1_11' title='bbox 1953 746 2025 827; x_wconf 83' lang='lat' dir='ltr'>igitur</span> 
     </span>
     <span class='ocr_line' id='line_1_3' title="bbox 684 839 2029 927; baseline 0.002 -26"><span class='ocrx_word' id='word_1_12' title='bbox 684 839 793 903; x_wconf 92' lang='lat' dir='ltr'>nullam</span> <span class='ocrx_word' id='word_1_13' title='bbox 816 841 941 904; x_wconf 81' lang='lat' dir='ltr'><strong>similem</strong></span> <span class='ocrx_word' id='word_1_14' title='bbox 964 843 994 904; x_wconf 93' lang='lat' dir='ltr'>in</span> <span class='ocrx_word' id='word_1_15' title='bbox 1017 843 1133 907; x_wconf 83' lang='lat' dir='ltr'>duabus</span> <span class='ocrx_word' id='word_1_16' title='bbox 1154 843 1260 924; x_wconf 88' lang='lat' dir='ltr'>primis</span> <span class='ocrx_word' id='word_1_17' title='bbox 1281 842 1426 927; x_wconf 86' lang='lat' dir='ltr'>Liturgiis</span> <span class='ocrx_word' id='word_1_18' title='bbox 1448 844 1652 925; x_wconf 76' lang='lat' dir='ltr'>reperiamus,</span> <span class='ocrx_word' id='word_1_19' title='bbox 1685 859 1746 905; x_wconf 91' lang='lat' dir='ltr'>non</span> <span class='ocrx_word' id='word_1_20' title='bbox 1774 841 1844 905; x_wconf 85' lang='lat' dir='ltr'>leve</span> <span class='ocrx_word' id='word_1_21' title='bbox 1865 842 1929 904; x_wconf 90' lang='lat' dir='ltr'>inde</span> <span class='ocrx_word' id='word_1_22' title='bbox 1948 861 2029 927; x_wconf 77' lang='lat' dir='ltr'>argu·</span> 
     </span>
     <span class='ocr_line' id='line_1_4' title="bbox 685 941 2028 1024; baseline 0.004 -22"><span class='ocrx_word' id='word_1_23' title='bbox 685 948 814 1002; x_wconf 90' lang='lat' dir='ltr'>mentum</span> <span class='ocrx_word' id='word_1_24' title='bbox 838 941 876 1004; x_wconf 92' lang='lat' dir='ltr'>dc</span> <span class='ocrx_word' id='word_1_25' title='bbox 900 941 1014 1004; x_wconf 89' lang='lat' dir='ltr'>illarum</span> <span class='ocrx_word' id='word_1_26' title='bbox 1039 942 1214 1023; x_wconf 74' lang='lat' dir='ltr'>antiquitate</span> <span class='ocrx_word' id='word_1_27' title='bbox 1238 941 1371 1021; x_wconf 83' lang='lat' dir='ltr'>ducitur,</span> <span class='ocrx_word' id='word_1_28' title='bbox 1402 960 1476 1024; x_wconf 91' lang='lat' dir='ltr'>prae</span> <span class='ocrx_word' id='word_1_29' title='bbox 1503 941 1561 1005; x_wconf 90' lang='lat' dir='ltr'>hac</span> <span class='ocrx_word' id='word_1_30' title='bbox 1583 943 1672 1006; x_wconf 90' lang='lat' dir='ltr'>tertia</span> <span class='ocrx_word' id='word_1_31' title='bbox 1694 961 1772 1024; x_wconf 90' lang='lat' dir='ltr'>quae</span> <span class='ocrx_word' id='word_1_32' title='bbox 1794 941 1921 1005; x_wconf 87' lang='lat' dir='ltr'>Nestorii</span> <span class='ocrx_word' id='word_1_33' title='bbox 1941 959 2028 1007; x_wconf 86' lang='lat' dir='ltr'>nonen</span> 
     </span>
     <span class='ocr_line' id='line_1_5' title="bbox 684 1038 1179 1120; baseline 0.012 -20"><span class='ocrx_word' id='word_1_34' title='bbox 684 1038 829 1120; x_wconf 79' lang='lat' dir='ltr'>praefert.</span> <span class='ocrx_word' id='word_1_35' title='bbox 1173 1097 1179 1106; x_wconf 91' lang='lat'>.</span> 
     </span>
     <span class='ocr_line' id='line_1_6' title="bbox 770 1139 2027 1222; baseline -0.002 -20"><span class='ocrx_word' id='word_1_36' title='bbox 770 1139 1079 1203; x_wconf 79' lang='lat' dir='ltr'>Animadvertendum</span> <span class='ocrx_word' id='word_1_37' title='bbox 1102 1158 1222 1221; x_wconf 90' lang='lat' dir='ltr'>quoque</span> <span class='ocrx_word' id='word_1_38' title='bbox 1246 1149 1311 1216; x_wconf 89' lang='lat' dir='ltr'>est,</span> <span class='ocrx_word' id='word_1_39' title='bbox 1341 1147 1448 1219; x_wconf 92' lang='lat' dir='ltr'>totam,</span> <span class='ocrx_word' id='word_1_40' title='bbox 1479 1147 1513 1202; x_wconf 92' lang='lat' dir='ltr'>ut</span> <span class='ocrx_word' id='word_1_41' title='bbox 1543 1140 1636 1222; x_wconf 85' lang='lat' dir='ltr'>vulgo</span> <span class='ocrx_word' id='word_1_42' title='bbox 1658 1149 1801 1219; x_wconf 91' lang='lat' dir='ltr'>vocatur,</span> <span class='ocrx_word' id='word_1_43' title='bbox 1829 1139 2027 1216; x_wconf 87' lang='lat' dir='ltr'>Praelatiunem,</span> 
     </span>
     <span class='ocr_line' id='line_1_7' title="bbox 684 1239 2030 1322; baseline -0.002 -21"><span class='ocrx_word' id='word_1_44' title='bbox 684 1239 827 1316; x_wconf 83' lang='lat' dir='ltr'>Graecis,</span> <span class='ocrx_word' id='word_1_45' title='bbox 850 1239 977 1317; x_wconf 85' lang='lat' dir='ltr'>Latinis,</span> <span class='ocrx_word' id='word_1_46' title='bbox 1005 1239 1223 1322; x_wconf 77' lang='lat' dir='ltr'>Aegyptiacis,</span> <span class='ocrx_word' id='word_1_47' title='bbox 1254 1248 1284 1302; x_wconf 91' lang='lat' dir='ltr'>et</span> <span class='ocrx_word' id='word_1_48' title='bbox 1306 1240 1443 1305; x_wconf 90' lang='lat' dir='ltr'>omnihus</span> <span class='ocrx_word' id='word_1_49' title='bbox 1467 1240 1588 1303; x_wconf 90' lang='lat' dir='ltr'>tandem</span> <span class='ocrx_word' id='word_1_50' title='bbox 1610 1240 1651 1302; x_wconf 90' lang='lat' dir='ltr'>ita</span> <span class='ocrx_word' id='word_1_51' title='bbox 1673 1259 1744 1304; x_wconf 89' lang='lat' dir='ltr'>esse</span> <span class='ocrx_word' id='word_1_52' title='bbox 1767 1239 1907 1316; x_wconf 76' lang='lat' dir='ltr'>simulem,</span> <span class='ocrx_word' id='word_1_53' title='bbox 1932 1245 1960 1298; x_wconf 91' lang='lat' dir='ltr'>ut</span> <span class='ocrx_word' id='word_1_54' title='bbox 1983 1255 2030 1299; x_wconf 92' lang='lat' dir='ltr'>non</span> 
     </span>
     <span class='ocr_line' id='line_1_8' title="bbox 683 1336 2030 1421; baseline -0.002 -21"><span class='ocrx_word' id='word_1_55' title='bbox 683 1339 773 1402; x_wconf 89' lang='lat' dir='ltr'>modo</span> <span class='ocrx_word' id='word_1_56' title='bbox 788 1339 956 1403; x_wconf 88' lang='lat' dir='ltr'>sententiae</span> <span class='ocrx_word' id='word_1_57' title='bbox 975 1338 1029 1402; x_wconf 90' lang='lat' dir='ltr'>sed</span> <span class='ocrx_word' id='word_1_58' title='bbox 1049 1340 1144 1401; x_wconf 84' lang='lat' dir='ltr'>uerba</span> <span class='ocrx_word' id='word_1_59' title='bbox 1159 1357 1257 1420; x_wconf 86' lang='lat' dir='ltr'>prope</span> <span class='ocrx_word' id='word_1_60' title='bbox 1274 1339 1379 1402; x_wconf 90' lang='lat' dir='ltr'>eadem</span> <span class='ocrx_word' id='word_1_61' title='bbox 1402 1341 1472 1417; x_wconf 90' lang='lat' dir='ltr'>sint,</span> <span class='ocrx_word' id='word_1_62' title='bbox 1496 1338 1556 1402; x_wconf 91' lang='lat' dir='ltr'>alio</span> <span class='ocrx_word' id='word_1_63' title='bbox 1579 1346 1668 1421; x_wconf 88' lang='lat' dir='ltr'>atquc</span> <span class='ocrx_word' id='word_1_64' title='bbox 1691 1340 1750 1402; x_wconf 91' lang='lat' dir='ltr'>alio</span> <span class='ocrx_word' id='word_1_65' title='bbox 1773 1340 1879 1403; x_wconf 89' lang='lat' dir='ltr'>ordino</span> <span class='ocrx_word' id='word_1_66' title='bbox 1899 1336 2030 1419; x_wconf 83' lang='lat' dir='ltr'>disposita</span> 
     </span>
     <span class='ocr_line' id='line_1_9' title="bbox 684 1436 2031 1522; baseline -0.002 -23"><span class='ocrx_word' id='word_1_67' title='bbox 684 1438 805 1501; x_wconf 83' lang='lat' dir='ltr'>Scilicet</span> <span class='ocrx_word' id='word_1_68' title='bbox 827 1439 1070 1501; x_wconf 85' lang='lat' dir='ltr'>commemoratio</span> <span class='ocrx_word' id='word_1_69' title='bbox 1093 1445 1141 1500; x_wconf 92' lang='lat' dir='ltr'>est</span> <span class='ocrx_word' id='word_1_70' title='bbox 1163 1436 1378 1501; x_wconf 80' lang='lat' dir='ltr'>beneficiorum</span> <span class='ocrx_word' id='word_1_71' title='bbox 1401 1438 1458 1502; x_wconf 90' lang='lat' dir='ltr'>Dei</span> <span class='ocrx_word' id='word_1_72' title='bbox 1481 1456 1556 1522; x_wconf 86' lang='lat' dir='ltr'>erga</span> <span class='ocrx_word' id='word_1_73' title='bbox 1578 1458 1677 1521; x_wconf 88' lang='lat' dir='ltr'>genus</span> <span class='ocrx_word' id='word_1_74' title='bbox 1696 1439 1867 1516; x_wconf 91' lang='lat' dir='ltr'>humanum,</span> <span class='ocrx_word' id='word_1_75' title='bbox 1888 1454 1941 1518; x_wconf 92' lang='lat' dir='ltr'>per</span> <span class='ocrx_word' id='word_1_76' title='bbox 1958 1454 2031 1497; x_wconf 87' lang='lat' dir='ltr'>crea-</span> 
     </span>
     <span class='ocr_line' id='line_1_10' title="bbox 683 1536 2032 1620; baseline -0.003 -21"><span class='ocrx_word' id='word_1_77' title='bbox 683 1539 811 1615; x_wconf 86' lang='lat' dir='ltr'>tionem,</span> <span class='ocrx_word' id='word_1_78' title='bbox 843 1536 922 1620; x_wconf 87' lang='lat' dir='ltr'>legis</span> <span class='ocrx_word' id='word_1_79' title='bbox 952 1539 1092 1618; x_wconf 81' lang='lat' dir='ltr'>antiquae</span> <span class='ocrx_word' id='word_1_80' title='bbox 1122 1537 1410 1620; x_wconf 82' lang='lat' dir='ltr'>promulgationem,</span> <span class='ocrx_word' id='word_1_81' title='bbox 1440 1538 1692 1602; x_wconf 83' lang='lat' dir='ltr'>annuntiationem</span> <span class='ocrx_word' id='word_1_82' title='bbox 1721 1536 1833 1601; x_wconf 82' lang='lat' dir='ltr'>Christi</span> <span class='ocrx_word' id='word_1_83' title='bbox 1862 1536 1972 1597; x_wconf 79' lang='lat' dir='ltr'>venturi</span> <span class='ocrx_word' id='word_1_84' title='bbox 1986 1552 2032 1614; x_wconf 91' lang='lat' dir='ltr'>per</span> 
     </span>
     <span class='ocr_line' id='line_1_11' title="bbox 683 1636 2033 1719; baseline -0.002 -21"><span class='ocrx_word' id='word_1_85' title='bbox 683 1638 867 1718; x_wconf 86' lang='lat' dir='ltr'>Prophetas:</span> <span class='ocrx_word' id='word_1_86' title='bbox 891 1637 957 1718; x_wconf 91' lang='lat' dir='ltr'>ejus</span> <span class='ocrx_word' id='word_1_87' title='bbox 979 1636 1142 1699; x_wconf 86' lang='lat' dir='ltr'>salutarem</span> <span class='ocrx_word' id='word_1_88' title='bbox 1165 1636 1418 1719; x_wconf 84' lang='lat' dir='ltr'>dispensationem</span> <span class='ocrx_word' id='word_1_89' title='bbox 1441 1656 1457 1699; x_wconf 91' lang='lat' dir='ltr'>a</span> <span class='ocrx_word' id='word_1_90' title='bbox 1480 1638 1636 1701; x_wconf 78' lang='lat' dir='ltr'>nativitate</span> <span class='ocrx_word' id='word_1_91' title='bbox 1658 1656 1755 1719; x_wconf 89' lang='lat' dir='ltr'>usque</span> <span class='ocrx_word' id='word_1_92' title='bbox 1777 1636 1815 1700; x_wconf 91' lang='lat' dir='ltr'>ad</span> <span class='ocrx_word' id='word_1_93' title='bbox 1827 1637 1996 1708; x_wconf 84' lang='lat' dir='ltr'>Passionem,</span> <span class='ocrx_word' id='word_1_94' title='bbox 2008 1642 2033 1696; x_wconf 87' lang='lat' dir='ltr'>et</span> 
     </span>
     <span class='ocr_line' id='line_1_12' title="bbox 684 1736 2033 1819; baseline -0.002 -21"><span class='ocrx_word' id='word_1_95' title='bbox 684 1738 997 1799; x_wconf 88' lang='lat' dir='ltr'>commemorationem</span> <span class='ocrx_word' id='word_1_96' title='bbox 1020 1736 1172 1799; x_wconf 89' lang='lat' dir='ltr'>institutae</span> <span class='ocrx_word' id='word_1_97' title='bbox 1194 1737 1231 1798; x_wconf 88' lang='lat' dir='ltr'>ab</span> <span class='ocrx_word' id='word_1_98' title='bbox 1255 1755 1293 1799; x_wconf 91' lang='lat' dir='ltr'>eo</span> <span class='ocrx_word' id='word_1_99' title='bbox 1316 1737 1538 1816; x_wconf 83' lang='lat' dir='ltr'>Eucharistiae,</span> <span class='ocrx_word' id='word_1_100' title='bbox 1569 1757 1647 1819; x_wconf 91' lang='lat' dir='ltr'>quae</span> <span class='ocrx_word' id='word_1_101' title='bbox 1675 1736 1762 1801; x_wconf 90' lang='lat' dir='ltr'>simul</span> <span class='ocrx_word' id='word_1_102' title='bbox 1790 1741 2033 1799; x_wconf 77' lang='lat' dir='ltr'>consecratores</span> 
     </span>
     <span class='ocr_line' id='line_1_13' title="bbox 683 1835 1166 1918; baseline -0.002 -20"><span class='ocrx_word' id='word_1_103' title='bbox 683 1837 750 1917; x_wconf 88' lang='lat' dir='ltr'>ejus</span> <span class='ocrx_word' id='word_1_104' title='bbox 772 1842 939 1917; x_wconf 88' lang='lat' dir='ltr'>praecepto</span> <span class='ocrx_word' id='word_1_105' title='bbox 963 1843 993 1899; x_wconf 88' lang='lat' dir='ltr'>et</span> <span class='ocrx_word' id='word_1_106' title='bbox 1016 1835 1166 1918; x_wconf 77' lang='lat' dir='ltr'>exemplo.</span> 
     </span>
    </p>
   </div>
   <div class='ocr_carea' id='block_1_3' title="bbox 774 2181 1966 2277">
    <p class='ocr_par' dir='ltr' id='par_1_3' title="bbox 774 2181 1966 2277">
     <span class='ocr_line' id='line_1_14' title="bbox 774 2181 1966 2277; baseline -0.003 -22"><span class='ocrx_word' id='word_1_107' title='bbox 774 2183 811 2255; x_wconf 86' lang='grc'>8.</span> <span class='ocrx_word' id='word_1_108' title='bbox 847 2181 1089 2277; x_wconf 71' lang='lat' dir='ltr'>Sanctificceit</span> <span class='ocrx_word' id='word_1_109' title='bbox 1115 2208 1177 2256; x_wconf 84' lang='lat' dir='ltr'>noe</span> <span class='ocrx_word' id='word_1_110' title='bbox 1202 2188 1321 2277; x_wconf 78' lang='lat' dir='ltr'>gralia</span> <span class='ocrx_word' id='word_1_111' title='bbox 1346 2208 1411 2254; x_wconf 81' lang='lat' dir='ltr'>eac</span> <span class='ocrx_word' id='word_1_112' title='bbox 1433 2206 1499 2277; x_wconf 87' lang='lat' dir='ltr'>per</span> <span class='ocrx_word' id='word_1_113' title='bbox 1525 2185 1647 2255; x_wconf 83' lang='lat' dir='ltr'>dunum</span> <span class='ocrx_word' id='word_1_114' title='bbox 1672 2183 1823 2277; x_wconf 79' lang='lat' dir='ltr'>Spiritus</span> <span class='ocrx_word' id='word_1_115' title='bbox 1850 2184 1966 2253; x_wconf 82' lang='lat' dir='ltr'>sancti.</span> 
     </span>
    </p>
   </div>
   <div class='ocr_carea' id='block_1_4' title="bbox 679 2393 2041 3184">
    <p class='ocr_par' dir='ltr' id='par_1_4' title="bbox 679 2393 2041 3184">
     <span class='ocr_line' id='line_1_15' title="bbox 795 2393 2036 2471; baseline -0.005 -1"><span class='ocrx_word' id='word_1_116' title='bbox 795 2393 831 2471; x_wconf 71' lang='lat' dir='ltr'>le</span> <span class='ocrx_word' id='word_1_117' title='bbox 854 2403 900 2466; x_wconf 91' lang='lat' dir='ltr'>his</span> <span class='ocrx_word' id='word_1_118' title='bbox 923 2403 1026 2467; x_wconf 84' lang='lat' dir='ltr'>uerbis</span> <span class='ocrx_word' id='word_1_119' title='bbox 1049 2412 1133 2468; x_wconf 87' lang='lat' dir='ltr'>extat</span> <span class='ocrx_word' id='word_1_120' title='bbox 1156 2405 1342 2468; x_wconf 86' lang='lat' dir='ltr'>luculentum</span> <span class='ocrx_word' id='word_1_121' title='bbox 1364 2405 1564 2467; x_wconf 90' lang='lat' dir='ltr'>Nestorianae</span> <span class='ocrx_word' id='word_1_122' title='bbox 1579 2404 1735 2467; x_wconf 87' lang='lat' dir='ltr'>Ecclesiae</span> <span class='ocrx_word' id='word_1_123' title='bbox 1759 2405 1798 2467; x_wconf 92' lang='lat' dir='ltr'>de</span> <span class='ocrx_word' id='word_1_124' title='bbox 1812 2402 2036 2468; x_wconf 87' lang='lat' dir='ltr'>Confirmationis</span> 
     </span>
     <span class='ocr_line' id='line_1_16' title="bbox 683 2505 2038 2590; baseline -0.002 -19"><span class='ocrx_word' id='word_1_125' title='bbox 683 2508 877 2572; x_wconf 87' lang='lat' dir='ltr'>Sacramenta</span> <span class='ocrx_word' id='word_1_126' title='bbox 901 2508 1116 2586; x_wconf 89' lang='lat' dir='ltr'>testimonium,</span> <span class='ocrx_word' id='word_1_127' title='bbox 1146 2505 1216 2569; x_wconf 91' lang='lat' dir='ltr'>dnm</span> <span class='ocrx_word' id='word_1_128' title='bbox 1243 2507 1418 2590; x_wconf 76' lang='lat' dir='ltr'>agnoscitur</span> <span class='ocrx_word' id='word_1_129' title='bbox 1439 2511 1537 2589; x_wconf 90' lang='lat' dir='ltr'>gratia</span> <span class='ocrx_word' id='word_1_130' title='bbox 1560 2509 1749 2572; x_wconf 83' lang='lat' dir='ltr'>sanctificans</span> <span class='ocrx_word' id='word_1_131' title='bbox 1771 2527 1828 2590; x_wconf 92' lang='lat' dir='ltr'>per</span> <span class='ocrx_word' id='word_1_132' title='bbox 1851 2508 1959 2571; x_wconf 87' lang='lat' dir='ltr'>donmn</span> <span class='ocrx_word' id='word_1_133' title='bbox 1978 2507 2038 2588; x_wconf 87' lang='lat' dir='ltr'>Spi-</span> 
     </span>
     <span class='ocr_line' id='line_1_17' title="bbox 680 2605 2040 2690; baseline -0.001 -20"><span class='ocrx_word' id='word_1_134' title='bbox 680 2611 757 2672; x_wconf 87' lang='lat' dir='ltr'>ritus</span> <span class='ocrx_word' id='word_1_135' title='bbox 780 2609 886 2672; x_wconf 88' lang='lat' dir='ltr'>sancti.</span> <span class='ocrx_word' id='word_1_136' title='bbox 917 2606 991 2670; x_wconf 91' lang='lat' dir='ltr'>Cum</span> <span class='ocrx_word' id='word_1_137' title='bbox 1014 2609 1093 2670; x_wconf 88' lang='lat' dir='ltr'>enim</span> <span class='ocrx_word' id='word_1_138' title='bbox 1116 2607 1155 2670; x_wconf 90' lang='lat' dir='ltr'>de</span> <span class='ocrx_word' id='word_1_139' title='bbox 1176 2605 1328 2687; x_wconf 90' lang='lat' dir='ltr'>Baptismo</span> <span class='ocrx_word' id='word_1_140' title='bbox 1350 2608 1435 2688; x_wconf 91' lang='lat' dir='ltr'>prius</span> <span class='ocrx_word' id='word_1_141' title='bbox 1458 2607 1568 2670; x_wconf 89' lang='lat' dir='ltr'>dictum</span> <span class='ocrx_word' id='word_1_142' title='bbox 1581 2609 1629 2683; x_wconf 88' lang='lat' dir='ltr'>sit,</span> <span class='ocrx_word' id='word_1_143' title='bbox 1650 2612 1789 2690; x_wconf 73' lang='lat' dir='ltr'>expiauit</span> <span class='ocrx_word' id='word_1_144' title='bbox 1803 2627 1864 2671; x_wconf 82' lang='lat' dir='ltr'>aas</span> <span class='ocrx_word' id='word_1_145' title='bbox 1879 2606 2040 2688; x_wconf 80' lang='lat' dir='ltr'>perlicpti·</span> 
     </span>
     <span class='ocr_line' id='line_1_18' title="bbox 680 2704 2040 2790; baseline -0.002 -20"><span class='ocrx_word' id='word_1_146' title='bbox 680 2727 777 2770; x_wconf 82' lang='lat' dir='ltr'>emam</span> <span class='ocrx_word' id='word_1_147' title='bbox 799 2727 898 2789; x_wconf 80' lang='lat' dir='ltr'>cquae</span> <span class='ocrx_word' id='word_1_148' title='bbox 920 2715 1053 2768; x_wconf 83' lang='lat' dir='ltr'>sanctae.</span> <span class='ocrx_word' id='word_1_149' title='bbox 1075 2707 1193 2770; x_wconf 89' lang='lat' dir='ltr'>Donum</span> <span class='ocrx_word' id='word_1_150' title='bbox 1216 2707 1343 2790; x_wconf 90' lang='lat' dir='ltr'>Spiritus</span> <span class='ocrx_word' id='word_1_151' title='bbox 1366 2707 1461 2769; x_wconf 91' lang='lat' dir='ltr'>sancti</span> <span class='ocrx_word' id='word_1_152' title='bbox 1485 2706 1522 2769; x_wconf 90' lang='lat' dir='ltr'>ad</span> <span class='ocrx_word' id='word_1_153' title='bbox 1545 2707 1654 2788; x_wconf 79' lang='lat' dir='ltr'>llyrnn</span> <span class='ocrx_word' id='word_1_154' title='bbox 1676 2726 1731 2770; x_wconf 89' lang='lat' dir='ltr'>seu</span> <span class='ocrx_word' id='word_1_155' title='bbox 1757 2707 1896 2771; x_wconf 87' lang='lat' dir='ltr'>Chrisma</span> <span class='ocrx_word' id='word_1_156' title='bbox 1916 2704 2040 2768; x_wconf 88' lang='lat' dir='ltr'>releren-</span> 
     </span>
     <span class='ocr_line' id='line_1_19' title="bbox 681 2806 2040 2888; baseline 0.001 -20"><span class='ocrx_word' id='word_1_157' title='bbox 681 2807 750 2870; x_wconf 92' lang='lat' dir='ltr'>dum</span> <span class='ocrx_word' id='word_1_158' title='bbox 773 2815 835 2884; x_wconf 89' lang='lat' dir='ltr'>est,</span> <span class='ocrx_word' id='word_1_159' title='bbox 866 2806 946 2887; x_wconf 89' lang='lat' dir='ltr'>quod</span> <span class='ocrx_word' id='word_1_160' title='bbox 969 2813 1002 2868; x_wconf 92' lang='lat' dir='ltr'>ut</span> <span class='ocrx_word' id='word_1_161' title='bbox 1024 2807 1104 2886; x_wconf 90' lang='lat' dir='ltr'>apud</span> <span class='ocrx_word' id='word_1_162' title='bbox 1126 2807 1260 2870; x_wconf 88' lang='lat' dir='ltr'>Graecos</span> <span class='ocrx_word' id='word_1_163' title='bbox 1284 2807 1441 2870; x_wconf 82' lang='lat' dir='ltr'>confertur</span> <span class='ocrx_word' id='word_1_164' title='bbox 1463 2806 1591 2870; x_wconf 92' lang='lat' dir='ltr'>dicendo</span> <span class='ocrx_word' id='word_1_165' title='bbox 1613 2809 1809 2888; x_wconf 77' lang='lat' dir='ltr'>Sigammdum</span> <span class='ocrx_word' id='word_1_166' title='bbox 1830 2808 1908 2869; x_wconf 84' lang='lat' dir='ltr'>doni</span> <span class='ocrx_word' id='word_1_167' title='bbox 1926 2806 2040 2885; x_wconf 75' lang='lat' dir='ltr'>Spiritu</span> 
     </span>
     <span class='ocr_line' id='line_1_20' title="bbox 679 2903 2041 2987; baseline -0.002 -19"><span class='ocrx_word' id='word_1_168' title='bbox 679 2907 790 2980; x_wconf 75' lang='lat' dir='ltr'>euracli,</span> <span class='ocrx_word' id='word_1_169' title='bbox 812 2907 852 2968; x_wconf 90' lang='lat' dir='ltr'>ita</span> <span class='ocrx_word' id='word_1_170' title='bbox 874 2905 1055 2967; x_wconf 89' lang='lat' dir='ltr'>Nestoriano</span> <span class='ocrx_word' id='word_1_171' title='bbox 1078 2905 1164 2985; x_wconf 87' lang='lat' dir='ltr'>Ritu,</span> <span class='ocrx_word' id='word_1_172' title='bbox 1187 2924 1244 2987; x_wconf 90' lang='lat' dir='ltr'>per</span> <span class='ocrx_word' id='word_1_173' title='bbox 1266 2906 1341 2968; x_wconf 89' lang='lat' dir='ltr'>hacc</span> <span class='ocrx_word' id='word_1_174' title='bbox 1364 2905 1473 2968; x_wconf 85' lang='lat' dir='ltr'>verba:</span> <span class='ocrx_word' id='word_1_175' title='bbox 1496 2906 1611 2986; x_wconf 73' lang='lat' dir='ltr'>Pignus</span> <span class='ocrx_word' id='word_1_176' title='bbox 1622 2907 1755 2987; x_wconf 74' lang='lat' dir='ltr'>Spintum</span> <span class='ocrx_word' id='word_1_177' title='bbox 1773 2908 1887 2985; x_wconf 83' lang='lat' dir='ltr'>suncti,</span> <span class='ocrx_word' id='word_1_178' title='bbox 1908 2912 1941 2966; x_wconf 94' lang='lat' dir='ltr'>ut</span> <span class='ocrx_word' id='word_1_179' title='bbox 1961 2903 2041 2966; x_wconf 88' lang='lat' dir='ltr'>disci·</span> 
     </span>
     <span class='ocr_line' id='line_1_21' title="bbox 681 3003 2039 3087; baseline -0.002 -20"><span class='ocrx_word' id='word_1_180' title='bbox 681 3023 746 3067; x_wconf 81' lang='lat' dir='ltr'>inus</span> <span class='ocrx_word' id='word_1_181' title='bbox 769 3023 809 3066; x_wconf 86' lang='lat' dir='ltr'>ex</span> <span class='ocrx_word' id='word_1_182' title='bbox 831 3003 945 3067; x_wconf 90' lang='lat' dir='ltr'>Ordine</span> <span class='ocrx_word' id='word_1_183' title='bbox 968 3005 1156 3085; x_wconf 89' lang='lat' dir='ltr'>Baptismatis</span> <span class='ocrx_word' id='word_1_184' title='bbox 1181 3005 1306 3087; x_wconf 77' lang='lat' dir='ltr'>Syriaco</span> <span class='ocrx_word' id='word_1_185' title='bbox 1328 3004 1394 3066; x_wconf 88' lang='lat' dir='ltr'>llar</span> <span class='ocrx_word' id='word_1_186' title='bbox 1415 3003 1578 3069; x_wconf 91' lang='lat' dir='ltr'>Jechuaiab</span> <span class='ocrx_word' id='word_1_187' title='bbox 1611 3005 1774 3086; x_wconf 86' lang='lat' dir='ltr'>Catholici,</span> <span class='ocrx_word' id='word_1_188' title='bbox 1797 3025 1890 3087; x_wconf 87' lang='lat' dir='ltr'>quem</span> <span class='ocrx_word' id='word_1_189' title='bbox 1912 3004 2039 3066; x_wconf 86' lang='lat' dir='ltr'>habemns</span> 
     </span>
     <span class='ocr_line' id='line_1_22' title="bbox 681 3100 1379 3184; baseline 0.001 -19"><span class='ocrx_word' id='word_1_190' title='bbox 681 3103 865 3184; x_wconf 86' lang='lat' dir='ltr'>descriptum</span> <span class='ocrx_word' id='word_1_191' title='bbox 888 3123 928 3166; x_wconf 84' lang='lat' dir='ltr'>ex</span> <span class='ocrx_word' id='word_1_192' title='bbox 952 3100 1065 3167; x_wconf 88' lang='lat' dir='ltr'>Codice</span> <span class='ocrx_word' id='word_1_193' title='bbox 1088 3103 1172 3168; x_wconf 84' lang='lat' dir='ltr'>Eliae</span> <span class='ocrx_word' id='word_1_194' title='bbox 1196 3103 1379 3168; x_wconf 72' lang='lat' dir='ltr'>Sacerdotis,</span> 
     </span>
    </p>
   </div>
   <div class='ocr_carea' id='block_1_5' title="bbox 1169 3469 1564 3555">
    <p class='ocr_par' dir='ltr' id='par_1_5' title="bbox 1169 3469 1564 3555">
     <span class='ocr_line' id='line_1_23' title="bbox 1169 3469 1564 3555; baseline -0.005 -13"><span class='ocrx_word' id='word_1_195' title='bbox 1169 3469 1205 3542; x_wconf 84' lang='lat'>9.</span> <span class='ocrx_word' id='word_1_196' title='bbox 1243 3470 1291 3540; x_wconf 87' lang='lat' dir='ltr'>El</span> <span class='ocrx_word' id='word_1_197' title='bbox 1317 3470 1471 3555; x_wconf 87' lang='lat' dir='ltr'>comedit,</span> <span class='ocrx_word' id='word_1_198' title='bbox 1500 3476 1564 3541; x_wconf 84' lang='lat' dir='ltr'>etc.</span> 
     </span>
    </p>
   </div>
   <div class='ocr_carea' id='block_1_6' title="bbox 680 3671 2046 4257">
    <p class='ocr_par' dir='ltr' id='par_1_6' title="bbox 680 3671 2046 4257">
     <span class='ocr_line' id='line_1_24' title="bbox 794 3671 2044 3774; baseline -0.006 -17"><span class='ocrx_word' id='word_1_199' title='bbox 794 3679 831 3757; x_wconf 82' lang='lat' dir='ltr'>Is</span> <span class='ocrx_word' id='word_1_200' title='bbox 853 3690 998 3772; x_wconf 75' lang='lat' dir='ltr'>liturgiis</span> <span class='ocrx_word' id='word_1_201' title='bbox 1021 3689 1155 3773; x_wconf 89' lang='lat' dir='ltr'>Copticis</span> <span class='ocrx_word' id='word_1_202' title='bbox 1177 3690 1256 3754; x_wconf 90' lang='lat' dir='ltr'>idem</span> <span class='ocrx_word' id='word_1_203' title='bbox 1278 3690 1405 3774; x_wconf 86' lang='lat' dir='ltr'>legitur,</span> <span class='ocrx_word' id='word_1_204' title='bbox 1429 3671 1579 3753; x_wconf 84' lang='lat' dir='ltr'>Christum</span> <span class='ocrx_word' id='word_1_205' title='bbox 1602 3690 1702 3754; x_wconf 89' lang='lat' dir='ltr'>edisse</span> <span class='ocrx_word' id='word_1_206' title='bbox 1725 3709 1765 3753; x_wconf 85' lang='lat' dir='ltr'>ox</span> <span class='ocrx_word' id='word_1_207' title='bbox 1787 3708 1869 3771; x_wconf 90' lang='lat' dir='ltr'>pane</span> <span class='ocrx_word' id='word_1_208' title='bbox 1892 3692 1923 3753; x_wconf 93' lang='lat' dir='ltr'>in</span> <span class='ocrx_word' id='word_1_209' title='bbox 1945 3673 2044 3769; x_wconf 69' lang='lat' dir='ltr'>cerpus</span> 
     </span>
     <span class='ocr_line' id='line_1_25' title="bbox 680 3793 2044 3876; baseline -0.004 -18"><span class='ocrx_word' id='word_1_210' title='bbox 680 3814 767 3858; x_wconf 90' lang='lat' dir='ltr'>suum</span> <span class='ocrx_word' id='word_1_211' title='bbox 789 3793 1020 3872; x_wconf 78' lang='lat' dir='ltr'>transformato,</span> <span class='ocrx_word' id='word_1_212' title='bbox 1051 3802 1082 3856; x_wconf 90' lang='lat' dir='ltr'>et</span> <span class='ocrx_word' id='word_1_213' title='bbox 1111 3813 1151 3856; x_wconf 87' lang='lat' dir='ltr'>cx</span> <span class='ocrx_word' id='word_1_214' title='bbox 1180 3794 1274 3856; x_wconf 92' lang='lat' dir='ltr'>calice</span> <span class='ocrx_word' id='word_1_215' title='bbox 1298 3804 1492 3871; x_wconf 90' lang='lat' dir='ltr'>consecrato,</span> <span class='ocrx_word' id='word_1_216' title='bbox 1524 3811 1601 3876; x_wconf 87' lang='lat' dir='ltr'>quae</span> <span class='ocrx_word' id='word_1_217' title='bbox 1623 3801 1656 3855; x_wconf 88' lang='lat' dir='ltr'>ut</span> <span class='ocrx_word' id='word_1_218' title='bbox 1678 3802 1726 3856; x_wconf 92' lang='lat' dir='ltr'>est</span> <span class='ocrx_word' id='word_1_219' title='bbox 1747 3796 1852 3875; x_wconf 88' lang='lat' dir='ltr'>opinio</span> <span class='ocrx_word' id='word_1_220' title='bbox 1877 3794 2044 3857; x_wconf 88' lang='lat' dir='ltr'>Sanctorum</span> 
     </span>
     <span class='ocr_line' id='line_1_26' title="bbox 681 3892 2045 3976; baseline -0.004 -19"><span class='ocrx_word' id='word_1_221' title='bbox 681 3897 800 3957; x_wconf 86' lang='lat' dir='ltr'>Petrum</span> <span class='ocrx_word' id='word_1_222' title='bbox 823 3892 999 3968; x_wconf 91' lang='lat' dir='ltr'>multorum,</span> <span class='ocrx_word' id='word_1_223' title='bbox 1022 3894 1063 3956; x_wconf 90' lang='lat' dir='ltr'>ita</span> <span class='ocrx_word' id='word_1_224' title='bbox 1086 3912 1208 3975; x_wconf 89' lang='lat' dir='ltr'>qunque</span> <span class='ocrx_word' id='word_1_225' title='bbox 1229 3893 1285 3956; x_wconf 86' lang='lat' dir='ltr'>luit</span> <span class='ocrx_word' id='word_1_226' title='bbox 1306 3894 1441 3976; x_wconf 83' lang='lat' dir='ltr'>Dionysii</span> <span class='ocrx_word' id='word_1_227' title='bbox 1462 3893 1620 3973; x_wconf 89' lang='lat' dir='ltr'>Barsalihi‚</span> <span class='ocrx_word' id='word_1_228' title='bbox 1644 3901 1675 3956; x_wconf 91' lang='lat' dir='ltr'>ct</span> <span class='ocrx_word' id='word_1_229' title='bbox 1697 3893 1824 3955; x_wconf 88' lang='lat' dir='ltr'>aliorum</span> <span class='ocrx_word' id='word_1_230' title='bbox 1847 3893 2045 3955; x_wconf 77' lang='lat' dir='ltr'>Orientalium.</span> 
     </span>
     <span class='ocr_line' id='line_1_27' title="bbox 680 3992 2043 4078; baseline -0.002 -21"><span class='ocrx_word' id='word_1_231' title='bbox 680 3994 715 4057; x_wconf 93' lang='lat' dir='ltr'>ln</span> <span class='ocrx_word' id='word_1_232' title='bbox 736 3994 891 4075; x_wconf 89' lang='lat' dir='ltr'>plerisque</span> <span class='ocrx_word' id='word_1_233' title='bbox 915 3993 981 4055; x_wconf 89' lang='lat' dir='ltr'>aliis</span> <span class='ocrx_word' id='word_1_234' title='bbox 1015 3993 1091 4055; x_wconf 90' lang='lat' dir='ltr'>haec</span> <span class='ocrx_word' id='word_1_235' title='bbox 1113 3992 1225 4055; x_wconf 89' lang='lat' dir='ltr'>additio</span> <span class='ocrx_word' id='word_1_236' title='bbox 1247 4011 1309 4056; x_wconf 92' lang='lat' dir='ltr'>non</span> <span class='ocrx_word' id='word_1_237' title='bbox 1330 3992 1459 4078; x_wconf 85' lang='lat' dir='ltr'>legitur,</span> <span class='ocrx_word' id='word_1_238' title='bbox 1494 3992 1613 4075; x_wconf 90' lang='lat' dir='ltr'>quando</span> <span class='ocrx_word' id='word_1_239' title='bbox 1636 3998 1666 4056; x_wconf 89' lang='lat' dir='ltr'>in</span> <span class='ocrx_word' id='word_1_240' title='bbox 1688 3995 1782 4055; x_wconf 90' lang='lat' dir='ltr'>sacris</span> <span class='ocrx_word' id='word_1_241' title='bbox 1805 3993 1972 4075; x_wconf 81' lang='lat' dir='ltr'>scripturis</span> <span class='ocrx_word' id='word_1_242' title='bbox 1991 4007 2043 4054; x_wconf 86' lang='lat' dir='ltr'>nou</span> 
     </span>
     <span class='ocr_line' id='line_1_28' title="bbox 683 4093 2046 4178; baseline -0.001 -23"><span class='ocrx_word' id='word_1_243' title='bbox 683 4101 775 4157; x_wconf 81' lang='lat' dir='ltr'>extat.</span> <span class='ocrx_word' id='word_1_244' title='bbox 810 4093 883 4155; x_wconf 84' lang='lat' dir='ltr'>Eam</span> <span class='ocrx_word' id='word_1_245' title='bbox 908 4100 1005 4155; x_wconf 91' lang='lat' dir='ltr'>tamen</span> <span class='ocrx_word' id='word_1_246' title='bbox 1029 4100 1259 4172; x_wconf 88' lang='lat' dir='ltr'>repraesentant</span> <span class='ocrx_word' id='word_1_247' title='bbox 1281 4093 1444 4157; x_wconf 90' lang='lat' dir='ltr'>Jacobitica</span> <span class='ocrx_word' id='word_1_248' title='bbox 1466 4094 1601 4177; x_wconf 85' lang='lat' dir='ltr'>Liturgia</span> <span class='ocrx_word' id='word_1_249' title='bbox 1624 4094 1764 4177; x_wconf 89' lang='lat' dir='ltr'>Gregorii</span> <span class='ocrx_word' id='word_1_250' title='bbox 1785 4093 1993 4178; x_wconf 81' lang='lat' dir='ltr'>Abuliaragii,</span> <span class='ocrx_word' id='word_1_251' title='bbox 2017 4097 2046 4154; x_wconf 87' lang='lat' dir='ltr'>et</span> 
     </span>
     <span class='ocr_line' id='line_1_29' title="bbox 682 4192 951 4257; baseline 0.015 -4"><span class='ocrx_word' id='word_1_252' title='bbox 682 4193 758 4256; x_wconf 92' lang='lat' dir='ltr'>aliae</span> <span class='ocrx_word' id='word_1_253' title='bbox 780 4192 951 4257; x_wconf 89' lang='lat' dir='ltr'>nonnullae.</span> 
     </span>
    </p>
   </div>
   <div class='ocr_carea' id='block_1_7' title="bbox 959 4539 1779 4635">
    <p class='ocr_par' dir='ltr' id='par_1_7' title="bbox 959 4539 1779 4635">
     <span class='ocr_line' id='line_1_30' title="bbox 959 4539 1779 4635; baseline 0 -25"><span class='ocrx_word' id='word_1_254' title='bbox 959 4540 1019 4612; x_wconf 90' lang='lat'>10.</span> <span class='ocrx_word' id='word_1_255' title='bbox 1062 4539 1127 4625; x_wconf 82' lang='lat' dir='ltr'>Qui</span> <span class='ocrx_word' id='word_1_256' title='bbox 1154 4540 1299 4611; x_wconf 85' lang='lat' dir='ltr'>inclinat</span> <span class='ocrx_word' id='word_1_257' title='bbox 1325 4546 1429 4634; x_wconf 82' lang='lat' dir='ltr'>capnt</span> <span class='ocrx_word' id='word_1_258' title='bbox 1454 4564 1547 4612; x_wconf 84' lang='lat' dir='ltr'>enom</span> <span class='ocrx_word' id='word_1_259' title='bbox 1572 4540 1779 4635; x_wconf 78' lang='lat' dir='ltr'>baptismati.</span> 
     </span>
    </p>
   </div>
   <div class='ocr_carea' id='block_1_8' title="bbox 681 4749 2050 5147">
    <p class='ocr_par' dir='ltr' id='par_1_8' title="bbox 681 4749 2050 5147">
     <span class='ocr_line' id='line_1_31' title="bbox 771 4749 2048 4843; baseline -0.003 -15"><span class='ocrx_word' id='word_1_260' title='bbox 771 4749 864 4828; x_wconf 79' lang='lat' dir='ltr'>Haec</span> <span class='ocrx_word' id='word_1_261' title='bbox 886 4760 1035 4841; x_wconf 86' lang='lat' dir='ltr'>particula</span> <span class='ocrx_word' id='word_1_262' title='bbox 1059 4760 1167 4823; x_wconf 89' lang='lat' dir='ltr'>dicitnr</span> <span class='ocrx_word' id='word_1_263' title='bbox 1190 4762 1219 4823; x_wconf 95' lang='lat' dir='ltr'>in</span> <span class='ocrx_word' id='word_1_264' title='bbox 1241 4760 1419 4842; x_wconf 89' lang='lat' dir='ltr'>Epiphania,</span> <span class='ocrx_word' id='word_1_265' title='bbox 1442 4781 1502 4843; x_wconf 94' lang='lat' dir='ltr'>quo</span> <span class='ocrx_word' id='word_1_266' title='bbox 1527 4763 1555 4825; x_wconf 93' lang='lat' dir='ltr'>in</span> <span class='ocrx_word' id='word_1_267' title='bbox 1579 4763 1669 4841; x_wconf 81' lang='lat' dir='ltr'>lesio,</span> <span class='ocrx_word' id='word_1_268' title='bbox 1692 4763 1776 4824; x_wconf 91' lang='lat' dir='ltr'>utin</span> <span class='ocrx_word' id='word_1_269' title='bbox 1798 4759 2048 4825; x_wconf 79' lang='lat' dir='ltr'>Latinallcules‘u</span> 
     </span>
     <span class='ocr_line' id='line_1_32' title="bbox 681 4863 2047 4947; baseline -0.004 -18"><span class='ocrx_word' id='word_1_270' title='bbox 681 4866 927 4929; x_wconf 89' lang='lat' dir='ltr'>commemoratio</span> <span class='ocrx_word' id='word_1_271' title='bbox 958 4865 990 4927; x_wconf 89' lang='lat' dir='ltr'>lit</span> <span class='ocrx_word' id='word_1_272' title='bbox 1020 4863 1164 4945; x_wconf 90' lang='lat' dir='ltr'>Baptismi</span> <span class='ocrx_word' id='word_1_273' title='bbox 1195 4863 1306 4928; x_wconf 91' lang='lat' dir='ltr'>Christi</span> <span class='ocrx_word' id='word_1_274' title='bbox 1328 4866 1358 4928; x_wconf 92' lang='lat' dir='ltr'>in</span> <span class='ocrx_word' id='word_1_275' title='bbox 1379 4865 1511 4929; x_wconf 86' lang='lat' dir='ltr'>Jordane</span> <span class='ocrx_word' id='word_1_276' title='bbox 1533 4885 1551 4928; x_wconf 90' lang='lat' dir='ltr'>a</span> <span class='ocrx_word' id='word_1_277' title='bbox 1572 4865 1689 4927; x_wconf 91' lang='lat' dir='ltr'>Joanne</span> <span class='ocrx_word' id='word_1_278' title='bbox 1711 4864 1847 4945; x_wconf 86' lang='lat' dir='ltr'>suscepti</span> <span class='ocrx_word' id='word_1_279' title='bbox 1854 4886 1865 4942; x_wconf 84' lang='lat'>3</span> <span class='ocrx_word' id='word_1_280' title='bbox 1898 4872 1989 4947; x_wconf 89' lang='lat' dir='ltr'>atque</span> <span class='ocrx_word' id='word_1_281' title='bbox 2011 4863 2047 4924; x_wconf 81' lang='lat' dir='ltr'>tu</span> 
     </span>
     <span class='ocr_line' id='line_1_33' title="bbox 681 4957 2050 5045; baseline -0.001 -18"><span class='ocrx_word' id='word_1_282' title='bbox 681 4983 789 5028; x_wconf 87' lang='lat' dir='ltr'>carcre</span> <span class='ocrx_word' id='word_1_283' title='bbox 820 4971 922 5045; x_wconf 88' lang='lat' dir='ltr'>potest</span> <span class='ocrx_word' id='word_1_284' title='bbox 950 4963 1031 5026; x_wconf 90' lang='lat' dir='ltr'>omni</span> <span class='ocrx_word' id='word_1_285' title='bbox 1060 4965 1233 5045; x_wconf 89' lang='lat' dir='ltr'>suspicione</span> <span class='ocrx_word' id='word_1_286' title='bbox 1256 4964 1331 5027; x_wconf 89' lang='lat' dir='ltr'>haec</span> <span class='ocrx_word' id='word_1_287' title='bbox 1353 4966 1458 5028; x_wconf 90' lang='lat' dir='ltr'>oratio.</span> <span class='ocrx_word' id='word_1_288' title='bbox 1501 4966 1543 5028; x_wconf 86' lang='lat' dir='ltr'>At</span> <span class='ocrx_word' id='word_1_289' title='bbox 1565 4964 1729 5029; x_wconf 90' lang='lat' dir='ltr'>seeundum</span> <span class='ocrx_word' id='word_1_290' title='bbox 1750 4965 1957 5028; x_wconf 74' lang='lat' dir='ltr'>Nestorianae</span> <span class='ocrx_word' id='word_1_291' title='bbox 1975 4957 2050 5026; x_wconf 76' lang='lat' dir='ltr'>mat</span> 
     </span>
     <span class='ocr_line' id='line_1_34' title="bbox 682 5062 2048 5147; baseline 0.001 -21"><span class='ocrx_word' id='word_1_292' title='bbox 682 5065 833 5147; x_wconf 81' lang='lat' dir='ltr'>quidpiam</span> <span class='ocrx_word' id='word_1_293' title='bbox 856 5063 1028 5147; x_wconf 87' lang='lat' dir='ltr'>significare</span> <span class='ocrx_word' id='word_1_294' title='bbox 1050 5063 1187 5127; x_wconf 85' lang='lat' dir='ltr'>videtur:</span> <span class='ocrx_word' id='word_1_295' title='bbox 1210 5065 1458 5129; x_wconf 85' lang='lat' dir='ltr'>existimaverunt</span> <span class='ocrx_word' id='word_1_296' title='bbox 1481 5067 1560 5129; x_wconf 91' lang='lat' dir='ltr'>enim</span> <span class='ocrx_word' id='word_1_297' title='bbox 1582 5064 1663 5147; x_wconf 90' lang='lat' dir='ltr'>quod</span> <span class='ocrx_word' id='word_1_298' title='bbox 1686 5063 1722 5127; x_wconf 90' lang='lat' dir='ltr'>ab</span> <span class='ocrx_word' id='word_1_299' title='bbox 1746 5064 1881 5146; x_wconf 88' lang='lat' dir='ltr'>antiquis</span> <span class='ocrx_word' id='word_1_300' title='bbox 1900 5062 2048 5128; x_wconf 70' lang='lat' dir='ltr'>sumntum</span> 
     </span>
    </p>
   </div>
   <div class='ocr_carea' id='block_1_9' title="bbox 0 0 2287 6034">
    <p class='ocr_par' dir='ltr' id='par_1_9' title="bbox 0 0 2287 6034">
     <span class='ocr_line' id='line_1_35' title="bbox 0 0 2287 6034; baseline 0 0"><span class='ocrx_word' id='word_1_301' title='bbox 0 0 2287 6034; x_wconf 95' lang='lat' dir='ltr'> </span> 
     </span>
    </p>
   </div>
  </div>
 </body>
</html>
