4525 6034
679 525 754 601 316
1179 526 1538 603 liutuald

780 712 942 805 Populos.
993 714 1113 785 Amen.
2112 781 2115 785 ,

781 827 956 900 Sacerdos
987 829 1179 901 inclinatas.
1231 827 1400 902 Memento
1426 830 1569 903 Domine
1595 828 1639 903 ad
1652 828 1757 903 altare
1772 841 1861 902 tuum
1881 829 2040 920 coeleste,

675 955 711 1016 et
736 944 778 1017 ad
794 943 872 1016 illud
893 967 1007 1018 coram
1029 966 1096 1039 quo
1119 947 1347 1034 consistimus,
1373 943 1608 1036 sacerdotum,
1633 944 1872 1035 Diaconorum,
1900 949 2041 1020 omnium

677 1082 807 1156 quoque
834 1063 888 1155 qui
914 1059 957 1133 ad
982 1063 1196 1133 ministerium
1223 1070 1313 1133 tuum
1340 1064 1467 1135 aninras
1494 1083 1572 1133 suas
1595 1073 1894 1136 consecraverunt:
1921 1061 2041 1135 solita-

674 1180 818 1261 riorum,
845 1176 1103 1267 monachorum,
1129 1188 1162 1250 et
1189 1179 1339 1250 omnium·
1358 1176 1519 1264 bdelium,
1545 1180 1579 1248 in
1606 1200 1744 1272 quorum
1770 1181 1930 1254 membris
1956 1178 2041 1251 ebs-

676 1293 826 1365 conditns
860 1302 913 1364 est
944 1297 1080 1385 sanguis
1113 1302 1206 1385 tuus,
1231 1303 1386 1387 tanquam
1411 1296 1532 1389 pignus
1557 1296 1667 1383 vitae3
1694 1296 1856 1390 propitius
1891 1298 2042 1368 existens

676 1408 804 1481 delictis
830 1411 961 1484 illorum
986 1420 1020 1482 et
1044 1414 1187 1501 nostris,
1213 1413 1406 1505 animasque
1432 1432 1547 1483 eorum
1574 1419 1607 1483 et
1633 1413 1767 1527 spiritus
1801 1411 1975 1486 collocans
2009 1416 2043 1485 io

675 1524 868 1598 habitaculis
896 1525 980 1599 lucis
1007 1537 1040 1599 et
1066 1530 1195 1623 quana

779 1643 938 1735 Populea.
991 1642 1096 1738 llyrie
1122 1640 1260 1716 eleison.

778 1756 953 1830 Sacerdos
979 1758 1116 1829 elcaaos
1142 1781 1267 1832 vocem.
1320 1758 1392 1830 Fac
1418 1758 1560 1831 Domine
1586 1763 1766 1854 pervenire
1798 1780 1923 1832 servos
1956 1766 2042 1845 tuos,

676 1877 731 1969 qui
759 1871 985 1946 decubuerunt
1010 1898 1084 1947 cnm
1111 1897 1172 1972 spe
1199 1887 1255 1948 tua
1281 1877 1314 1946 in
1339 1873 1422 1963 lide,
1457 1875 1499 1947 ad
1525 1873 1615 1946 bona
1646 1874 1702 1947 illa
1737 1874 1920 1961 coelestia,
1954 1872 2042 1945 deli-

675 1994 813 2086 ciasque
837 1990 1078 2063 indeficientes:
1106 2003 1141 2063 et
1166 1992 1287 2085 gaudia
1313 1990 1368 2063 illa
1394 1989 1646 2080 indefectibilis,
1678 2001 1712 2063 et
1737 1992 1930 2086 voluptates
1958 2014 2042 2085 quae

674 2129 742 2178 nou
767 2115 924 2202 perermt:
952 2106 994 2178 ad
1019 2117 1149 2203 portum
1177 2111 1210 2179 iu
1237 2129 1302 2203 quo
1337 2109 1574 2202 conquiescunt
1604 2106 1732 2201 fatigati
1766 2118 1800 2179 et
1828 2110 1966 2199 jactati:
2001 2106 2043 2180 ad

675 2224 866 2297 convivium
893 2222 990 2313 uuo,
1016 2226 1049 2295 in
1077 2246 1142 2318 quo
1169 2223 1319 2297 exultant
1343 2223 1510 2319 Martyres
1537 2234 1571 2295 et
1598 2222 1843 2315 confessores,
1875 2245 2043 2303 coenam-

676 2362 741 2437 que
766 2350 998 2435 praeparatam
1024 2339 1132 2413 beatis
1159 2339 1326 2413 omnibus:
1352 2362 1578 2437 praeservans
1605 2362 1667 2414 eos
1693 2339 1735 2412 ab
1762 2343 1862 2433 igne,
1894 2339 2043 2413 tenebris

676 2465 711 2528 et
735 2477 853 2527 verme
879 2459 934 2550 qui
960 2478 1026 2528 non
1053 2459 1209 2547 moritur,
1236 2455 1445 2552 quianullus
1471 2466 1523 2531 est
1552 2456 1637 2530 liber
1670 2483 1691 2531 a
1725 2460 1871 2554 peccatis
1909 2468 1946 2530 et
1977 2458 2042 2531 de-

674 2571 760 2644 betis
786 2574 872 2643 inter
905 2594 1022 2645 omues
1054 2571 1221 2660 homines,
1254 2575 1317 2645 nisi
1351 2595 1434 2645 uuus
1469 2575 1629 2647 Dominus
1663 2585 1697 2646 et
1729 2572 1887 2646 Salvator
1928 2585 2044 2647 noster

675 2688 775 2760 lesus
803 2686 953 2762 Christus
978 2692 1166 2781 unigenitus
1193 2687 1277 2762 iilius
1305 2699 1396 2779 tuus,
1423 2712 1484 2786 per
1512 2712 1608 2784 quem
1640 2712 1703 2763 nos
1735 2712 1867 2785 quoqne
1904 2694 2041 2763 miseri-

677 2804 826 2875 cordiam
852 2808 1013 2899 consequi
1039 2827 1228 2900 speramus,
1256 2815 1318 2876 eto.

778 2919 939 3012 Papulas.
994 2921 1145 3006 Quietem
1172 2932 1317 3017 praesta.

780 3034 964 3108 Sacerdos.
1016 3037 1123 3109 Parce
1150 3035 1273 3136 populo
1300 3046 1356 3111 tuo
1382 3035 1470 3109 fideli
1495 3035 1655 3110 Domine:
1681 3048 1888 3132 peccataque
1916 3047 1952 3109 et
1977 3036 2039 3109 de-

674 3151 753 3225 licta
779 3174 894 3225 eornm
921 3175 988 3225 non
1014 3153 1204 3227 recorderis
1231 3158 1300 3243 eis3
1326 3176 1435 3249 neque
1460 3152 1710 3226 manifestentur
1742 3153 1895 3226 maculae
1927 3176 2039 3227 eorum

676 3291 697 3340 a
719 3272 844 3362 justitia
870 3280 946 3358 tua,
972 3269 1028 3342 illo
1056 3270 1109 3341 die
1138 3292 1202 3364 quo
1227 3270 1431 3364 judicaturus
1458 3291 1496 3342 es
1523 3292 1638 3344 omnes
1664 3272 1902 3362 generationes
1929 3270 2038 3344 honri·

675 3407 771 3474 num,
798 3394 831 3457 et
857 3396 1070 3482 separaturus
1096 3385 1204 3458 malos
1232 3409 1252 3458 a
1278 3384 1385 3459 bonis.
1438 3384 1563 3457 Verum
1590 3385 1745 3482 expande
1765 3407 1946 3481 supernos
1972 3387 2037 3459 alas

675 3503 805 3593 gratiae
840 3511 936 3593 tuae,
968 3514 1003 3575 ut
1033 3500 1210 3574 liberemur
1243 3526 1263 3574 a
1297 3504 1393 3575 ruinis
1429 3511 1463 3573 et
1495 3499 1774 3597 increpationibus
1809 3525 1899 3597 quae
1933 3506 2035 3599 impiis

674 3627 896 3712 praeparatae
928 3629 1019 3708 sunt,
1046 3640 1297 3715 mereamurque
1323 3617 1440 3712 egredi
1465 3640 1566 3714 super
1592 3618 1697 3691 nubes
1722 3618 1819 3690 leves
1852 3622 1887 3690 in
1915 3642 2034 3692 occur·

676 3754 748 3805 sum
776 3745 884 3808 tuum:
921 3745 1055 3808 etcum
1082 3737 1229 3809 invitatis
1260 3736 1321 3807 tuis
1355 3737 1391 3807 iu
1423 3733 1566 3807 thalaum
1596 3745 1654 3805 tuo
1684 3733 1846 3829 spirituali
1878 3733 2035 3807 laetemur

674 3851 873 3945 visioneque
899 3860 954 3924 tua
990 3850 1100 3922 diviua
1135 3860 1315 3946 perpetuo,
1351 3872 1427 3922 amu
1458 3850 1581 3943 gaudio
1615 3850 1841 3947 perfruamur:
1875 3853 2033 3946 atquein

675 3964 740 4038 boc
767 3968 852 4039 sicut
876 3969 910 4038 in
937 3965 1088 4041 omnibus
1114 3965 1329 4060 glorificetur,
1354 3966 1521 4054 laudetur,
1548 3977 1582 4038 et
1599 3966 1786 4041 celebretur
1800 3988 1924 4040 nomen
1940 3978 2032 4053 urm,

554 4166 556 4169 ¹
675 4079 995 4154 honorabilissimum
1022 4092 1056 4154 et
1070 4082 1292 4175 benedicum
1318 4080 1478 4178 simulque
1495 4084 1628 4156 Domini
1651 4086 1775 4174 nostri,
1806 4083 1890 4157 Jesu
1915 4081 2030 4156 Christi

675 4204 710 4269 et
735 4196 876 4293 Spiritus
903 4199 949 4267 tui
975 4202 1090 4271 sancti.

777 4311 939 4405 Popzrlas
991 4313 1092 4388 Siout.

777 4426 961 4502 Sacerdos.
1013 4430 1098 4502 Pax.

776 4543 938 4636 Populos.
989 4543 1033 4616 Et
1060 4569 1134 4618 cum
1160 4546 1286 4643 Spiritu
1310 4555 1378 4619 tuo.

779 4659 963 4732 Sacerdos.
1015 4660 1265 4736 Misericordiae
1291 4663 1355 4736 Dei
1381 4664 1461 4757 sint,
1487 4672 1551 4736 etc.

776 4775 940 4870 Populus,
991 4776 1135 4851 Etcum
1162 4780 1286 4877 Spiritu
1312 4789 1379 4853 tuo.

776 4893 955 4964 Diaconos
981 4893 1066 4966 dicit
1092 4894 1312 4970 Catbolr'coru.
