4525 6034
557 601 597 676 lt
621 597 830 675 urrunnun
857 594 1039 673 naastan
1065 597 1095 673 S.
1123 595 1250 673 uinci.
1525 596 1600 672 335

226 784 315 848 cham
338 783 576 847 Alexandrinum
597 783 628 847 in
642 782 817 867 Originibus
828 778 986 843 Ecclesiae
1007 798 1098 861 suae,
1121 797 1268 861 peccasse
1291 789 1350 845 tam
1371 782 1517 865 graviter.
1541 781 1603 846 Sed

225 883 303 947 baec
321 883 415 977 alibi,
440 890 582 965 quantum
605 900 682 964 opus
706 889 789 960 erat,
812 877 963 961 explicata
986 887 1064 944 suut.

756 1142 879 1215 Oratio
906 1143 1083 1215 introitur.-

324 1333 417 1414 (livi
439 1366 479 1411 ne
495 1345 651 1410 lutroitum
674 1345 722 1408 bic
744 1345 895 1430 intelligas
910 1345 1045 1410 Romano
1068 1363 1164 1409 more.
1192 1345 1221 1408 ls
1244 1347 1323 1409 euim
1346 1344 1384 1408 de
1406 1364 1467 1427 quo
1491 1347 1602 1430 agitur,

220 1458 269 1513 est
294 1469 384 1532 quem
408 1450 517 1514 Graeci
538 1450 685 1513 Minorem
707 1449 866 1512 lotroitum
886 1457 1013 1527 aucant,
1035 1449 1129 1513 illatio
1151 1447 1268 1514 scilicet
1288 1448 1456 1531 Evangelii,
1480 1450 1519 1514 de
1542 1468 1602 1531 qua

221 1567 296 1612 mox
320 1550 448 1614 dicetur.

830 1721 897 1809 lto,
924 1726 959 1792 et
970 1721 997 1791 ’ἱ

337 1916 384 1994 Im
407 1926 517 2009 aliquid
541 1925 650 1989 deesse
673 1925 789 1987 notarit
810 1925 925 2005 primus
947 1923 1047 1987 editor
1069 1931 1100 1986 et
1121 1923 1274 2005 interpres
1295 1923 1431 1987 loannes
1454 1941 1472 1985 a
1495 1931 1602 1989 sancto

220 2030 362 2095 Andrea.
406 2028 466 2093 Sed
489 2027 620 2091 fortasse
643 2027 752 2090 desunt
773 2025 860 2109 plura
882 2044 971 2108 quam
1000 2027 1068 2109 ipse
1098 2027 1289 2090 existimavit.
1336 2014 1450 2099 Οὕτως
1471 2020 1528 2089 καὶ
1549 2012 1602 2113 ἐφ’

222 2121 315 2213 ἡμᾶς
335 2118 416 2201 τούς
435 2112 692 2212 περιεστηκότας
718 2116 858 2198 δούλους
879 2142 940 2189 σου
967 2120 1002 2190 e'r
1022 2122 1064 2209 τῇ
1084 2113 1200 2209 etaim
1220 2123 1280 2210 τῆς
1305 2118 1489 2210 ἱερουργίας
1508 2113 1603 2200 τὰς’

220 2228 296 2302 τοῖς
318 2213 531 2304 ἐπισκόποις,
555 2225 593 2288 ad
615 2225 692 2318 baec
714 2223 809 2287 verba
833 2227 996 2289 annotavit.
1018 2224 1113 2287 Deest
1132 2225 1249 2307 aliquid
1269 2227 1302 2287 in
1321 2232 1463 2286 contertn
1473 2224 1603 2305 Graeco,

220 2329 315 2409 prote
336 2335 384 2389 est
404 2316 580 2411 πρὸςδεξαι
602 2312 733 2407 derbeus
759 2326 879 2404 artreipe
906 2325 1062 2387 orationes
1082 2322 1314 2404 Episcopomcn,
1337 2331 1393 2385 etc.
1422 2328 1477 2385 ortt
1499 2325 1605 2404 potior

221 2420 419 2508 ἐπιβλέψος
440 2410 643 2509 δωρούμενος
663 2411 706 2485 τοὶ
729 2408 890 2506 ἀναγκαῖα
903 2422 983 2502 τοῖς,
995 2430 1051 2488 etc.
1074 2421 1154 2485 Nihil
1169 2423 1277 2502 miuus,
1300 2429 1333 2485 ut
1349 2421 1480 2484 videtur.
1496 2418 1602 2485 Oratio

222 2533 271 2587 est
293 2524 513 2598 desolationes,
544 2522 699 2606 generalis
723 2522 841 2585 scilicet
862 2519 953 2602 illius,
976 2540 1054 2602 quae
1077 2523 1138 2584 ritu
1158 2521 1367 2585 Alexandrino
1389 2523 1469 2585 inter
1490 2521 1603 2601 prinus

222 2623 472 2706 praeparatorius
495 2621 574 2685 solet
596 2622 730 2700 recitari,
753 2637 814 2682 non
836 2621 927 2685 modo
956 2638 1050 2703 super
1072 2623 1319 2701 circumstantes,
1349 2619 1406 2684 sed
1427 2637 1521 2702 super
1544 2617 1604 2683 Sa-

225 2723 386 2786 cerdotem
409 2719 623 2800 celebrantem,
646 2719 684 2782 ab
708 2738 746 2783 eu
768 2721 821 2801 qui
842 2719 963 2801 dignior
985 2728 1043 2799 est,
1066 2722 1093 2783 si
1110 2719 1178 2801 quis
1193 2720 1348 2802 Liturgiae
1370 2721 1498 2783 intersit.
1523 2718 1603 2782 Sen-

223 2841 277 2885 sus
302 2822 398 2903 igitur
418 2819 565 2901 abruptus
595 2828 660 2898 est,
690 2820 748 2883 nisi
778 2819 922 2900 periodus
952 2819 1052 2901 aliqua
1081 2827 1271 2901 supponatur
1299 2819 1429 2899 deesse,
1459 2837 1537 2901 quae
1564 2819 1602 2882 ad

222 2919 447 2984 absolutionem
469 2916 548 2980 illam
571 2919 730 2999 pertineat.
775 2917 911 2999 Cumque
947 2919 979 2981 in
1007 2917 1144 3001 Liturgia
1178 2918 1280 2982 Basilii
1320 2925 1466 2999 sequatur
1496 2916 1604 2981 Oratio

222 3021 336 3095 tlatrr's,
359 3019 446 3099 cujus
469 3018 580 3080 mentio
602 3023 650 3080 est
671 3017 702 3080 in
712 3016 816 3080 verbis
838 3016 898 3079 illis
921 3035 998 3097 quae
1018 3017 1155 3080 lacunam
1170 3018 1308 3098 proxime
1323 3024 1501 3099 sequuntur,
1524 3016 1602 3080 duae

222 3120 380 3182 orationes
403 3117 433 3177 in
455 3133 544 3178 unam
566 3116 719 3194 videntur,
742 3124 793 3178 aut
816 3104 1006 3179 librariorum
1034 3116 1239 3201 negligentia,
1270 3124 1322 3181 aut
1344 3116 1459 3180 codicis
1481 3116 1601 3181 mutilu-

222 3218 309 3281 tione
332 3215 494 3280 coaluisse.

494 3402 640 3489 Εἰςοδος
667 3402 896 3506 Εὐαγγελίου.
949 3404 1116 3477 introitus
1142 3406 1333 3501 Evangelii.

340 3599 374 3676 [s
402 3618 450 3673 est
477 3627 566 3690 quem
589 3598 709 3694 μικρὰν
736 3607 860 3684 εἳςοδον
889 3608 999 3674 Graeci
1021 3610 1191 3693 appellant,
1224 3610 1309 3693 cujus
1335 3610 1425 3672 ritum
1460 3620 1602 3676 accurate

225 3715 391 3794 descripsit
420 3711 553 3776 lacobus
584 3711 712 3775 (luanus
743 3714 774 3775 iu
805 3715 884 3776 notis
913 3713 950 3776 ad
976 3714 1098 3777 Missam
1126 3712 1252 3776 loannis
1282 3712 1504 3794 Chrysostomi,
1534 3733 1602 3779 cum

223 3814 348 3881 scilicet
370 3812 498 3875 inlertur
519 3811 754 3894 Evangeliorum
775 3811 854 3877 liber
883 3832 949 3876 cum
980 3814 1078 3876 cereis
1100 3812 1250 3890 accensis,
1273 3811 1430 3876 thuribulis
1459 3813 1603 3877 fumanti·

224 3913 297 3987 bus,
320 3918 351 3973 et
373 3911 655 3974 Ecclesiasticorum
677 3911 886 3993 processione.
938 3911 1051 3975 Eadem
1073 3909 1271 3974 Orientalium
1297 3910 1354 3973 hac
1376 3911 1407 3972 iu
1434 3919 1522 3992 parte
1553 3911 1603 3974 di·

225 4012 356 4092 sciplina
380 4017 437 4089 est,
460 4008 498 4072 de
521 4026 581 4089 qua
603 4009 713 4072 dictum
736 4018 783 4072 est
806 4009 843 4072 ad
856 4010 1022 4093 liturgiam
1036 4009 1148 4074 Basilii.
1171 4009 1245 4071 Eam
1260 4009 1418 4091 Evangelii
1439 4009 1603 4075 illationem

225 4110 368 4190 sequitur
391 4108 488 4171 oratio
517 4116 587 4170 ante
609 4108 676 4189 ejus
698 4109 875 4172 lectionem:
906 4110 961 4173 sed
991 4128 1059 4173 curn
1088 4108 1166 4172 aliae
1188 4108 1326 4172 dicantur
1354 4116 1424 4172 ante
1453 4109 1602 4172 lectiones

225 4208 435 4289 Epistularum
456 4205 550 4285 Pauli,
573 4213 604 4268 et
627 4205 859 4287 catholicarum,
888 4209 1075 4290 supplendae
1103 4207 1172 4270 illae
1200 4214 1271 4271 suut
1300 4226 1340 4271 ea
1367 4208 1426 4270 alia
1453 4207 1602 4291 Liturgia,

220 4307 301 4370 nihil
324 4307 403 4368 enim
426 4325 466 4369 ex
489 4304 654 4387 Scripturis
676 4305 787 4390 legitur
817 4309 847 4369 iu
877 4307 1023 4371 Orientali
1050 4308 1125 4385 ritu,
1160 4306 1275 4388 absque
1303 4308 1428 4388 praevia
1456 4306 1602 4390 singulari

227 4406 379 4469 oratione.
425 4403 510 4477 Quae
533 4403 571 4466 ad
593 4404 790 4487 Evangelium
813 4406 975 4488 legendum
1004 4407 1149 4489 pertinet,
1181 4405 1315 4486 ejusdem
1343 4407 1511 4469 sententiae
1543 4413 1601 4487 est,

227 4522 265 4567 ac
288 4503 451 4584 illaquam
474 4502 580 4566 Codex
603 4501 758 4585 Copticus,
783 4506 901 4588 Syriaci
924 4514 955 4569 et
977 4506 1027 4568 ulii
1049 4512 1288 4587 repraesentant.

821 4766 1019 4862 Triaogium,

320 4955 394 5033 Hoc
415 4966 485 5030 loco
508 4984 570 5030 non
592 4966 766 5050 assignatur
800 4967 830 5030 in
853 4970 919 5032 aliis
941 4968 1094 5050 liturgiis.
1139 4964 1228 5040 Quod
1255 4983 1331 5030 vero
1354 4964 1466 5047 legitur
1487 4963 1546 5043 hic,
1567 4971 1602 5030 ut

1648 3410 1678 3463 P.
1699 3412 1760 3469 tet.
1778 3414 1794 3466 t
1814 3414 1857 3469 10.

1648 3718 1783 3791 Ectcbolop.
1799 3741 1824 3793 p.
1848 3723 1890 3777 16.

1647 4777 1679 4834 P.
1699 4779 1759 4832 125.
1778 4779 1796 4831 l.
1813 4781 1840 4834 4.

230 5068 311 5150 apud
337 5068 531 5134 Orthodoxos
555 5070 622 5132 cani
644 5067 772 5150 solebat,
796 5072 910 5154 absque
939 5072 1091 5136 additione
1112 5069 1232 5134 illorum
1253 5070 1417 5133 verborum
1445 5069 1499 5152 pul
1525 5087 1601 5134 cru·
1689 5070 1694 5079 '
