4525 6034
453 976 1373 1088 tu‘u‘tuuutttnusunuuunu
1476 1047 1482 1058 a

800 1202 1031 1285 roras.

316 1453 347 1515 1.
393 1440 510 1518 Sanan
532 1451 669 1514 Matutae
691 1453 812 1515 nomine
827 1452 992 1537 liturgiam
1009 1452 1300 1535 habeutlacobitae,
1325 1476 1403 1539 quae
1426 1460 1507 1522 inter
1529 1460 1604 1525 alias

228 1564 261 1619 ut
288 1555 443 1618 Maronitis
472 1556 612 1636 proprias
646 1563 821 1618 numeratur
854 1555 891 1617 ab
918 1556 1090 1619 Abrahamo
1119 1557 1309 1639 Echellensi,
1339 1568 1371 1622 et
1400 1579 1466 1623 eam
1489 1562 1605 1627 idcirco

228 1654 378 1718 edendam
399 1654 442 1716 illi
464 1661 646 1717 curaverunt
667 1655 698 1716 in
720 1654 832 1717 Missali
854 1654 967 1718 llomae
989 1655 1080 1721 edito.
1117 1655 1160 1718 At
1183 1674 1283 1738 neque
1304 1658 1520 1723 Maronitarum
1541 1662 1606 1725 Idc-

227 1753 340 1816 alesine
363 1752 564 1817 conveniebat
585 1752 662 1816 haec
685 1752 830 1835 liturgia,
862 1771 940 1834 quae
963 1754 1151 1818 Orthodoxis
1174 1757 1277 1838 ignota
1300 1755 1366 1835 luit,
1389 1759 1447 1820 nisi
1470 1760 1551 1840 quod
1573 1761 1606 1823 in

229 1852 391 1916 codicibus
413 1851 629 1916 recentissimis
652 1853 731 1915 inter
754 1852 932 1918 Sanctorum
959 1854 1118 1916 memorias
1141 1871 1253 1917 nomen
1274 1855 1407 1918 Maronis
1431 1856 1604 1939 adjunctum
1725 1921 1732 1932 ,

229 1960 287 2028 est,
311 1952 390 2031 quod
413 1953 446 2014 in
467 1952 595 2014 vetustis
619 1941 679 2014 non
702 1954 863 2033 reperitur.
920 1950 979 2014 Sed
1003 1951 1053 2013 iila
1075 1954 1203 2015 nominis
1225 1953 1367 2016 insitione
1395 1954 1469 2017 nihil
1496 1956 1605 2036 proie-

227 2058 347 2112 cerunt:
371 2051 429 2114 imo
452 2049 559 2114 eodem
582 2058 761 2131 argumento
783 2050 988 2113 Jacobitarum
1010 2049 1103 2113 libros
1128 2050 1166 2114 ad
1194 2069 1229 2114 se
1251 2053 1473 2133 imperitissime
1500 2061 1604 2118 traus-

227 2149 334 2212 tulisse
363 2149 584 2229 probaverunt:
619 2167 686 2211 nam
725 2150 913 2230 praeclarum
942 2148 1014 2211 illud
1044 2149 1201 2212 Ecclesiae
1232 2150 1331 2212 lumen
1368 2170 1439 2213 cum
1475 2153 1608 2233 Severo,

225 2248 405 2324 Philoxeno,
427 2246 581 2327 Anthium,
603 2247 729 2325 Jacobo,
758 2249 909 2329 Petroque
936 2247 1100 2330 Gnaphaeo
1129 2249 1334 2332 conjungitur.
1378 2249 1416 2312 Et
1440 2250 1521 2331 quod
1544 2252 1603 2313 mi·

225 2349 289 2409 rari
311 2348 385 2410 satis
408 2364 496 2409 nemo
518 2348 632 2427 possit,
660 2348 690 2409 in
720 2347 853 2411 Romana
876 2347 1007 2410 editione
1030 2346 1138 2410 Severi
1166 2347 1286 2429 quidem
1315 2364 1426 2410 nomen
1454 2349 1604 2413 sublatum

226 2456 285 2526 est,
309 2445 365 2509 sed
387 2446 584 2527 reliquorum.
595 2455 777 2510 conservata
797 2455 878 2525 sunt,
900 2447 1122 2510 haereticorum
1139 2447 1256 2509 scilicet
1271 2447 1421 2509 multoties
1436 2467 1453 2510 a
1470 2446 1602 2529 Synodis

225 2544 420 2628 generalibus
443 2544 659 2608 damnatorum.
705 2545 809 2627 ltaque
831 2546 967 2608 Marutae
997 2545 1118 2608 nomine
1140 2544 1296 2608 Jacobitae
1319 2544 1379 2608 hoc
1402 2546 1529 2608 odicium
1552 2547 1602 2608 in-

225 2646 425 2724 scripserunt,
448 2643 561 2706 utalia
584 2643 750 2724 complura,
772 2643 941 2706 nominibus
955 2643 1185 2725 Apostolorum,
1209 2644 1327 2725 Ignatii,
1354 2644 1435 2722 tutti,
1455 2645 1602 2708 Eustathii

224 2750 255 2805 et
277 2742 475 2824 reliquorum,
500 2745 634 2822 quamvis
657 2744 737 2805 inter
758 2742 916 2806 Ecclesiae
939 2741 1093 2821 doctores,
1117 2759 1195 2823 quos
1216 2736 1374 2806 Co'nlessio
1398 2743 1435 2806 ab
1448 2743 1602 2807 Ordinan-

224 2842 269 2904 dis
293 2842 377 2922 exigi
400 2840 489 2905 solita
511 2848 678 2918 enumerat,
700 2841 817 2904 Maruta
840 2859 901 2905 non
925 2850 1138 2905 recenseatur:
1161 2849 1194 2904 ut
1217 2859 1316 2923 neque
1338 2842 1399 2905 ulla
1422 2844 1488 2925 eJus
1511 2843 1601 2905 testi·

224 2941 325 3003 monia
348 2947 511 3003 occurrunt
534 2942 564 3002 in
587 2940 730 3002 Tractatu
753 2939 791 3002 de
815 2939 888 3003 Fide
910 2942 1040 3020 Patrum,
1063 2941 1216 3021 variisque
1240 2939 1452 3004 Collectanels.

314 3039 381 3101 Fuit
403 3056 477 3100 sane
500 3037 632 3101 celebris
655 3040 823 3114 sanctitate,
845 3039 996 3103 miraculis
1022 3048 1054 3103 et
1075 3040 1298 3122 propagatione
1320 3039 1390 3102 hdei
1414 3039 1602 3102 Christianae

226 3135 306 3216 apud
329 3138 437 3200 Persas
460 3138 588 3215 Maruta,
612 3139 692 3201 circa
715 3155 825 3200 annum
847 3138 958 3201 Christi
981 3136 1150 3202 CCCCXM.
1197 3137 1347 3201 hccurate
1371 3155 1449 3217 quae
1473 3135 1511 3198 ad
1533 3138 1600 3217 ejus

225 3235 379 3298 historiam
402 3238 555 3318 pertinent
576 3236 740 3317 explicavit
763 3235 968 3299 'tillemontius
990 3256 1030 3298 ex
1054 3238 1180 3302 Socrate
1203 3242 1235 3297 et
1255 3234 1435 3314 Sozomeno,
1460 3235 1511 3314 qui
1532 3233 1601 3296 Ma·
1633 3250 1724 3303 litem
1738 3249 1925 3319 stinpaso.

227 3344 324 3397 rutam
352 3336 389 3398 ad
420 3335 617 3418 lsdcgerdcm
640 3336 765 3417 Saporis
794 3335 896 3413 hlium,
920 3335 1051 3419 legatum
1080 3354 1098 3399 a
1129 3334 1301 3397 Theodosio
1327 3335 1448 3416 Juniorc
1478 3334 1600 3395 missum
1614 3344 1637 3387 et
1655 3335 1719 3389 610.

228 3433 321 3495 luisse
344 3436 493 3497 scribunt:
523 3435 666 3497 miracula
696 3434 777 3497 illum
804 3434 890 3515 plura
920 3435 1068 3497 edidisse:
1101 3434 1216 3515 Regem
1245 3434 1343 3514 ipsum
1373 3452 1390 3495 a
1420 3434 1601 3514 gravissimo
1650 3421 1768 3488 Atopar.
1784 3440 1812 3490 P·
1830 3421 1875 3472 91.

229 3532 336 3595 dolore
358 3536 464 3616 capitis
486 3552 627 3597 sanasse:
652 3533 743 3595 hlium
765 3536 830 3617 ejus
854 3552 871 3595 a
894 3534 1039 3596 daemone
1062 3533 1233 3596 intestatum
1255 3530 1420 3595 liberasse:
1443 3532 1602 3614 Magorum

226 3640 388 3713 praeterea
411 3633 593 3713 praestigias
617 3632 789 3708 detexisse,
821 3641 910 3713 atque
940 3632 1016 3696 adeo
1047 3633 1216 3696 libertatem
1249 3630 1426 3693 Christianis
1453 3631 1603 3711 integram

227 3731 412 3793 obtinuisse:
436 3730 591 3793 Ecclesias
616 3730 804 3809 aedificasse,
828 3740 888 3794 tum
919 3732 1063 3813 reliquias
1085 3732 1252 3814 Martyrum
1279 3730 1330 3810 qui
1352 3728 1408 3791 sub
1432 3728 1548 3809 Sapore
1572 3737 1602 3791 et

226 3829 292 3890 aliis
315 3832 397 3908 passi
421 3829 540 3891 lucrant
563 3829 764 3906 transtulisse,
787 3836 818 3892 et
840 3830 870 3892 in
893 3830 968 3893 urbe
984 3849 1062 3912 quae
1079 3830 1199 3908 vidcirco
1215 3828 1533 3910 Martyropolisdicta
1556 3835 1603 3889 cst

228 3928 418 4007 deposuisse.
464 3927 546 3989 llaec
570 3927 677 3990 Graeci
701 3929 812 4008 passim
842 3937 874 3990 ut
902 3930 990 3990 etiam
1013 3929 1120 4004 Latini,
1143 3930 1194 4009 qui
1216 3929 1397 3991 memoriam
1420 3927 1485 4006 ejus
1517 3925 1603 3987 celc—
1649 3934 1748 3985 Soram.
1770 3933 1787 3984 t
1813 3935 1838 3985 7.
1860 3950 1881 3984 c.
1900 3933 1927 3986 a.

227 4027 317 4090 brant
339 4027 437 4107 pridie
460 4044 555 4088 nonas
585 4026 775 4106 Decembris,
797 4035 830 4090 ut
861 4029 968 4089 Graeci
998 4029 1027 4090 in
1053 4028 1188 4090 Menaeis
1219 4025 1270 4091 11.
1300 4025 1468 4088 Februarii.
1520 4022 1639 4089 Hacct’·
1659 4019 1721 4071 281.

227 4127 327 4188 omnia
350 4145 428 4207 quae
451 4125 489 4188 de
512 4126 665 4206 legatione
689 4134 720 4189 et
742 4128 894 4191 miraculis
921 4126 1057 4187 Marutae
1080 4143 1098 4186 a
1121 4126 1247 4189 Graccis
1276 4125 1389 4204 scripta
1417 4130 1497 4197 sunt,
1519 4122 1605 4184 relc-

227 4232 336 4287 runtur
358 4243 376 4286 a
398 4225 475 4286 Mari
505 4233 536 4287 et
558 4224 652 4287 Amro
675 4226 876 4304 Nestorianis,
899 4227 929 4288 in
959 4227 1019 4287 vita
1042 4225 1212 4305 Mayumae,
1245 4225 1294 4303 qui
1324 4226 1403 4285 intor
1432 4217 1604 4285 Catholicos

226 4322 307 4388 xiv.
331 4332 515 4401 numeratur,
540 4332 571 4386 ct
593 4322 688 4387 isaaci
711 4326 776 4407 ejus
798 4326 997 4388 successoris.
1049 4324 1163 4386 Eadem
1186 4323 1276 4385 habet
1299 4329 1387 4383 autor
1409 4337 1469 4382 non
1491 4336 1604 4399 suspe-

226 4430 294 4485 ctus
317 4422 477 4485 Zacharias
501 4423 533 4487 Ρ.
564 4422 723 4486 Muhamcd
751 4424 947 4487 liaztiinensis
977 4426 1007 4486 in
1037 4441 1131 4504 opere
1160 4420 1240 4503 quod
1270 4418 1432 4501 appellavit
1454 4418 1605 4479 Miroculo

225 4523 392 4600 regionum.
437 4522 579 4603 Loquens
603 4523 683 4584 euim
706 4522 743 4584 de
778 4523 853 4586 urbe
875 4520 1065 4602 Miaiarehin,
1089 4524 1130 4584 ait
1153 4521 1232 4583 iilam
1255 4539 1272 4582 a
1294 4519 1412 4580 Maruta
1443 4515 1604 4594 conditam,

228 4638 297 4681 cum
320 4618 492 4682 facultatem
515 4639 532 4682 a
555 4620 640 4703 Rege
664 4621 824 4684 Persarum
847 4622 1012 4704 isdegerde
1036 4621 1096 4683 lilio
1113 4620 1237 4699 Saporis
1251 4614 1394 4680 Dulactai
1414 4614 1604 4687 obtinuisset,

228 4725 390 4799 postquam
414 4718 501 4781 hliam
525 4720 591 4802 ejus
615 4737 632 4780 a
655 4721 761 4783 morbo
784 4721 940 4783 incurabili
963 4738 1065 4782 sanam
1089 4719 1302 4800 praestitisset.
1343 4713 1409 4777 illic
1431 4730 1503 4775 ossa
1525 4710 1604 4773 mul-

212 4823 329 4878 ·torum
339 4818 504 4899 Martyrum
528 4838 605 4900 quae
630 4820 659 4880 in
683 4819 806 4881 Perside
828 4819 994 4901 collegerat
1015 4819 1210 4899 deposuisse:
1234 4823 1324 4895 atque
1342 4812 1457 4875 idcirco
1476 4827 1604 4872 vocasse

228 4913 328 4991 illam,
362 4917 467 4978 orbern
496 4918 664 5000 Martyrum
692 4916 751 4979 boc
779 4926 826 4980 est
858 4916 1088 4999 Martyropolin.
1134 4914 1209 4977 illud
1238 4913 1336 4977 solum
1365 4909 1600 4987 observandum,

228 5014 311 5094 quod
334 5024 421 5078 autor
444 5025 476 5078 ut
499 5016 743 5095 Muhamedanus,
766 5034 868 5079 rerum
892 5017 1126 5080 Christianarum
1149 5012 1228 5076 haud
1250 5011 1325 5076 satis
1347 5011 1474 5092 peritus,
1498 5007 1605 5069 Maru·

1318 5111 1394 5188 37*
