<?xml version="1.0" encoding="UTF-8"?>
<!DOCTYPE html PUBLIC "-//W3C//DTD XHTML 1.0 Transitional//EN"
    "http://www.w3.org/TR/xhtml1/DTD/xhtml1-transitional.dtd">
<html xmlns="http://www.w3.org/1999/xhtml" xml:lang="en" lang="en">
 <head>
  <title>
</title>
<meta http-equiv="Content-Type" content="text/html;charset=utf-8" />
  <meta name='ocr-system' content='tesseract 3.04.00' />
  <meta name='ocr-capabilities' content='ocr_page ocr_carea ocr_par ocr_line ocrx_word'/>
</head>
<body>
  <div class='ocr_page' id='page_1' title='image "./liturgiarumorie00unkngoog/liturgiarumorie00unkngoog_0169.png"; bbox 0 0 4525 6034; ppageno 0'>
   <div class='ocr_carea' id='block_1_1' title="bbox 665 541 1660 621">
    <p class='ocr_par' dir='ltr' id='par_1_1' title="bbox 665 541 1660 621">
     <span class='ocr_line' id='line_1_1' title="bbox 665 541 1660 621; baseline -0.002 0"><span class='ocrx_word' id='word_1_1' title='bbox 665 541 1288 621; x_wconf 73' lang='lat' dir='ltr'><strong>snncrtltnsltll.</strong></span> <span class='ocrx_word' id='word_1_2' title='bbox 1612 544 1660 619; x_wconf 89' lang='lat'><strong>15</strong></span> 
     </span>
    </p>
   </div>
   <div class='ocr_carea' id='block_1_2' title="bbox 278 724 1988 3026">
    <p class='ocr_par' dir='ltr' id='par_1_2' title="bbox 278 724 1988 3026">
     <span class='ocr_line' id='line_1_2' title="bbox 392 724 967 821; baseline 0 -19"><span class='ocrx_word' id='word_1_3' title='bbox 392 724 579 803; x_wconf 88' lang='lat' dir='ltr'><strong>Sacerdos.</strong></span> <span class='ocrx_word' id='word_1_4' title='bbox 621 729 800 803; x_wconf 77' lang='lat' dir='ltr'><strong>Benedixit</strong></span> <span class='ocrx_word' id='word_1_5' title='bbox 825 731 967 821; x_wconf 82' lang='lat' dir='ltr'><strong>eum.†</strong></span> 
     </span>
     <span class='ocr_line' id='line_1_3' title="bbox 392 846 720 940; baseline -0.003 -22"><span class='ocrx_word' id='word_1_6' title='bbox 392 847 555 940; x_wconf 79' lang='lat' dir='ltr'><strong>Poprdas.</strong></span> <span class='ocrx_word' id='word_1_7' title='bbox 600 846 720 920; x_wconf 85' lang='lat' dir='ltr'><strong>Amen.</strong></span> 
     </span>
     <span class='ocr_line' id='line_1_4' title="bbox 392 961 1017 1051; baseline -0.002 -16"><span class='ocrx_word' id='word_1_8' title='bbox 392 962 577 1035; x_wconf 89' lang='lat' dir='ltr'><strong>Sacerdos.</strong></span> <span class='ocrx_word' id='word_1_9' title='bbox 620 961 849 1035; x_wconf 85' lang='lat' dir='ltr'><strong>Sanctificavit</strong></span> <span class='ocrx_word' id='word_1_10' title='bbox 875 963 1017 1051; x_wconf 82' lang='lat' dir='ltr'><strong>eum†</strong></span> 
     </span>
     <span class='ocr_line' id='line_1_5' title="bbox 390 1078 716 1174; baseline 0.006 -23"><span class='ocrx_word' id='word_1_11' title='bbox 390 1080 553 1174; x_wconf 73' lang='lat' dir='ltr'><strong>Populus.</strong></span> <span class='ocrx_word' id='word_1_12' title='bbox 594 1078 716 1153; x_wconf 82' lang='lat' dir='ltr'><strong>Amen.</strong></span> 
     </span>
     <span class='ocr_line' id='line_1_6' title="bbox 392 1190 1662 1289; baseline 0 -23"><span class='ocrx_word' id='word_1_13' title='bbox 392 1194 578 1267; x_wconf 88' lang='lat' dir='ltr'><strong>Sacerdos.</strong></span> <span class='ocrx_word' id='word_1_14' title='bbox 618 1192 793 1285; x_wconf 82' lang='lat' dir='ltr'><strong>Gustavit,</strong></span> <span class='ocrx_word' id='word_1_15' title='bbox 826 1202 860 1265; x_wconf 93' lang='lat' dir='ltr'><strong>et</strong></span> <span class='ocrx_word' id='word_1_16' title='bbox 887 1191 976 1265; x_wconf 81' lang='lat' dir='ltr'>dedit</span> <span class='ocrx_word' id='word_1_17' title='bbox 1008 1191 1178 1289; x_wconf 80' lang='lat' dir='ltr'><strong>discipulis</strong></span> <span class='ocrx_word' id='word_1_18' title='bbox 1211 1194 1281 1264; x_wconf 85' lang='lat' dir='ltr'><strong>suis</strong></span> <span class='ocrx_word' id='word_1_19' title='bbox 1314 1199 1349 1263; x_wconf 92' lang='lat' dir='ltr'><strong>et</strong></span> <span class='ocrx_word' id='word_1_20' title='bbox 1372 1190 1548 1287; x_wconf 83' lang='lat' dir='ltr'><strong>Apostolis</strong></span> <span class='ocrx_word' id='word_1_21' title='bbox 1575 1214 1662 1266; x_wconf 89' lang='lat' dir='ltr'><strong>san-</strong></span> 
     </span>
     <span class='ocr_line' id='line_1_7' title="bbox 283 1306 1662 1405; baseline 0.002 -27"><span class='ocrx_word' id='word_1_22' title='bbox 283 1311 349 1383; x_wconf 92' lang='lat' dir='ltr'><strong>ctis</strong></span> <span class='ocrx_word' id='word_1_23' title='bbox 377 1307 505 1400; x_wconf 78' lang='lat' dir='ltr'><strong>dicens,</strong></span> <span class='ocrx_word' id='word_1_24' title='bbox 530 1309 686 1405; x_wconf 86' lang='lat' dir='ltr'><strong>Accipite</strong></span> <span class='ocrx_word' id='word_1_25' title='bbox 712 1306 815 1381; x_wconf 84' lang='lat' dir='ltr'><strong>bibite</strong></span> <span class='ocrx_word' id='word_1_26' title='bbox 842 1331 889 1380; x_wconf 89' lang='lat' dir='ltr'><strong>ex</strong></span> <span class='ocrx_word' id='word_1_27' title='bbox 915 1331 958 1381; x_wconf 92' lang='lat' dir='ltr'><strong>eo</strong></span> <span class='ocrx_word' id='word_1_28' title='bbox 986 1330 1113 1382; x_wconf 89' lang='lat' dir='ltr'><strong>omnes.</strong></span> <span class='ocrx_word' id='word_1_29' title='bbox 1140 1307 1204 1380; x_wconf 87' lang='lat' dir='ltr'><strong>Hic</strong></span> <span class='ocrx_word' id='word_1_30' title='bbox 1231 1317 1284 1380; x_wconf 84' lang='lat' dir='ltr'><strong>est</strong></span> <span class='ocrx_word' id='word_1_31' title='bbox 1310 1309 1398 1379; x_wconf 90' lang='lat' dir='ltr'><strong>enirn</strong></span> <span class='ocrx_word' id='word_1_32' title='bbox 1415 1309 1553 1400; x_wconf 80' lang='lat' dir='ltr'><strong>sanguis</strong></span> <span class='ocrx_word' id='word_1_33' title='bbox 1567 1332 1662 1381; x_wconf 91' lang='lat' dir='ltr'><strong>meus</strong></span> 
     </span>
     <span class='ocr_line' id='line_1_8' title="bbox 281 1423 1663 1522; baseline 0.001 -25"><span class='ocrx_word' id='word_1_34' title='bbox 281 1428 369 1498; x_wconf 84' lang='lat' dir='ltr'><strong>novi</strong></span> <span class='ocrx_word' id='word_1_35' title='bbox 395 1426 602 1499; x_wconf 86' lang='lat' dir='ltr'><strong>Testamenti</strong></span> <span class='ocrx_word' id='word_1_36' title='bbox 629 1429 686 1521; x_wconf 90' lang='lat' dir='ltr'><strong>qui</strong></span> <span class='ocrx_word' id='word_1_37' title='bbox 712 1424 886 1498; x_wconf 81' lang='lat' dir='ltr'><strong>effunditur</strong></span> <span class='ocrx_word' id='word_1_38' title='bbox 911 1447 974 1522; x_wconf 94' lang='lat' dir='ltr'><strong>pro</strong></span> <span class='ocrx_word' id='word_1_39' title='bbox 990 1424 1104 1515; x_wconf 76' lang='lat' dir='ltr'><strong>vobis,</strong></span> <span class='ocrx_word' id='word_1_40' title='bbox 1131 1431 1165 1496; x_wconf 90' lang='lat' dir='ltr'><strong>et</strong></span> <span class='ocrx_word' id='word_1_41' title='bbox 1176 1444 1238 1519; x_wconf 92' lang='lat' dir='ltr'><strong>pro</strong></span> <span class='ocrx_word' id='word_1_42' title='bbox 1253 1423 1363 1496; x_wconf 89' lang='lat' dir='ltr'><strong>multis</strong></span> <span class='ocrx_word' id='word_1_43' title='bbox 1380 1425 1412 1494; x_wconf 92' lang='lat' dir='ltr'><strong>in</strong></span> <span class='ocrx_word' id='word_1_44' title='bbox 1430 1425 1663 1498; x_wconf 88' lang='lat' dir='ltr'><strong>remissionem</strong></span> 
     </span>
     <span class='ocr_line' id='line_1_9' title="bbox 282 1540 1125 1637; baseline -0.004 -24"><span class='ocrx_word' id='word_1_45' title='bbox 282 1552 522 1637; x_wconf 83' lang='lat' dir='ltr'><strong>peccatorum3</strong></span> <span class='ocrx_word' id='word_1_46' title='bbox 547 1540 614 1614; x_wconf 86' lang='lat' dir='ltr'><strong>hoc</strong></span> <span class='ocrx_word' id='word_1_47' title='bbox 639 1541 741 1614; x_wconf 84' lang='lat' dir='ltr'><strong>facite</strong></span> <span class='ocrx_word' id='word_1_48' title='bbox 767 1546 802 1614; x_wconf 94' lang='lat' dir='ltr'><strong>iu</strong></span> <span class='ocrx_word' id='word_1_49' title='bbox 827 1544 894 1613; x_wconf 92' lang='lat' dir='ltr'><strong>mei</strong></span> <span class='ocrx_word' id='word_1_50' title='bbox 919 1542 1125 1613; x_wconf 84' lang='lat' dir='ltr'><strong>memoriam.</strong></span> 
     </span>
     <span class='ocr_line' id='line_1_10' title="bbox 391 1656 1663 1751; baseline -0.003 -22"><span class='ocrx_word' id='word_1_51' title='bbox 391 1657 569 1729; x_wconf 87' lang='lat' dir='ltr'><strong>Sacerdos</strong></span> <span class='ocrx_word' id='word_1_52' title='bbox 593 1657 736 1729; x_wconf 70' lang='lat' dir='ltr'><strong>calicem</strong></span> <span class='ocrx_word' id='word_1_53' title='bbox 761 1660 798 1727; x_wconf 82' lang='lat' dir='ltr'><strong>in</strong></span> <span class='ocrx_word' id='word_1_54' title='bbox 825 1660 939 1729; x_wconf 63' lang='lat' dir='ltr'><strong>maan</strong></span> <span class='ocrx_word' id='word_1_55' title='bbox 960 1662 1109 1751; x_wconf 73' lang='lat' dir='ltr'><strong>sannam</strong></span> <span class='ocrx_word' id='word_1_56' title='bbox 1133 1656 1289 1744; x_wconf 80' lang='lat' dir='ltr'><strong>manebit,</strong></span> <span class='ocrx_word' id='word_1_57' title='bbox 1317 1659 1369 1726; x_wconf 84' lang='lat' dir='ltr'><strong>ita</strong></span> <span class='ocrx_word' id='word_1_58' title='bbox 1396 1662 1507 1727; x_wconf 77' lang='lat' dir='ltr'><strong>tanen</strong></span> <span class='ocrx_word' id='word_1_59' title='bbox 1533 1662 1571 1726; x_wconf 87' lang='lat' dir='ltr'><strong>at</strong></span> <span class='ocrx_word' id='word_1_60' title='bbox 1595 1679 1663 1729; x_wconf 83' lang='lat' dir='ltr'><strong>non</strong></span> 
     </span>
     <span class='ocr_line' id='line_1_11' title="bbox 284 1762 1011 1870; baseline -0.001 -25"><span class='ocrx_word' id='word_1_61' title='bbox 284 1776 404 1870; x_wconf 66' lang='lat' dir='ltr'><strong>aptat.</strong></span> <span class='ocrx_word' id='word_1_62' title='bbox 1007 1762 1011 1767; x_wconf 79' lang='grc'>’</span> 
     </span>
     <span class='ocr_line' id='line_1_12' title="bbox 393 1886 1076 1983; baseline 0.001 -23"><span class='ocrx_word' id='word_1_63' title='bbox 393 1888 547 1983; x_wconf 70' lang='lat' dir='ltr'><strong>Papulas</strong></span> <span class='ocrx_word' id='word_1_64' title='bbox 574 1889 674 1959; x_wconf 82' lang='lat' dir='ltr'><strong>dicet.</strong></span> <span class='ocrx_word' id='word_1_65' title='bbox 700 1887 824 1978; x_wconf 77' lang='lat' dir='ltr'><strong>Arnen,</strong></span> <span class='ocrx_word' id='word_1_66' title='bbox 849 1886 915 1960; x_wconf 89' lang='lat' dir='ltr'><strong>hoc</strong></span> <span class='ocrx_word' id='word_1_67' title='bbox 940 1889 986 1960; x_wconf 90' lang='lat' dir='ltr'><strong>ita</strong></span> <span class='ocrx_word' id='word_1_68' title='bbox 1014 1898 1076 1961; x_wconf 87' lang='lat' dir='ltr'><strong>est.</strong></span> 
     </span>
     <span class='ocr_line' id='line_1_13' title="bbox 390 2002 1662 2099; baseline 0.002 -25"><span class='ocrx_word' id='word_1_69' title='bbox 390 2003 575 2078; x_wconf 87' lang='lat' dir='ltr'><strong>Sacerdos.</strong></span> <span class='ocrx_word' id='word_1_70' title='bbox 612 2006 896 2098; x_wconf 77' lang='lat' dir='ltr'><strong>Quotiescumque</strong></span> <span class='ocrx_word' id='word_1_71' title='bbox 928 2003 1168 2077; x_wconf 84' lang='lat' dir='ltr'><strong>manducabitis</strong></span> <span class='ocrx_word' id='word_1_72' title='bbox 1196 2025 1243 2076; x_wconf 82' lang='lat' dir='ltr'><strong>ex</strong></span> <span class='ocrx_word' id='word_1_73' title='bbox 1267 2002 1334 2075; x_wconf 91' lang='lat' dir='ltr'><strong>hoc</strong></span> <span class='ocrx_word' id='word_1_74' title='bbox 1359 2025 1461 2099; x_wconf 83' lang='lat' dir='ltr'><strong>pane,</strong></span> <span class='ocrx_word' id='word_1_75' title='bbox 1488 2012 1523 2075; x_wconf 90' lang='lat' dir='ltr'><strong>et</strong></span> <span class='ocrx_word' id='word_1_76' title='bbox 1540 2002 1662 2078; x_wconf 86' lang='lat' dir='ltr'><strong>bibetis</strong></span> 
     </span>
     <span class='ocr_line' id='line_1_14' title="bbox 283 2118 1664 2211; baseline 0.001 -18"><span class='ocrx_word' id='word_1_77' title='bbox 283 2143 335 2193; x_wconf 83' lang='lat' dir='ltr'><strong>ex</strong></span> <span class='ocrx_word' id='word_1_78' title='bbox 358 2118 424 2193; x_wconf 86' lang='lat' dir='ltr'><strong>hoc</strong></span> <span class='ocrx_word' id='word_1_79' title='bbox 450 2121 570 2211; x_wconf 78' lang='lat' dir='ltr'><strong>calice,</strong></span> <span class='ocrx_word' id='word_1_80' title='bbox 596 2129 737 2193; x_wconf 89' lang='lat' dir='ltr'><strong>mortem</strong></span> <span class='ocrx_word' id='word_1_81' title='bbox 763 2142 874 2191; x_wconf 88' lang='lat' dir='ltr'><strong>meam</strong></span> <span class='ocrx_word' id='word_1_82' title='bbox 909 2118 1150 2193; x_wconf 73' lang='lat' dir='ltr'><strong>annunciabitis</strong></span> <span class='ocrx_word' id='word_1_83' title='bbox 1183 2129 1217 2190; x_wconf 89' lang='lat' dir='ltr'><strong>et</strong></span> <span class='ocrx_word' id='word_1_84' title='bbox 1246 2120 1528 2197; x_wconf 83' lang='lat' dir='ltr'><strong>resurrectionem</strong></span> <span class='ocrx_word' id='word_1_85' title='bbox 1554 2143 1664 2194; x_wconf 89' lang='lat' dir='ltr'><strong>meam</strong></span> 
     </span>
     <span class='ocr_line' id='line_1_15' title="bbox 283 2233 1315 2330; baseline -0.003 -21"><span class='ocrx_word' id='word_1_86' title='bbox 283 2234 532 2327; x_wconf 80' lang='lat' dir='ltr'><strong>confitebimini,</strong></span> <span class='ocrx_word' id='word_1_87' title='bbox 558 2238 691 2330; x_wconf 86' lang='lat' dir='ltr'><strong>meique</strong></span> <span class='ocrx_word' id='word_1_88' title='bbox 717 2254 885 2307; x_wconf 89' lang='lat' dir='ltr'><strong>memores</strong></span> <span class='ocrx_word' id='word_1_89' title='bbox 913 2237 1006 2307; x_wconf 85' lang='lat' dir='ltr'><strong>eritis</strong></span> <span class='ocrx_word' id='word_1_90' title='bbox 1034 2233 1142 2306; x_wconf 91' lang='lat' dir='ltr'><strong>donec</strong></span> <span class='ocrx_word' id='word_1_91' title='bbox 1168 2236 1315 2308; x_wconf 82' lang='lat' dir='ltr'><strong>veniam.</strong></span> 
     </span>
     <span class='ocr_line' id='line_1_16' title="bbox 389 2348 1988 2447; baseline -0.001 -25"><span class='ocrx_word' id='word_1_92' title='bbox 389 2352 553 2447; x_wconf 77' lang='lat' dir='ltr'><strong>Papulas.</strong></span> <span class='ocrx_word' id='word_1_93' title='bbox 580 2352 725 2425; x_wconf 85' lang='lat' dir='ltr'><strong>Mortem</strong></span> <span class='ocrx_word' id='word_1_94' title='bbox 750 2361 841 2424; x_wconf 88' lang='lat' dir='ltr'><strong>tuam</strong></span> <span class='ocrx_word' id='word_1_95' title='bbox 867 2352 1104 2425; x_wconf 87' lang='lat' dir='ltr'><strong>annunciamus</strong></span> <span class='ocrx_word' id='word_1_96' title='bbox 1130 2350 1294 2442; x_wconf 81' lang='lat' dir='ltr'><strong>Domine,</strong></span> <span class='ocrx_word' id='word_1_97' title='bbox 1320 2360 1355 2422; x_wconf 91' lang='lat' dir='ltr'><strong>et</strong></span> <span class='ocrx_word' id='word_1_98' title='bbox 1378 2353 1663 2424; x_wconf 73' lang='lat' dir='ltr'><strong>resurrectionem</strong></span> <span class='ocrx_word' id='word_1_99' title='bbox 1713 2348 1767 2405; x_wconf 75' lang='grc' dir='ltr'><strong>Τόν</strong></span> <span class='ocrx_word' id='word_1_100' title='bbox 1796 2352 1913 2405; x_wconf 52' lang='lat' dir='ltr'><strong>tim&amp;</strong></span> <span class='ocrx_word' id='word_1_101' title='bbox 1942 2374 1988 2406; x_wconf 76' lang='grc' dir='ltr'><strong>σον</strong></span> 
     </span>
     <span class='ocr_line' id='line_1_17' title="bbox 281 2437 1971 2542; baseline -0.001 -51"><span class='ocrx_word' id='word_1_102' title='bbox 281 2477 375 2542; x_wconf 60' lang='lat' dir='ltr'><strong>mam</strong></span> <span class='ocrx_word' id='word_1_103' title='bbox 401 2467 606 2541; x_wconf 49' lang='lat' dir='ltr'>confitemur·</span> <span class='ocrx_word' id='word_1_104' title='bbox 1680 2437 1751 2510; x_wconf 72' lang='grc' dir='ltr'><strong><em>κύριε</em></strong></span> <span class='ocrx_word' id='word_1_105' title='bbox 1764 2443 1971 2513; x_wconf 70' lang='grc' dir='ltr'><strong>καταγγέλλομεν.</strong></span> 
     </span>
     <span class='ocr_line' id='line_1_18' title="bbox 388 2582 1663 2679; baseline 0.001 -24"><span class='ocrx_word' id='word_1_106' title='bbox 388 2583 573 2655; x_wconf 76' lang='lat' dir='ltr'><strong>Sacerdos.</strong></span> <span class='ocrx_word' id='word_1_107' title='bbox 614 2582 811 2655; x_wconf 85' lang='lat' dir='ltr'><strong>Memoriam</strong></span> <span class='ocrx_word' id='word_1_108' title='bbox 844 2584 973 2674; x_wconf 84' lang='lat' dir='ltr'><strong>agimus</strong></span> <span class='ocrx_word' id='word_1_109' title='bbox 999 2584 1168 2679; x_wconf 88' lang='lat' dir='ltr'><strong>passionis</strong></span> <span class='ocrx_word' id='word_1_110' title='bbox 1195 2583 1269 2673; x_wconf 89' lang='lat' dir='ltr'><strong>ejus</strong></span> <span class='ocrx_word' id='word_1_111' title='bbox 1301 2590 1463 2671; x_wconf 84' lang='lat' dir='ltr'><strong>sanctae,</strong></span> <span class='ocrx_word' id='word_1_112' title='bbox 1500 2605 1663 2656; x_wconf 87' lang='lat' dir='ltr'><strong>resurre-</strong></span> 
     </span>
     <span class='ocr_line' id='line_1_19' title="bbox 280 2697 1664 2793; baseline 0 -21"><span class='ocrx_word' id='word_1_113' title='bbox 280 2702 404 2772; x_wconf 89' lang='lat' dir='ltr'><strong>ctionis</strong></span> <span class='ocrx_word' id='word_1_114' title='bbox 432 2703 505 2792; x_wconf 88' lang='lat' dir='ltr'><strong>ejus</strong></span> <span class='ocrx_word' id='word_1_115' title='bbox 533 2724 553 2771; x_wconf 93' lang='lat' dir='ltr'><strong>a</strong></span> <span class='ocrx_word' id='word_1_116' title='bbox 580 2701 736 2789; x_wconf 80' lang='lat' dir='ltr'><strong>mortuis,</strong></span> <span class='ocrx_word' id='word_1_117' title='bbox 763 2701 970 2772; x_wconf 87' lang='lat' dir='ltr'><strong>ascensionis</strong></span> <span class='ocrx_word' id='word_1_118' title='bbox 997 2701 1031 2770; x_wconf 90' lang='lat' dir='ltr'><strong>in</strong></span> <span class='ocrx_word' id='word_1_119' title='bbox 1059 2697 1208 2789; x_wconf 86' lang='lat' dir='ltr'><strong>coelum,</strong></span> <span class='ocrx_word' id='word_1_120' title='bbox 1235 2706 1270 2769; x_wconf 91' lang='lat' dir='ltr'><strong>et</strong></span> <span class='ocrx_word' id='word_1_121' title='bbox 1300 2700 1464 2771; x_wconf 85' lang='lat' dir='ltr'><strong>sessionis</strong></span> <span class='ocrx_word' id='word_1_122' title='bbox 1490 2701 1593 2793; x_wconf 91' lang='lat' dir='ltr'><strong>ipsius</strong></span> <span class='ocrx_word' id='word_1_123' title='bbox 1621 2701 1664 2772; x_wconf 93' lang='lat' dir='ltr'><strong>ad</strong></span> 
     </span>
     <span class='ocr_line' id='line_1_20' title="bbox 281 2812 1663 2909; baseline -0.001 -22"><span class='ocrx_word' id='word_1_124' title='bbox 281 2815 460 2887; x_wconf 83' lang='lat' dir='ltr'><strong>dexteram</strong></span> <span class='ocrx_word' id='word_1_125' title='bbox 485 2825 587 2905; x_wconf 80' lang='lat' dir='ltr'><strong>tuam,</strong></span> <span class='ocrx_word' id='word_1_126' title='bbox 616 2839 637 2888; x_wconf 94' lang='lat' dir='ltr'><strong>o</strong></span> <span class='ocrx_word' id='word_1_127' title='bbox 663 2813 783 2886; x_wconf 91' lang='lat' dir='ltr'><strong>Pater:</strong></span> <span class='ocrx_word' id='word_1_128' title='bbox 812 2812 950 2885; x_wconf 90' lang='lat' dir='ltr'><strong>secundi</strong></span> <span class='ocrx_word' id='word_1_129' title='bbox 970 2817 1069 2886; x_wconf 87' lang='lat' dir='ltr'><strong>etiam</strong></span> <span class='ocrx_word' id='word_1_130' title='bbox 1096 2815 1243 2909; x_wconf 88' lang='lat' dir='ltr'><strong>ipsiuse</strong></span> <span class='ocrx_word' id='word_1_131' title='bbox 1270 2812 1369 2884; x_wconf 89' lang='lat' dir='ltr'><strong>coelo</strong></span> <span class='ocrx_word' id='word_1_132' title='bbox 1393 2813 1560 2887; x_wconf 87' lang='lat' dir='ltr'><strong>adventus</strong></span> <span class='ocrx_word' id='word_1_133' title='bbox 1587 2824 1663 2887; x_wconf 94' lang='lat' dir='ltr'><strong>ter-</strong></span> 
     </span>
     <span class='ocr_line' id='line_1_21' title="bbox 278 2927 1664 3026; baseline 0.001 -24"><span class='ocrx_word' id='word_1_134' title='bbox 278 2929 388 3003; x_wconf 82' lang='lat' dir='ltr'><strong>ribilis</strong></span> <span class='ocrx_word' id='word_1_135' title='bbox 428 2941 462 3002; x_wconf 89' lang='lat' dir='ltr'><strong>et</strong></span> <span class='ocrx_word' id='word_1_136' title='bbox 496 2930 606 3024; x_wconf 82' lang='lat' dir='ltr'><strong>gloria</strong></span> <span class='ocrx_word' id='word_1_137' title='bbox 642 2928 843 3026; x_wconf 69' lang='lat' dir='ltr'><strong>plenissimi‚</strong></span> <span class='ocrx_word' id='word_1_138' title='bbox 878 2929 1114 3023; x_wconf 81' lang='lat' dir='ltr'><strong>offerimusque</strong></span> <span class='ocrx_word' id='word_1_139' title='bbox 1148 2927 1206 3000; x_wconf 88' lang='lat' dir='ltr'><strong>tibi</strong></span> <span class='ocrx_word' id='word_1_140' title='bbox 1241 2927 1327 3000; x_wconf 88' lang='lat' dir='ltr'><strong>haec</strong></span> <span class='ocrx_word' id='word_1_141' title='bbox 1362 2928 1451 3002; x_wconf 90' lang='lat' dir='ltr'><strong>dona</strong></span> <span class='ocrx_word' id='word_1_142' title='bbox 1487 2953 1534 3002; x_wconf 86' lang='lat' dir='ltr'><strong>ex</strong></span> <span class='ocrx_word' id='word_1_143' title='bbox 1564 2930 1664 3003; x_wconf 88' lang='lat' dir='ltr'><strong>bonis</strong></span> 
     </span>
    </p>
   </div>
   <div class='ocr_carea' id='block_1_3' title="bbox 278 3042 1401 3235">
    <p class='ocr_par' dir='ltr' id='par_1_3' title="bbox 278 3042 1401 3235">
     <span class='ocr_line' id='line_1_22' title="bbox 278 3042 1219 3144; baseline -0.005 -23"><span class='ocrx_word' id='word_1_144' title='bbox 278 3051 361 3137; x_wconf 79' lang='lat' dir='ltr'><strong>tuis,</strong></span> <span class='ocrx_word' id='word_1_145' title='bbox 388 3068 451 3144; x_wconf 89' lang='lat' dir='ltr'><strong>pro</strong></span> <span class='ocrx_word' id='word_1_146' title='bbox 478 3045 645 3138; x_wconf 80' lang='lat' dir='ltr'><strong>omuibus,</strong></span> <span class='ocrx_word' id='word_1_147' title='bbox 671 3068 719 3117; x_wconf 84' lang='lat' dir='ltr'><strong>ex</strong></span> <span class='ocrx_word' id='word_1_148' title='bbox 744 3044 909 3138; x_wconf 81' lang='lat' dir='ltr'><strong>omnibus,</strong></span> <span class='ocrx_word' id='word_1_149' title='bbox 937 3056 971 3118; x_wconf 95' lang='lat' dir='ltr'><strong>et</strong></span> <span class='ocrx_word' id='word_1_150' title='bbox 996 3050 1031 3118; x_wconf 90' lang='lat' dir='ltr'><strong>in</strong></span> <span class='ocrx_word' id='word_1_151' title='bbox 1056 3042 1219 3117; x_wconf 88' lang='lat' dir='ltr'><strong>omnihus.</strong></span> 
     </span>
     <span class='ocr_line' id='line_1_23' title="bbox 387 3160 1401 3235; baseline -0.003 -1"><span class='ocrx_word' id='word_1_152' title='bbox 387 3164 576 3235; x_wconf 79' lang='lat' dir='ltr'><strong>Diaconos.</strong></span> <span class='ocrx_word' id='word_1_153' title='bbox 616 3160 770 3234; x_wconf 82' lang='lat' dir='ltr'><strong>Adorata</strong></span> <span class='ocrx_word' id='word_1_154' title='bbox 796 3161 906 3233; x_wconf 90' lang='lat' dir='ltr'><strong>Deum</strong></span> <span class='ocrx_word' id='word_1_155' title='bbox 933 3184 1008 3234; x_wconf 91' lang='lat' dir='ltr'><strong>oum</strong></span> <span class='ocrx_word' id='word_1_156' title='bbox 1034 3164 1156 3234; x_wconf 89' lang='lat' dir='ltr'><strong>timore</strong></span> <span class='ocrx_word' id='word_1_157' title='bbox 1183 3171 1217 3233; x_wconf 92' lang='lat' dir='ltr'><strong>et</strong></span> <span class='ocrx_word' id='word_1_158' title='bbox 1243 3170 1401 3232; x_wconf 86' lang='lat' dir='ltr'><strong>tremore.</strong></span> 
     </span>
    </p>
   </div>
   <div class='ocr_carea' id='block_1_4' title="bbox 680 3417 1265 3491">
    <p class='ocr_par' dir='ltr' id='par_1_4' title="bbox 680 3417 1265 3491">
     <span class='ocr_line' id='line_1_24' title="bbox 680 3417 1265 3491; baseline 0.003 -2"><span class='ocrx_word' id='word_1_159' title='bbox 680 3417 857 3489; x_wconf 79' lang='lat' dir='ltr'><strong>Sacerdos</strong></span> <span class='ocrx_word' id='word_1_160' title='bbox 881 3418 974 3488; x_wconf 82' lang='lat' dir='ltr'><strong>dicet</strong></span> <span class='ocrx_word' id='word_1_161' title='bbox 998 3418 1265 3491; x_wconf 83' lang='lat' dir='ltr'><strong>Inoocationem.</strong></span> 
     </span>
    </p>
   </div>
   <div class='ocr_carea' id='block_1_5' title="bbox 183 3620 2110 5113">
    <p class='ocr_par' dir='ltr' id='par_1_5' title="bbox 183 3620 2110 5113">
     <span class='ocr_line' id='line_1_25' title="bbox 386 3620 1865 3722; baseline -0.005 -23"><span class='ocrx_word' id='word_1_162' title='bbox 386 3626 561 3720; x_wconf 86' lang='lat' dir='ltr'><strong>Rogamus</strong></span> <span class='ocrx_word' id='word_1_163' title='bbox 587 3634 644 3715; x_wconf 79' lang='lat' dir='ltr'><strong>te,</strong></span> <span class='ocrx_word' id='word_1_164' title='bbox 671 3620 803 3695; x_wconf 79' lang='lat' dir='ltr'><strong>Christe</strong></span> <span class='ocrx_word' id='word_1_165' title='bbox 819 3623 913 3694; x_wconf 90' lang='lat' dir='ltr'><strong>Deus</strong></span> <span class='ocrx_word' id='word_1_166' title='bbox 940 3633 1067 3713; x_wconf 83' lang='lat' dir='ltr'><strong>noster,</strong></span> <span class='ocrx_word' id='word_1_167' title='bbox 1093 3646 1158 3697; x_wconf 89' lang='lat' dir='ltr'><strong>nos</strong></span> <span class='ocrx_word' id='word_1_168' title='bbox 1184 3631 1382 3722; x_wconf 85' lang='lat' dir='ltr'><strong>peccatores</strong></span> <span class='ocrx_word' id='word_1_169' title='bbox 1408 3623 1536 3715; x_wconf 81' lang='lat' dir='ltr'><strong>indigni</strong></span> <span class='ocrx_word' id='word_1_170' title='bbox 1571 3630 1665 3699; x_wconf 86' lang='lat' dir='ltr'><strong>servi</strong></span> <span class='ocrx_word' id='word_1_171' title='bbox 1710 3642 1865 3710; x_wconf 54' lang='lat' dir='ltr'><strong>’nutantia</strong></span> 
     </span>
     <span class='ocr_line' id='line_1_26' title="bbox 278 3736 1664 3838; baseline -0.001 -24"><span class='ocrx_word' id='word_1_172' title='bbox 278 3746 345 3833; x_wconf 71' lang='lat' dir='ltr'><strong>tui,</strong></span> <span class='ocrx_word' id='word_1_173' title='bbox 373 3752 407 3814; x_wconf 93' lang='lat' dir='ltr'><strong>et</strong></span> <span class='ocrx_word' id='word_1_174' title='bbox 433 3740 610 3814; x_wconf 89' lang='lat' dir='ltr'><strong>adoramus</strong></span> <span class='ocrx_word' id='word_1_175' title='bbox 637 3749 671 3812; x_wconf 93' lang='lat' dir='ltr'><strong>te</strong></span> <span class='ocrx_word' id='word_1_176' title='bbox 696 3762 759 3837; x_wconf 92' lang='lat' dir='ltr'><strong>per</strong></span> <span class='ocrx_word' id='word_1_177' title='bbox 783 3736 1030 3835; x_wconf 90' lang='lat' dir='ltr'><strong>beneplacitum</strong></span> <span class='ocrx_word' id='word_1_178' title='bbox 1055 3739 1215 3813; x_wconf 90' lang='lat' dir='ltr'><strong>bonitatis</strong></span> <span class='ocrx_word' id='word_1_179' title='bbox 1230 3749 1320 3832; x_wconf 73' lang='lat' dir='ltr'><strong>tuae,</strong></span> <span class='ocrx_word' id='word_1_180' title='bbox 1346 3748 1382 3811; x_wconf 93' lang='lat' dir='ltr'><strong>ut</strong></span> <span class='ocrx_word' id='word_1_181' title='bbox 1401 3738 1559 3812; x_wconf 89' lang='lat' dir='ltr'><strong>adveniat</strong></span> <span class='ocrx_word' id='word_1_182' title='bbox 1579 3740 1664 3838; x_wconf 88' lang='lat' dir='ltr'><strong>Spi-</strong></span> 
     </span>
     <span class='ocr_line' id='line_1_27' title="bbox 278 3848 2110 3967; baseline -0.002 -37"><span class='ocrx_word' id='word_1_183' title='bbox 278 3862 366 3931; x_wconf 85' lang='lat' dir='ltr'><strong>ritus</strong></span> <span class='ocrx_word' id='word_1_184' title='bbox 393 3853 528 3933; x_wconf 74' lang='lat' dir='ltr'><strong>sanetus</strong></span> <span class='ocrx_word' id='word_1_185' title='bbox 554 3869 629 3930; x_wconf 90' lang='lat' dir='ltr'><strong>tuns</strong></span> <span class='ocrx_word' id='word_1_186' title='bbox 656 3878 758 3952; x_wconf 88' lang='lat' dir='ltr'><strong>super</strong></span> <span class='ocrx_word' id='word_1_187' title='bbox 782 3876 865 3945; x_wconf 78' lang='lat' dir='ltr'><strong>nos,</strong></span> <span class='ocrx_word' id='word_1_188' title='bbox 893 3866 927 3928; x_wconf 90' lang='lat' dir='ltr'><strong>et</strong></span> <span class='ocrx_word' id='word_1_189' title='bbox 954 3854 1165 3951; x_wconf 89' lang='lat' dir='ltr'><strong>superhaec</strong></span> <span class='ocrx_word' id='word_1_190' title='bbox 1192 3855 1279 3928; x_wconf 90' lang='lat' dir='ltr'><strong>dona</strong></span> <span class='ocrx_word' id='word_1_191' title='bbox 1306 3858 1499 3953; x_wconf 82' lang='lat' dir='ltr'><strong>proposita,</strong></span> <span class='ocrx_word' id='word_1_192' title='bbox 1527 3864 1561 3927; x_wconf 89' lang='lat' dir='ltr'><strong>et</strong></span> <span class='ocrx_word' id='word_1_193' title='bbox 1579 3878 1665 3929; x_wconf 88' lang='lat' dir='ltr'><strong>san-</strong></span> <span class='ocrx_word' id='word_1_194' title='bbox 1713 3853 1753 3906; x_wconf 69' lang='lat'><strong>¹1⁶</strong></span> <span class='ocrx_word' id='word_1_195' title='bbox 1762 3851 1829 3955; x_wconf 61' lang='lat' dir='ltr'><strong>fni·</strong></span> <span class='ocrx_word' id='word_1_196' title='bbox 1838 3860 1867 3967; x_wconf 31' lang='grc' dir='ltr'><strong>,ζ’</strong></span> <span class='ocrx_word' id='word_1_197' title='bbox 1876 3848 1946 3949; x_wconf 49' lang='lat' dir='ltr'><strong>Gn„</strong></span> <span class='ocrx_word' id='word_1_198' title='bbox 2104 3940 2110 3947; x_wconf 27' lang='lat'>⁵</span> 
     </span>
     <span class='ocr_line' id='line_1_28' title="bbox 279 3935 1987 4092; baseline -0.004 -45"><span class='ocrx_word' id='word_1_199' title='bbox 279 3974 404 4048; x_wconf 85' lang='lat' dir='ltr'><strong>ctidcet</strong></span> <span class='ocrx_word' id='word_1_200' title='bbox 430 3997 492 4064; x_wconf 77' lang='lat' dir='ltr'><strong>ea,</strong></span> <span class='ocrx_word' id='word_1_201' title='bbox 519 3974 703 4069; x_wconf 87' lang='lat' dir='ltr'><strong>efficiatque</strong></span> <span class='ocrx_word' id='word_1_202' title='bbox 730 3994 771 4044; x_wconf 80' lang='lat' dir='ltr'><strong>eu</strong></span> <span class='ocrx_word' id='word_1_203' title='bbox 797 3970 923 4045; x_wconf 85' lang='lat' dir='ltr'><strong>Sancta</strong></span> <span class='ocrx_word' id='word_1_204' title='bbox 950 3970 1150 4044; x_wconf 85' lang='lat' dir='ltr'><strong>Sanctorum</strong></span> <span class='ocrx_word' id='word_1_205' title='bbox 1163 3980 1315 4044; x_wconf 79' lang='lat' dir='ltr'><strong>tuorum.</strong></span> <span class='ocrx_word' id='word_1_206' title='bbox 1677 3935 1886 4092; x_wconf 49' lang='lat' dir='ltr'><strong>{mm</strong></span> <span class='ocrx_word' id='word_1_207' title='bbox 1927 3954 1987 4002; x_wconf 70' lang='lat'><strong>“⁷¹⁰</strong></span> 
     </span>
     <span class='ocr_line' id='line_1_29' title="bbox 386 4086 1664 4180; baseline -0.002 -19"><span class='ocrx_word' id='word_1_208' title='bbox 386 4089 538 4162; x_wconf 76' lang='lat' dir='ltr'><strong>Habebit</strong></span> <span class='ocrx_word' id='word_1_209' title='bbox 561 4089 737 4162; x_wconf 77' lang='lat' dir='ltr'><strong>Sacerdos</strong></span> <span class='ocrx_word' id='word_1_210' title='bbox 762 4090 898 4158; x_wconf 87' lang='lat' dir='ltr'><strong>interea</strong></span> <span class='ocrx_word' id='word_1_211' title='bbox 923 4109 1041 4159; x_wconf 86' lang='lat' dir='ltr'><strong>manas</strong></span> <span class='ocrx_word' id='word_1_212' title='bbox 1067 4109 1241 4180; x_wconf 63' lang='lat' dir='ltr'><strong>smarnos</strong></span> <span class='ocrx_word' id='word_1_213' title='bbox 1273 4093 1308 4158; x_wconf 92' lang='lat' dir='ltr'><strong>et</strong></span> <span class='ocrx_word' id='word_1_214' title='bbox 1340 4109 1471 4159; x_wconf 76' lang='lat' dir='ltr'><strong>sarnam</strong></span> <span class='ocrx_word' id='word_1_215' title='bbox 1502 4086 1664 4173; x_wconf 62' lang='lat' dir='ltr'><strong>sabinas,</strong></span> 
     </span>
     <span class='ocr_line' id='line_1_30' title="bbox 278 4205 752 4301; baseline -0.008 -22"><span class='ocrx_word' id='word_1_216' title='bbox 278 4206 504 4301; x_wconf 76' lang='lat' dir='ltr'><strong>interpellans</strong></span> <span class='ocrx_word' id='word_1_217' title='bbox 524 4227 592 4299; x_wconf 86' lang='lat' dir='ltr'><strong>pro</strong></span> <span class='ocrx_word' id='word_1_218' title='bbox 619 4205 752 4297; x_wconf 80' lang='lat' dir='ltr'><strong>illapsa.</strong></span> 
     </span>
     <span class='ocr_line' id='line_1_31' title="bbox 385 4319 839 4415; baseline -0.009 -21"><span class='ocrx_word' id='word_1_219' title='bbox 385 4323 492 4394; x_wconf 82' lang='lat' dir='ltr'><strong>Dicet</strong></span> <span class='ocrx_word' id='word_1_220' title='bbox 513 4322 666 4415; x_wconf 78' lang='lat' dir='ltr'><strong>papatus.</strong></span> <span class='ocrx_word' id='word_1_221' title='bbox 719 4319 839 4393; x_wconf 83' lang='lat' dir='ltr'><strong>Amen.</strong></span> 
     </span>
     <span class='ocr_line' id='line_1_32' title="bbox 385 4432 1665 4530; baseline -0.005 -20"><span class='ocrx_word' id='word_1_222' title='bbox 385 4437 562 4511; x_wconf 85' lang='lat' dir='ltr'><strong>Sacerdos</strong></span> <span class='ocrx_word' id='word_1_223' title='bbox 587 4437 724 4510; x_wconf 81' lang='lat' dir='ltr'><strong>elevans</strong></span> <span class='ocrx_word' id='word_1_224' title='bbox 748 4456 875 4507; x_wconf 71' lang='lat' dir='ltr'><strong>rocem,</strong></span> <span class='ocrx_word' id='word_1_225' title='bbox 927 4432 972 4506; x_wconf 85' lang='lat' dir='ltr'><strong>Et</strong></span> <span class='ocrx_word' id='word_1_226' title='bbox 998 4455 1118 4530; x_wconf 90' lang='lat' dir='ltr'><strong>panem</strong></span> <span class='ocrx_word' id='word_1_227' title='bbox 1151 4435 1283 4530; x_wconf 83' lang='lat' dir='ltr'><strong>quidem</strong></span> <span class='ocrx_word' id='word_1_228' title='bbox 1315 4433 1420 4525; x_wconf 83' lang='lat' dir='ltr'><strong>hunc,</strong></span> <span class='ocrx_word' id='word_1_229' title='bbox 1456 4440 1509 4504; x_wconf 90' lang='lat' dir='ltr'><strong>ter</strong></span> <span class='ocrx_word' id='word_1_230' title='bbox 1541 4456 1665 4528; x_wconf 84' lang='lat' dir='ltr'><strong>panem</strong></span> 
     </span>
     <span class='ocr_line' id='line_1_33' title="bbox 281 4538 1666 4650; baseline -0.005 -25"><span class='ocrx_word' id='word_1_231' title='bbox 281 4576 385 4625; x_wconf 81' lang='lat' dir='ltr'><strong>cruce</strong></span> <span class='ocrx_word' id='word_1_232' title='bbox 410 4554 578 4650; x_wconf 59' lang='lat' dir='ltr'><strong>Sperabit,</strong></span> <span class='ocrx_word' id='word_1_233' title='bbox 603 4553 706 4625; x_wconf 81' lang='lat' dir='ltr'><strong>iaciat</strong></span> <span class='ocrx_word' id='word_1_234' title='bbox 731 4572 854 4647; x_wconf 84' lang='lat' dir='ltr'><strong>corpus</strong></span> <span class='ocrx_word' id='word_1_235' title='bbox 881 4538 1049 4644; x_wconf 64' lang='lat' dir='ltr'><strong>sanetum]</strong></span> <span class='ocrx_word' id='word_1_236' title='bbox 1075 4550 1257 4622; x_wconf 76' lang='lat' dir='ltr'><strong>inclinabit</strong></span> <span class='ocrx_word' id='word_1_237' title='bbox 1281 4557 1385 4644; x_wconf 82' lang='lat' dir='ltr'><strong>caput</strong></span> <span class='ocrx_word' id='word_1_238' title='bbox 1410 4574 1503 4623; x_wconf 77' lang='lat' dir='ltr'><strong>accan</strong></span> <span class='ocrx_word' id='word_1_239' title='bbox 1516 4556 1551 4621; x_wconf 89' lang='lat' dir='ltr'><strong>et</strong></span> <span class='ocrx_word' id='word_1_240' title='bbox 1564 4572 1666 4619; x_wconf 82' lang='lat' dir='ltr'><strong>mona</strong></span> 
     </span>
     <span class='ocr_line' id='line_1_34' title="bbox 281 4663 1664 4766; baseline -0.006 -25"><span class='ocrx_word' id='word_1_241' title='bbox 281 4691 409 4764; x_wconf 81' lang='lat' dir='ltr'><strong>carpes</strong></span> <span class='ocrx_word' id='word_1_242' title='bbox 434 4672 560 4758; x_wconf 82' lang='lat' dir='ltr'><strong>innuet,</strong></span> <span class='ocrx_word' id='word_1_243' title='bbox 588 4671 691 4766; x_wconf 88' lang='lat' dir='ltr'><strong>ipsius</strong></span> <span class='ocrx_word' id='word_1_244' title='bbox 719 4666 854 4740; x_wconf 87' lang='lat' dir='ltr'><strong>Domini</strong></span> <span class='ocrx_word' id='word_1_245' title='bbox 887 4666 952 4738; x_wconf 90' lang='lat' dir='ltr'><strong>Dei</strong></span> <span class='ocrx_word' id='word_1_246' title='bbox 987 4676 1021 4737; x_wconf 94' lang='lat' dir='ltr'><strong>et</strong></span> <span class='ocrx_word' id='word_1_247' title='bbox 1052 4665 1241 4740; x_wconf 84' lang='lat' dir='ltr'><strong>Salvatoris</strong></span> <span class='ocrx_word' id='word_1_248' title='bbox 1272 4669 1380 4740; x_wconf 89' lang='lat' dir='ltr'><strong>nostri</strong></span> <span class='ocrx_word' id='word_1_249' title='bbox 1411 4666 1494 4739; x_wconf 87' lang='lat' dir='ltr'><strong>Jesu</strong></span> <span class='ocrx_word' id='word_1_250' title='bbox 1529 4663 1664 4753; x_wconf 77' lang='lat' dir='ltr'><strong>Christi,</strong></span> 
     </span>
     <span class='ocr_line' id='line_1_35' title="bbox 183 4782 1666 4880; baseline -0.003 -23"><span class='ocrx_word' id='word_1_251' title='bbox 183 4790 189 4801; x_wconf 91' lang='lat'>&#39;</span> <span class='ocrx_word' id='word_1_252' title='bbox 280 4784 372 4880; x_wconf 87' lang='lat' dir='ltr'><strong>quod</strong></span> <span class='ocrx_word' id='word_1_253' title='bbox 398 4783 494 4858; x_wconf 89' lang='lat' dir='ltr'><strong>datur</strong></span> <span class='ocrx_word' id='word_1_254' title='bbox 526 4786 818 4859; x_wconf 88' lang='lat' dir='ltr'><strong>inremissionem</strong></span> <span class='ocrx_word' id='word_1_255' title='bbox 848 4792 1083 4879; x_wconf 87' lang='lat' dir='ltr'><strong>peccatorum,</strong></span> <span class='ocrx_word' id='word_1_256' title='bbox 1118 4793 1154 4855; x_wconf 89' lang='lat' dir='ltr'><strong>et</strong></span> <span class='ocrx_word' id='word_1_257' title='bbox 1184 4786 1288 4856; x_wconf 82' lang='lat' dir='ltr'><strong>vitam</strong></span> <span class='ocrx_word' id='word_1_258' title='bbox 1321 4793 1510 4874; x_wconf 80' lang='lat' dir='ltr'><strong>aeternam,</strong></span> <span class='ocrx_word' id='word_1_259' title='bbox 1543 4784 1575 4854; x_wconf 91' lang='lat' dir='ltr'><strong>ei</strong></span> <span class='ocrx_word' id='word_1_260' title='bbox 1610 4782 1666 4875; x_wconf 84' lang='lat' dir='ltr'><strong>qui</strong></span> 
     </span>
     <span class='ocr_line' id='line_1_36' title="bbox 277 4901 556 4999; baseline 0 -25"><span class='ocrx_word' id='word_1_261' title='bbox 277 4901 359 4974; x_wconf 86' lang='lat' dir='ltr'><strong>illud</strong></span> <span class='ocrx_word' id='word_1_262' title='bbox 384 4905 556 4999; x_wconf 87' lang='lat' dir='ltr'><strong>percipiet</strong></span> 
     </span>
     <span class='ocr_line' id='line_1_37' title="bbox 383 5017 692 5113; baseline -0.003 -24"><span class='ocrx_word' id='word_1_263' title='bbox 383 5019 546 5113; x_wconf 70' lang='lat' dir='ltr'><strong>Papulas.</strong></span> <span class='ocrx_word' id='word_1_264' title='bbox 572 5017 692 5089; x_wconf 85' lang='lat' dir='ltr'><strong>Amen.</strong></span> 
     </span>
    </p>
   </div>
   <div class='ocr_carea' id='block_1_6' title="bbox 332 5127 1456 5202">
    <p class='ocr_par' dir='ltr' id='par_1_6' title="bbox 332 5127 1456 5202">
     <span class='ocr_line' id='line_1_38' title="bbox 332 5127 1456 5202; baseline -0.002 -1"><span class='ocrx_word' id='word_1_265' title='bbox 332 5157 448 5202; x_wconf 74' lang='lat' dir='ltr'><strong>reuma</strong></span> <span class='ocrx_word' id='word_1_266' title='bbox 510 5191 514 5197; x_wconf 90' lang='lat'><em>.</em></span> <span class='ocrx_word' id='word_1_267' title='bbox 1407 5127 1456 5200; x_wconf 89' lang='lat'><strong>18</strong></span> 
     </span>
    </p>
   </div>
   <div class='ocr_carea' id='block_1_7' title="bbox 0 0 2268 6034">
    <p class='ocr_par' dir='ltr' id='par_1_7' title="bbox 0 0 2268 6034">
     <span class='ocr_line' id='line_1_39' title="bbox 0 0 2268 6034; baseline 0 2"><span class='ocrx_word' id='word_1_268' title='bbox 0 0 2268 6034; x_wconf 95' lang='lat' dir='ltr'><strong> </strong></span> 
     </span>
    </p>
   </div>
  </div>
 </body>
</html>
