4525 6034
1078 1184 1684 1374 ittuntur

738 1518 1274 1638 rouuursr
1347 1519 2018 1639 nusouuusro

1091 1842 1242 1913 Prinmm
1270 1841 1502 1912 mertanne
1528 1838 1695 1912 Ραεεηι.2

762 2033 879 2142 Dans
915 2064 1057 2157 largitor
1092 2066 1258 2155 caritatis,
1292 2076 1327 2136 et
1358 2065 1639 2160 aequanimitatis,
1679 2073 1713 2135 et
1745 2063 1841 2137 dator
1873 2068 1979 2137 animi
2006 2079 2057 2161 pet

691 2186 847 2254 virtutem
875 2184 1063 2278 compositi,
1091 2183 1147 2276 qni
1172 2180 1364 2253 mandatum·
1386 2202 1511 2254 novum
1545 2179 1665 2252 dedisti
1698 2178 1814 2271 nobis,
1846 2203 1911 2276 per
1943 2184 2057 2272 unige-

691 2303 794 2370 nitum
820 2296 940 2370 Fih'um
972 2308 1083 2385 tuum,
1119 2306 1155 2368 ut
1187 2297 1400 2389 diligeremus
1432 2299 1597 2370 invicem:
1629 2299 1714 2369 sicut
1748 2304 1783 2367 tu
1817 2317 1880 2369 nos
1915 2297 2056 2390 indiguos

693 2413 856 2502 dilexisti,
883 2423 918 2484 et
942 2436 1005 2509 pru
1033 2414 1102 2485 vita
1129 2422 1164 2484 et
1191 2411 1297 2485 salute
1323 2422 1438 2486 nostra
1463 2410 1585 2484 Filium
1610 2422 1701 2484 tuum
1727 2415 1933 2504 unigenitum
1959 2412 2057 2484 tradi-

692 2529 784 2618 disti3
812 2529 961 2601 concede
988 2528 1085 2602 nobis
1113 2532 1224 2601 serris
1251 2532 1316 2601 tuis
1342 2528 1502 2616 Domine,
1530 2536 1599 2600 totu
1628 2538 1778 2624 tempore
1804 2532 1896 2600 uitae
1932 2540 2057 2600 nostrae

692 2666 794 2740 super
820 2654 959 2738 terram,
987 2647 1169 2741 praecipue
1194 2667 1281 2718 veru
1307 2666 1395 2717 nunc
1422 2656 1456 2717 et
1481 2649 1515 2716 in
1542 2643 1686 2716 diversis
1712 2643 1969 2734 occasionibus,
2001 2666 2056 2716 co-

691 2762 870 2852 gitationes
907 2782 993 2855 quae
1027 2764 1093 2832 sint
1129 2759 1257 2856 ubsque
1291 2758 1358 2832 ulla
1392 2762 1584 2852 iujuriarum
1619 2764 1795 2848 memoria,
1828 2763 2056 2833 conscientian
2094 2773 2096 2778 “
2139 2765 2141 2774 ’

690 2881 795 2952 variis
823 2876 1095 2970 dispositionibus
1122 2897 1190 2948 non
1218 2875 1415 2967 obnoxiam3
1449 2878 1672 2970 cogitationes
1697 2874 1815 2949 fideles
1841 2878 1995 2966 animae,
2019 2873 2055 2947 ad

690 2995 830 3067 frauum
856 2991 1084 3083 dilectionem3
1119 3003 1154 3063 ut
1179 2991 1297 3065 dantes
1324 2991 1473 3065 osculum
1501 3002 1673 3082 sanctum,
1704 2991 1808 3083 longe
1843 2988 1991 3063 absimus
2021 2989 2055 3062 alr

690 3109 847 3206 exemplo
874 3107 1000 3179 Judae:
1028 3115 1062 3178 et
1087 3118 1244 3203 tanquam
1269 3106 1432 3202 Discipuli
1458 3116 1492 3178 et
1517 3107 1675 3202 Apostoli
1710 3110 1757 3179 tui
1789 3110 1913 3194 suncti,
1947 3129 2055 3205 pacem
2128 3187 2133 3206 Ι

689 3229 776 3296 inter
801 3246 865 3296 nos
893 3226 1037 3294 invicem
1063 3221 1200 3294 llrmiter
1226 3224 1420 3312 retinentes,
1447 3221 1701 3311 sanctificemus,
1730 3232 1828 3317 atque
1854 3227 1954 3295 etiarn
1982 3243 2055 3296 sau·

691 3340 890 3428 ctillcemur,
925 3337 1126 3410 mediatione
1159 3335 1302 3434 Spiritus
1338 3339 1383 3410 tui
1419 3341 1525 3410 sancti
1556 3360 1619 3434 per
1644 3337 1808 3411 Christum
1842 3335 1959 3410 Jesurn
1986 3339 2054 3410 Do-

689 3461 813 3527 minum
839 3443 1017 3541 nostrum,
1036 3475 1108 3524 cum
1139 3476 1205 3548 quo
1234 3462 1267 3524 te
1294 3452 1391 3525 decet
1417 3452 1543 3545 gloria,
1571 3451 1679 3526 honor
1706 3465 1740 3526 et
1765 3458 1958 3549 imperium,
1990 3473 2054 3526 cum

690 3568 815 3665 Spiritu
842 3581 898 3642 tuo
926 3572 1147 3642 sanctissimo.

793 3682 955 3775 Populus.
1006 3683 1129 3757 Amen.

792 3798 979 3870 Sacerdos.
1031 3800 1116 3871 Pax.

793 3912 955 4005 Papum.
1007 3913 1153 3986 Etcum
1181 3916 1297 4010 spiritu
1323 3925 1390 3986 tuo.
1463 3925 1465 3928 ’

792 4028 982 4100 Diaconos.
1035 4030 1102 4102 Det
1127 4052 1247 4125 pacem
1274 4033 1507 4127 unusquisque.

720 4145 724 4162 ¹
792 4143 954 4237 Populus.
1006 4144 1170 4238 Dignare,
1198 4156 1260 4218 etc.

791 4259 980 4331 Diocooua.
1033 4261 1128 4350 Post,
1156 4270 1219 4334 etc.

791 4374 953 4468 Populus.
1008 4373 1132 4449 Coram
1158 4385 1202 4447 te.

791 4489 978 4562 Sacerdos.
1032 4491 1108 4564 'libi
1135 4492 1279 4564 Domine
1307 4492 1502 4566 inclinamus
1518 4497 1627 4590 capita
1641 4503 1769 4585 nostra,
1797 4491 2048 4588 quandoquidem

688 4606 747 4679 tibi
774 4605 839 4678 soli
866 4627 980 4681 sumus
1007 4611 1187 4703 mancipati
1213 4630 1276 4704 per
1302 4612 1506 4682 servitutem·
1525 4621 1560 4682 et
1594 4611 1818 4683 ministerium.
1873 4609 1949 4681 ‘libi
1974 4610 2046 4679 enin

688 4724 795 4795 omnis
830 4731 1002 4811 creatura,
1029 4724 1193 4812 visibilis,
1229 4732 1264 4794 et
1299 4747 1385 4819 quae
1419 4724 1493 4798 sola
1526 4735 1636 4797 mente
1671 4724 1909 4822 comprehendi
1940 4731 2043 4822 post

688 4846 818 4908 tenetur
845 4849 944 4932 caput
970 4836 1129 4910 inclinare
1162 4847 1196 4911 et
1222 4844 1391 4912 cervicem
1425 4835 1615 4928 demittere,
1648 4844 1682 4913 in
1718 4846 1848 4935 signum
1882 4845 2042 4936 gratiarum

688 4954 837 5026 actionis.
891 4953 964 5028 Nos
992 4975 1125 5051 quoque
1151 4964 1291 5051 propter
1324 4979 1365 5029 ea
1392 4959 1502 5029 omnia
1536 4956 1655 5052 quibus
1687 4981 1707 5029 a
1741 4968 1774 5029 te
1810 4961 1963 5033 exornati
1992 4977 2042 5028 su·

687 5088 779 5158 mus,
807 5090 1015 5163 sermonem,
1049 5082 1083 5143 et
1115 5069 1383 5164 intelligentiam,
1416 5083 1451 5145 ct
1485 5095 1602 5147 munus
1634 5071 1814 5168 Evangelii
1851 5073 1970 5149 Christi
1997 5071 2038 5156 tri,
