4525 6034
578 601 619 676 IN
638 599 845 676 moxona
867 596 1062 675 coenent
1085 597 1116 673 S.
1138 595 1322 674 GREGORIL
1563 595 1662 722 289.

654 903 813 974 Ασονσίο
839 926 961 995 syrim
994 901 1138 974 Verbum
1163 901 1243 973 Dei.

351 1113 446 1192 Haec
467 1123 596 1186 Diaconi
619 1123 749 1187 hortatio
772 1125 801 1185 in
825 1122 930 1187 codice
953 1121 1072 1186 Graeco
1095 1141 1156 1186 non
1178 1123 1328 1185 occurrit:
1351 1124 1400 1203 pia
1423 1139 1497 1183 sane
1521 1128 1552 1184 ct
1574 1122 1641 1183 sio·

1689 913 1719 967 P.
1738 871 1786 967 32,
1801 915 1817 967 l.
1837 917 1881 971 18.

256 1229 385 1312 gularis,
410 1245 498 1309 quam
521 1246 560 1288 ex
583 1225 709 1306 Coptica
733 1226 834 1308 lingua
858 1225 895 1287 ad
919 1227 1045 1289 verbum
1068 1225 1257 1306 interpretati
1280 1242 1403 1302 sumus,
1427 1225 1638 1286 consentiente
1719 1225 1722 1240 '

257 1327 392 1389 Arabica
405 1327 557 1389 versione.
593 1323 627 1386 ln
644 1342 755 1386 unoex
771 1323 933 1386 Codicibus
957 1325 1070 1406 Regiis,
1095 1324 1174 1386 illius
1195 1323 1273 1385 aden
1296 1323 1409 1408 legitur
1437 1320 1564 1385 formula
1588 1320 1639 1382 illa

256 1425 405 1506 frequens
428 1424 563 1485 odorare
584 1423 681 1485 Derim
704 1443 771 1484 mum
785 1425 908 1485 umore:
932 1424 1012 1504 quod
1029 1421 1147 1485 Graece
1162 1439 1222 1484 non
1236 1422 1462 1503 pronuncietur,
1487 1427 1518 1482 ut
1534 1435 1638 1481 omnes

257 1524 382 1601 similes,
408 1539 474 1584 eam
497 1540 557 1584 non
580 1522 659 1584 adeo
682 1522 833 1601 antiquam
856 1540 928 1583 esse
956 1521 1129 1602 significare
1159 1520 1287 1582 videtur.
1333 1519 1407 1581 Erat
1437 1520 1466 1581 in
1490 1517 1638 1597 Scaligeri

259 1622 385 1701 Codice,
410 1620 464 1683 sed
487 1623 618 1702 pessime
641 1622 792 1700 interpres
815 1620 959 1683 reddidit:
983 1619 1077 1681 Orate
1096 1637 1156 1697 pro
1179 1637 1215 1681 eo
1237 1620 1288 1699 qui
1305 1625 1411 1697 portat
1431 1616 1556 1679 vebum
1570 1615 1638 1679 Dei.

514 1913 579 1999 Oni
607 1912 813 1984 benedixisti
839 1911 899 1982 nto
926 1919 1088 2005 tempore,
1117 1910 1261 1981 benedic
1287 1932 1385 1979 nunc.

366 2140 544 2218 Ssnnrnrix
567 2149 656 2231 hujus
679 2149 824 2211 orationis
848 2149 897 2230 pia
918 2148 1025 2227 valde,
1059 2156 1090 2212 et
1112 2147 1292 2229 purissimae
1316 2147 1503 2231 Theologiae
1531 2147 1639 2228 plena;

259 2273 369 2336 nempe
392 2262 425 2317 ut
448 2253 586 2316 Christus
608 2271 666 2333 per
688 2252 818 2314 divinam
841 2253 1104 2333 omnipotentiam,
1127 2249 1293 2315 secundum
1321 2250 1553 2330 promissionem
1575 2250 1640 2316 suis

260 2356 384 2419 factam:
413 2353 495 2415 Eece
524 2371 580 2432 eqo
609 2351 765 2413 nobiscum
786 2371 853 2414 sarna
875 2370 968 2432 usqam
990 2352 1033 2414 ed
1054 2351 1340 2414 mmummanmem
1362 2349 1497 2424 succidi,
1519 2356 1550 2411 et
1572 2350 1640 2412 sin·

259 2453 359 2537 gulari
380 2451 495 2534 [modo,
528 2469 584 2531 per
614 2451 890 2515 transmutationem
921 2452 1007 2531 panis
1037 2457 1067 2512 ct
1091 2451 1152 2512 vini
1190 2449 1222 2510 in
1257 2465 1368 2528 corpus
1397 2456 1428 2510 et
1460 2449 1640 2531 sanguinem

260 2571 346 2616 suum
369 2567 534 2632 praesens;
557 2550 734 2630 mysterium
757 2566 775 2608 a
797 2568 832 2612 se
856 2551 1020 2612 institutam
1043 2548 1196 2630 perficiat,
1226 2554 1257 2608 et
1286 2548 1316 2607 in
1340 2563 1378 2608 ao
1401 2548 1638 2611 consummando

261 2649 450 2712 invisibiliter
480 2655 635 2729 operetur.
679 2646 713 2709 ln
741 2648 876 2710 eamdem
907 2649 1087 2710 sententiam
1130 2646 1222 2708 multa
1260 2652 1423 2707 occurrunt
1451 2647 1481 2708 in
1510 2647 1640 2710 diversis

261 2748 467 2826 omhnnihus,
502 2756 639 2827 tempore
668 2745 883 2809 distributionis
912 2746 1120 2809 Eucharistiae
1147 2742 1328 2818 recitandis,
1359 2751 1418 2806 tam
1441 2742 1520 2825 apud
1543 2743 1640 2806 laco-

259 2847 339 2908 bitas
362 2863 451 2926 quam
474 2845 554 2926 apud
575 2844 782 2923 Nestorianos,
805 2852 838 2907 ut
860 2852 929 2908 sunt
951 2847 1017 2907 ista.
1061 2844 1127 2906 Hoc
1149 2845 1247 2922 iprum
1266 2860 1333 2902 esre
1343 2844 1518 2923 mysterium
1540 2843 1641 2904 mucis

260 2953 290 3007 et
312 2946 437 3006 ultimae
459 2962 590 3006 coenae:
612 2944 691 3004 bunc
713 2943 840 3004 culicem
862 2945 961 3023 iprum
984 2961 1051 3005 esse
1072 2961 1158 3023 quem
1182 2939 1321 3001 Christus
1333 2941 1462 3016 miscuit,
1486 2939 1639 3019 multaque

260 3041 377 3105 similia.

668 3300 791 3371 Oratio
816 3303 1002 3392 [rectionis
1029 3300 1076 3369 nd
1103 3298 1235 3368 Filium.

380 3524 417 3601 ln
440 3533 553 3598 Codice
576 3535 850 3598 Graeco-Arabico
873 3535 950 3596 aliae
973 3535 1051 3597 duas
1073 3543 1237 3598 eccununt
1260 3533 1423 3598 Orationes
1451 3534 1507 3597 sab
1531 3534 1640 3597 eodem

265 3638 353 3702 titulo
376 3633 436 3721 τῆς
457 3625 614 3712 uidesne,
637 3655 746 3717 nempe
769 3637 915 3699 dicendae
938 3640 1112 3718 priusquam
1144 3638 1242 3702 hostia
1270 3637 1300 3697 in
1329 3636 1505 3700 minutiores
1535 3644 1639 3718 partes

264 3738 439 3818 frangatur,
468 3735 507 3798 ad
529 3737 766 3799 communionem
789 3735 1033 3798 distribuendam.
1078 3736 1216 3814 Scilicet,
1247 3743 1280 3796 ut
1302 3734 1372 3797 alibi
1394 3736 1579 3812 monuimus,
1608 3736 1640 3798 in

264 3836 428 3919 liturgicis
452 3832 614 3896 Codicibus
636 3835 769 3915 scriptae
791 3843 861 3898 sunt
877 3835 1038 3899 Orationes
1060 3837 1212 3914 diversae,
1234 3835 1401 3898 secundum
1423 3834 1569 3898 festorum
1591 3835 1641 3897 di-

265 3937 452 4011 versitatem,
480 3941 531 3995 aut
554 3932 726 3997 Sacerdotis
755 3933 908 3997 arbitrium
934 3935 1092 3999 dicendae·
1138 3935 1197 3997 lsta
1226 3934 1346 3997 videtur
1376 3935 1542 4014 antiquior,
1572 3951 1641 3995 cum

263 4035 350 4115 prior
373 4033 483 4095 Graeci
505 4031 626 4095 Codicis
649 4032 837 4096 enucleatam
851 4033 1128 4116 monophysitarum
1143 4034 1297 4096 doctrinae
1318 4032 1541 4114 professionem
1562 4050 1641 4095 con-

264 4136 381 4196 tineat:
410 4131 440 4193 id
470 4150 545 4194 vero
575 4150 637 4195 nnn
664 4133 721 4194 nisi
751 4141 820 4213 post
850 4135 976 4195 scissam
1004 4152 1060 4215 per
1090 4132 1232 4196 Dioscori
1262 4141 1431 4204 sectatores
1461 4132 1640 4210 Ecclesiam,

263 4231 377 4294 factum
399 4249 469 4294 esse
491 4232 597 4311 potuit.
631 4230 727 4292 llabet
752 4239 849 4294 autem
872 4231 947 4294 haec
970 4234 1068 4297 oratic
1090 4233 1284 4295 obscuritatis
1307 4231 1448 4309 nonnihil,
1472 4246 1533 4291 non
1551 4228 1640 4293 modo

264 4332 348 4392 circa
371 4348 432 4407 res,
456 4329 511 4392 sed
534 4331 623 4392 etiam
645 4348 685 4391 ex
709 4330 774 4410 ipsa
796 4349 905 4394 vocum
928 4332 1042 4412 aliquot
1063 4333 1274 4414 ambiguitate,
1298 4350 1386 4413 quam
1400 4331 1538 4411 Coptitae
1554 4328 1640 4411 primi

264 4431 459 4510 interpretes,
481 4437 512 4491 et
535 4427 653 4491 Arabes
676 4446 738 4491 non
761 4431 834 4491 satis
858 4432 1049 4494 versionibus
1073 4433 1136 4495 sois
1159 4431 1395 4495 elucidaverunt.

355 4528 459 4590 Statim
481 4526 519 4589 ad
542 4527 691 4590 Christum
715 4528 833 4590 dicium.
862 4529 987 4592 Verbum
1010 4531 1192 4612 inteltiqibile
1206 4531 1336 4592 ethome
1355 4529 1503 4592 visibilis.-
1523 4527 1641 4588 Graece

264 4613 294 4686 ui
316 4612 392 4707 ibye
415 4613 450 4687 bv
472 4625 665 4712 προνοοῦσιν
685 4614 793 4703 αὐτόν,
817 4624 872 4688 καὶ
895 4617 1051 4714 ἄνθρωπε
1074 4617 1109 4692 ὃν
1131 4625 1381 4714 προθεωροῦσιν
1402 4614 1509 4689 αὐτόν.
1539 4624 1641 4688 Verba

264 4725 343 4788 haee
364 4742 426 4787 nnn
448 4726 520 4787 satis
535 4725 662 4802 Graeca,
685 4725 741 4787 sed
757 4727 821 4808 jam
843 4727 1012 4791 barbariem
1031 4728 1211 4803 redolentia,
1233 4726 1374 4790 videntur
1396 4726 1557 4807 antiquitus
1571 4741 1642 4788 essa
1705 4807 1712 4820 ·

264 4823 466 4903 interpolata,
497 4841 564 4885 cum
593 4824 757 4905 simplicius
788 4831 818 4887 et
848 4829 1017 4891 accuratius
1046 4828 1226 4892 sententiam
1248 4828 1421 4907 exprimere
1444 4823 1643 4888 Alexandrini

263 4922 308 4985 illi
331 4925 513 5003 potuissent,
536 4915 611 5007 ibye
632 4911 669 4988 ir
690 4923 827 5000 νοοῦσιν,
849 4913 1011 5011 ἄνθρωπε
1032 4912 1068 4990 ὃν
1089 4922 1285 5012 θεωροῦσιν,
1306 4944 1395 5007 quam
1416 4923 1515 4987 Arabs
1530 4924 1643 5005 primus

266 5025 421 5103 interpres
443 5031 528 5086 recte
552 5026 719 5104 expressit:
749 5025 872 5087 Verbum
894 5028 974 5106 meod
996 5027 1188 5107 inteltiqitar:
1211 5025 1298 5087 bomo
1321 5026 1374 5105 qni
1397 5025 1524 5086 videtin.
1560 5021 1645 5085 Duas
