4525 6034
454 611 844 692 teutonum
897 611 1344 692 SANCTORUM.
1511 615 1588 691 413

319 803 503 876 Sacerdos.
555 801 599 874 lit
625 801 764 874 calicem
790 805 905 889 istum,
940 801 1042 874 iaciat
1074 805 1271 894 sanguinem
1297 824 1414 898 purum
1442 812 1476 874 et
1502 824 1587 876 san·
1636 822 1736 892 rgnartn

216 932 314 1010 ctum,
342 923 537 1013 sanguinem
563 922 678 992 vivum
706 927 740 991 et
763 918 946 1005 vivificum,
973 922 1169 1010 sanguinem
1196 917 1422 1016 purificantem
1449 928 1483 990 et
1501 941 1588 992 san-

214 1038 423 1126 ctificantem,
450 1038 646 1128 sanguinem
672 1034 805 1107 Domini
832 1035 896 1106 Dei
922 1043 957 1105 et
982 1034 1162 1107 salvatoris
1197 1038 1304 1109 nostri
1335 1035 1419 1107 lesu
1452 1032 1587 1127 Christi,

215 1154 259 1227 ad
284 1155 515 1227 remissionem
541 1162 768 1248 peccatorum,
796 1160 830 1222 et
855 1154 958 1222 vitam
985 1161 1154 1224 aeternam
1181 1152 1418 1247 accipientibus
1445 1152 1545 1225 illum.

318 1269 480 1363 Populus.
532 1268 653 1341 Amen.

318 1384 502 1457 Sacerdos.
541 1383 614 1455 Hae
640 1386 740 1476 igitur
765 1386 1005 1480 mysteriorum,
1027 1381 1158 1455 illorum
1185 1383 1332 1458 illatione
1358 1383 1449 1476 digni
1467 1385 1588 1476 eliecti,

215 1512 251 1572 et
277 1500 383 1574 oeulis
409 1504 564 1573 mentium
590 1510 791 1587 nosuarum,
818 1502 969 1572 veritatis
984 1500 1227 1593 significatione
1243 1500 1425 1589 illustratis,
1453 1522 1587 1573 oramus

215 1627 250 1689 et
275 1616 504 1708 obsecramus,
530 1628 566 1690 nt
591 1617 675 1689 haec
700 1619 873 1713 proposita
900 1620 1061 1713 mysteria
1087 1619 1218 1712 prosint
1240 1617 1351 1709 nobis,
1378 1627 1412 1688 et
1430 1617 1487 1689 illa
1504 1639 1587 1690 sus-

216 1734 426 1829 cipientibus,
453 1733 496 1805 ad
523 1736 652 1806 animae
679 1732 896 1826 vigilantiam,
923 1731 966 1804 ad
993 1735 1148 1830 optimam
1177 1737 1331 1830 corporis
1352 1733 1587 1825 valetudinem,

216 1849 259 1923 ad
285 1854 573 1947 participationem
608 1872 726 1923 veram
759 1849 968 1945 adoptionis,
1001 1848 1044 1922 ad
1078 1852 1409 1923 communicationem
1444 1850 1587 1946 Spiritus

216 1970 334 2055 sancti,
361 1966 404 2039 ad
429 1965 666 2038 haereditatem
693 1970 790 2058 regni
815 1965 996 2052 coelorum,
1024 1965 1067 2038 ad
1089 1969 1322 2038 remissionem
1341 1964 1535 2040 delictorum
1555 1978 1589 2040 et

215 2094 451 2180 peccatorum,
479 2086 555 2178 quia
582 2081 627 2154 te‘
642 2081 740 2155 decet
765 2080 898 2156 bonitas
926 2093 960 2154 et
978 2080 1195 2175 benignitas,
1229 2081 1354 2177 tibique
1386 2081 1528 2175 gloriam
1555 2094 1589 2156 et

214 2199 349 2272 laudem
374 2199 561 2286 referimus,
588 2209 622 2270 et
647 2201 817 2291 unigenito
843 2199 929 2272 Filio
956 2210 1026 2288 tuo,
1062 2209 1095 2271 et
1121 2199 1258 2295 Spiritui
1282 2210 1340 2272 tuo
1367 2202 1587 2288 sanctissimo,

215 2314 319 2404 bono,
346 2327 380 2388 et
407 2314 587 2388 adorando.
1290 2341 1295 2348 ·

319 2431 494 2503 &certios
526 2431 718 2503 inclinatus.
758 2430 903 2525 Suscipe
929 2430 1128 2504 sacrificium
1154 2430 1219 2505 hoc
1244 2441 1405 2524 nostrum,
1432 2435 1587 2526 Domine,

216 2549 305 2645 quod
331 2559 454 2637 mente,
481 2545 589 2621 verbo
616 2558 650 2619 et
677 2550 786 2620 animo
814 2547 873 2620 tibi
900 2547 1053 2621 oliertur:
1079 2552 1262 2645 praecipue
1287 2570 1372 2621 vero
1400 2572 1462 2646 pro
1488 2562 1587 2624 tran-

215 2665 376 2762 quillitate
403 2673 437 2737 et
461 2687 547 2761 pace
573 2662 749 2737 Ecclesiae
775 2674 854 2737 tuae
880 2673 1031 2754 sanctae,
1056 2686 1120 2761 pro
1148 2665 1398 2739 confirmatione
1410 2668 1588 2741 Pastorum

215 2786 289 2875 ejus
313 2785 477 2874 justorum
505 2791 539 2852 et
565 2779 849 2868 Orthodoxorum,
876 2804 940 2878 pro
965 2780 1095 2853 honore
1122 2789 1156 2854 et
1181 2781 1386 2854 exaltatione
1411 2781 1588 2856 Sacerdo-

213 2908 283 2971 tun
311 2902 395 2991 ejus,
421 2921 483 2994 pro
510 2901 652 2994 puritate
679 2908 714 2969 et
739 2898 902 2971 modestia
928 2899 1166 2986 Diaconorum,
1193 2919 1256 2994 pro
1282 2901 1383 2971 venia
1411 2910 1445 2973 et
1460 2901 1587 2973 remis-

215 3020 312 3088 sione
342 3015 481 3088 tiliorum
517 3019 606 3109 ejus:
643 3037 705 3110 pro
737 3018 862 3086 unitate
893 3026 927 3087 et
959 3014 1140 3087 concordia
1167 3017 1469 3108 congregationum
1497 3019 1587 3108 ejus:

214 3152 278 3227 pro
304 3133 448 3203 victoria
474 3130 607 3224 Regum
632 3129 792 3202 fidelium:
819 3153 881 3226 pro
899 3134 1091 3203 visitatione
1108 3130 1301 3205 afflictorum
1318 3142 1351 3205 et
1369 3130 1586 3206 infirmorum:

214 3270 278 3344 pro
305 3248 429 3320 auxilio
457 3251 599 3319 omnium
627 3270 743 3320 eorum
771 3251 826 3342 qui
853 3249 886 3317 in
912 3247 1060 3343 periculo
1088 3257 1274 3320 versantur.

176 3389 180 3398 ·
318 3364 468 3435 Eteonos
492 3386 619 3435 nocem.
656 3363 765 3435 Etiam
791 3386 853 3460 pro
881 3362 1017 3452 anxilio,
1045 3372 1079 3435 et
1105 3363 1271 3455 adjutorio
1297 3364 1489 3440 infirmitatis
1515 3387 1585 3436 no·
1634 3366 1775 3422 rnnoxont.

215 3491 323 3570 strae,
357 3484 553 3553 invocamus
580 3491 634 3569 te,
669 3479 822 3551 Domine.
875 3479 928 3551 Ne
955 3479 1121 3575 despicias
1149 3478 1408 3576 supplicationes
1436 3491 1469 3553 tc
1496 3482 1586 3553 ado-

214 3601 365 3669 rantium.
418 3595 506 3668 Audi
533 3599 702 3670 orationes
729 3598 846 3689 gregis
874 3600 919 3667 tui
945 3597 1137 3692 spiritualis,
1167 3596 1289 3670 Pastor
1315 3595 1405 3669 bone
1431 3609 1465 3669 et
1492 3621 1586 3670 vere.

215 3712 321 3785 Salva
347 3734 455 3805 agnos
482 3722 570 3802 tuos,
598 3722 632 3784 et
657 3710 763 3784 libera
790 3734 876 3784 oves
903 3722 977 3783 tuas
1001 3711 1212 3786 demonibus
1235 3711 1473 3809 improborum.
1507 3714 1586 3788 Ad-

212 3831 296 3921 juva
322 3850 502 3925 pauperes,
529 3837 563 3901 et
587 3832 742 3918 miseros,
770 3850 872 3901 serva
899 3850 1083 3924 oppressos
1110 3840 1145 3902 ct
1170 3829 1320 3919 afflictos,
1346 3841 1381 3902 et
1396 3828 1502 3902 libera
1527 3852 1586 3903 eos

218 3949 273 4042 qni
298 3944 494 4017 infestantur
521 3969 541 4018 a
568 3946 737 4042 spiritibus
763 3942 868 4018 malis.
901 3943 1135 4039 Orphanorum
1161 3968 1276 4019 curam
1293 3968 1388 4039 gere,
1414 3945 1587 4020 famelicos

219 4063 303 4135 satia
330 4061 532 4158 plenitudine
557 4063 740 4158 voluptatis
767 4072 854 4134 tuae.
901 4062 1037 4155 AdJuva
1063 4085 1125 4136 eos
1153 4067 1208 4158 qui
1234 4066 1268 4134 in
1293 4066 1411 4136 itinere
1436 4073 1529 4151 sunt,
1555 4072 1589 4134 et
1650 4137 1651 4140 ,

219 4181 275 4273 qui
302 4180 334 4248 in
361 4182 446 4251 mari
470 4182 645 4271 navigant,
670 4177 746 4251 illos
773 4201 793 4250 a
820 4185 1017 4274 tempestate
1043 4190 1077 4251 et
1092 4178 1277 4272 naufragiis
1293 4179 1410 4253 libera.
1440 4181 1588 4271 Protege

216 4293 404 4367 Ecclesiam
432 4305 520 4367 tuam
554 4294 756 4390 redemptam
787 4316 851 4391 per
882 4316 1015 4367 crucem
1049 4306 1160 4387 tuam,
1195 4308 1230 4369 et
1261 4295 1374 4368 exalta
1406 4293 1585 4368 Praesules

217 4415 289 4505 ejus
315 4435 377 4507 per
401 4433 519 4485 veram
545 4411 621 4483 fidei
648 4414 948 4499 conservationem,
975 4421 1010 4483 ct
1034 4411 1220 4487 referemus
1246 4411 1304 4485 tibi
1331 4413 1492 4506 gloriam,
1522 4420 1585 4481 etc.

319 4526 494 4599 Sacerdos
518 4528 710 4599 inclinatus.
749 4527 932 4618 Memento,
945 4526 1100 4621 Domine,
1123 4532 1288 4622 vuginum
1310 4551 1476 4626 purarum,
1494 4548 1584 4600 con·
1634 4538 1779 4594 Clementis·
1848 4605 1850 4608 ,

213 4645 329 4736 Jugum
357 4654 541 4732 castorum,
571 4643 793 4741 orphanorum
819 4653 853 4714 ct
879 4643 1064 4735 viduarum,
1090 4649 1306 4737 miserorum,
1333 4657 1367 4719 et
1391 4666 1584 4742 pauperum,

216 4782 398 4856 eorumque
425 4764 541 4856 quiin
567 4762 748 4833 ministerio
775 4770 890 4832 sancto
917 4760 1042 4835 assidui
1068 4772 1161 4850 sunt,
1187 4774 1222 4835 et
1247 4762 1388 4837 afflictos
1415 4761 1584 4854 adjuvant,

217 4881 272 4972 qui
299 4875 485 4951 oblationes
512 4878 664 4968 olierunt,
691 4885 726 4949 et
750 4877 926 4973 praeclare
953 4883 1057 4953 vitam
1082 4884 1261 4954 instituant

320 4992 469 5064 Hannon
485 5015 610 5067 oecon.
643 4991 769 5066 Libera
795 5003 829 5065 et
855 4993 951 5067 salva
976 5019 1040 5070 nos
1060 4995 1204 5070 Domine
1219 4998 1312 5070 Deus
1339 4996 1381 5070 ab
1409 4999 1459 5069 ira
1485 4993 1584 5085 mala,
1632 5005 1760 5060 ttetzae·

215 5118 251 5181 et
276 5095 459 5184 obstinata:
487 5109 528 5184 ab
555 5111 728 5202 incendio,
762 5120 796 5182 et
826 5118 937 5185 terrae
964 5124 1072 5206 motu,
1106 5111 1149 5186 ab
1175 5113 1390 5187 inundatione
1417 5122 1451 5186 et
1475 5121 1583 5208 peste,

1291 5230 1376 5308 55*
