4525 6034
1301 567 1448 642 126

1397 753 1773 826 Diaconus.
1827 751 2014 825 State
2038 754 2227 825 recti.
2274 753 2644 826 Audiamus

1293 867 1590 931 sanctum
1641 855 2108 948 Evangelium.

1397 978 1767 1049 Sacerdos.
1821 975 1972 1048 Pax
2027 974 2352 1048 omnibus,

1394 1098 1718 1191 Populus.
1771 1097 1860 1169 Et
1912 1099 2169 1191 spiritui
2223 1106 2356 1168 tuo.-

1397 1214 1580 1284 Hinc
1639 1217 1898 1284 recitat
1948 1212 2396 1308 Ecanqelium
2444 1212 2641 1284 Dia-

1293 1339 1518 1388 conus.
1564 1317 1737 1388 Moae
1748 1313 2146 1411 Συνάπτην
2158 1338 2281 1387 eeu
2297 1315 2643 1389 Collectae

1295 1423 1680 1490 orationem
1732 1419 2071 1513 subjunyit
2122 1417 2492 1491 Sacerdos.

1405 1555 1782 1649 AegrotOS‚
1866 1557 2188 1644 Domine„
2267 1557 2498 1652 populi
2550 1558 2643 1628 tui

1292 1675 1576 1745 visitans
1634 1674 1699 1742 in
1750 1671 2207 1745 misericordia
2251 1683 2321 1743 et
2344 1676 2640 1745 misera-

1291 1787 1615 1877 tionibus,
1671 1809 1855 1861 sanaa
1909 1788 2212 1880 Peregre
2263 1779 2640 1884 profectoS‚

1295 1902 1410 1976 vel
1462 1903 1885 1999 profecturos
1938 1903 2181 1978 fratres
2217 1916 2517 1995 nostros„
2555 1929 2639 1979 eo

1290 2042 1422 2116 quo
1462 2020 1769 2112 tendunt,
1802 2021 2104 2113 singulos
2123 2020 2453 2095 deducito.
2493 2022 2646 2095 Bo-

1286 2158 1409 2209 nas
1455 2135 1717 2240 pluYias
1770 2139 2042 2228 mittito,
2094 2139 2161 2208 in
2186 2135 2340 2209 loca
2366 2141 2445 2211 iis
2472 2162 2641 2234 opus

1288 2250 1599 2324 habentia
1636 2261 1704 2325 et
1732 2256 2020 2345 egentia.
2074 2252 2415 2327 Fluviales
2436 2278 2643 2350 aquas

1291 2367 1377 2439 ad
1407 2392 1634 2441 earum
1658 2391 2038 2441 mensuram
2054 2423 2075 2460 ‚
2100 2380 2209 2441 tua
2238 2373 2455 2463 gratia
2477 2394 2641 2445 sur-

1288 2507 1435 2558 sum
1487 2484 1777 2558 elevato.
1830 2485 2113 2560 Fructus
2144 2496 2366 2558 terrae
2394 2497 2639 2580 augeto

1287 2603 1358 2671 in
1412 2623 1643 2673 semen
1699 2612 1767 2674 et
1817 2604 1885 2674 in
1937 2624 2245 2676 messem.
2325 2603 2639 2696 Regnum

1285 2719 1474 2790 servi
1527 2720 1651 2808 tui,
1720 2740 1912 2811 quem
1975 2722 2044 2789 in
2111 2728 2292 2791 terra
2345 2742 2637 2812 regnare

1276 2835 1528 2925 justum
1581 2838 1927 2924 censuisti,
1980 2839 2051 2907 in
2100 2857 2274 2930 pace
2328 2846 2397 2908 et
2428 2836 2635 2909 forti-

1283 2949 1546 3039 tudine,
1602 2959 1670 3021 et
1714 2953 2006 3043 justitia,
2061 2960 2128 3023 et
2163 2952 2635 3048 tranquillitate

1285 3076 1715 3139 conservato.
1770 3066 2101 3140 Humilem
2155 3077 2222 3140 et
2270 3068 2635 3142 miserabi-

1281 3181 1413 3254 lem
1433 3237 1455 3275 ‚
1509 3194 1579 3256 et
1633 3180 1878 3257 Christi
1931 3197 2261 3258 amantem
2296 3189 2636 3260 civitatem

1289 3303 1485 3372 istam
1540 3300 1795 3393 libera,
1846 3302 2076 3394 Deus,
2131 3327 2171 3375 a
2211 3302 2446 3377 diebus
2478 3328 2636 3376 ma-

1280 3415 1406 3508 lis,
1462 3440 1503 3488 a
1548 3416 1763 3508 fame,
1817 3430 2046 3514 peste,
2101 3430 2170 3492 et
2193 3424 2489 3513 gentium
2519 3425 2635 3492 in-

1284 3536 1637 3624 cursione,
1690 3544 1762 3606 ut
1815 3544 1882 3607 et
1931 3534 2159 3608 Ninivi
2213 3540 2466 3610 civitati
2496 3561 2635 3634 pe-

1283 3652 1593 3744 percisti:
1650 3653 1801 3745 quia
1854 3655 2238 3726 misericors
2294 3663 2363 3726 et
2414 3658 2632 3727 mise-

1285 3773 1472 3836 rator
1485 3787 1561 3838 es
1576 3818 1599 3856 .,
1624 3768 1864 3860 quique
1878 3770 2285 3864 iniquitatum
2301 3769 2632 3843 hominum

1290 3906 1418 3950 nnn
1478 3881 1878 3955 recordaris.
1931 3884 2035 3956 Tu
2074 3909 2199 3981 per
2229 3886 2636 3983 Prophetam

1290 4010 1462 4066 inum
1494 3995 1764 4070 Esaiam
1800 3998 2059 4074 dixisti:
2112 4002 2478 4095 Protegam
2521 4006 2631 4074 ci-

1282 4122 1350 4182 vi
1362 4126 1418 4182 [a
1430 4126 1556 4186 tem
1576 4117 1793 4206 istam,
1808 4124 1880 4187 ut
1894 4116 2152 4190 salvem
2168 4141 2341 4209 eam,
2356 4130 2633 4216 propter

1286 4254 1390 4302 me
1442 4239 1508 4301 et
1542 4242 1819 4326 propter
1840 4232 2067 4306 David
2092 4256 2362 4307 servum
2393 4258 2630 4310 meum.

1286 4346 1510 4430 [mare
1562 4370 1918 4443 precamur
1969 4359 2037 4421 et
2078 4349 2514 4426 obsecramus
2540 4364 2631 4445 te,

1286 4462 1547 4534 humani
1600 4469 1872 4555 generis
1929 4477 2185 4550 amator
2220 4469 2422 4559 bone,
2459 4492 2634 4566 pro-

1283 4588 1445 4672 tege
1500 4582 1837 4654 civitatem
1891 4587 2087 4656 istam
2129 4596 2405 4682 propter
2434 4587 2635 4660 Mar-

1282 4704 1503 4792 tyrem
1557 4707 1736 4769 tuum
1790 4709 1859 4771 et
1887 4699 2397 4793 Evangelistam
2433 4703 2632 4777 Mar-

1285 4835 1433 4884 cum
1501 4817 1612 4907 qui
1674 4815 1873 4890 nobis
1939 4820 2119 4890 viam
2196 4818 2428 4891 salut-is
2498 4820 2631 4892 de-

1280 4933 1710 5020 monstravit,
1764 4936 2016 5025 gratia,
2075 4944 2143 5006 et
2174 4936 2632 5009 miserationi-

1278 5043 1447 5135 bus,
1524 5055 1591 5117 et
1668 5045 2078 5142 benignitate
2148 5055 2471 5145 unigeniti
2539 5057 2632 5126 tui

2715 2387 2898 2484 ,νους
2943 2355 3222 2443 τόπους.

2324 566 3043 644 LITURGIA

2827 757 2898 832 ‘O
2939 753 3277 841 Διάκονος.
3342 750 3710 850 Στάθητε,
3739 749 4080 829 ἀκούσω-

2728 886 2866 954 μεν
2894 863 3030 932 τοῦ
3065 855 3282 959 ἁγίου
3309 854 3740 958 εὐαγγελίου.

2828 982 2896 1056 ‘O
2934 982 3184 1080 Ἱερεύς.
3244 975 3512 1077 Εἰρήνη
3550 983 3789 1054 πᾶσιν.

2823 1104 2892 1178 ‘O
2932 1108 3139 1187 Λαός.
3221 1098 3369 1173 Καὶ
3402 1106 3509 1196 τῷ
3538 1095 3894 1194 πνεύματί
3920 1120 4077 1173 σου.

2835 1213 2969 1280 Καὶ
3012 1210 3188 1311 λέγει
3240 1207 3319 1279 τὸ
3380 1205 3778 1317 εὐαγγέλιον
3807 1205 3844 1279 ό
3889 1203 4078 1280 Διά-

2729 1322 2923 1380 κονος,
2964 1322 3078 1389 την
3121 1289 3465 1388 συνάπτην,
3511 1296 3548 1367 ὁ
3582 1292 3817 1390 Ἱερευς
3858 1290 4077 1366 ἐπεύ-

2729 1409 2938 1468 χεται.

2840 1525 3022 1611 Τούς
3052 1535 3447 1613 νοσοῦντας
3478 1527 3702 1627 κύριε,
3734 1533 3868 1603 τοῦ
3895 1534 4081 1604 λαοῦ

2727 1656 2865 1707 σου
2934 1630 3493 1727 ἐπισκεψάμενος
3562 1637 3641 1708 ἕν
3713 1636 3878 1707 ε’λεέι
3952 1631 4077 1707 καὶ

2728 1738 3145 1836 οἱκτιρμοῖς,
3187 1735 3401 1809 ἴασαι.
3483 1735 3664 1820 Τοῦς
3696 1734 4074 1832 ἀποδημή-

2727 1859 2991 1923 σαντας
3022 1838 3232 1935 ἡμῶν
3263 1837 3641 1939 ἀδελφούς,
3693 1839 3740 1936 ἢ
3770 1845 4076 1934 μέλλον-

2726 1972 2853 2027 τας
2911 1940 3310 2040 ἀποδημεῖν
3327 2002 3352 2035 ,
3404 1947 3483 2018 ἐν
3531 1949 3635 2040 τῷ
3687 1941 3889 2039 τόπῳ
3941 1970 4073 2018 κα-

2726 2044 3138 2122 τευόὸωσον
3169 2052 3473 2122 ἕκαστον
3505 2051 3597 2131 εἰς
3629 2045 3760 2123 τόν
3793 2046 4072 2146 καιρόν.

2718 2149 2919 2234 Τοὺς
2950 2148 3283 2277 αγαθούς
3319 2149 3562 2235 ὑετούς
3594 2148 4073 2248 κατάπεμψον

2728 2252 2842 2328 ἐπὶ
2885 2254 3052 2337 τούς
3077 2252 3503 2352 χρήζοντας,
3536 2253 3657 2328 καὶ
3699 2253 4073 2349 ἐπιδεομέ-

3320 2357 3424 2432 Τα
3469 2355 3790 2452 ποτάμια
3832 2357 4071 2433 ὕδατα

2727 2458 3045 2590 ἀνάγαγε
3065 2460 3178 2536 ἐπὶ
3199 2459 3284 2535 τὸ
3299 2467 3568 2562 μέτρον
3596 2460 3861 2553 αὐτῶν,
3886 2491 4072 2537 κατα

2722 2563 2858 2663 τήν
2923 2563 3063 2660 σὴν
3130 2563 3370 2661 χάριν.
3504 2563 3687 2650 Τους
3751 2565 4072 2665 καρπούς

2721 2676 2845 2764 τῆς
2886 2676 3014 2769 γῆς
3058 2668 3378 2767 αύξησον
3436 2672 3527 2754 εἰς
3572 2674 3857 2767 σπέριια
3871 2729 3895 2761 ,
3947 2699 4071 2745 και

2721 2775 2814 2857 εἰς
2858 2772 3242 2872 θερισμόν.
3338 2771 3488 2868 Τὴν
3524 2776 3904 2869 βασιλείαν
3935 2781 4075 2849 τοῦ

2723 2874 2994 2952 δούλου
3040 2903 3202 2966 σου,
3237 2873 3340 2951 3ιῖ
3376 2874 3794 2960 &masalmas
3836 2881 4071 2974 βασι-

2719 2977 2950 3056 λεύειν
2988 2978 3099 3054 ἐπὶ
3142 2986 3266 3076 τῆς
3307 2987 3467 3080 γῆς,
3515 2984 3594 3056 ἐν
3644 2978 3905 3080 εἰρήνῃ,
3946 2980 4071 3055 καὶ

2719 3080 3012 3183 ἀνδρίᾳ,
3045 3082 3166 3157 καὶ
3200 3081 3646 3180 δικαιοσύνῃ,
3681 3083 3802 3159 καὶ
3833 3092 4071 3185 γαλη-

2722 3185 2971 3284 νότητι
3024 3185 3501 3287 ὃιαφύλαξον.
3617 3186 3767 3284 Τὴν
3815 3217 4070 3264 ταπει-

2722 3289 2887 3418 νήν,
2917 3290 3037 3365 καὶ
3073 3289 3400 3426 ἐλεεινήν,
3434 3291 3555 3366 καὶ
3589 3289 4070 3421 φιλόχριστον

2722 3393 2939 3471 πόλιν
2973 3395 3269 3492 ταύτην,
3296 3402 3503 3492 ῥῦσαι
3529 3392 3780 3491 αὐτήν,
3811 3426 3852 3470 ο
3833 3395 4070 3486 “θεός,

2720 3496 2850 3600 ἀφ’
2889 3497 3178 3597 ἡμερῶν
3226 3506 3588 3596 πονηρῶν,
3636 3497 3778 3574 άπὸ
3821 3506 4071 3595 λιμοῦ,

2720 3608 3007 3696 λοιμοῦ,
3057 3600 3179 3676 καὶ
3225 3600 3648 3688 ἐπιστάσεως
3681 3606 3945 3696 ἐθνῶν,
3973 3635 4071 3690 ως

2719 3706 2840 3781 και
2875 3704 3123 3782 Νινευὶ
3156 3713 3278 3802 τῆς
3309 3704 3576 3791 πόλεως
3607 3707 3897 3803 ἐφείσω·
3952 3708 4068 3784 ὅτι

2718 3807 3037 3906 ἐλεήμων
3052 3808 3172 3884 καὶ
3186 3810 3579 3910 οἰκτίρμων
3597 3809 3679 3901 ει,
3697 3810 3818 3885 καὶ
3834 3809 4071 3910 άμνη-

2720 3914 3012 3998 σίκακος
3034 3913 3145 3987 ἐπὶ
3163 3914 3411 3998 κακίας
3432 3912 3875 4012 ἀνθρώπων.
3949 3914 4074 3991 Σὺ

2722 4015 2847 4091 dcci
2880 4024 3012 4091 τοῦ
3043 4015 3423 4116 προφήτου
3464 4043 3602 4093 σου
3634 4016 3930 4094 Ἡσαΐου
3963 4017 4071 4094 εἶ-

2718 4149 2878 4210 πας,
2927 4119 3343 4219 ύπερασπιαῖ
3391 4121 3566 4220 ’ὑπὲρ
3616 4128 3739 4217 τῆς
3794 4121 4066 4208 πόλεως

2717 4223 2999 4320 ταύτης,
3049 4231 3184 4299 τοῦ
3231 4231 3459 4300 σῶσαι
3509 4223 3737 4321 αὐτὴν
3772 4223 3823 4300 ὃ
3822 4224 3870 4299 ι’
3921 4232 4071 4322 ε’·μεῖ,

2721 4327 2843 4402 καὶ
2877 4326 3004 4403 διά
3041 4327 3286 4426 Δαβὶὃ
3316 4327 3449 4405 τὸν
3481 4325 3710 4404 παῖδά
3736 4359 3904 4426 μου.
3957 4329 4070 4406 Δι’

2722 4462 2763 4506 ο
2810 4429 3132 4526 δεόμεθα
3190 4430 3312 4507 καὶ
3380 4439 3938 4562 παρακαλοῦμεν
3989 4459 4070 4509 σε

2722 4533 3226 4636 φιλάνθρωπε,
3277 4533 3539 4636 ἀγαθέ,
3587 4535 4068 4634 ὑπεράσπισαι

2720 4637 2842 4736 τῆς
2883 4637 3150 4771 πόλεφς
3189 4637 3472 4738 ταύτης,
3517 4638 3640 4715 ὃ
3568 4670 3643 4714 ια
3700 4640 3831 4718 τὸν
3861 4639 4068 4741 μάρ-

2717 4772 2905 4841 τυρα
2967 4743 3088 4818 καὶ
3149 4742 3654 4845 ευαγγελιστὴν
3717 4743 4072 4844 Μάρκον,

2716 4844 2852 4922 τόν
2919 4846 3399 4926 ύποὸείέαντα
3469 4848 3647 4946 ἡμῖν
3698 4847 3880 4925 ὁδὸν
3946 4861 4070 4945 τῆς

2715 4952 3069 5048 σωτηρίας
3085 5011 3110 5042 ,
3172 4948 3421 5050 χάριτι
3490 4951 3612 5026 καὶ
3677 4955 4070 5053 οἱκτιρμοῖς

2717 5053 2839 5130 καὶ
2875 5056 3400 5156 φιλανθρωπίᾳ
3448 5063 3584 5132 τοῦ
3631 5064 4070 5160 μονογενοῦς
