<?xml version="1.0" encoding="UTF-8"?>
<!DOCTYPE html PUBLIC "-//W3C//DTD XHTML 1.0 Transitional//EN"
    "http://www.w3.org/TR/xhtml1/DTD/xhtml1-transitional.dtd">
<html xmlns="http://www.w3.org/1999/xhtml" xml:lang="en" lang="en">
 <head>
  <title>
</title>
<meta http-equiv="Content-Type" content="text/html;charset=utf-8" />
  <meta name='ocr-system' content='tesseract 3.04.00' />
  <meta name='ocr-capabilities' content='ocr_page ocr_carea ocr_par ocr_line ocrx_word'/>
</head>
<body>
  <div class='ocr_page' id='page_1' title='image "./liturgiarumorie00unkngoog/liturgiarumorie00unkngoog_0353.png"; bbox 0 0 4525 6034; ppageno 0'>
   <div class='ocr_carea' id='block_1_1' title="bbox 752 540 1788 619">
    <p class='ocr_par' dir='ltr' id='par_1_1' title="bbox 752 540 1788 619">
     <span class='ocr_line' id='line_1_1' title="bbox 752 540 1788 619; baseline 0.002 -3"><span class='ocrx_word' id='word_1_1' title='bbox 752 542 805 616; x_wconf 78' lang='lat' dir='ltr'><strong>AD</strong></span> <span class='ocrx_word' id='word_1_2' title='bbox 833 540 1040 618; x_wconf 82' lang='lat' dir='ltr'><strong>LITURGLlll</strong></span> <span class='ocrx_word' id='word_1_3' title='bbox 1066 540 1261 618; x_wconf 82' lang='lat' dir='ltr'><strong>COPTlCAll</strong></span> <span class='ocrx_word' id='word_1_4' title='bbox 1281 542 1311 619; x_wconf 90' lang='lat' dir='ltr'><strong>S.</strong></span> <span class='ocrx_word' id='word_1_5' title='bbox 1331 542 1477 619; x_wconf 86' lang='lat' dir='ltr'><strong>BllSlLll.</strong></span> <span class='ocrx_word' id='word_1_6' title='bbox 1684 580 1702 616; x_wconf 65' lang='lat' dir='ltr'><strong>a</strong></span> <span class='ocrx_word' id='word_1_7' title='bbox 1716 546 1788 618; x_wconf 80' lang='lat'><strong>180</strong></span> 
     </span>
    </p>
   </div>
   <div class='ocr_carea' id='block_1_2' title="bbox 266 725 1790 1901">
    <p class='ocr_par' dir='ltr' id='par_1_2' title="bbox 266 725 1790 1901">
     <span class='ocr_line' id='line_1_2' title="bbox 287 725 1788 813; baseline 0.003 -26"><span class='ocrx_word' id='word_1_8' title='bbox 287 749 425 813; x_wconf 68' lang='lat' dir='ltr'><strong>cap</strong></span> <span class='ocrx_word' id='word_1_9' title='bbox 440 735 537 788; x_wconf 79' lang='lat' dir='ltr'><strong>tum</strong></span> <span class='ocrx_word' id='word_1_10' title='bbox 551 725 794 787; x_wconf 71' lang='lat' dir='ltr'><strong>accommodatae</strong></span> <span class='ocrx_word' id='word_1_11' title='bbox 818 727 1009 806; x_wconf 81' lang='lat' dir='ltr'><strong>conscriptae</strong></span> <span class='ocrx_word' id='word_1_12' title='bbox 1024 734 1104 803; x_wconf 87' lang='lat' dir='ltr'><strong>sunt,</strong></span> <span class='ocrx_word' id='word_1_13' title='bbox 1129 726 1235 806; x_wconf 85' lang='lat' dir='ltr'><strong>quales</strong></span> <span class='ocrx_word' id='word_1_14' title='bbox 1258 733 1363 788; x_wconf 78' lang='lat' dir='ltr'><strong>extant</strong></span> <span class='ocrx_word' id='word_1_15' title='bbox 1385 727 1495 789; x_wconf 86' lang='lat' dir='ltr'><strong>multae</strong></span> <span class='ocrx_word' id='word_1_16' title='bbox 1511 729 1541 789; x_wconf 87' lang='lat' dir='ltr'><strong>in</strong></span> <span class='ocrx_word' id='word_1_17' title='bbox 1558 728 1651 789; x_wconf 86' lang='lat' dir='ltr'><strong>variis</strong></span> <span class='ocrx_word' id='word_1_18' title='bbox 1664 728 1788 793; x_wconf 84' lang='lat' dir='ltr'><strong>Codici-</strong></span> 
     </span>
     <span class='ocr_line' id='line_1_3' title="bbox 273 822 1790 908; baseline 0.007 -26"><span class='ocrx_word' id='word_1_19' title='bbox 273 840 447 908; x_wconf 61' lang='grc' dir='ltr'><strong>[μς-</strong></span> <span class='ocrx_word' id='word_1_20' title='bbox 529 822 666 904; x_wconf 85' lang='lat' dir='ltr'><strong>lnsignes</strong></span> <span class='ocrx_word' id='word_1_21' title='bbox 688 823 747 887; x_wconf 86' lang='lat' dir='ltr'><strong>hoc</strong></span> <span class='ocrx_word' id='word_1_22' title='bbox 770 825 939 906; x_wconf 83' lang='lat' dir='ltr'><strong>ingemere</strong></span> <span class='ocrx_word' id='word_1_23' title='bbox 962 833 1031 888; x_wconf 89' lang='lat' dir='ltr'><strong>sunt</strong></span> <span class='ocrx_word' id='word_1_24' title='bbox 1053 844 1127 906; x_wconf 85' lang='lat' dir='ltr'><strong>prae</strong></span> <span class='ocrx_word' id='word_1_25' title='bbox 1151 827 1299 903; x_wconf 88' lang='lat' dir='ltr'><strong>caeteris,</strong></span> <span class='ocrx_word' id='word_1_26' title='bbox 1324 845 1398 907; x_wconf 87' lang='lat' dir='ltr'><strong>quas</strong></span> <span class='ocrx_word' id='word_1_27' title='bbox 1422 846 1461 889; x_wconf 92' lang='lat' dir='ltr'><strong>ex</strong></span> <span class='ocrx_word' id='word_1_28' title='bbox 1478 827 1651 890; x_wconf 86' lang='lat' dir='ltr'><strong>Colbertina</strong></span> <span class='ocrx_word' id='word_1_29' title='bbox 1674 829 1790 892; x_wconf 90' lang='lat' dir='ltr'><strong>Biblio-</strong></span> 
     </span>
     <span class='ocr_line' id='line_1_4' title="bbox 267 922 1789 1008; baseline 0 -20"><span class='ocrx_word' id='word_1_30' title='bbox 267 942 375 1007; x_wconf 61' lang='lat' dir='ltr'><strong>ppe</strong></span> <span class='ocrx_word' id='word_1_31' title='bbox 390 943 508 989; x_wconf 66' lang='lat' dir='ltr'><strong>ca</strong></span> <span class='ocrx_word' id='word_1_32' title='bbox 528 922 606 983; x_wconf 89' lang='lat' dir='ltr'><strong>nacti</strong></span> <span class='ocrx_word' id='word_1_33' title='bbox 628 941 730 986; x_wconf 86' lang='lat' dir='ltr'><strong>sumus</strong></span> <span class='ocrx_word' id='word_1_34' title='bbox 754 925 784 986; x_wconf 86' lang='lat' dir='ltr'><strong>in</strong></span> <span class='ocrx_word' id='word_1_35' title='bbox 805 923 960 1004; x_wconf 88' lang='lat' dir='ltr'><strong>Epistolas</strong></span> <span class='ocrx_word' id='word_1_36' title='bbox 983 933 1013 987; x_wconf 91' lang='lat' dir='ltr'><strong>et</strong></span> <span class='ocrx_word' id='word_1_37' title='bbox 1037 923 1204 1006; x_wconf 87' lang='lat' dir='ltr'><strong>Evangelia</strong></span> <span class='ocrx_word' id='word_1_38' title='bbox 1226 925 1265 987; x_wconf 90' lang='lat' dir='ltr'><strong>de</strong></span> <span class='ocrx_word' id='word_1_39' title='bbox 1288 924 1411 989; x_wconf 89' lang='lat' dir='ltr'><strong>Circulo</strong></span> <span class='ocrx_word' id='word_1_40' title='bbox 1434 927 1521 1005; x_wconf 88' lang='lat' dir='ltr'><strong>anni,</strong></span> <span class='ocrx_word' id='word_1_41' title='bbox 1544 927 1575 988; x_wconf 89' lang='lat' dir='ltr'><strong>in</strong></span> <span class='ocrx_word' id='word_1_42' title='bbox 1598 927 1706 1008; x_wconf 91' lang='lat' dir='ltr'><strong>quibus</strong></span> <span class='ocrx_word' id='word_1_43' title='bbox 1728 944 1789 989; x_wconf 89' lang='lat' dir='ltr'><strong>non</strong></span> 
     </span>
     <span class='ocr_line' id='line_1_5' title="bbox 266 1023 1790 1109; baseline 0.001 -22"><span class='ocrx_word' id='word_1_44' title='bbox 266 1023 634 1109; x_wconf 60' lang='lat' dir='ltr'><strong>contemnenda</strong></span> <span class='ocrx_word' id='word_1_45' title='bbox 656 1024 811 1102; x_wconf 89' lang='lat' dir='ltr'><strong>doctrina,</strong></span> <span class='ocrx_word' id='word_1_46' title='bbox 834 1026 1013 1104; x_wconf 89' lang='lat' dir='ltr'><strong>praesertim</strong></span> <span class='ocrx_word' id='word_1_47' title='bbox 1042 1042 1118 1088; x_wconf 81' lang='lat' dir='ltr'><strong>vero</strong></span> <span class='ocrx_word' id='word_1_48' title='bbox 1149 1043 1227 1105; x_wconf 86' lang='lat' dir='ltr'><strong>quae</strong></span> <span class='ocrx_word' id='word_1_49' title='bbox 1257 1026 1296 1088; x_wconf 90' lang='lat' dir='ltr'><strong>ad</strong></span> <span class='ocrx_word' id='word_1_50' title='bbox 1323 1026 1458 1089; x_wconf 86' lang='lat' dir='ltr'><strong>Ethicam</strong></span> <span class='ocrx_word' id='word_1_51' title='bbox 1487 1025 1685 1089; x_wconf 84' lang='lat' dir='ltr'><strong>Christianam</strong></span> <span class='ocrx_word' id='word_1_52' title='bbox 1713 1045 1790 1106; x_wconf 90' lang='lat' dir='ltr'><strong>per-</strong></span> 
     </span>
     <span class='ocr_line' id='line_1_6' title="bbox 268 1123 1790 1208; baseline 0.001 -23"><span class='ocrx_word' id='word_1_53' title='bbox 268 1132 475 1208; x_wconf 62' lang='lat' dir='ltr'><strong>fimet</strong></span> <span class='ocrx_word' id='word_1_54' title='bbox 500 1170 508 1198; x_wconf 93' lang='lat'>‚</span> <span class='ocrx_word' id='word_1_55' title='bbox 534 1131 594 1184; x_wconf 93' lang='lat' dir='ltr'><strong>tum</strong></span> <span class='ocrx_word' id='word_1_56' title='bbox 616 1123 765 1185; x_wconf 86' lang='lat' dir='ltr'><strong>inculcata</strong></span> <span class='ocrx_word' id='word_1_57' title='bbox 788 1124 964 1204; x_wconf 88' lang='lat' dir='ltr'><strong>saepissime</strong></span> <span class='ocrx_word' id='word_1_58' title='bbox 987 1132 1152 1204; x_wconf 88' lang='lat' dir='ltr'><strong>praecepta</strong></span> <span class='ocrx_word' id='word_1_59' title='bbox 1174 1125 1213 1187; x_wconf 91' lang='lat' dir='ltr'><strong>de</strong></span> <span class='ocrx_word' id='word_1_60' title='bbox 1243 1127 1426 1188; x_wconf 87' lang='lat' dir='ltr'><strong>necessitate</strong></span> <span class='ocrx_word' id='word_1_61' title='bbox 1449 1125 1650 1189; x_wconf 82' lang='lat' dir='ltr'><strong>consessionis</strong></span> <span class='ocrx_word' id='word_1_62' title='bbox 1674 1144 1790 1207; x_wconf 88' lang='lat' dir='ltr'><strong>pccca-</strong></span> 
     </span>
     <span class='ocr_line' id='line_1_7' title="bbox 271 1222 1790 1304; baseline 0.001 -18"><span class='ocrx_word' id='word_1_63' title='bbox 271 1243 435 1304; x_wconf 62' lang='lat' dir='ltr'><strong>mru</strong></span> <span class='ocrx_word' id='word_1_64' title='bbox 448 1241 524 1294; x_wconf 84' lang='lat' dir='ltr'><strong>na,</strong></span> <span class='ocrx_word' id='word_1_65' title='bbox 545 1230 576 1284; x_wconf 93' lang='lat' dir='ltr'><strong>et</strong></span> <span class='ocrx_word' id='word_1_66' title='bbox 598 1224 803 1303; x_wconf 85' lang='lat' dir='ltr'><strong>poenitentiae</strong></span> <span class='ocrx_word' id='word_1_67' title='bbox 825 1223 904 1303; x_wconf 91' lang='lat' dir='ltr'><strong>apud</strong></span> <span class='ocrx_word' id='word_1_68' title='bbox 925 1223 1106 1287; x_wconf 87' lang='lat' dir='ltr'><strong>Sacerdotes</strong></span> <span class='ocrx_word' id='word_1_69' title='bbox 1128 1222 1299 1299; x_wconf 71' lang='lat' dir='ltr'><strong>faciendam</strong></span> <span class='ocrx_word' id='word_1_70' title='bbox 1322 1233 1383 1287; x_wconf 83' lang='lat' dir='ltr'><strong>turn</strong></span> <span class='ocrx_word' id='word_1_71' title='bbox 1406 1225 1517 1287; x_wconf 90' lang='lat' dir='ltr'><strong>eximia</strong></span> <span class='ocrx_word' id='word_1_72' title='bbox 1537 1224 1630 1286; x_wconf 91' lang='lat' dir='ltr'><strong>multa</strong></span> <span class='ocrx_word' id='word_1_73' title='bbox 1652 1227 1790 1287; x_wconf 86' lang='lat' dir='ltr'><strong>testimo-</strong></span> 
     </span>
     <span class='ocr_line' id='line_1_8' title="bbox 277 1322 1789 1409; baseline 0.002 -28"><span class='ocrx_word' id='word_1_74' title='bbox 277 1335 363 1406; x_wconf 61' lang='lat' dir='ltr'><strong>nia</strong></span> <span class='ocrx_word' id='word_1_75' title='bbox 453 1322 567 1383; x_wconf 74' lang='lat' dir='ltr'><strong>circa</strong></span> <span class='ocrx_word' id='word_1_76' title='bbox 591 1322 678 1384; x_wconf 79' lang='lat' dir='ltr'><strong>fidem</strong></span> <span class='ocrx_word' id='word_1_77' title='bbox 701 1322 918 1385; x_wconf 85' lang='lat' dir='ltr'><strong>Eucharistiae.</strong></span> <span class='ocrx_word' id='word_1_78' title='bbox 964 1323 1084 1385; x_wconf 84' lang='lat' dir='ltr'><strong>Patrum</strong></span> <span class='ocrx_word' id='word_1_79' title='bbox 1107 1323 1252 1386; x_wconf 88' lang='lat' dir='ltr'><strong>Homiliae</strong></span> <span class='ocrx_word' id='word_1_80' title='bbox 1275 1342 1350 1405; x_wconf 88' lang='lat' dir='ltr'><strong>quas</strong></span> <span class='ocrx_word' id='word_1_81' title='bbox 1377 1343 1416 1387; x_wconf 88' lang='lat' dir='ltr'><strong>eo</strong></span> <span class='ocrx_word' id='word_1_82' title='bbox 1445 1324 1515 1387; x_wconf 93' lang='lat' dir='ltr'><strong>loco</strong></span> <span class='ocrx_word' id='word_1_83' title='bbox 1543 1324 1650 1409; x_wconf 82' lang='lat' dir='ltr'><strong>legere</strong></span> <span class='ocrx_word' id='word_1_84' title='bbox 1679 1323 1789 1400; x_wconf 80' lang='lat' dir='ltr'><strong>solent,</strong></span> 
     </span>
     <span class='ocr_line' id='line_1_9' title="bbox 284 1420 1790 1505; baseline -0.003 -17"><span class='ocrx_word' id='word_1_85' title='bbox 284 1430 445 1501; x_wconf 64' lang='lat' dir='ltr'><strong>sunt</strong></span> <span class='ocrx_word' id='word_1_86' title='bbox 507 1429 537 1482; x_wconf 90' lang='lat' dir='ltr'><strong>ut</strong></span> <span class='ocrx_word' id='word_1_87' title='bbox 566 1421 724 1501; x_wconf 90' lang='lat' dir='ltr'><strong>plurimum</strong></span> <span class='ocrx_word' id='word_1_88' title='bbox 753 1441 794 1484; x_wconf 85' lang='lat' dir='ltr'><strong>ex</strong></span> <span class='ocrx_word' id='word_1_89' title='bbox 823 1420 1058 1503; x_wconf 85' lang='lat' dir='ltr'><strong>Chrysostomo,</strong></span> <span class='ocrx_word' id='word_1_90' title='bbox 1088 1422 1216 1498; x_wconf 80' lang='lat' dir='ltr'><strong>Basilio,</strong></span> <span class='ocrx_word' id='word_1_91' title='bbox 1245 1422 1396 1505; x_wconf 84' lang='lat' dir='ltr'><strong>Gregorio</strong></span> <span class='ocrx_word' id='word_1_92' title='bbox 1426 1423 1585 1505; x_wconf 83' lang='lat' dir='ltr'><strong>Nysseno,</strong></span> <span class='ocrx_word' id='word_1_93' title='bbox 1617 1421 1731 1505; x_wconf 80' lang='lat' dir='ltr'><strong>Cyrillo</strong></span> <span class='ocrx_word' id='word_1_94' title='bbox 1759 1429 1790 1484; x_wconf 89' lang='lat' dir='ltr'><strong>et</strong></span> 
     </span>
     <span class='ocr_line' id='line_1_10' title="bbox 291 1519 1790 1616; baseline -0.003 -30"><span class='ocrx_word' id='word_1_95' title='bbox 291 1523 518 1616; x_wconf 68' lang='lat' dir='ltr'><strong>paucis</strong></span> <span class='ocrx_word' id='word_1_96' title='bbox 541 1520 620 1582; x_wconf 89' lang='lat' dir='ltr'><strong>aliis:</strong></span> <span class='ocrx_word' id='word_1_97' title='bbox 645 1521 752 1583; x_wconf 84' lang='lat' dir='ltr'><strong>multas</strong></span> <span class='ocrx_word' id='word_1_98' title='bbox 777 1519 943 1604; x_wconf 79' lang='lat' dir='ltr'><strong>adjungunt</strong></span> <span class='ocrx_word' id='word_1_99' title='bbox 970 1522 1076 1585; x_wconf 88' lang='lat' dir='ltr'><strong>Severi</strong></span> <span class='ocrx_word' id='word_1_100' title='bbox 1097 1520 1290 1601; x_wconf 85' lang='lat' dir='ltr'><strong>Antiocheni‚</strong></span> <span class='ocrx_word' id='word_1_101' title='bbox 1314 1531 1407 1585; x_wconf 91' lang='lat' dir='ltr'><strong>etex</strong></span> <span class='ocrx_word' id='word_1_102' title='bbox 1431 1522 1662 1600; x_wconf 88' lang='lat' dir='ltr'><strong>recentioribus,</strong></span> <span class='ocrx_word' id='word_1_103' title='bbox 1684 1522 1790 1585; x_wconf 82' lang='lat' dir='ltr'><strong>iacobi</strong></span> 
     </span>
     <span class='ocr_line' id='line_1_11' title="bbox 297 1620 1790 1703; baseline -0.003 -18"><span class='ocrx_word' id='word_1_104' title='bbox 297 1621 614 1702; x_wconf 66' lang='lat' dir='ltr'><strong>Serugensis,</strong></span> <span class='ocrx_word' id='word_1_105' title='bbox 639 1628 670 1683; x_wconf 89' lang='lat' dir='ltr'><strong>et</strong></span> <span class='ocrx_word' id='word_1_106' title='bbox 693 1620 856 1697; x_wconf 71' lang='lat' dir='ltr'><strong>suessent,</strong></span> <span class='ocrx_word' id='word_1_107' title='bbox 881 1638 1022 1702; x_wconf 87' lang='lat' dir='ltr'><strong>quorum,</strong></span> <span class='ocrx_word' id='word_1_108' title='bbox 1047 1622 1183 1700; x_wconf 86' lang='lat' dir='ltr'><strong>quamvis</strong></span> <span class='ocrx_word' id='word_1_109' title='bbox 1207 1621 1332 1703; x_wconf 78' lang='lat' dir='ltr'><strong>Syrisce</strong></span> <span class='ocrx_word' id='word_1_110' title='bbox 1356 1622 1552 1702; x_wconf 85' lang='lat' dir='ltr'><strong>scripserint,</strong></span> <span class='ocrx_word' id='word_1_111' title='bbox 1575 1621 1667 1683; x_wconf 89' lang='lat' dir='ltr'><strong>multa</strong></span> <span class='ocrx_word' id='word_1_112' title='bbox 1685 1627 1790 1684; x_wconf 83' lang='lat' dir='ltr'><strong>extant</strong></span> 
     </span>
     <span class='ocr_line' id='line_1_12' title="bbox 304 1719 1788 1803; baseline 0 -21"><span class='ocrx_word' id='word_1_113' title='bbox 304 1729 418 1792; x_wconf 69' lang='lat' dir='ltr'><strong>tra</strong></span> <span class='ocrx_word' id='word_1_114' title='bbox 429 1721 544 1782; x_wconf 84' lang='lat' dir='ltr'><strong>bico</strong></span> <span class='ocrx_word' id='word_1_115' title='bbox 567 1721 597 1781; x_wconf 91' lang='lat' dir='ltr'><strong>in</strong></span> <span class='ocrx_word' id='word_1_116' title='bbox 620 1720 820 1803; x_wconf 76' lang='lat' dir='ltr'><strong>Aegyptiacis</strong></span> <span class='ocrx_word' id='word_1_117' title='bbox 843 1719 1000 1785; x_wconf 88' lang='lat' dir='ltr'><strong>Ecclesiis.</strong></span> <span class='ocrx_word' id='word_1_118' title='bbox 1031 1719 1115 1782; x_wconf 84' lang='lat' dir='ltr'><strong>Alias</strong></span> <span class='ocrx_word' id='word_1_119' title='bbox 1128 1720 1235 1784; x_wconf 79' lang='lat' dir='ltr'><strong>Severi</strong></span> <span class='ocrx_word' id='word_1_120' title='bbox 1248 1721 1394 1803; x_wconf 88' lang='lat' dir='ltr'><strong>Episcopi</strong></span> <span class='ocrx_word' id='word_1_121' title='bbox 1409 1722 1616 1784; x_wconf 77' lang='lat' dir='ltr'><strong>Achmoninae</strong></span> <span class='ocrx_word' id='word_1_122' title='bbox 1632 1722 1683 1802; x_wconf 87' lang='lat' dir='ltr'><strong>qui</strong></span> <span class='ocrx_word' id='word_1_123' title='bbox 1697 1720 1788 1783; x_wconf 92' lang='lat' dir='ltr'><strong>multa</strong></span> 
     </span>
     <span class='ocr_line' id='line_1_13' title="bbox 307 1819 1370 1901; baseline -0.004 -12"><span class='ocrx_word' id='word_1_124' title='bbox 307 1819 533 1900; x_wconf 85' lang='lat' dir='ltr'><strong>scripsit</strong></span> <span class='ocrx_word' id='word_1_125' title='bbox 556 1819 692 1899; x_wconf 89' lang='lat' dir='ltr'><strong>erudite,</strong></span> <span class='ocrx_word' id='word_1_126' title='bbox 716 1829 747 1882; x_wconf 91' lang='lat' dir='ltr'><strong>et</strong></span> <span class='ocrx_word' id='word_1_127' title='bbox 770 1820 808 1881; x_wconf 89' lang='lat' dir='ltr'><strong>ad</strong></span> <span class='ocrx_word' id='word_1_128' title='bbox 831 1838 1016 1883; x_wconf 89' lang='lat' dir='ltr'><strong>commanem</strong></span> <span class='ocrx_word' id='word_1_129' title='bbox 1038 1820 1195 1882; x_wconf 83' lang='lat' dir='ltr'><strong>utilitatem</strong></span> <span class='ocrx_word' id='word_1_130' title='bbox 1220 1821 1370 1901; x_wconf 89' lang='lat' dir='ltr'><strong>apposite.</strong></span> 
     </span>
    </p>
   </div>
   <div class='ocr_carea' id='block_1_3' title="bbox 0 526 2 1211">
    <p class='ocr_par' dir='ltr' id='par_1_3' title="bbox 0 526 2 1211">
     <span class='ocr_line' id='line_1_14' title="bbox 0 526 2 1211; baseline 0 0"><span class='ocrx_word' id='word_1_131' title='bbox 0 526 2 1211; x_wconf 95' lang='lat' dir='ltr'><strong> </strong></span> 
     </span>
    </p>
   </div>
   <div class='ocr_carea' id='block_1_4' title="bbox 996 2029 1292 2101">
    <p class='ocr_par' dir='ltr' id='par_1_4' title="bbox 996 2029 1292 2101">
     <span class='ocr_line' id='line_1_15' title="bbox 996 2029 1292 2101; baseline 0 -2"><span class='ocrx_word' id='word_1_132' title='bbox 996 2029 1207 2101; x_wconf 81' lang='lat' dir='ltr'><strong>Calltoiicon.</strong></span> <span class='ocrx_word' id='word_1_133' title='bbox 1286 2050 1292 2059; x_wconf 89' lang='lat'>·</span> 
     </span>
    </p>
   </div>
   <div class='ocr_carea' id='block_1_5' title="bbox 312 2223 1787 2717">
    <p class='ocr_par' dir='ltr' id='par_1_5' title="bbox 312 2223 1787 2717">
     <span class='ocr_line' id='line_1_16' title="bbox 503 2223 1787 2314; baseline -0.004 -15"><span class='ocrx_word' id='word_1_134' title='bbox 503 2223 558 2300; x_wconf 80' lang='lat' dir='ltr'><strong>lm</strong></span> <span class='ocrx_word' id='word_1_135' title='bbox 581 2243 731 2297; x_wconf 82' lang='lat' dir='ltr'><strong>vocantur</strong></span> <span class='ocrx_word' id='word_1_136' title='bbox 754 2234 833 2314; x_wconf 89' lang='lat' dir='ltr'><strong>apud</strong></span> <span class='ocrx_word' id='word_1_137' title='bbox 856 2233 1027 2297; x_wconf 87' lang='lat' dir='ltr'><strong>Orientalcs</strong></span> <span class='ocrx_word' id='word_1_138' title='bbox 1049 2233 1206 2314; x_wconf 84' lang='lat' dir='ltr'><strong>Epistolae</strong></span> <span class='ocrx_word' id='word_1_139' title='bbox 1229 2229 1344 2309; x_wconf 79' lang='lat' dir='ltr'><strong>iacobi,</strong></span> <span class='ocrx_word' id='word_1_140' title='bbox 1369 2230 1465 2308; x_wconf 85' lang='lat' dir='ltr'><strong>Petri,</strong></span> <span class='ocrx_word' id='word_1_141' title='bbox 1489 2227 1614 2294; x_wconf 86' lang='lat' dir='ltr'><strong>loannis</strong></span> <span class='ocrx_word' id='word_1_142' title='bbox 1638 2230 1787 2310; x_wconf 74' lang='lat' dir='ltr'><strong>essedae,</strong></span> 
     </span>
     <span class='ocr_line' id='line_1_17' title="bbox 314 2335 1786 2423; baseline -0.003 -21"><span class='ocrx_word' id='word_1_143' title='bbox 314 2360 465 2423; x_wconf 82' lang='lat' dir='ltr'><strong>quae</strong></span> <span class='ocrx_word' id='word_1_144' title='bbox 512 2337 688 2400; x_wconf 88' lang='lat' dir='ltr'><strong>Catholicae</strong></span> <span class='ocrx_word' id='word_1_145' title='bbox 711 2337 919 2418; x_wconf 81' lang='lat' dir='ltr'><strong>appellantur:</strong></span> <span class='ocrx_word' id='word_1_146' title='bbox 943 2338 1013 2418; x_wconf 84' lang='lat' dir='ltr'><strong>quia</strong></span> <span class='ocrx_word' id='word_1_147' title='bbox 1037 2338 1073 2398; x_wconf 88' lang='lat' dir='ltr'><strong>ad</strong></span> <span class='ocrx_word' id='word_1_148' title='bbox 1098 2354 1203 2399; x_wconf 88' lang='lat' dir='ltr'><strong>omnes</strong></span> <span class='ocrx_word' id='word_1_149' title='bbox 1227 2338 1359 2416; x_wconf 83' lang='lat' dir='ltr'><strong>scriptae</strong></span> <span class='ocrx_word' id='word_1_150' title='bbox 1381 2341 1465 2414; x_wconf 89' lang='lat' dir='ltr'><strong>sunt,</strong></span> <span class='ocrx_word' id='word_1_151' title='bbox 1496 2355 1536 2397; x_wconf 91' lang='lat' dir='ltr'><strong>ex</strong></span> <span class='ocrx_word' id='word_1_152' title='bbox 1559 2335 1667 2415; x_wconf 84' lang='lat' dir='ltr'><strong>quibus</strong></span> <span class='ocrx_word' id='word_1_153' title='bbox 1695 2353 1786 2397; x_wconf 92' lang='lat' dir='ltr'><strong>unum</strong></span> 
     </span>
     <span class='ocr_line' id='line_1_18' title="bbox 313 2433 1787 2518; baseline -0.006 -13"><span class='ocrx_word' id='word_1_154' title='bbox 313 2442 552 2505; x_wconf 81' lang='lat' dir='ltr'><strong>volumen</strong></span> <span class='ocrx_word' id='word_1_155' title='bbox 575 2437 734 2500; x_wconf 85' lang='lat' dir='ltr'><strong>conficitur</strong></span> <span class='ocrx_word' id='word_1_156' title='bbox 757 2437 837 2518; x_wconf 85' lang='lat' dir='ltr'><strong>quod</strong></span> <span class='ocrx_word' id='word_1_157' title='bbox 861 2436 1038 2500; x_wconf 78' lang='lat' dir='ltr'><strong>catholicon</strong></span> <span class='ocrx_word' id='word_1_158' title='bbox 1061 2437 1179 2498; x_wconf 91' lang='lat' dir='ltr'><strong>dicitur.</strong></span> <span class='ocrx_word' id='word_1_159' title='bbox 1213 2436 1316 2515; x_wconf 85' lang='lat' dir='ltr'><strong>ltaque</strong></span> <span class='ocrx_word' id='word_1_160' title='bbox 1336 2452 1403 2496; x_wconf 92' lang='lat' dir='ltr'><strong>cum</strong></span> <span class='ocrx_word' id='word_1_161' title='bbox 1421 2433 1569 2516; x_wconf 82' lang='lat' dir='ltr'><strong>Theologi</strong></span> <span class='ocrx_word' id='word_1_162' title='bbox 1591 2433 1713 2497; x_wconf 87' lang='lat' dir='ltr'><strong>laudant</strong></span> <span class='ocrx_word' id='word_1_163' title='bbox 1729 2433 1787 2496; x_wconf 89' lang='lat' dir='ltr'><strong>ali-</strong></span> 
     </span>
     <span class='ocr_line' id='line_1_19' title="bbox 313 2532 1787 2622; baseline -0.003 -19"><span class='ocrx_word' id='word_1_164' title='bbox 313 2557 495 2622; x_wconf 81' lang='lat' dir='ltr'><strong>quam</strong></span> <span class='ocrx_word' id='word_1_165' title='bbox 523 2556 563 2600; x_wconf 90' lang='lat' dir='ltr'><strong>ex</strong></span> <span class='ocrx_word' id='word_1_166' title='bbox 585 2538 652 2599; x_wconf 89' lang='lat' dir='ltr'><strong>istis</strong></span> <span class='ocrx_word' id='word_1_167' title='bbox 675 2536 820 2618; x_wconf 88' lang='lat' dir='ltr'><strong>Epistolis</strong></span> <span class='ocrx_word' id='word_1_168' title='bbox 843 2537 1023 2600; x_wconf 85' lang='lat' dir='ltr'><strong>sententiam</strong></span> <span class='ocrx_word' id='word_1_169' title='bbox 1052 2535 1155 2597; x_wconf 89' lang='lat' dir='ltr'><strong>dicunt</strong></span> <span class='ocrx_word' id='word_1_170' title='bbox 1176 2534 1312 2596; x_wconf 72' lang='lat' dir='ltr'><strong>lacobus</strong></span> <span class='ocrx_word' id='word_1_171' title='bbox 1338 2535 1371 2595; x_wconf 91' lang='lat' dir='ltr'><strong>in</strong></span> <span class='ocrx_word' id='word_1_172' title='bbox 1394 2532 1568 2611; x_wconf 71' lang='lat' dir='ltr'><strong>catholico,</strong></span> <span class='ocrx_word' id='word_1_173' title='bbox 1590 2533 1709 2610; x_wconf 81' lang='lat' dir='ltr'><strong>Petnrs,</strong></span> <span class='ocrx_word' id='word_1_174' title='bbox 1731 2543 1787 2599; x_wconf 83' lang='lat' dir='ltr'><strong>etc.</strong></span> 
     </span>
     <span class='ocr_line' id='line_1_20' title="bbox 312 2633 1332 2717; baseline -0.009 -14"><span class='ocrx_word' id='word_1_175' title='bbox 312 2639 446 2703; x_wconf 76' lang='lat' dir='ltr'><strong>Eam</strong></span> <span class='ocrx_word' id='word_1_176' title='bbox 508 2635 669 2699; x_wconf 89' lang='lat' dir='ltr'><strong>lectionem</strong></span> <span class='ocrx_word' id='word_1_177' title='bbox 691 2638 828 2717; x_wconf 87' lang='lat' dir='ltr'><strong>sequitur</strong></span> <span class='ocrx_word' id='word_1_178' title='bbox 851 2637 909 2699; x_wconf 86' lang='lat' dir='ltr'><strong>alia</strong></span> <span class='ocrx_word' id='word_1_179' title='bbox 933 2656 974 2699; x_wconf 90' lang='lat' dir='ltr'><strong>ex</strong></span> <span class='ocrx_word' id='word_1_180' title='bbox 996 2637 1081 2697; x_wconf 77' lang='lat' dir='ltr'><strong>Actis</strong></span> <span class='ocrx_word' id='word_1_181' title='bbox 1104 2633 1332 2715; x_wconf 83' lang='lat' dir='ltr'><strong>Apostolorum.</strong></span> 
     </span>
    </p>
   </div>
   <div class='ocr_carea' id='block_1_6' title="bbox 855 2891 2008 2984">
    <p class='ocr_par' dir='ltr' id='par_1_6' title="bbox 855 2891 2008 2984">
     <span class='ocr_line' id='line_1_21' title="bbox 855 2891 2008 2984; baseline 0.009 -22"><span class='ocrx_word' id='word_1_182' title='bbox 855 2891 977 2963; x_wconf 73' lang='lat' dir='ltr'><strong>Oratio</strong></span> <span class='ocrx_word' id='word_1_183' title='bbox 1003 2891 1187 2984; x_wconf 80' lang='lat' dir='ltr'><strong>Daanpeiii</strong></span> <span class='ocrx_word' id='word_1_184' title='bbox 1213 2891 1345 2965; x_wconf 80' lang='lat' dir='ltr'><strong>Sancti.</strong></span> <span class='ocrx_word' id='word_1_185' title='bbox 1835 2919 1866 2970; x_wconf 78' lang='grc' dir='ltr'><strong>Ρ.</strong></span> <span class='ocrx_word' id='word_1_186' title='bbox 1884 2920 1910 2970; x_wconf 86' lang='lat' dir='ltr'><strong>a.</strong></span> <span class='ocrx_word' id='word_1_187' title='bbox 1930 2919 1945 2972; x_wconf 86' lang='lat' dir='ltr'><strong>t.</strong></span> <span class='ocrx_word' id='word_1_188' title='bbox 1965 2920 2008 2972; x_wconf 83' lang='lat'><strong>31.</strong></span> 
     </span>
    </p>
   </div>
   <div class='ocr_carea' id='block_1_7' title="bbox 287 3101 2111 5089">
    <p class='ocr_par' dir='ltr' id='par_1_7' title="bbox 495 3101 2111 3196">
     <span class='ocr_line' id='line_1_22' title="bbox 495 3101 2111 3196; baseline 0 -17"><span class='ocrx_word' id='word_1_189' title='bbox 495 3101 564 3179; x_wconf 73' lang='lat' dir='ltr'><strong>llis</strong></span> <span class='ocrx_word' id='word_1_190' title='bbox 599 3129 677 3194; x_wconf 87' lang='lat' dir='ltr'><strong>quae</strong></span> <span class='ocrx_word' id='word_1_191' title='bbox 711 3111 853 3192; x_wconf 86' lang='lat' dir='ltr'><strong>superius</strong></span> <span class='ocrx_word' id='word_1_192' title='bbox 889 3113 1085 3194; x_wconf 89' lang='lat' dir='ltr'><strong>exposuimus</strong></span> <span class='ocrx_word' id='word_1_193' title='bbox 1120 3115 1272 3193; x_wconf 90' lang='lat' dir='ltr'><strong>peractis,</strong></span> <span class='ocrx_word' id='word_1_194' title='bbox 1308 3114 1421 3196; x_wconf 76' lang='lat' dir='ltr'><strong>legitur</strong></span> <span class='ocrx_word' id='word_1_195' title='bbox 1455 3114 1669 3195; x_wconf 65' lang='lat' dir='ltr'><strong>terrigenum,</strong></span> <span class='ocrx_word' id='word_1_196' title='bbox 1699 3115 1787 3196; x_wconf 88' lang='lat' dir='ltr'><strong>juxta</strong></span> <span class='ocrx_word' id='word_1_197' title='bbox 1827 3125 2111 3195; x_wconf 74' lang='lat' dir='ltr'><strong>uitaslegcndissvm·</strong></span> 
     </span>
    </p>

    <p class='ocr_par' dir='ltr' id='par_1_8' title="bbox 287 3212 1872 4421">
     <span class='ocr_line' id='line_1_23' title="bbox 318 3212 1872 3298; baseline 0.004 -22"><span class='ocrx_word' id='word_1_198' title='bbox 318 3217 544 3278; x_wconf 79' lang='lat' dir='ltr'><strong>ninnium</strong></span> <span class='ocrx_word' id='word_1_199' title='bbox 565 3216 770 3279; x_wconf 82' lang='lat' dir='ltr'><strong>Ecclesiamm</strong></span> <span class='ocrx_word' id='word_1_200' title='bbox 794 3215 1060 3295; x_wconf 85' lang='lat' dir='ltr'><strong>consuetudinem,</strong></span> <span class='ocrx_word' id='word_1_201' title='bbox 1084 3215 1122 3279; x_wconf 92' lang='lat' dir='ltr'><strong>de</strong></span> <span class='ocrx_word' id='word_1_202' title='bbox 1147 3235 1206 3298; x_wconf 87' lang='lat' dir='ltr'><strong>qua</strong></span> <span class='ocrx_word' id='word_1_203' title='bbox 1228 3219 1304 3281; x_wconf 90' lang='lat' dir='ltr'><strong>haec</strong></span> <span class='ocrx_word' id='word_1_204' title='bbox 1320 3217 1502 3282; x_wconf 76' lang='lat' dir='ltr'><strong>constitutio</strong></span> <span class='ocrx_word' id='word_1_205' title='bbox 1526 3226 1609 3280; x_wconf 86' lang='lat' dir='ltr'><strong>extat</strong></span> <span class='ocrx_word' id='word_1_206' title='bbox 1631 3219 1661 3279; x_wconf 92' lang='lat' dir='ltr'><strong>in</strong></span> <span class='ocrx_word' id='word_1_207' title='bbox 1681 3217 1787 3281; x_wconf 86' lang='lat' dir='ltr'><strong>Colle·</strong></span> <span class='ocrx_word' id='word_1_208' title='bbox 1800 3212 1872 3282; x_wconf 72' lang='lat' dir='ltr'><strong>getii.</strong></span> 
     </span>
     <span class='ocr_line' id='line_1_24' title="bbox 319 3313 1788 3398; baseline 0.005 -27"><span class='ocrx_word' id='word_1_209' title='bbox 319 3315 521 3377; x_wconf 83' lang='lat' dir='ltr'><strong>atione</strong></span> <span class='ocrx_word' id='word_1_210' title='bbox 548 3315 716 3379; x_wconf 85' lang='lat' dir='ltr'><strong>Ebnassali.</strong></span> <span class='ocrx_word' id='word_1_211' title='bbox 765 3315 842 3377; x_wconf 81' lang='lat' dir='ltr'><strong>Post</strong></span> <span class='ocrx_word' id='word_1_212' title='bbox 863 3313 1033 3398; x_wconf 64' lang='lat' dir='ltr'><strong>liprande</strong></span> <span class='ocrx_word' id='word_1_213' title='bbox 1061 3316 1211 3395; x_wconf 84' lang='lat' dir='ltr'><strong>Psalmis,</strong></span> <span class='ocrx_word' id='word_1_214' title='bbox 1241 3320 1355 3398; x_wconf 76' lang='lat' dir='ltr'><strong>lepetnr</strong></span> <span class='ocrx_word' id='word_1_215' title='bbox 1383 3326 1521 3380; x_wconf 86' lang='lat' dir='ltr'><strong>sanctum</strong></span> <span class='ocrx_word' id='word_1_216' title='bbox 1547 3317 1745 3398; x_wconf 78' lang='lat' dir='ltr'><strong>Eeanpelium</strong></span> <span class='ocrx_word' id='word_1_217' title='bbox 1767 3337 1788 3379; x_wconf 93' lang='lat' dir='ltr'><strong>a</strong></span> 
     </span>
     <span class='ocr_line' id='line_1_25' title="bbox 318 3407 1789 3492; baseline 0.008 -26"><span class='ocrx_word' id='word_1_218' title='bbox 318 3407 584 3492; x_wconf 47' lang='lat' dir='ltr'><strong>sacerdote,</strong></span> <span class='ocrx_word' id='word_1_219' title='bbox 598 3417 648 3477; x_wconf 85' lang='lat' dir='ltr'><strong>ael</strong></span> <span class='ocrx_word' id='word_1_220' title='bbox 667 3415 824 3489; x_wconf 62' lang='lat' dir='ltr'><strong>Diaconm</strong></span> <span class='ocrx_word' id='word_1_221' title='bbox 847 3414 984 3476; x_wconf 77' lang='lat' dir='ltr'><strong>omnious</strong></span> <span class='ocrx_word' id='word_1_222' title='bbox 1005 3416 1122 3477; x_wconf 84' lang='lat' dir='ltr'><strong>interea</strong></span> <span class='ocrx_word' id='word_1_223' title='bbox 1144 3417 1293 3479; x_wconf 81' lang='lat' dir='ltr'><strong>stantibus</strong></span> <span class='ocrx_word' id='word_1_224' title='bbox 1315 3426 1345 3479; x_wconf 85' lang='lat' dir='ltr'><strong>el</strong></span> <span class='ocrx_word' id='word_1_225' title='bbox 1356 3418 1520 3483; x_wconf 82' lang='lat' dir='ltr'><strong>silentibus.</strong></span> <span class='ocrx_word' id='word_1_226' title='bbox 1564 3418 1611 3480; x_wconf 91' lang='lat' dir='ltr'><strong>De</strong></span> <span class='ocrx_word' id='word_1_227' title='bbox 1630 3434 1789 3480; x_wconf 86' lang='lat' dir='ltr'><strong>caeremo-</strong></span> 
     </span>
     <span class='ocr_line' id='line_1_26' title="bbox 318 3504 1789 3596; baseline 0.012 -36"><span class='ocrx_word' id='word_1_228' title='bbox 318 3504 397 3564; x_wconf 83' lang='lat' dir='ltr'><strong>niis</strong></span> <span class='ocrx_word' id='word_1_229' title='bbox 455 3529 567 3578; x_wconf 84' lang='lat' dir='ltr'><strong>vem</strong></span> <span class='ocrx_word' id='word_1_230' title='bbox 589 3533 668 3596; x_wconf 89' lang='lat' dir='ltr'><strong>quae</strong></span> <span class='ocrx_word' id='word_1_231' title='bbox 692 3514 731 3576; x_wconf 86' lang='lat' dir='ltr'><strong>ad</strong></span> <span class='ocrx_word' id='word_1_232' title='bbox 752 3513 997 3596; x_wconf 82' lang='lat' dir='ltr'><strong>hancLiturgiae</strong></span> <span class='ocrx_word' id='word_1_233' title='bbox 1019 3522 1137 3594; x_wconf 89' lang='lat' dir='ltr'><strong>partem</strong></span> <span class='ocrx_word' id='word_1_234' title='bbox 1160 3516 1371 3580; x_wconf 84' lang='lat' dir='ltr'><strong>observandae</strong></span> <span class='ocrx_word' id='word_1_235' title='bbox 1393 3522 1472 3593; x_wconf 87' lang='lat' dir='ltr'><strong>sunt,</strong></span> <span class='ocrx_word' id='word_1_236' title='bbox 1497 3515 1564 3579; x_wconf 86' lang='lat' dir='ltr'><strong>fuse</strong></span> <span class='ocrx_word' id='word_1_237' title='bbox 1578 3517 1683 3580; x_wconf 88' lang='lat' dir='ltr'><strong>scribit</strong></span> <span class='ocrx_word' id='word_1_238' title='bbox 1699 3515 1789 3578; x_wconf 84' lang='lat' dir='ltr'><strong>Abu-</strong></span> 
     </span>
     <span class='ocr_line' id='line_1_27' title="bbox 316 3599 1788 3697; baseline 0.014 -41"><span class='ocrx_word' id='word_1_239' title='bbox 316 3599 501 3671; x_wconf 80' lang='lat' dir='ltr'><strong>sebah</strong></span> <span class='ocrx_word' id='word_1_240' title='bbox 533 3616 559 3677; x_wconf 87' lang='lat' dir='ltr'><strong>in</strong></span> <span class='ocrx_word' id='word_1_241' title='bbox 581 3616 725 3677; x_wconf 82' lang='lat' dir='ltr'><strong>Tractatu</strong></span> <span class='ocrx_word' id='word_1_242' title='bbox 747 3614 785 3677; x_wconf 91' lang='lat' dir='ltr'><strong>de</strong></span> <span class='ocrx_word' id='word_1_243' title='bbox 808 3615 934 3677; x_wconf 85' lang='lat' dir='ltr'><strong>seientia</strong></span> <span class='ocrx_word' id='word_1_244' title='bbox 957 3612 1174 3677; x_wconf 80' lang='lat' dir='ltr'><strong>Ecclesiastico</strong></span> <span class='ocrx_word' id='word_1_245' title='bbox 1197 3633 1264 3696; x_wconf 88' lang='lat' dir='ltr'><strong>cap.</strong></span> <span class='ocrx_word' id='word_1_246' title='bbox 1289 3614 1341 3678; x_wconf 86' lang='grc'><strong>68.</strong></span> <span class='ocrx_word' id='word_1_247' title='bbox 1386 3615 1438 3678; x_wconf 81' lang='lat' dir='ltr'><strong>Ait</strong></span> <span class='ocrx_word' id='word_1_248' title='bbox 1462 3624 1561 3680; x_wconf 88' lang='lat' dir='ltr'><strong>autem</strong></span> <span class='ocrx_word' id='word_1_249' title='bbox 1591 3618 1676 3697; x_wconf 89' lang='lat' dir='ltr'><strong>prius</strong></span> <span class='ocrx_word' id='word_1_250' title='bbox 1704 3617 1788 3678; x_wconf 88' lang='lat' dir='ltr'><strong>reci-</strong></span> 
     </span>
     <span class='ocr_line' id='line_1_28' title="bbox 314 3697 1787 3805; baseline 0.018 -56"><span class='ocrx_word' id='word_1_251' title='bbox 314 3697 406 3805; x_wconf 49' lang='lat' dir='ltr'><strong>tari·</strong></span> <span class='ocrx_word' id='word_1_252' title='bbox 457 3714 592 3776; x_wconf 83' lang='lat' dir='ltr'><strong>varias</strong></span> <span class='ocrx_word' id='word_1_253' title='bbox 616 3715 653 3776; x_wconf 89' lang='lat' dir='ltr'><strong>ad</strong></span> <span class='ocrx_word' id='word_1_254' title='bbox 676 3714 772 3776; x_wconf 87' lang='lat' dir='ltr'><strong>Deum</strong></span> <span class='ocrx_word' id='word_1_255' title='bbox 794 3715 965 3793; x_wconf 89' lang='lat' dir='ltr'><strong>orationes,</strong></span> <span class='ocrx_word' id='word_1_256' title='bbox 989 3713 1097 3795; x_wconf 88' lang='lat' dir='ltr'><strong>quibas</strong></span> <span class='ocrx_word' id='word_1_257' title='bbox 1120 3723 1247 3797; x_wconf 83' lang='lat' dir='ltr'><strong>rogatur</strong></span> <span class='ocrx_word' id='word_1_258' title='bbox 1268 3722 1301 3777; x_wconf 95' lang='lat' dir='ltr'><strong>ut</strong></span> <span class='ocrx_word' id='word_1_259' title='bbox 1331 3716 1372 3777; x_wconf 91' lang='lat' dir='ltr'><strong>ita</strong></span> <span class='ocrx_word' id='word_1_260' title='bbox 1396 3714 1549 3779; x_wconf 88' lang='lat' dir='ltr'><strong>auditores</strong></span> <span class='ocrx_word' id='word_1_261' title='bbox 1579 3713 1719 3797; x_wconf 88' lang='lat' dir='ltr'><strong>disponat</strong></span> <span class='ocrx_word' id='word_1_262' title='bbox 1749 3715 1787 3776; x_wconf 89' lang='lat' dir='ltr'><strong>ad</strong></span> 
     </span>
     <span class='ocr_line' id='line_1_29' title="bbox 309 3796 1788 3895; baseline 0.002 -22"><span class='ocrx_word' id='word_1_263' title='bbox 309 3797 406 3851; x_wconf 57' lang='lat'><strong>³⁸¹²</strong></span> <span class='ocrx_word' id='word_1_264' title='bbox 415 3796 539 3873; x_wconf 76' lang='lat' dir='ltr'><strong>bus</strong></span> <span class='ocrx_word' id='word_1_265' title='bbox 559 3822 589 3877; x_wconf 89' lang='lat' dir='ltr'><strong>et</strong></span> <span class='ocrx_word' id='word_1_266' title='bbox 611 3812 705 3875; x_wconf 89' lang='lat' dir='ltr'><strong>corde</strong></span> <span class='ocrx_word' id='word_1_267' title='bbox 728 3813 941 3894; x_wconf 88' lang='lat' dir='ltr'><strong>excipiendum</strong></span> <span class='ocrx_word' id='word_1_268' title='bbox 971 3820 1107 3875; x_wconf 90' lang='lat' dir='ltr'><strong>sanctum</strong></span> <span class='ocrx_word' id='word_1_269' title='bbox 1137 3813 1352 3895; x_wconf 83' lang='lat' dir='ltr'><strong>Evangelium‚</strong></span> <span class='ocrx_word' id='word_1_270' title='bbox 1385 3821 1418 3876; x_wconf 92' lang='lat' dir='ltr'><strong>ut</strong></span> <span class='ocrx_word' id='word_1_271' title='bbox 1449 3814 1520 3877; x_wconf 92' lang='lat' dir='ltr'><strong>illud</strong></span> <span class='ocrx_word' id='word_1_272' title='bbox 1551 3833 1646 3895; x_wconf 88' lang='lat' dir='ltr'><strong>opere</strong></span> <span class='ocrx_word' id='word_1_273' title='bbox 1676 3816 1788 3895; x_wconf 87' lang='lat' dir='ltr'><strong>exequi</strong></span> 
     </span>
     <span class='ocr_line' id='line_1_30' title="bbox 303 3881 1788 3994; baseline 0.003 -24"><span class='ocrx_word' id='word_1_274' title='bbox 303 3881 545 3973; x_wconf 55' lang='lat' dir='ltr'><strong>va&#39;eant</strong></span> <span class='ocrx_word' id='word_1_275' title='bbox 587 3914 620 3977; x_wconf 94' lang='lat' dir='ltr'><strong>ld</strong></span> <span class='ocrx_word' id='word_1_276' title='bbox 643 3931 793 3993; x_wconf 84' lang='lat' dir='ltr'><strong>expresse</strong></span> <span class='ocrx_word' id='word_1_277' title='bbox 815 3912 988 3994; x_wconf 85' lang='lat' dir='ltr'><strong>significant</strong></span> <span class='ocrx_word' id='word_1_278' title='bbox 1018 3915 1172 3976; x_wconf 90' lang='lat' dir='ltr'><strong>orationes</strong></span> <span class='ocrx_word' id='word_1_279' title='bbox 1203 3914 1306 3977; x_wconf 84' lang='lat' dir='ltr'><strong>variae</strong></span> <span class='ocrx_word' id='word_1_280' title='bbox 1337 3921 1425 3992; x_wconf 85' lang='lat' dir='ltr'><strong>ante,</strong></span> <span class='ocrx_word' id='word_1_281' title='bbox 1454 3913 1504 3976; x_wconf 83' lang='lat' dir='ltr'><strong>vel</strong></span> <span class='ocrx_word' id='word_1_282' title='bbox 1532 3920 1601 3994; x_wconf 91' lang='lat' dir='ltr'><strong>post</strong></span> <span class='ocrx_word' id='word_1_283' title='bbox 1629 3914 1788 3977; x_wconf 88' lang='lat' dir='ltr'><strong>lectionem</strong></span> 
     </span>
     <span class='ocr_line' id='line_1_31' title="bbox 322 3993 1788 4095; baseline 0.002 -22"><span class='ocrx_word' id='word_1_284' title='bbox 322 3993 572 4087; x_wconf 67' lang='lat' dir='ltr'><strong>vangalil</strong></span> <span class='ocrx_word' id='word_1_285' title='bbox 593 4015 625 4074; x_wconf 86' lang='lat' dir='ltr'><strong>in</strong></span> <span class='ocrx_word' id='word_1_286' title='bbox 648 4012 785 4074; x_wconf 83' lang='lat' dir='ltr'><strong>omnibus</strong></span> <span class='ocrx_word' id='word_1_287' title='bbox 808 4012 962 4095; x_wconf 82' lang='lat' dir='ltr'><strong>Liturgiis.</strong></span> <span class='ocrx_word' id='word_1_288' title='bbox 1014 4011 1095 4075; x_wconf 91' lang='lat' dir='ltr'><strong>ldem</strong></span> <span class='ocrx_word' id='word_1_289' title='bbox 1125 4013 1224 4076; x_wconf 86' lang='lat' dir='ltr'><strong>llutor</strong></span> <span class='ocrx_word' id='word_1_290' title='bbox 1250 4013 1406 4095; x_wconf 85' lang='lat' dir='ltr'><strong>subjungit</strong></span> <span class='ocrx_word' id='word_1_291' title='bbox 1433 4020 1542 4093; x_wconf 88' lang='lat' dir='ltr'><strong>postea</strong></span> <span class='ocrx_word' id='word_1_292' title='bbox 1569 4013 1629 4075; x_wconf 92' lang='lat' dir='ltr'><strong>dici</strong></span> <span class='ocrx_word' id='word_1_293' title='bbox 1656 4014 1788 4094; x_wconf 76' lang='lat' dir='ltr'><strong>Hymnos</strong></span> 
     </span>
     <span class='ocr_line' id='line_1_32' title="bbox 295 4072 1788 4193; baseline 0.005 -26"><span class='ocrx_word' id='word_1_294' title='bbox 295 4072 440 4147; x_wconf 62' lang='lat'><strong>‘²¹²⁸</strong></span> <span class='ocrx_word' id='word_1_295' title='bbox 451 4109 587 4176; x_wconf 55' lang='lat' dir='ltr'><strong>almos</strong></span> <span class='ocrx_word' id='word_1_296' title='bbox 609 4112 723 4190; x_wconf 83' lang='lat' dir='ltr'><strong>varios,</strong></span> <span class='ocrx_word' id='word_1_297' title='bbox 746 4112 910 4174; x_wconf 88' lang='lat' dir='ltr'><strong>secundum</strong></span> <span class='ocrx_word' id='word_1_298' title='bbox 925 4112 1068 4175; x_wconf 87' lang='lat' dir='ltr'><strong>lestorum</strong></span> <span class='ocrx_word' id='word_1_299' title='bbox 1091 4113 1312 4176; x_wconf 86' lang='lat' dir='ltr'><strong>diversitatem:</strong></span> <span class='ocrx_word' id='word_1_300' title='bbox 1336 4120 1397 4174; x_wconf 91' lang='lat' dir='ltr'><strong>tum</strong></span> <span class='ocrx_word' id='word_1_301' title='bbox 1420 4113 1461 4175; x_wconf 91' lang='lat' dir='ltr'><strong>ita</strong></span> <span class='ocrx_word' id='word_1_302' title='bbox 1483 4114 1688 4193; x_wconf 88' lang='lat' dir='ltr'><strong>prosequitur.</strong></span> <span class='ocrx_word' id='word_1_303' title='bbox 1714 4112 1788 4175; x_wconf 81' lang='lat' dir='ltr'><strong>Cir-</strong></span> 
     </span>
     <span class='ocr_line' id='line_1_33' title="bbox 291 4182 1787 4323; baseline -0.001 -50"><span class='ocrx_word' id='word_1_304' title='bbox 291 4182 383 4323; x_wconf 46' lang='lat' dir='ltr'><strong>czu</strong></span> <span class='ocrx_word' id='word_1_305' title='bbox 455 4203 651 4274; x_wconf 69' lang='lat' dir='ltr'><strong>⁴Sacerdos</strong></span> <span class='ocrx_word' id='word_1_306' title='bbox 672 4212 785 4289; x_wconf 84' lang='lat' dir='ltr'><strong>altare,</strong></span> <span class='ocrx_word' id='word_1_307' title='bbox 810 4220 840 4272; x_wconf 83' lang='lat' dir='ltr'><strong>et</strong></span> <span class='ocrx_word' id='word_1_308' title='bbox 854 4210 1012 4274; x_wconf 79' lang='lat' dir='ltr'><strong>Diaconos</strong></span> <span class='ocrx_word' id='word_1_309' title='bbox 1033 4213 1123 4274; x_wconf 85' lang='lat' dir='ltr'><strong>simul</strong></span> <span class='ocrx_word' id='word_1_310' title='bbox 1139 4214 1335 4294; x_wconf 76' lang='lat' dir='ltr'><strong>propredilur</strong></span> <span class='ocrx_word' id='word_1_311' title='bbox 1361 4232 1429 4274; x_wconf 86' lang='lat' dir='ltr'><strong>cum</strong></span> <span class='ocrx_word' id='word_1_312' title='bbox 1450 4211 1616 4292; x_wconf 80' lang='lat' dir='ltr'><strong>Eoonpelt&#39;o</strong></span> <span class='ocrx_word' id='word_1_313' title='bbox 1642 4214 1787 4292; x_wconf 77' lang='lat' dir='ltr'><strong>plorioso,</strong></span> 
     </span>
     <span class='ocr_line' id='line_1_34' title="bbox 287 4282 1788 4421; baseline -0.001 -48"><span class='ocrx_word' id='word_1_314' title='bbox 287 4282 484 4421; x_wconf 48' lang='lat'><strong>{⁸⁶⁹²</strong></span> <span class='ocrx_word' id='word_1_315' title='bbox 527 4312 564 4373; x_wconf 82' lang='lat' dir='ltr'><strong>iis</strong></span> <span class='ocrx_word' id='word_1_316' title='bbox 586 4310 715 4373; x_wconf 82' lang='lat' dir='ltr'><strong>Clericis</strong></span> <span class='ocrx_word' id='word_1_317' title='bbox 735 4312 788 4391; x_wconf 80' lang='lat' dir='ltr'><strong>pai</strong></span> <span class='ocrx_word' id='word_1_318' title='bbox 808 4312 852 4372; x_wconf 86' lang='lat' dir='ltr'><strong>ud</strong></span> <span class='ocrx_word' id='word_1_319' title='bbox 872 4311 972 4372; x_wconf 83' lang='lat' dir='ltr'><strong>altare</strong></span> <span class='ocrx_word' id='word_1_320' title='bbox 992 4313 1166 4374; x_wconf 72' lang='lat' dir='ltr'><strong>ministrant</strong></span> <span class='ocrx_word' id='word_1_321' title='bbox 1187 4313 1296 4393; x_wconf 75' lang='lat' dir='ltr'><strong>aliqui,</strong></span> <span class='ocrx_word' id='word_1_322' title='bbox 1319 4329 1425 4373; x_wconf 85' lang='lat' dir='ltr'><strong>cereos</strong></span> <span class='ocrx_word' id='word_1_323' title='bbox 1446 4328 1594 4373; x_wconf 87' lang='lat' dir='ltr'><strong>accensos</strong></span> <span class='ocrx_word' id='word_1_324' title='bbox 1607 4311 1788 4390; x_wconf 79' lang='lat' dir='ltr'><strong>praeferen-</strong></span> 
     </span>
    </p>

    <p class='ocr_par' dir='ltr' id='par_1_9' title="bbox 287 4400 1789 4729">
     <span class='ocr_line' id='line_1_35' title="bbox 331 4400 1789 4490; baseline -0.001 -18"><span class='ocrx_word' id='word_1_325' title='bbox 331 4400 354 4418; x_wconf 80' lang='grc'><strong>“</strong></span> <span class='ocrx_word' id='word_1_326' title='bbox 393 4472 417 4489; x_wconf 67' lang='grc'>,</span> <span class='ocrx_word' id='word_1_327' title='bbox 511 4408 668 4473; x_wconf 78' lang='lat' dir='ltr'><strong>Diaconos</strong></span> <span class='ocrx_word' id='word_1_328' title='bbox 692 4410 802 4472; x_wconf 67' lang='lat' dir='ltr'><strong>lienam</strong></span> <span class='ocrx_word' id='word_1_329' title='bbox 827 4418 941 4489; x_wconf 72' lang='lat' dir='ltr'><strong>peston,</strong></span> <span class='ocrx_word' id='word_1_330' title='bbox 970 4419 1000 4471; x_wconf 83' lang='lat' dir='ltr'><strong>et</strong></span> <span class='ocrx_word' id='word_1_331' title='bbox 1028 4430 1096 4474; x_wconf 85' lang='lat' dir='ltr'><strong>carn</strong></span> <span class='ocrx_word' id='word_1_332' title='bbox 1124 4412 1337 4474; x_wconf 73' lang='lat' dir='ltr'><strong>descenderim</strong></span> <span class='ocrx_word' id='word_1_333' title='bbox 1364 4412 1402 4474; x_wconf 84' lang='lat' dir='ltr'><strong>de</strong></span> <span class='ocrx_word' id='word_1_334' title='bbox 1429 4412 1629 4487; x_wconf 81' lang='lat' dir='ltr'><strong>Sanctaario,</strong></span> <span class='ocrx_word' id='word_1_335' title='bbox 1659 4411 1789 4490; x_wconf 84' lang='lat' dir='ltr'><strong>popalus</strong></span> 
     </span>
     <span class='ocr_line' id='line_1_36' title="bbox 305 4488 1787 4618; baseline -0.002 -45"><span class='ocrx_word' id='word_1_336' title='bbox 305 4488 510 4618; x_wconf 38' lang='grc' dir='ltr'><strong>ωδε.»</strong></span> <span class='ocrx_word' id='word_1_337' title='bbox 534 4509 673 4572; x_wconf 78' lang='lat' dir='ltr'><strong>Auditam</strong></span> <span class='ocrx_word' id='word_1_338' title='bbox 696 4508 744 4570; x_wconf 90' lang='lat' dir='ltr'><strong>lac</strong></span> <span class='ocrx_word' id='word_1_339' title='bbox 767 4509 836 4570; x_wconf 81' lang='lat' dir='ltr'><strong>milri</strong></span> <span class='ocrx_word' id='word_1_340' title='bbox 859 4527 946 4572; x_wconf 89' lang='lat' dir='ltr'><strong>mane</strong></span> <span class='ocrx_word' id='word_1_341' title='bbox 970 4511 1206 4575; x_wconf 86' lang='lat' dir='ltr'><strong>miscricordiam</strong></span> <span class='ocrx_word' id='word_1_342' title='bbox 1229 4520 1326 4589; x_wconf 85' lang='lat' dir='ltr'><strong>taam,</strong></span> <span class='ocrx_word' id='word_1_343' title='bbox 1351 4513 1419 4592; x_wconf 89' lang='lat' dir='ltr'><strong>quia</strong></span> <span class='ocrx_word' id='word_1_344' title='bbox 1443 4512 1473 4571; x_wconf 89' lang='lat' dir='ltr'><strong>in</strong></span> <span class='ocrx_word' id='word_1_345' title='bbox 1496 4518 1526 4572; x_wconf 89' lang='lat' dir='ltr'><strong>te</strong></span> <span class='ocrx_word' id='word_1_346' title='bbox 1550 4510 1682 4590; x_wconf 89' lang='lat' dir='ltr'><strong>speravi.</strong></span> <span class='ocrx_word' id='word_1_347' title='bbox 1705 4509 1787 4571; x_wconf 84' lang='lat' dir='ltr'><strong>Dia-</strong></span> 
     </span>
     <span class='ocr_line' id='line_1_37' title="bbox 287 4577 1786 4729; baseline 0 -59"><span class='ocrx_word' id='word_1_348' title='bbox 287 4577 503 4729; x_wconf 47' lang='lat' dir='ltr'><strong>}mt‘&amp;</strong></span> <span class='ocrx_word' id='word_1_349' title='bbox 531 4618 644 4671; x_wconf 83' lang='lat' dir='ltr'><strong>secreto</strong></span> <span class='ocrx_word' id='word_1_350' title='bbox 666 4610 750 4689; x_wconf 81' lang='lat' dir='ltr'><strong>apud</strong></span> <span class='ocrx_word' id='word_1_351' title='bbox 770 4628 804 4670; x_wconf 89' lang='lat' dir='ltr'><strong>se</strong></span> <span class='ocrx_word' id='word_1_352' title='bbox 826 4609 908 4671; x_wconf 84' lang='lat' dir='ltr'><strong>dicit.</strong></span> <span class='ocrx_word' id='word_1_353' title='bbox 942 4610 1050 4673; x_wconf 90' lang='lat' dir='ltr'><strong>Notam</strong></span> <span class='ocrx_word' id='word_1_354' title='bbox 1072 4610 1120 4672; x_wconf 90' lang='lat' dir='ltr'><strong>lac</strong></span> <span class='ocrx_word' id='word_1_355' title='bbox 1143 4611 1213 4673; x_wconf 84' lang='lat' dir='ltr'><strong>milti</strong></span> <span class='ocrx_word' id='word_1_356' title='bbox 1228 4610 1355 4672; x_wconf 86' lang='lat' dir='ltr'><strong>Domine</strong></span> <span class='ocrx_word' id='word_1_357' title='bbox 1377 4610 1466 4688; x_wconf 82' lang='lat' dir='ltr'><strong>riam,</strong></span> <span class='ocrx_word' id='word_1_358' title='bbox 1490 4610 1520 4671; x_wconf 88' lang='lat' dir='ltr'><strong>in</strong></span> <span class='ocrx_word' id='word_1_359' title='bbox 1537 4626 1603 4690; x_wconf 75' lang='lat' dir='ltr'><strong>,qua</strong></span> <span class='ocrx_word' id='word_1_360' title='bbox 1627 4607 1786 4670; x_wconf 89' lang='lat' dir='ltr'><strong>ambulem.</strong></span> 
     </span>
    </p>

    <p class='ocr_par' dir='ltr' id='par_1_10' title="bbox 297 4706 1788 4924">
     <span class='ocr_line' id='line_1_38' title="bbox 335 4706 1788 4808; baseline 0 -39"><span class='ocrx_word' id='word_1_361' title='bbox 335 4748 358 4808; x_wconf 58' lang='grc' dir='ltr'>ἰ</span> <span class='ocrx_word' id='word_1_362' title='bbox 489 4706 700 4788; x_wconf 62' lang='lat' dir='ltr'><strong>Boanpeliarn</strong></span> <span class='ocrx_word' id='word_1_363' title='bbox 719 4717 859 4788; x_wconf 77' lang='lat' dir='ltr'><strong>pestana,</strong></span> <span class='ocrx_word' id='word_1_364' title='bbox 883 4707 983 4787; x_wconf 71' lang='lat' dir='ltr'><strong>defert</strong></span> <span class='ocrx_word' id='word_1_365' title='bbox 1003 4710 1091 4786; x_wconf 83' lang='lat' dir='ltr'><strong>illud,</strong></span> <span class='ocrx_word' id='word_1_366' title='bbox 1114 4712 1266 4772; x_wconf 82' lang='lat' dir='ltr'><strong>transiens</strong></span> <span class='ocrx_word' id='word_1_367' title='bbox 1284 4729 1342 4790; x_wconf 88' lang='lat' dir='ltr'><strong>per</strong></span> <span class='ocrx_word' id='word_1_368' title='bbox 1363 4710 1493 4770; x_wconf 81' lang='lat' dir='ltr'><strong>medium</strong></span> <span class='ocrx_word' id='word_1_369' title='bbox 1517 4710 1668 4788; x_wconf 83' lang='lat' dir='ltr'><strong>papalum.</strong></span> <span class='ocrx_word' id='word_1_370' title='bbox 1715 4706 1788 4769; x_wconf 81' lang='lat' dir='ltr'><strong>Cir-</strong></span> 
     </span>
     <span class='ocr_line' id='line_1_39' title="bbox 297 4767 1788 4924; baseline -0.001 -54"><span class='ocrx_word' id='word_1_371' title='bbox 297 4767 514 4924; x_wconf 43' lang='lat' dir='ltr'><strong>fflsst&#39;sst</strong></span> <span class='ocrx_word' id='word_1_372' title='bbox 533 4817 631 4870; x_wconf 80' lang='lat' dir='ltr'><strong>autern</strong></span> <span class='ocrx_word' id='word_1_373' title='bbox 652 4808 702 4870; x_wconf 85' lang='lat' dir='ltr'><strong>ide</strong></span> <span class='ocrx_word' id='word_1_374' title='bbox 729 4811 853 4882; x_wconf 70' lang='lat' dir='ltr'><strong>aniciis,</strong></span> <span class='ocrx_word' id='word_1_375' title='bbox 880 4809 933 4888; x_wconf 81' lang='lat' dir='ltr'><strong>qui</strong></span> <span class='ocrx_word' id='word_1_376' title='bbox 958 4811 993 4888; x_wconf 75' lang='lat' dir='ltr'><strong>fit</strong></span> <span class='ocrx_word' id='word_1_377' title='bbox 1014 4811 1100 4871; x_wconf 87' lang='lat' dir='ltr'><strong>circa</strong></span> <span class='ocrx_word' id='word_1_378' title='bbox 1129 4811 1229 4872; x_wconf 83' lang='lat' dir='ltr'><strong>altare</strong></span> <span class='ocrx_word' id='word_1_379' title='bbox 1259 4812 1341 4871; x_wconf 86' lang='lat' dir='ltr'><strong>intra</strong></span> <span class='ocrx_word' id='word_1_380' title='bbox 1366 4808 1598 4884; x_wconf 84' lang='lat' dir='ltr'><strong>Sanctaariam,</strong></span> <span class='ocrx_word' id='word_1_381' title='bbox 1625 4807 1788 4870; x_wconf 81' lang='lat' dir='ltr'><strong>similitudo</strong></span> 
     </span>
    </p>

    <p class='ocr_par' dir='ltr' id='par_1_11' title="bbox 308 4891 1792 5089">
     <span class='ocr_line' id='line_1_40' title="bbox 308 4891 1792 4988; baseline -0.001 -18"><span class='ocrx_word' id='word_1_382' title='bbox 308 4891 324 4938; x_wconf 76' lang='lat'><strong><em>⁶</em></strong></span> <span class='ocrx_word' id='word_1_383' title='bbox 366 4955 385 4971; x_wconf 82' lang='lat'><strong>.</strong></span> <span class='ocrx_word' id='word_1_384' title='bbox 422 4899 624 4969; x_wconf 54' lang='lat' dir='ltr'><strong>essartum</strong></span> <span class='ocrx_word' id='word_1_385' title='bbox 652 4906 812 4987; x_wconf 77' lang='lat' dir='ltr'><strong>Enanpelii</strong></span> <span class='ocrx_word' id='word_1_386' title='bbox 835 4926 893 4985; x_wconf 87' lang='lat' dir='ltr'><strong>per</strong></span> <span class='ocrx_word' id='word_1_387' title='bbox 920 4906 1094 4970; x_wconf 52' lang='lat' dir='ltr'><strong>mersam</strong></span> <span class='ocrx_word' id='word_1_388' title='bbox 1120 4908 1240 4970; x_wconf 82' lang='lat' dir='ltr'><strong>orbern:</strong></span> <span class='ocrx_word' id='word_1_389' title='bbox 1272 4910 1419 4971; x_wconf 81' lang='lat' dir='ltr'><strong>circatitos</strong></span> <span class='ocrx_word' id='word_1_390' title='bbox 1447 4906 1528 4969; x_wconf 86' lang='lat' dir='ltr'><strong>illias</strong></span> <span class='ocrx_word' id='word_1_391' title='bbox 1552 4908 1792 4988; x_wconf 70' lang='lat' dir='ltr'><strong>pereprinatorii</strong></span> 
     </span>
     <span class='ocr_line' id='line_1_41' title="bbox 318 4972 1789 5089; baseline 0.004 -27"><span class='ocrx_word' id='word_1_392' title='bbox 318 4972 388 5062; x_wconf 46' lang='grc' dir='ltr'><strong>(Ρη</strong></span> <span class='ocrx_word' id='word_1_393' title='bbox 439 5002 658 5068; x_wconf 52' lang='lat' dir='ltr'><strong>manaan</strong></span> <span class='ocrx_word' id='word_1_394' title='bbox 680 5014 795 5070; x_wconf 62' lang='lat' dir='ltr'><strong>mam</strong></span> <span class='ocrx_word' id='word_1_395' title='bbox 816 5007 956 5086; x_wconf 80' lang='lat' dir='ltr'><strong>implerit.</strong></span> <span class='ocrx_word' id='word_1_396' title='bbox 990 5007 1088 5070; x_wconf 82' lang='lat' dir='ltr'><strong>Panlo</strong></span> <span class='ocrx_word' id='word_1_397' title='bbox 1104 5015 1180 5089; x_wconf 84' lang='lat' dir='ltr'><strong>post</strong></span> <span class='ocrx_word' id='word_1_398' title='bbox 1199 5008 1354 5070; x_wconf 78' lang='lat' dir='ltr'><strong>Sacerdos</strong></span> <span class='ocrx_word' id='word_1_399' title='bbox 1376 5006 1539 5085; x_wconf 78' lang='lat' dir='ltr'><strong>Eoonpelii</strong></span> <span class='ocrx_word' id='word_1_400' title='bbox 1558 5008 1667 5070; x_wconf 85' lang='lat' dir='ltr'><strong>libram</strong></span> <span class='ocrx_word' id='word_1_401' title='bbox 1680 5008 1789 5088; x_wconf 85' lang='lat' dir='ltr'><strong>aperit,</strong></span> 
     </span>
    </p>
   </div>
   <div class='ocr_carea' id='block_1_8' title="bbox 1503 5123 1581 5197">
    <p class='ocr_par' dir='ltr' id='par_1_12' title="bbox 1503 5123 1581 5197">
     <span class='ocr_line' id='line_1_42' title="bbox 1503 5123 1581 5197; baseline 0 0"><span class='ocrx_word' id='word_1_402' title='bbox 1503 5123 1581 5197; x_wconf 70' lang='lat'><strong>40*</strong></span> 
     </span>
    </p>
   </div>
   <div class='ocr_carea' id='block_1_9' title="bbox 0 0 2272 6034">
    <p class='ocr_par' dir='ltr' id='par_1_13' title="bbox 0 0 2272 6034">
     <span class='ocr_line' id='line_1_43' title="bbox 0 0 2272 6034; baseline 0 0"><span class='ocrx_word' id='word_1_403' title='bbox 0 0 2272 6034; x_wconf 95' lang='lat' dir='ltr'><strong> </strong></span> 
     </span>
    </p>
   </div>
  </div>
 </body>
</html>
