4525 6034
449 610 628 744 lllllllGlrl
653 609 797 686 lGlldTll
823 607 1083 685 talamannia
1110 605 1350 684 dlllllllldlllll.
1509 605 1583 679 525

317 798 478 892 Populos.
532 798 654 870 Amen.

319 913 504 988 Sacerdos
560 914 642 1000 Quis
673 912 759 984 ullus
794 935 840 984 ex
879 922 950 985 toto
984 921 1123 984 naturae
1155 911 1326 984 rationalis
1362 920 1396 981 et
1431 920 1586 992 terrenae
1628 1006 1630 1009 y

215 1052 343 1123 genere
368 1035 476 1125 possit
501 1028 793 1126 comprehendere,
822 1039 878 1100 aut
902 1051 1042 1100 narrare
1069 1028 1173 1101 effusa
1200 1026 1363 1100 beneficia
1391 1036 1446 1098 tna
1473 1031 1587 1098 omni-

215 1147 279 1220 bus
306 1157 437 1221 secreta
464 1157 498 1219 et
524 1145 731 1234 abscondita,
756 1145 926 1218 Domine?
954 1148 1009 1240 qui
1036 1169 1110 1217 cum
1122 1144 1248 1238 indigni
1275 1167 1439 1233 essemus,
1467 1144 1586 1238 dignos

215 1262 326 1336 iecisti
357 1285 440 1352 nos,
472 1273 506 1335 et
539 1285 584 1334 ex
615 1261 715 1334 nihilo
749 1262 791 1333 ad
818 1261 1028 1334 existendum
1055 1260 1235 1333 adduxisti:
1270 1264 1326 1357 qui
1358 1286 1422 1336 nos
1451 1286 1471 1334 e
1498 1272 1586 1336 statu

215 1379 327 1452 inlimo
366 1380 409 1452 ad
445 1378 617 1451 excelsam
652 1378 845 1470 dignitatem
872 1378 1027 1450 extulisti.
1079 1379 1227 1450 Petimus
1254 1402 1273 1449 a
1300 1388 1333 1450 te
1359 1379 1520 1468 Domine,
1551 1388 1588 1451 ut

216 1494 389 1568 instabiles
415 1496 621 1592 voluptates,
649 1498 790 1566 animum
824 1505 1034 1582 avertentes,
1071 1505 1105 1565 et
1139 1493 1351 1568 inferioribus
1393 1495 1494 1568 rebus
1526 1517 1589 1590 per

218 1616 521 1708 concupiscentiam
556 1612 748 1703 affigentes,
781 1633 801 1681 a
834 1610 932 1683 nobis
965 1609 1083 1705 procul
1117 1610 1243 1701 facias3
1280 1611 1371 1683 bona
1404 1633 1489 1685 vero
1526 1634 1587 1685 seu

213 1728 405 1823 voluptates
432 1727 570 1802 stabiles
599 1727 785 1822 divinisque
810 1729 997 1824 proximas,
1014 1731 1235 1824 supernisque
1262 1726 1363 1799 rebus
1391 1728 1523 1821 dignas,
1550 1737 1585 1798 et

218 1865 303 1937 quae
331 1865 462 1917 sursum
490 1843 623 1936 affigant
656 1848 815 1933 animum,
841 1844 940 1916 nobis
974 1841 1129 1934 adjicias:
1155 1855 1254 1939 atque
1280 1852 1316 1915 ut
1343 1844 1432 1938 digni
1459 1843 1588 1915 ellicia-

214 1980 288 2029 mur
323 1961 482 2052 conjungi
513 1969 548 2029 et
579 1962 663 2030 uniri
693 1981 756 2055 per
787 1968 998 2033 sacramenta
1033 1970 1150 2032 sancta
1184 1970 1218 2031 et
1258 1959 1395 2048 deifica,
1436 1959 1588 2031 coetibus

217 2096 345 2164 eorum,
372 2075 431 2147 tibi
457 2075 625 2147 offerimus
651 2076 865 2165 sacrificium3
901 2086 935 2147 et
968 2074 1155 2150 referemus
1185 2075 1244 2148 tibi
1276 2076 1416 2168 gloriam
1450 2084 1483 2147 et
1508 2074 1588 2147 lau-

218 2189 307 2282 dem,
332 2173 569 2286 unigenitoque
595 2191 680 2263 Filio
708 2201 778 2281 tuo,
805 2201 839 2263 et
865 2191 1000 2288 Spiritui
1027 2195 1236 2266 sanctissimo
1263 2202 1331 2264 tuo.

318 2306 481 2400 Populos.
532 2307 653 2379 Amen.

321 2421 509 2495 Diaconos.
562 2422 696 2496 Stemus
723 2422 891 2494 decenter.

321 2538 484 2631 Populos.
537 2538 793 2613 Misericordiae
817 2538 895 2627 Dei,
922 2549 986 2612 etc.

321 2654 507 2728 Sacerdos.
560 2653 691 2728 Caritas
717 2657 782 2729 Dei
808 2654 928 2744 Patris,
955 2667 1018 2732 otc.

321 2771 483 2866 Populos.
536 2771 581 2843 Et
608 2794 681 2845 cum
708 2775 824 2867 spiritu
850 2783 918 2845 tuo.

322 2886 508 2959 Sacerdos.
561 2887 701 2961 Sursum
727 2887 841 2960 corda.
1017 2953 1026 2978 χ

324 3001 485 3096 Populos.
537 3002 708 3076 Habemus
736 3003 778 3074 ad
803 3004 990 3077 Dominum.

326 3118 510 3190 Sacerdos.
565 3119 699 3193 Gratias
725 3142 863 3212 agamus
890 3122 976 3194 Deo.

323 3235 486 3328 Populus.
539 3239 684 3329 Dignum
711 3247 745 3309 et
767 3240 889 3329 justum
917 3248 978 3310 est.

266 3358 273 3372 ⁸
326 3352 502 3424 Sacerdos
527 3353 719 3425 declaratas.
771 3353 823 3425 Te
849 3353 947 3426 decet
972 3353 1062 3441 laus,
1094 3364 1129 3425 te
1155 3352 1251 3425 decet
1277 3357 1459 3447 gratiarum
1486 3359 1589 3446 actio,

222 3475 257 3538 et
282 3465 341 3538 tibi
367 3467 507 3541 debetur
532 3469 681 3542 adoratio
709 3468 751 3541 ab
780 3467 931 3543 omnibus
959 3468 1146 3561 agminibus
1172 3469 1396 3562 coelestibus,
1431 3481 1464 3543 et
1491 3472 1589 3545 ordi-

221 3581 319 3656 nibus
346 3585 578 3675 terrestribus,
610 3589 718 3682 iisque
750 3584 903 3658 omnibus
930 3609 1015 3681 quae
1050 3590 1195 3660 essentia
1227 3598 1282 3666 tua
1314 3593 1461 3683 creavit;
1488 3612 1591 3663 sensu

221 3699 369 3795 praedita
397 3701 455 3773 vel
481 3704 651 3792 carentia,
679 3712 713 3774 et
741 3724 827 3797 quae
858 3705 944 3774 inter
975 3715 1149 3799 utrumque
1174 3725 1298 3796 genus,
1326 3726 1414 3800 quae
1439 3707 1481 3778 ad
1508 3710 1591 3778 exi-

223 3815 375 3888 stendum
401 3816 607 3912 produxisti:
642 3822 719 3914 quia
744 3830 779 3890 tu
804 3818 978 3892 laudabilis
1013 3841 1051 3891 es
1083 3830 1116 3892 et
1150 3819 1361 3894 extollendus
1396 3844 1469 3894 cum
1501 3823 1589 3895 Filio

223 3941 293 4023 tuo,
321 3942 355 4003 et
380 3933 504 4028 Spiritu
529 3943 586 4005 tuo
613 3943 740 4009 sancto.

327 4048 478 4119 Elecons
503 4070 630 4120 vocem.
681 4051 734 4123 'l'n
760 4053 847 4123 enim
874 4071 912 4122 es
938 4051 1082 4123 Domine
1108 4054 1202 4144 cujus
1228 4052 1379 4144 laudibus
1397 4053 1488 4150 pleni
1514 4066 1591 4128 sunt

224 4162 312 4237 coeli
338 4173 372 4235 et
397 4174 499 4255 terra,
527 4175 561 4237 el
586 4155 696 4239 omnia
723 4190 808 4262 quae
840 4170 874 4237 in
907 4171 958 4239 eis
985 4179 1077 4256 sunt3
1112 4171 1167 4262 qui
1201 4180 1281 4241 nutu
1311 4179 1369 4242 tuo
1404 4193 1591 4245 conservas

223 4282 257 4350 in
283 4302 394 4352 rerum
420 4290 537 4353 natura
564 4283 694 4356 coelum
711 4293 745 4356 et
770 4292 904 4371 terram,
931 4306 1018 4378 quae
1044 4283 1210 4357 ordinavit
1222 4290 1381 4379 majestas
1407 4297 1590 4382 luantque

226 4399 338 4471 statam
363 4397 406 4468 ad
431 4398 575 4490 gloriam
602 4403 769 4472 essentiae
795 4399 888 4473 tuae:
916 4423 1002 4495 quae
1029 4405 1182 4496 quamvis
1207 4412 1324 4474 natura
1356 4423 1416 4474 sua
1448 4414 1591 4493 taceant,

225 4509 390 4585 honorant
421 4523 531 4585 tamen
558 4526 609 4604 te3
642 4524 675 4587 et
706 4514 886 4589 rationales
920 4526 1095 4589 creannae
1127 4516 1270 4612 vocibus
1304 4521 1372 4590 suis
1404 4518 1592 4611 glorificant

226 4637 270 4699 te.
302 4627 317 4666 ²
348 4628 496 4701 Maxime
530 4652 615 4703 vero
648 4631 791 4724 Angeli,
826 4634 882 4726 qui
915 4631 990 4704 luce
1022 4637 1225 4708 aeternitatis
1242 4642 1334 4717 ,tuae
1359 4633 1592 4726 illuminantur,

227 4743 446 4847 mediantibus
478 4746 701 4839 Archangelis
733 4744 791 4818 tibi
824 4750 1015 4822 ministrant.
1068 4749 1272 4844 Archangeli
1312 4753 1367 4844 qui
1403 4775 1423 4823 a
1458 4749 1591 4842 fulgore

229 4864 397 4934 essentiae
435 4872 512 4935 tuae
556 4864 772 4937 mediantibus
810 4863 1051 4962 Principatibus
1091 4867 1311 4956 illustrantur,
1347 4867 1407 4940 tibi
1442 4866 1590 4960 jubilant.

41 5019 57 5032 ··
181 5031 183 5033 ψ
227 4976 434 5074 Principatus
462 4983 518 5074 qni
542 4980 651 5058 radiis
672 4991 810 5053 naturae
836 4991 913 5053 tuae
939 4981 1173 5074 absconditae,
1198 4980 1417 5057 mediantibus
1429 4984 1591 5057 Potesta-

227 5093 315 5168 tibus
348 5094 563 5188 irradiantur,
594 5108 628 5169 te
662 5096 836 5171 honorant.
889 5100 1078 5174 Potestates
1110 5124 1197 5197 qnae
1229 5098 1361 5174 flamma
1393 5100 1591 5174 fortitudinis

1306 5219 1385 5294 69*
