4525 6034
321 590 369 665 llll
388 586 648 665 bllUllGlthlll
663 587 919 665 OlllEllellllll
937 585 1088 663 OlllGlllE
1102 588 1151 664 ΕΤ
1167 586 1416 665 AUTOlllTATE.
1448 584 1574 657 LXVII

200 777 359 870 mysteria
387 772 511 847 Graeci
538 783 572 846 et
597 772 717 869 reliqui
743 772 931 846 orientales
957 771 1112 864 habeant,
1140 796 1183 844 an
1210 796 1286 846 eam
1312 795 1333 844 a
1359 774 1488 846 Latinis
1516 773 1574 845 di-

201 889 350 962 dicerint

304 1004 411 1078 Poma
439 1007 469 1077 si
496 1003 574 1098 quid
599 1012 726 1075 certum
753 1006 927 1097 omnisque
942 1015 1035 1076 retro
1060 1008 1261 1100 antiquitatis
1289 1008 1476 1079 testimonio
1493 1031 1574 1079 mu·
1597 1015 1900 1071 calmaetcunssucta·

196 1122 300 1193 nitum
327 1123 503 1216 reperitur,
529 1130 583 1192 est
608 1140 692 1191 sane
718 1119 824 1190 crdtus
851 1116 908 1191 ille
933 1118 1164 1192 Eucharistiae
1191 1123 1346 1211 eximius,
1374 1131 1408 1192 et
1433 1144 1513 1194 cura
1541 1126 1573 1196 in
1587 1104 1899 1241 J‘Zff‘ffiff'l‘

198 1259 238 1308 ea
266 1234 503 1309 conservanda
539 1245 572 1306 et
599 1233 869 1305 administranda,
921 1235 1006 1307 Sunt
1033 1233 1179 1307 Codices
1205 1236 1429 1328 Litargiamm
1458 1234 1573 1309 Grae·
1614 1206 1637 1241 ῃ
1703 1206 1716 1242 ³
1760 1206 1786 1241 ¹¹
1816 1206 1837 1240 h

197 1374 312 1424 carum
345 1355 489 1446 antiqui,
521 1353 555 1421 in
588 1348 706 1444 quibus
734 1370 850 1421 omnes
878 1354 1114 1423 caeremoniae
1140 1373 1207 1422 non
1235 1354 1456 1440 continentur,
1485 1353 1574 1446 quod

196 1467 287 1540 solas
316 1471 486 1539 orationes
512 1464 669 1554 habeant,
697 1475 731 1536 et
763 1463 796 1536 id
828 1467 956 1560 pariter
982 1464 1186 1538 observatur
1219 1470 1254 1538 in
1290 1467 1419 1538 Latinis
1448 1467 1574 1563 aliquot

196 1581 408 1654 blissalihus:
440 1582 526 1653 tales
560 1583 660 1651 etiam
689 1588 765 1653 sunt
797 1579 946 1652 nonnulli
973 1584 1055 1653 satis
1081 1592 1248 1653 recentes.
1278 1581 1342 1667 Qui
1369 1604 1416 1653 ex
1442 1582 1574 1655 illorum

198 1708 306 1770 aetate
339 1700 527 1772 novitatem
553 1718 728 1767 sacrorum
762 1697 882 1767 rituum
910 1696 1121 1770 determinari
1148 1719 1253 1792 posse
1280 1697 1446 1786 crederet,
1473 1699 1574 1772 valde

196 1813 463 1886 hallucinaretur.
517 1810 604 1884 Nam
631 1821 666 1882 ut
699 1813 733 1881 in
765 1810 921 1883 Ecclesia
953 1812 1073 1884 Latina
1102 1816 1302 1888 exstiterunt
1329 1823 1465 1884 auteres
1493 1816 1574 1886 satis

198 1930 298 2018 multi,
326 1931 383 2022 qui
409 1931 491 1999 ritus
519 1935 676 1998 accurate
702 1938 736 1998 et
747 1926 967 2022 particulatim
991 1939 1233 2023 exposuerunt,
1259 1929 1434 2017 Alcuinns,
1459 1928 1573 2000 Ama-

198 2045 307 2136 larius‚
335 2042 519 2116 Rhahanus
552 2052 587 2114 et
622 2045 781 2138 anonymi
808 2042 1016 2139 complures,
1042 2047 1087 2115 ita
1114 2065 1196 2115 suos
1223 2044 1352 2116 ritualis
1379 2043 1574 2139 disciplinae

199 2165 412 2257 expositores
445 2158 568 2231 Graeci
602 2157 784 2252 permultos
810 2157 1006 2247 hahuerunt,
1044 2181 1184 2253 quorum
1212 2162 1458 2254 antiquissimus
1485 2180 1573 2230 cen-

199 2286 299 2365 setur,
334 2275 468 2347 illonrm
496 2273 635 2366 judicio,
670 2272 858 2345 Germanus
891 2273 1085 2347 Patriarcha
1120 2276 1508 2371 Consentinopolitanus
1541 2278 1574 2346 in

199 2391 341 2464 'lheoria
370 2413 431 2464 sua
464 2389 715 2462 Ecclesiastica.
753 2390 843 2462 lllius
879 2392 1067 2484 antiquitas,
1102 2394 1130 2462 si
1170 2390 1317 2462 tortasse
1349 2415 1369 2461 a
1408 2391 1573 2463 nonnullis

199 2509 400 2580 vocaturn
427 2505 570 2592 dubium,
597 2528 641 2577 eo
669 2515 792 2577 tantum
818 2508 1011 2596 conjectura
1038 2509 1210 2601 pertingit,
1237 2517 1351 2579 utnon
1379 2510 1572 2602 antiquioris

200 2628 251 2717 qni
276 2624 343 2696 hoc
364 2624 500 2694 nomine
525 2620 597 2711 huit,
624 2621 685 2692 sed
713 2622 850 2693 alterius
871 2624 1082 2713 recentioris,
1109 2643 1195 2718 opus
1208 2621 1331 2712 luerit:
1358 2646 1457 2694 nemo
1485 2624 1573 2692 enim

199 2738 273 2810 illud
310 2749 468 2834 tanquam
504 2740 712 2832 suppositum
745 2740 879 2828 rejecit:
910 2760 974 2809 nec
1006 2741 1113 2810 minus
1146 2737 1240 2810 valet
1267 2749 1323 2810 aut
1335 2740 1452 2812 valere
1473 2736 1574 2809 dehet

199 2854 277 2925 illius
297 2857 482 2943 autoritas,
510 2875 596 2947 quae
624 2852 712 2946 apud
739 2853 892 2925 Graecos
918 2856 1099 2949 praecipua
1126 2861 1193 2925 est:
1221 2876 1296 2925 cum
1322 2855 1493 2950 plerisque
1506 2853 1573 2924 Li-

199 2972 332 3062 turgicis
359 2967 532 3042 codicibus
560 2968 749 3059 adjunctum
783 2973 981 3065 reperiatur,
1009 2967 1098 3063 quod
1124 2971 1159 3040 in
1184 2971 1418 3042 vetustissimis
1445 2969 1573 3040 editio-¹·

198 3084 302 3176 nibus,
337 3095 374 3156 ut
407 3083 562 3156 Romana
598 3083 758 3156 Demetrii
792 3085 921 3156 Ducae·
947 3080 1140 3171 Cretensis,
1173 3083 1297 3156 lactum
1327 3092 1389 3155 est.
1428 3081 1484 3155 Ex
1515 3083 1572 3154 illo

199 3223 312 3297 opere,
339 3211 375 3272 ut
401 3199 475 3272 aliis
503 3199 676 3290 similibus,
703 3202 786 3272 ritus
812 3200 888 3273 illos
916 3202 970 3295 qui
997 3203 1031 3271 in
1058 3222 1157 3273 sacro
1180 3202 1363 3272 ministerio
1398 3220 1572 3294 usurpan-

199 3327 265 3403 tur,
302 3326 435 3389 constat
475 3338 554 3387 esse
587 3318 847 3410 antiquissimos,
883 3324 917 3387 et
944 3338 985 3388 ca
1013 3325 1183 3411 tempora,
1211 3312 1330 3409 quibus
1357 3318 1572 3387 mutationem

201 3431 369 3505 doctrinae
400 3431 567 3503 inductam
599 3430 705 3502 luisse
739 3429 968 3503 Protestantes
1000 3430 1215 3526 pertendunt,
1248 3431 1353 3522 longo
1393 3430 1571 3503 intervallo

201 3570 369 3644 superare.
404 3548 498 3620 lllam
536 3570 621 3620 vero
669 3547 875 3642 disciplinam
922 3557 979 3619 ant
1021 3545 1218 3640 abrogatam
1262 3545 1366 3618 luisse
1407 3528 1572 3618 communi

200 3661 441 3761 Episcoporum
467 3664 621 3753 consilio,
648 3673 704 3734 aut
730 3662 855 3735 abiisse
882 3665 915 3733 in
943 3662 1205 3752 desuetudinem,
1232 3684 1275 3733 ne
1303 3665 1376 3757 quis
1403 3684 1477 3734 cum
1503 3663 1571 3735 ullo

201 3779 311 3851 colore
345 3783 544 3876 suspicetur,
588 3778 670 3851 lacit
703 3782 858 3850 continua
898 3778 1048 3870 ejusdem
1093 3778 1180 3874 apud
1214 3776 1364 3850 Graecas
1399 3775 1573 3852 Ecclesias

202 3893 404 3969 observatio.
459 3895 544 3968 Cum
569 3898 670 3987 igitur
696 3898 730 3965 in
746 3893 1058 3967 sacramentalibus
1091 3893 1184 3965 libris
1216 3897 1402 3988 reperimus
1434 3896 1572 3967 eosdem

200 4014 287 4108 ntra,
315 4036 402 4108 quos
428 4022 565 4084 veteres
595 4015 795 4106 interpretes
823 4020 1064 4106 exposuerunt,
1091 4013 1334 4106 mysticamque
1361 4008 1491 4082 illorum
1518 4015 1572 4084 si-

201 4129 441 4216 gnificationem
468 4127 737 4223 explicaverunt,
765 4149 825 4198 cur
851 4124 893 4197 de
920 4147 1036 4197 eorum
1057 4127 1247 4198 sinceritate
1266 4124 1442 4212 dubitetur,
1470 4148 1572 4198 causa

201 4243 284 4315 nulla
312 4253 374 4315 est

301 4359 425 4431 Similis
460 4381 600 4454 prorsus
636 4368 689 4432 est
722 4356 900 4429 Orientalis
935 4356 1129 4452 disciplinae
1161 4361 1258 4429 ratio.
1318 4355 1464 4429 Codices
1497 4352 1573 4449 Sy·
1586 4372 1662 4442 apuu
1676 4370 1832 4425 orientales.

201 4475 309 4547 riacos
336 4486 394 4546 ant
420 4475 580 4571 Copticos
607 4496 674 4546 non
700 4472 800 4546 iacile
827 4474 1000 4567 quisquam
1027 4477 1176 4569 reperiat
1202 4495 1352 4547 summae
1384 4471 1470 4544 illius
1503 4493 1574 4542 ve-

167 4583 348 4680 'numus‚
376 4613 462 4686 quae
489 4589 533 4662 ad
558 4589 788 4678 schismatum,
822 4597 879 4660 aut
911 4585 955 4659 ad
987 4587 1305 4661 bluhamedanarum
1338 4610 1449 4659 rerum
1482 4590 1572 4659 initia

202 4711 374 4798 pertingat
435 4705 562 4778 Veram
596 4710 821 4778 condonatam
852 4702 1013 4777 habemus
1047 4704 1336 4778 sacramentalium
1368 4724 1506 4799 precum
1540 4713 1575 4774 et

202 4823 315 4894 rituum
342 4827 657 4912 conservationem,
685 4825 719 4894 in
746 4818 820 4893 aliis
847 4822 902 4914 qui
929 4840 975 4890 ex
1002 4822 1184 4914 primaevis
1212 4818 1275 4891 illis
1303 4819 1460 4914 descripti
1488 4828 1574 4912 sunt,

202 4936 285 5009 nulla
312 4942 434 5031 insigni
459 4941 642 5011 mutatione
668 4936 768 5010 iacta.
831 4933 983 5006 Citantur
1015 4958 1035 5005 a
1070 4934 1274 5026 Theologis,
1308 4935 1351 5009 ab
1387 4934 1574 5027 Historicis,
1624 4954 1628 4965 ·

205 5049 421 5128 acanonum
448 5052 711 5144 collectoribus3
737 5051 861 5125 habent
887 5073 1020 5146 proque
1047 5073 1128 5126 suos
1156 5054 1363 5146 interpretes.
1390 5051 1426 5125 ln
1449 5052 1573 5146 aliqui-

1306 5168 1329 5240 9
1344 5168 1366 5211 ἢ
