4525 6034
548 646 552 653 ·
679 586 761 665 XIV
1172 586 1555 674 cessantium

356 1950 460 2001 Frustra
475 1964 506 2001 ex
515 1946 668 2000 diversitate

356 2032 505 2087 Orationem
537 2031 667 2101 Litargias

354 2118 665 2191 impugnantProtcstau·

354 2215 400 2259 tes.

679 786 771 854 essct
797 780 950 854 omnibus
974 790 1074 854 vetus
1100 791 1136 854 et
1159 782 1356 878 Apostolica
1381 782 1508 873 foram,
1545 796 1632 878 qaae
1662 784 1779 879 paucis
1816 783 1931 859 verbis
1964 809 2054 860 con-

679 894 808 987 stabat,
845 918 924 969 eam
954 919 1073 971 omues
1105 901 1213 971 secuti
1244 908 1337 987 sunt,
1363 920 1427 969 nec
1462 896 1505 969 ab
1540 920 1583 970 ea
1613 909 1842 974 recesserant:
1883 907 2055 976 oratioms

679 1032 765 1106 quae
790 1013 876 1084 inter
903 1034 998 1084 saera
1026 1011 1239 1102 dicebantur,
1274 1036 1349 1085 cum
1374 1013 1496 1085 multae
1531 1023 1667 1105 essem,
1703 1016 1918 1108 selegerant,
1944 1038 2055 1092 novas

679 1128 779 1197 etiam
806 1127 1017 1217 addiderunt,
1044 1128 1243 1223 aedemque
1268 1151 1312 1200 ne
1338 1126 1543 1222 perturbatio
1577 1130 1663 1200 inter
1695 1128 1810 1202 fideles
1845 1142 2054 1224 nasceretur,

680 1241 837 1336 quasdam
864 1246 1151 1337 perscripserunt,
1177 1254 1212 1315 et
1243 1242 1328 1315 baec
1356 1246 1454 1336 origo
1489 1242 1551 1314 iuit
1583 1243 1785 1317 diversitatis
1818 1246 2054 1338 Liturgiarum.

679 1355 731 1427 Ea
757 1378 860 1450 porro
887 1379 955 1429 non
981 1357 1057 1429 talis
1083 1367 1154 1445 est,
1189 1380 1230 1429 ac
1264 1357 1320 1430 illa
1352 1380 1450 1452 mam
1475 1361 1509 1430 in
1541 1358 1807 1433 Protostantibus
1832 1364 1950 1433 merito
1976 1362 2055 1434 cal-

680 1480 761 1566 pant
788 1469 967 1564 Catholici,
1002 1475 1153 1544 immanis
1187 1496 1256 1546 non
1289 1472 1470 1546 verborum
1505 1474 1625 1564 modo,
1665 1475 1726 1546 sed
1760 1498 1872 1548 renam
1910 1479 2056 1549 maxime

680 1590 946 1661 necessariarum
982 1587 1221 1682 discrepantia:
1258 1609 1375 1661 omnes
1403 1591 1492 1661 enim
1516 1589 1689 1682 Litargiae
1703 1589 1863 1680 Latinae,
1890 1588 2056 1682 Graecae,

682 1701 888 1792 Orientales,
914 1723 1047 1794 novae,
1082 1712 1219 1775 veteres
1246 1707 1280 1775 in
1312 1726 1411 1775 auam
1447 1708 1663 1795 sententiam,
1696 1705 1872 1803 cultusque
1898 1704 2056 1781 similitu-

681 1817 789 1888 dinem
817 1819 1029 1911 conspirant,
1055 1827 1091 1888 ut
1115 1827 1236 1913 postea
1262 1818 1367 1892 frisius
1394 1820 1683 1894 demonstrabitur.

785 1932 872 2018 Quid
899 1935 985 2003 enim
1018 1933 1151 2004 tandem
1185 1935 1366 2008 effecerunt
1400 1936 1608 2031 superciliosi
1644 1936 1690 2008 illi
1724 1934 1856 2026 critici,
1891 1939 1945 2032 qui
1980 1934 2055 2006 illas

678 2069 796 2121 omnes
824 2046 1057 2142 exploserunt,
1084 2057 1239 2143 tanquam
1264 2052 1510 2145 supposititias,
1537 2061 1709 2143 recentes,
1736 2063 1771 2124 et
1793 2055 2056 2148 superstitiosas,

676 2165 741 2235 nisi
769 2163 857 2258 quod
883 2184 976 2235 suam
1003 2167 1038 2235 in
1072 2163 1174 2237 rebus
1207 2157 1455 2239 Ecclesi‘asticis
1489 2166 1657 2239 infantiam
1691 2166 1934 2264 prodiderunt?
1968 2166 2054 2238 Nam

678 2277 755 2349 dum
783 2276 962 2373 particillas
988 2280 1119 2351 illorum
1146 2278 1328 2352 officiorum
1354 2305 1401 2353 ex
1427 2282 1570 2355 diversis
1606 2281 1721 2355 ritibus
1757 2283 1933 2373 collectas,
1968 2285 2055 2353 iuter

678 2414 717 2467 se
744 2402 957 2490 comparant,
990 2404 1026 2467 ut
1052 2397 1214 2488 insignior
1247 2396 1425 2470 diversitas
1460 2408 1638 2494 appareat,
1670 2396 1750 2470 nihil
1782 2408 1945 2491 egenmt,
1979 2419 2055 2469 cum

679 2513 824 2583 omnim
850 2513 1013 2587 sententia
1041 2514 1085 2585 sit
1111 2511 1239 2584 eadem.
1293 2512 1433 2609 Stupent
1459 2513 1501 2585 ad
1535 2516 1702 2587 orationes
1731 2536 1795 2609 pro
1830 2515 1986 2602 moraris3
2021 2520 2056 2583 at

675 2626 750 2699 illas
782 2627 991 2698 commendat
1022 2634 1177 2722 tanquam
1213 2630 1439 2723 antiquissima
1465 2629 1691 2701 Ecclesiamm
1724 2628 1894 2725 disciplina
1913 2643 2055 2702 ‘conse-

678 2752 789 2815 cretas
816 2741 1034 2834 Augrrstiuas.
1086 2744 1135 2815 At
1161 2745 1245 2816 ordo
1272 2766 1340 2815 uon
1366 2744 1455 2816 idem
1481 2753 1547 2816 est:
1574 2748 1692 2816 mirum
1707 2768 1788 2819 sane
1808 2753 2054 2835 argoroentumt

677 2876 752 2929 eum
779 2860 878 2929 ctiam
904 2880 990 2929 nunc
1016 2861 1053 2930 in
1077 2858 1230 2931 Romana
1261 2858 1436 2951 Ecclesia,
1468 2858 1525 2931 abi
1560 2883 1677 2933 omnes
1705 2859 1876 2933 Cononem
1912 2858 2054 2951 Grego-

676 2975 805 3045 rianum
830 2983 1031 3069 sequuntur,
1056 2974 1338 3071 Metropolitauae
1371 2985 1428 3047 aut
1460 2975 1680 3072 Episcopales
1706 2975 1884 3048 Ecclesiae
1919 2974 2053 3064 multae,

676 3087 895 3161 celeberrima
920 3089 1148 3182 Monasteria,
1175 3091 1316 3165 Ordines
1340 3090 1505 3184 Religiosi
1532 3094 1675 3183 integri,
1711 3092 1912 3184 singularem
1942 3089 2054 3162 Ritum

676 3204 805 3286 Missae
830 3204 1058 3278 celebrandae
1086 3217 1298 3280 conservent.
1351 3206 1421 3280 Sed
1453 3207 1539 3279 baec
1572 3207 1633 3279 iuit
1666 3211 1772 3303 prima
1807 3210 2054 3298 conjuratorum

678 3319 842 3395 adversus
867 3320 1055 3394 Romanam
1074 3322 1263 3398 Ecclesiam
1290 3333 1438 3414 tessera,
1463 3333 1500 3395 at
1525 3323 1566 3395 ab
1584 3326 1657 3414 ejus
1672 3323 1843 3417 disciplina
1857 3322 2054 3413 longissime

676 3436 892 3508 recederent:
919 3446 954 3507 et
979 3441 1131 3532 mamma
1158 3449 1208 3511 tot
1233 3441 1328 3534 primi
1353 3440 1605 3512 Reformatores
1633 3462 1679 3511 ex
1705 3442 1810 3512 sacris
1835 3437 1966 3510 familiis
1993 3435 2054 3506 iu·

677 3551 794 3641 gitivi,
820 3552 1087 3650 sacerdotioque
1112 3556 1227 3626 moad
1254 3556 1343 3628 scire
1369 3555 1586 3647 debuissent,
1617 3555 1695 3651 quid
1720 3557 1754 3626 in
1789 3577 1831 3626 ea
1867 3576 1914 3625 ex
1944 3555 2055 3624 veteri

676 3667 826 3740 instituto
866 3666 973 3761 foret,
1013 3662 1112 3764 atque
1152 3669 1237 3741 adeo
1278 3675 1366 3743 omui
1400 3674 1526 3744 erroris
1567 3673 1757 3767 suspicione
1791 3678 1941 3757 careret3
1976 3667 2055 3762 quid

679 3792 797 3854 contra
823 3795 999 3878 peccatum
1018 3784 1151 3877 luisset,
1178 3794 1277 3881 atque
1302 3788 1389 3861 adeo
1408 3787 1665 3876 emendandam,
1692 3808 1760 3857 non
1786 3795 1859 3857 erat
1871 3786 1947 3857 talis
1963 3795 2053 3856 tem

678 3919 796 3993 porum
823 3899 955 3973 illorum
981 3903 1141 3993 conditio,
1167 3911 1204 3972 at
1229 3901 1406 3976 discrimen
1431 3901 1510 3973 illud
1531 3904 1671 3995 agnosci
1685 3901 1783 3973 iacile
1803 3909 1928 3996 posset
1980 3899 2053 3972 lta-

680 4034 746 4108 que
772 4017 802 4087 si
827 4014 1046 4090 leviusculum
1082 4016 1216 4112 aliquod
1249 4017 1426 4090 discrimen
1461 4015 1769 4090 animadvertebant
1799 4021 1886 4089 inter
1915 4025 2053 4088 veteres

679 4128 850 4223 liturgias
875 4142 910 4203 et
934 4132 1073 4206 Missam
1098 4131 1306 4222 Romanam,
1329 4136 1454 4224 justum
1480 4133 1524 4205 de
1548 4132 1703 4205 Ecclesia
1731 4131 1906 4205 Catholica
1931 4135 2053 4202 trimu-

679 4246 779 4343 phum
806 4269 912 4340 agere
938 4247 1002 4321 sibi
1027 4247 1234 4321 videbantur.
1287 4248 1345 4321 Sic
1371 4244 1514 4322 Mathias
1540 4247 1694 4320 Flaccius
1718 4244 1870 4343 lllyricus
1900 4257 2053 4318 veterem

681 4363 839 4436 Ordinem
865 4363 994 4437 Missae
1023 4363 1245 4456 jactabundus
1279 4365 1400 4456 edidit,
1432 4373 1587 4459 tanquam
1623 4364 1666 4434 ad
1696 4363 1870 4435 Romanae
1902 4362 2054 4453 vulgaris

677 4479 908 4553 contumeliam
936 4490 971 4551 et
996 4479 1269 4571 destructionem
1305 4482 1496 4577 quistatim
1522 4481 1717 4551 temeritatis
1744 4489 1779 4550 et
1792 4480 1943 4550 inscitiae
1961 4497 2053 4571 poe-

677 4618 739 4668 nas
766 4594 875 4687 dedit,
901 4618 976 4667 cum
1003 4618 1042 4667 se
1068 4598 1143 4691 ipse
1169 4600 1308 4692 turpiter
1324 4605 1495 4686 retexere,
1517 4603 1552 4666 et
1570 4595 1776 4688 exemplaria
1801 4593 1889 4665 edita
1914 4593 2053 4687 suppri-

678 4734 770 4783 mere
797 4724 935 4785 coactus
961 4710 1071 4785 fuerit.
1122 4712 1254 4808 Nempe
1286 4734 1407 4804 magna
1441 4711 1495 4783 illa
1527 4710 1755 4783 Ecclesiaram
1785 4707 2054 4781 Reformatorem

677 4826 800 4899 lumina
839 4839 964 4900 tantum
1001 4827 1195 4924 disciplinae
1228 4826 1487 4900 sacramentalis
1527 4827 1694 4916 sciebant,
1737 4834 1892 4920 quanmm
1926 4816 2054 4895 Missoli

679 4944 814 5035 vulgari
840 4942 1087 5036 continebatur,
1120 4947 1182 5017 vix
1214 4942 1389 5041 quidquam
1422 4942 1572 5037 amplius.
1625 4941 1745 5036 Neque
1773 4940 1961 5033 negandum
1990 4944 2053 5025 est,

679 5062 871 5157 peritiorem
897 5060 984 5132 illius
1011 5061 1204 5158 disciplinae
1231 5061 1456 5154 cognitionem
1482 5048 1666 5150 Theologis
1699 5060 1823 5131 uostris
1850 5077 1959 5150 aeque
1986 5052 2053 5124 de-
