4525 6034
440 576 554 655 tanti
579 575 715 654 Jtcoet
740 577 980 655 terminans
1006 577 1176 656 EPISGOPI
1200 580 1391 658 totsstttt.
1519 580 1594 656 373

220 785 268 835 ex
294 784 354 835 eo:
381 763 456 835 Hoc
470 773 536 837 est
562 760 694 858 Corpus
721 786 851 852 meum,
879 764 967 859 quod
994 787 1056 861 pro
1079 769 1150 839 vita
1168 777 1395 839 creaturarum
1422 767 1600 860 frangitur,

221 889 256 950 et
282 877 455 966 dividitur,
482 877 525 948 ad
551 881 782 951 remissionem
810 891 1026 973 peccatomm
1052 891 1087 951 et
1112 884 1214 953 vitam
1242 894 1422 955 aeternam.

325 994 487 1087 Popelua.
541 996 661 1068 Amen.

326 1108 511 1180 Sacerdos.
565 1109 724 1181 Similiter
750 1113 850 1181 etiam
875 1113 1007 1183 miscuit
1034 1110 1171 1182 calicem
1190 1122 1376 1208 temperate
1393 1136 1440 1185 ex
1459 1117 1540 1186 vino
1565 1125 1601 1186 et

221 1246 320 1319 aqua,
346 1230 475 1317 gratias
502 1227 573 1317 egit
599 1245 701 1319 super
727 1247 815 1315 eum,
842 1236 1019 1321 postquam
1046 1230 1203 1299 coenavit
1229 1251 1302 1299 cum
1332 1228 1503 1325 discipulis
1531 1233 1602 1303 suis

219 1343 253 1411 in
288 1363 404 1412 mensa
435 1345 599 1435 mystica,
632 1347 652 1422 †
685 1339 876 1429 benedixit,
907 1348 927 1423 †
956 1340 1176 1413 sanctificavit
1201 1349 1222 1424 †
1250 1353 1283 1414 et
1308 1348 1462 1440 porrexit
1493 1344 1598 1439 Apo·

222 1455 319 1527 stolis
346 1459 488 1544 sanctis,
529 1466 563 1528 et
598 1456 690 1527 dixit
743 1456 806 1527 Hic
840 1465 893 1529 est
927 1455 1074 1548 Sanguis
1106 1479 1201 1529 meus
1237 1480 1335 1553 quem
1371 1459 1503 1532 ellimdo
1538 1481 1601 1554 pro

220 1571 332 1643 muudi
361 1574 448 1658 vita,
476 1581 510 1642 et
536 1574 586 1643 eis
613 1575 668 1666 qui
695 1571 835 1643 credunt
860 1576 894 1643 in
920 1594 975 1643 me
1001 1583 1183 1668 praeparat
1207 1575 1309 1645 vitam
1337 1585 1517 1647 aeternam.

325 1686 488 1778 Populus.
540 1689 661 1761 Amen.

324 1800 509 1872 Sacerdos.
562 1802 612 1873 lta
638 1802 789 1898 perficite
816 1805 1089 1897 quotiescumque
1115 1800 1356 1874 manducabitis
1374 1825 1498 1898 corpus
1519 1802 1598 1895 boc,

220 1926 255 1988 et
279 1915 401 1989 bibetis
427 1915 513 1988 bunc
540 1916 696 2005 calicem,
724 1921 917 1990 memoriam
944 1920 1034 2008 agite
1060 1920 1177 1989 mortis
1193 1940 1302 2005 meae,
1331 1918 1438 1989 donec
1453 1924 1597 1991 veniam.

326 2031 486 2124 Populus.
538 2030 656 2103 Mortis
684 2042 779 2125 tuae,
806 2041 868 2103 etc.
1616 2102 1617 2106 ,

324 2147 508 2219 Sacerdos.
561 2148 857 2242 Dispensationem
884 2158 972 2218 tuam
996 2146 1283 2241 supernaturalem
1298 2147 1473 2220 scribimus
1492 2172 1595 2245 super

219 2262 349 2336 tabulas
386 2262 497 2335 cordis
530 2265 653 2351 nostri,
687 2273 721 2334 et
753 2265 913 2358 mysteria
947 2262 1120 2357 praeclara
1161 2259 1357 2335 mirabilium
1394 2275 1540 2355 tuorum,
1576 2291 1598 2340 o

219 2378 369 2451 Verbum
396 2379 507 2466 Deus,
536 2377 641 2451 oculis
665 2382 821 2449 mentium
847 2389 1036 2450 nostrarum
1050 2381 1224 2449 intuemur.
1277 2376 1473 2452 Memoriam
1497 2387 1597 2455 etiam

217 2494 358 2567 iacimus
391 2502 530 2565 exortus
566 2495 613 2564 tui
646 2494 808 2565 tremendi
841 2504 875 2565 et
909 2492 1044 2564 timendi
1083 2496 1116 2563 in
1157 2492 1303 2565 adventu
1337 2504 1395 2568 tuo
1431 2498 1595 2573 secundo:

218 2610 350 2705 mando
377 2613 463 2683 sicut
487 2607 598 2699 fulgur
624 2608 824 2697 vehemens,
852 2608 894 2681 ab
923 2610 1052 2681 oriente
1078 2611 1262 2695 exorieris,
1291 2619 1324 2680 et
1351 2610 1443 2682 orbis
1470 2611 1597 2685 lunda-

218 2734 329 2797 menta
355 2726 478 2796 virtute
503 2727 733 2818 potentissima
760 2732 816 2795 tna
845 2726 1030 2795 concuties:
1059 2723 1191 2817 quando
1227 2745 1330 2819 super
1364 2722 1471 2798 nubes
1504 2727 1592 2799 coeli

219 2862 293 2910 cum
320 2862 442 2934 pompa
469 2841 595 2929 ingenti
609 2825 762 2927 ¹venies,
799 2838 930 2933 quando
958 2860 1060 2933 snper
1092 2837 1246 2910 monum
1279 2841 1452 2913 sublimem
1479 2845 1596 2933 maje-

219 2958 314 3027 statis
341 2965 420 3026 tuae
454 2976 528 3026 cum
562 2953 669 3046 gloria
703 2953 917 3026 inenarrabili
944 2953 1096 3027 sedebis:
1125 2954 1258 3050 quando
1293 2967 1382 3027 terra
1410 2961 1496 3031 sicut
1532 2980 1597 3030 vas

217 3071 387 3163 ligulinum
415 3080 550 3142 evomet
577 3091 722 3164 corpora
748 3073 782 3142 in
815 3093 856 3141 ea
885 3069 1053 3164 deposita,
1090 3078 1124 3140 et
1158 3069 1304 3164 abyssus
1336 3072 1497 3145 excitabit
1529 3074 1596 3146 de-

218 3185 352 3259 irmctos
392 3188 427 3256 in
465 3208 508 3256 ea
541 3186 774 3279 quiescentes,
807 3195 961 3279 tanquam
995 3208 1041 3256 ex
1076 3206 1211 3258 somno:
1245 3186 1376 3281 quando
1412 3186 1500 3259 nulla
1534 3191 1598 3260 erit

221 3300 408 3372 consolatio
448 3300 547 3371 luctui
579 3305 774 3397 impiorum,
809 3325 918 3397 neque
954 3302 1022 3373 nlla
1057 3306 1187 3373 tristitia
1223 3307 1440 3398 superveniet
1471 3305 1596 3397 gaudio

215 3421 390 3509 justornm.
443 3416 481 3487 ln
507 3414 571 3489 bac
597 3417 679 3488 bora
707 3417 844 3490 terribili
872 3416 1003 3489 effirnde
1039 3422 1363 3491 commiserationem
1396 3429 1484 3491 tuam
1515 3420 1596 3493 Do-

218 3534 325 3618 mine,
352 3553 454 3627 super
479 3531 638 3626 populum
665 3544 775 3623 tuum,
803 3543 836 3603 et
868 3532 1105 3604 haereditatem
1137 3544 1243 3604 tuam:
1277 3554 1320 3604 ne
1352 3532 1483 3605 deficiat
1516 3557 1596 3629 spes

219 3657 334 3719 nostra
356 3651 382 3718 'a
409 3650 517 3739 gratia
545 3658 619 3736 tua,
645 3670 756 3743 neque
781 3652 932 3743 privetur
967 3648 1165 3719 confidentia
1199 3652 1232 3718 in
1266 3657 1299 3719 te
1331 3660 1445 3721 nostra
1485 3654 1596 3723 mise-

218 3763 403 3835 rationibus
436 3761 648 3854 benignitatis
683 3775 767 3837 tuae.
821 3764 899 3837 Non
931 3774 1047 3855 tegant
1080 3771 1221 3859 peccata
1256 3773 1371 3836 nostra
1405 3765 1548 3857 sigillum
1580 3769 1596 3802 ⁴

219 3879 415 3953 Gbrismatis
442 3881 487 3951 tui
515 3884 638 3967 soncti3
665 3902 775 3975 neque
803 3879 984 3975 spoliemur
1009 3902 1071 3974 per
1097 3881 1303 3974 insipientias
1337 3891 1492 3968 nostras,
1527 3880 1596 3953 ba-

217 4000 339 4091 ptismo
367 4004 424 4077 tuo
444 3993 567 4065 divino.
620 3994 674 4066 Ne
692 3998 930 4067 immisericors
958 4001 1005 4065 sis
1032 4015 1116 4085 erga
1143 4016 1207 4067 nos
1225 3995 1389 4084 Domine,
1421 4019 1465 4067 ne
1487 4017 1595 4067 aver-

216 4111 531 4185 taslaciemtuam
558 4108 702 4181 anobis
730 4133 751 4182 o
779 4110 943 4197 clemens,
976 4131 1019 4180 ne
1047 4131 1244 4204 quaeramus
1272 4111 1534 4183 misericordiam
1562 4116 1596 4180 et

217 4251 285 4300 non
313 4230 356 4300 sit
382 4228 437 4320 qui
464 4228 679 4315 misereatur,
712 4248 822 4320 neque
848 4224 987 4297 fleamus
1018 4229 1052 4295 in
1085 4228 1253 4319 passionis
1288 4225 1423 4310 dolore,
1458 4235 1492 4294 et
1526 4244 1594 4293 non

217 4348 261 4416 sit
287 4347 342 4438 qui
368 4340 570 4414 consoletur.
622 4339 700 4414 Non
727 4352 941 4436 torqueamur
967 4342 1000 4410 in
1014 4338 1186 4430 gehenna,
1213 4350 1247 4412 et
1270 4364 1337 4415 non
1355 4345 1398 4413 sit
1414 4342 1470 4436 qui
1487 4342 1594 4430 igno-

217 4469 308 4547 scat3
334 4480 378 4529 ne
404 4457 557 4529 ellectum
582 4479 650 4529 non
676 4454 820 4529 habeant
845 4459 1087 4551 promissiones
1114 4478 1198 4548 erga
1231 4480 1294 4530 nos
1330 4469 1406 4529 tuae
1438 4476 1594 4542 veraces,

216 4586 356 4671 propter
382 4582 540 4669 peccata,
573 4576 903 4667 praevaricationes,
937 4581 972 4642 et
1005 4574 1195 4665 iniquitates
1227 4584 1378 4646 nostras:
1413 4592 1481 4644 non
1517 4592 1595 4640 oum

216 4692 280 4764 illis
308 4694 364 4785 qui
389 4697 636 4761 contemserunt
664 4691 841 4782 passiones
868 4700 942 4760 tuos
970 4696 1226 4776 recenseantur,
1253 4691 1308 4782 qui
1340 4709 1408 4759 non
1436 4685 1595 4777 abnega-

216 4818 337 4880 vemnt
364 4828 497 4877 cmcem
525 4814 632 4875 tuam:
658 4824 768 4897 neque
795 4826 868 4875 cum
895 4802 960 4874 illis
988 4805 1043 4896 qui
1069 4811 1103 4873 te
1129 4824 1195 4874 non
1223 4801 1372 4874 confessi
1400 4812 1497 4888 sunt,
1524 4822 1594 4870 nu-

216 4934 386 4997 merentur
411 4922 457 4993 illi
484 4924 538 5015 qui
566 4917 776 4989 erediderunt
802 4921 835 4988 in
863 4930 906 4989 te.
959 4918 1032 4991 Nos
1060 4921 1081 4988 ii
1109 4940 1222 4990 sumus
1243 4919 1386 4990 Domine
1404 4919 1459 5013 qui
1486 4916 1594 4989 susti-

215 5046 345 5114 nuimus
373 5036 606 5111 contumeliam
640 5044 676 5105 et
708 5033 922 5128 opprobrium
949 5056 1012 5130 pro
1038 5035 1173 5105 nomine
1199 5042 1256 5106 tuo
1283 5041 1420 5123 sancto,
1447 5035 1503 5128 qui
1532 5033 1594 5123 ja-

1311 5149 1388 5223 50*
