4525 6034
693 567 768 641 366
1262 566 1492 646 NOTAE

690 760 860 854 mysteriis
888 760 962 849 ejus
998 755 1151 828 sanctis?
1188 754 1410 847 Confitemur‚
1446 756 1644 847 adoramus,
1685 768 1718 829 et
1748 757 1987 851 glorificamus,
2019 772 2049 833 et

690 895 797 945 voces
824 876 1006 966 gratiarum
1033 875 1172 945 actionis
1200 870 1385 959 offerimuS‚
1412 885 1651 970 rogamusque,
1679 898 1699 948 o
1732 886 1860 947 amator
1881 875 2050 966 hommum,

575 1046 580 1057 .
691 1002 726 1062 ut
753 993 838 1063 sicut
864 991 1013 1077 vocasti,
1041 1000 1075 1061 et
1102 987 1270 1062 adduxisti
1297 1011 1378 1078 nos,
1406 989 1448 1061 ad
1474 992 1668 1063 convivium
1693 990 1758 1064 boc
1779 988 1913 1063 beatum
1941 1003 1974 1065 et
1995 998 2049 1065 vi-

691 1106 843 1197 vificum,
870 1106 948 1197 des,
976 1117 1010 1179 et
1034 1116 1186 1200 praestes
1213 1106 1329 1192 nobis,
1356 1115 1393 1178 ut
1418 1109 1461 1179 sit
1486 1106 1584 1180 nobis
1612 1107 1654 1179 ad
1680 1111 1950 1204 propitiationem
1970 1109 2049 1181 deli-

692 1234 836 1312 ciorum,
864 1236 897 1296 et
922 1225 1152 1295 remissionem
1180 1232 1413 1317 peccatorum,
1441 1223 1666 1295 adriaticum
1692 1227 1783 1295 vitae
1817 1234 1991 1313 aetemae‚
2022 1237 2052 1299 et

693 1340 735 1410 ad
762 1340 902 1432 gloriam
929 1337 1126 1433 laudemque
1153 1341 1295 1411 nominis
1322 1342 1385 1428 tui,
1412 1350 1445 1411 et
1471 1342 1629 1432 unigeniti
1664 1339 1747 1411 Filii
1771 1342 1818 1411 tui
1851 1349 1884 1411 et
1919 1340 2050 1437 Spiritus

693 1459 739 1526 tui
766 1457 972 1527 sanctissimi.
1233 1454 1395 1548 Populus.
1448 1457 1568 1527 Amen.

795 1571 980 1642 Sacerdos.
1033 1571 1118 1642 Pax.

794 1688 982 1759 Diaconos.
1034 1689 1117 1760 Posi
1144 1691 1389 1785 susceptionem
1416 1691 1651 1785 mysteriorum
1684 1692 1822 1761 istorum
1858 1702 2052 1780 sauctomm‚

693 1827 779 1900 quae
806 1803 902 1876 nobis
930 1804 1006 1877 data
1034 1814 1109 1875 sunt
1134 1807 1270 1890 iterum,
1297 1827 1410 1877 coram
1437 1804 1581 1878 Domino
1597 1805 1804 1877 misericordi
1818 1810 1929 1902 capita
1948 1820 2052 1880 nostra

692 1921 895 1992 inclinemus.

795 2036 978 2108 Sacerdos.
1033 2035 1156 2109 Coram
1183 2046 1236 2126 te,
1263 2038 1406 2110 Domine
1423 2038 1533 2127 Deus,
1559 2037 1754 2111 inclinantur
1766 2049 1894 2110 mentes
1912 2047 2052 2125 nostrae,

692 2161 800 2225 motus
827 2155 925 2224 animi
952 2162 985 2224 et
1010 2153 1193 2227 intellectus
1212 2157 1329 2243 nostri,
1357 2157 1530 2250 omnisque
1552 2176 1729 2251 corporum
1751 2165 1942 2226 nostrorum
1961 2178 2052 2227 com-

691 2278 799 2366 pages
826 2290 899 2339 cum
927 2267 1098 2341 animabus
1125 2273 1268 2344 nostris:
1295 2280 1455 2363 rogantes
1482 2280 1516 2342 et
1550 2269 1770 2344 obsecrantes
1800 2270 2053 2341 misericordiam

692 2397 799 2474 tuam,
825 2395 861 2457 ut
885 2372 1075 2481 requiescat
1100 2386 1241 2459 dextera
1267 2397 1322 2459 tua
1349 2385 1544 2477 invisibilis‚
1580 2395 1614 2459 et
1643 2387 1740 2482 plena
1773 2386 2053 2459 benedictionibus

693 2524 793 2597 super
831 2523 894 2574 nos
929 2524 1054 2574 omues.
1107 2503 1272 2591 Benedic‚
1314 2503 1501 2594 sanctifica,
1540 2503 1670 2577 custodi
1706 2525 1768 2600 per
1798 2525 1932 2575 crucem
1971 2513 2052 2574 tuam

691 2622 883 2707 victricem,
909 2640 973 2690 nos
1000 2641 1138 2710 omnes,
1166 2624 1222 2716 qui
1248 2623 1439 2716 accepimus
1466 2642 1589 2716 corpus
1615 2630 1706 2691 tuum
1732 2628 1901 2709 sanctum,
1935 2629 1969 2690 et
2002 2618 2053 2690 bi-

690 2734 798 2807 bimus
825 2738 1020 2828 sauguinem
1056 2747 1144 2809 num
1177 2758 1315 2832 purum,
1348 2736 1390 2808 ab
1425 2736 1577 2809 omnibus
1604 2734 1731 2808 damnis
1759 2739 1889 2807 animae
1917 2745 1951 2807 et
1978 2758 2055 2808 eor-

690 2856 794 2946 poris.
848 2850 1014 2926 Conbrma
1041 2855 1074 2923 iu
1100 2849 1197 2925 nobis
1223 2852 1426 2924 voluntatem
1453 2864 1540 2925 tuam
1567 2851 1748 2939 vivificam,
1774 2854 1887 2923 insere
1902 2855 1935 2922 in
1962 2852 2053 2924 nobis

691 2968 790 3041 iidem
817 2971 848 3040 in
877 2978 909 3039 te
934 2991 1066 3056 veram,
1095 2978 1128 3040 et
1154 2969 1194 3040 da
1221 2968 1317 3041 nobis
1344 2971 1501 3041 virtutem
1533 2967 1574 3040 ud
1608 2966 1879 3040 observationem
1915 2968 2052 3040 manda-

692 3094 800 3156 torum
827 3095 955 3157 bionum
982 3093 1188 3158 sanctorum:
1216 3085 1336 3182 lacque
1361 3107 1425 3158 nos
1452 3087 1632 3181 pervenire
1659 3083 1824 3155 adfinem
1851 3085 1995 3177 bonum,
2025 3095 2053 3154 et

691 3199 895 3295 voluptatem
922 3206 1018 3294 regni
1045 3206 1107 3292 tui,
1135 3213 1167 3274 et
1194 3201 1378 3275 reseremus
1405 3201 1462 3274 tibi
1488 3200 1629 3294 gloriam
1655 3211 1689 3272 et
1720 3200 1868 3290 laudem,
1903 3210 1937 3274 et
1969 3201 2053 3273 Patri

693 3327 768 3407 tuo,
796 3327 829 3388 et
855 3317 990 3414 Spiritui
1017 3328 1154 3407 sancto,
1180 3340 1286 3406 nunc,
1313 3327 1376 3390 etc.

1143 3675 1619 3722 -w

774 4064 838 4154 Ill
879 4065 1261 4159 uirtutium
1300 4064 1977 4160 incursitationibus

1276 4276 1477 4360 nortl.

1147 4558 1181 4628 1.
1219 4559 1346 4632 Jucobi
1367 4559 1610 4631 Botoaacasia.

789 4750 819 4829 F
822 4779 953 4835 annosas
982 4760 1089 4825 lacobi
1118 4762 1207 4845 hujus
1228 4764 1371 4826 memoria
1400 4772 1447 4827 est
1469 4764 1548 4845 apud
1577 4763 1671 4845 Syros
1698 4762 1867 4841 lacobitas,
1897 4769 2044 4840 extantque

693 4867 758 4948 ejus
774 4866 893 4928 nomine
906 4865 1052 4927 Humiliae
1073 4882 1136 4928 non
1157 4884 1274 4947 paucae
1297 4865 1451 4949 Syriacae,
1474 4875 1505 4930 et
1526 4866 1671 4948 opuscula
1684 4864 1871 4949 Theologica
1893 4866 1924 4927 in
1945 4863 2042 4927 Codice

694 4966 897 5047 antiquissimo
922 4966 1107 5030 Colbertiuo.
1153 4964 1307 5029 Citatura
1335 4966 1421 5029 Mose
1448 4966 1604 5048 Barcepba
1632 4967 1663 5027 in
1687 4964 1910 5028 Commentario
1939 4964 1975 5027 dc
1993 4962 2041 5025 Pu·

692 5066 804 5147 radiso,
827 5086 884 5130 nec
906 5067 1010 5129 mirum
1033 5065 1154 5128 cumin
1177 5065 1282 5128 eadem
1303 5072 1431 5148 uterque
1454 5073 1536 5130 secta
1558 5066 1677 5129 vixerit.
1722 5064 1839 5127 Botuan
1861 5071 1956 5128 autem
1976 5074 2039 5141 qma
2153 5096 2157 5107 ›
