4525 6034
522 596 571 673 IN
602 595 849 674 LITURGIAS
884 596 1294 677 letuatlttoauu.
1515 600 1590 675 595

224 788 329 861 posset
351 780 476 866 alicujus
498 781 609 846 veneni
630 779 803 862 suspicione
826 782 983 862 laborare,
1013 783 1149 865 quamvis
1180 782 1384 849 Ortbodoxam
1413 788 1592 850 sententiam

225 884 386 946 contineat.
430 880 463 944 ln
484 883 571 945 istam
594 880 764 961 opinionem
786 884 887 963 potius
909 881 1039 945 eundum
1062 883 1195 962 videtur,
1226 903 1292 947 cum
1315 885 1346 946 in
1367 883 1425 947 bac
1445 883 1593 969 Liturgia,

225 983 284 1045 imo
306 983 337 1042 in
359 982 425 1046 aliis
452 982 568 1046 duabus
591 977 743 1043 'dheodori
770 989 801 1044 et
829 981 976 1052 Nestorii,
1005 982 1057 1043 vix
1087 980 1247 1063 quidquam
1274 984 1355 1065 quod
1384 984 1422 1047 ad
1451 983 1593 1048 baeresin

225 1082 430 1145 insinuandam
453 1082 621 1163 pertineat,
643 1082 823 1161 reperiatur.

311 1182 377 1246 lloc
399 1182 468 1245 loco
490 1197 630 1263 magnum
652 1180 812 1243 discrimen
835 1179 1082 1243 animadvertitur
1103 1183 1183 1245 inter
1204 1183 1307 1261 istam,
1331 1190 1362 1245 et
1384 1179 1594 1245 llalabaricam

222 1279 397 1366 Liturgiam,
419 1281 450 1343 in
472 1297 531 1362 qua
554 1278 663 1341 multae
685 1297 795 1360 preces
817 1282 992 1342 inseruntur
1014 1279 1052 1342 de
1075 1282 1212 1345 omnibus
1236 1289 1336 1362 etpro
1359 1282 1512 1356 omnibus3
1535 1299 1593 1363 pro

222 1399 314 1463 pace;
343 1399 400 1462 pro
430 1381 510 1443 aeris
533 1378 724 1441 salubritate:
754 1397 810 1460 pro
834 1379 1007 1442 Patriarcba
1029 1388 1059 1441 et
1081 1379 1305 1443 Ecclesiasticis
1335 1379 1506 1455 ordinibus;
1536 1399 1593 1463 pro

108 1481 111 1488 “
222 1481 444 1559 Ecclesia,'etc.
473 1477 547 1540 'lum
569 1479 706 1558 sequitur
727 1480 870 1541 memoria
890 1476 923 1539 B.
944 1478 1058 1541 Mariae
1070 1479 1204 1562 Virginis
1222 1488 1252 1542 ct
1268 1480 1459 1544 Sanctorum:
1484 1478 1593 1542 deinde

222 1587 425 1644 mortuorum:
456 1596 512 1658 pro
534 1577 656 1640 civitate
678 1585 709 1640 et
732 1578 797 1660 ejus
821 1576 1052 1656 habitatoribus,
1074 1596 1131 1659 pro
1154 1578 1335 1657 infidelibus,
1360 1579 1492 1655 infirmis,
1515 1598 1595 1661 ege·

223 1682 281 1759 nis,
306 1688 365 1744 etc.
411 1678 527 1741 Deinde
549 1677 714 1740 atteruntur
736 1678 821 1757 panis
843 1684 874 1740 et
897 1677 984 1756 calix,
1008 1686 1039 1740 et
1060 1678 1091 1739 in
1114 1677 1200 1741 altari
1221 1663 1367 1762 religiose
1390 1678 1592 1740 collocantur:

224 1788 286 1843 tum
308 1787 379 1861 post
402 1777 492 1840 multa
514 1778 626 1861 legitur
647 1776 784 1856 Epistola
807 1785 837 1840 et
859 1776 968 1839 deinde
990 1776 1196 1859 Evangelium.
1240 1776 1282 1839 At
1304 1780 1521 1859 scripturarum
1543 1775 1592 1839 le-

224 1881 353 1945 ctionem
375 1877 543 1959 praeoedit,
567 1876 705 1957 expulsio
728 1895 789 1940 non
812 1876 1034 1957 baptisatorum.
1068 1876 1118 1939 An
1141 1877 1208 1941 talis
1232 1876 1322 1940 luerit
1344 1877 1502 1940 Ecclesiae
1524 1875 1594 1938 blo·

224 1979 375 2042 labaricae
390 1975 546 2057 disciplina
565 1975 701 2038 divinare
714 1994 775 2038 non
788 1994 960 2057 possumus:
984 1977 1037 2040 sed
1061 1977 1148 2039 aliam
1170 1976 1264 2039 luisse
1282 1975 1594 2057 Mesopotamenarum

224 2077 428 2141 Ecclesiarum
452 2076 650 2138 certissimum
680 2075 814 2138 videtur:
843 2084 874 2138 et
901 2075 979 2138 lorte
1000 2075 1112 2139 Alexio
1134 2076 1270 2139 llenesio
1292 2076 1391 2138 visum
1414 2083 1461 2138 est
1483 2072 1594 2156 aliquid

224 2179 392 2252 immutare,
415 2183 448 2237 ut
470 2175 562 2237 illatio
585 2175 671 2255 panis
695 2175 808 2236 etvini
830 2175 867 2237 ad
892 2174 985 2237 altare
1008 2174 1094 2238 lieret
1108 2176 1283 2256 priusquam
1300 2173 1436 2255 Epistola
1449 2173 1594 2237 etEvan-

224 2277 336 2360 galium
359 2275 552 2357 legerentur,
581 2275 659 2336 sicut
687 2275 717 2335 in
739 2272 852 2336 Latinis
881 2274 1057 2355 quibusdam
1079 2274 1225 2337 Ecclesiis
1248 2275 1314 2336 lieri
1335 2273 1424 2336 solet.
1469 2272 1593 2335 Precem

223 2378 304 2439 illam
326 2393 383 2456 pro
407 2373 543 2436 omnibus
566 2372 658 2435 etde
681 2374 818 2436 omnibus
842 2391 930 2455 quarn
959 2373 1073 2437 idcirco
1101 2373 1168 2436 libri
1191 2373 1324 2436 Rituales
1346 2372 1504 2436 lacobitici
1528 2371 1594 2434 Oo-

224 2475 366 2537 tbclicum
381 2479 500 2548 vocant,
523 2472 631 2534 dictam
647 2471 740 2535 luisse
759 2474 789 2534 in
807 2473 983 2553 quibusdam
997 2473 1145 2535 Ecclesiis
1159 2480 1228 2536 anta
1241 2473 1408 2540 oblatarum
1419 2471 1594 2552 illationem,

225 2572 294 2636 alibi
317 2573 495 2649 monuimuS,
518 2590 584 2634 cunr
605 2572 647 2633 ita
670 2571 748 2635 ierat
769 2571 926 2636 Ecclesiae
948 2571 1174 2635 Alexandrinae
1197 2571 1403 2652 consuetudo,
1434 2574 1519 2655 cujus
1547 2574 1594 2634 si-

223 2674 323 2736 milem
352 2671 552 2735 Malabaricae
580 2672 667 2752 sequi
695 2678 867 2752 potuerunt.
912 2672 1026 2735 Verum
1047 2672 1212 2735 illationem
1240 2672 1456 2736 elementorum
1480 2690 1592 2735 conse-

224 2773 404 2837 crandorum
432 2771 513 2849 lieri,
543 2778 612 2833 ante
642 2771 796 2852 Epistulae
822 2777 853 2834 et
880 2771 1038 2855 Evangelii
1066 2771 1244 2851 lectionem,
1275 2779 1380 2835 contra
1411 2771 1608 2835 Orientalem.

225 2873 409 2953 disciplinam
432 2878 493 2933 est:
523 2870 613 2932 multo
636 2872 731 2952 magis
754 2870 892 2951 expulsio
916 2869 1221 2950 catechumenorum,
1245 2879 1403 2953 antequam
1425 2873 1594 2951 scripturae

107 2961 111 2966 ’
224 2975 410 3058 legerentur,
433 2988 500 3032 cum
521 2987 583 3032 non
605 2969 663 3032 nisi
685 2978 844 3052 antequam
868 2972 1045 3033 actiosacra
1063 2972 1258 3051 inciperetur,
1282 2988 1390 3051 nempe
1405 2971 1484 3034 circa
1499 2985 1595 3032 oscu-

224 3072 284 3135 lum
306 3072 401 3153 pacis,
424 3069 560 3131 solerent
582 3069 661 3150 ejici.
692 3057 730 3132 Ut
743 3088 777 3133 se
794 3068 884 3132 habet
900 3070 1097 3153 codexquem
1110 3072 1207 3133 secuti
1230 3069 1456 3150 interpretando
1480 3086 1593 3148 sumus,

224 3170 384 3251 disciplina
415 3187 503 3249 quam
524 3177 750 3248 repraesentat,
780 3170 974 3233 confirmatur
1004 3169 1145 3250 exemplo
1175 3169 1360 3251 reliquarum
1387 3168 1592 3232 Ecclesiarum

225 3268 428 3334 Orientalium.
472 3267 560 3330 Plura
591 3266 629 3331 de
659 3270 857 3332 caeremoniis
889 3270 1137 3332 Nestorianorum
1167 3268 1205 3331 ad
1232 3269 1310 3331 hano
1338 3268 1492 3351 Liturgiae
1520 3286 1596 3349 par-

219 3377 279 3433 tem
306 3369 408 3431 dicere
443 3386 503 3432 non
530 3385 706 3450 possumus,
730 3387 797 3432 cum
819 3367 948 3433 Codices
983 3370 1177 3450 manuscripti
1208 3366 1305 3431 nullas
1336 3386 1434 3449 prope
1456 3367 1593 3431 rubricas

221 3470 369 3534 babeant:
399 3468 509 3531 rituum
538 3466 721 3549 interpretes
749 3468 847 3532 nullos
875 3469 934 3531 huc
956 3485 1052 3550 usque
1074 3467 1246 3531 uiderimus.
1291 3467 1403 3530 Tamen
1426 3466 1593 3549 symbolum

222 3569 379 3632 recitatum
397 3567 492 3631 luisse
513 3576 582 3648 post
603 3568 800 3650 Evangelium
818 3585 878 3630 non
901 3567 1080 3646 dubitamus,
1104 3568 1240 3649 quamvis
1263 3565 1335 3629 nihil
1357 3566 1395 3628 de
1418 3585 1456 3629 eo
1480 3583 1594 3629 occur-

223 3675 281 3746 rat,
305 3686 372 3729 cum
394 3669 473 3730 inter
494 3666 652 3730 blissarum
675 3666 810 3730 solennia
842 3668 920 3751 apud
948 3667 1017 3730 illos
1046 3669 1112 3731 cani
1136 3666 1233 3730 multis
1256 3674 1394 3729 autorum
1416 3666 1592 3728 testimoniis

224 3773 353 3830 constet.

586 4029 621 4102 6.
659 4027 725 4114 Oui
750 4050 819 4099 oon
845 4030 982 4121 occepit
1007 4027 1227 4121 Baptiamum.

313 4219 405 4299 llaec
434 4234 537 4314 primis
569 4240 681 4295 tantum
712 4233 837 4296 vocibus
870 4231 1068 4315 designantur
1100 4231 1130 4291 in
1163 4174 1383 4311 manuscriptis.
1437 4228 1470 4291 ln
1499 4228 1591 4291 llissa

223 4334 405 4398 Melabarioa
426 4337 467 4399 ita
489 4335 610 4420 legitur.
639 4335 702 4412 Qui
720 4355 782 4398 nou
803 4338 935 4415 sucepit
949 4334 1139 4415 Baptismum
1160 4334 1309 4397 discedot.
1343 4331 1472 4395 Chorus.
1506 4333 1590 4396 Vere.

223 4435 283 4512 Oui
302 4455 363 4498 ocu
384 4438 517 4516 sucepit
537 4437 620 4516 illud,
643 4436 790 4499 discedat.
824 4434 983 4498 Sacerdos.
1012 4434 1058 4497 lte
1080 4435 1238 4496 audientes
1259 4440 1289 4496 et
1308 4434 1407 4496 uidete
1428 4433 1517 4496 ostia.
1547 4433 1592 4495 Ea
1701 4417 1703 4422 ’

221 4552 297 4598 vero
318 4535 412 4598 verba
424 4534 591 4604 ¹formulam
611 4536 773 4617 integram,
794 4541 828 4597 ut
840 4536 966 4598 mamma
984 4532 1149 4597 verisimile
1161 4540 1219 4614 est,
1233 4535 1396 4596 continent.
1425 4529 1459 4592 lu
1475 4531 1592 4595 Graeca

224 4634 442 4716 Chrysostomi.
480 4624 572 4699 Ὅσοι
599 4621 830 4719 κατηχούμενοι
857 4627 1049 4720 προέλθετε.
1093 4634 1157 4717 Μή
1177 4651 1229 4705 τις
1250 4629 1313 4695 τῶν
1332 4624 1591 4715 κατηχουμὲνων.

224 4734 376 4815 Quotquot
403 4733 616 4797 Cutecltumeni
642 4737 716 4796 estis
743 4735 881 4796 recedite.
917 4733 963 4796 Ne
991 4735 1059 4814 quia
1090 4731 1385 4795 Cotecltumenorum.
1430 4728 1463 4791 ln
1484 4730 1591 4793 Jacobi

224 4832 352 4897 Graeca.
395 4818 458 4918 Ml
478 4854 530 4907 τις
550 4827 809 4918 κατηχουμὲνων,
836 4822 956 4917 μήτις
977 4816 1145 4917 duodece,
1166 4826 1223 4893 καὶ
1242 4819 1290 4915 μή
1311 4823 1493 4909 δυναμένων
1514 4820 1591 4914 ἡμῖν

222 4929 451 5018 συνδεηθῆναι.
494 4933 540 4996 Nc
562 4936 630 5015 puis
651 4932 957 5010 catechumenorum,
985 4953 1024 4995 ue
1047 4933 1121 5013 'puis
1141 4950 1204 4993 oon
1226 4930 1426 5004 initiatorum,
1455 4947 1494 4989 ne
1523 4930 1590 5009 quis

222 5049 326 5092 eorum
348 5034 400 5112 qui
419 5031 574 5096 uobiscum
596 5033 685 5095 auat
704 5051 796 5095 orare
816 5053 878 5096 nou
897 5040 1034 5113 poscunt.
1065 5018 1127 5103 τοὶς
1148 5016 1267 5116 θύρας.
1302 5030 1416 5092 Portas
1450 5027 1588 5090 claudite.

220 5127 300 5191 Nihil
327 5129 385 5193 boo
414 5133 474 5194 ritu
503 5133 603 5195 notius
633 5133 664 5195 in
690 5132 789 5195 veteri
817 5131 973 5215 disciplina
980 5152 990 5208 3
1020 5130 1074 5195 sed
1098 5130 1168 5212 quia
1191 5129 1253 5211 jam
1284 5148 1302 5191 a
1331 5126 1429 5189 multis
1458 5125 1588 5190 saeculis

261 5254 384 5300 comesu
902 5295 907 5300 ,
1338 5233 1388 5307 78
