4525 6034
717 575 796 653 404
1213 578 1574 660 LITURGIA

821 767 973 839 Εἱευαηε
998 790 1124 840 ccccm.
1160 766 1285 839 Eorum
1312 769 1430 862 quiin
1456 772 1584 842 mneos
1609 771 1883 864 generationibus
1904 777 1974 867 justi
1993 777 2055 851 iue-

718 892 795 956 runt
819 896 855 958 ct
879 883 1044 973 illustres,
1077 893 1217 980 propter
1250 905 1373 957 nomen
1408 892 1499 956 tuum
1529 896 1692 959 seucum.
1748 887 1874 964 Eorum
1901 896 2056 990 etnnm

718 1000 1000 1097 praedicaverunt
1020 1000 1203 1075 adventum
1220 1002 1381 1094 unigeniti
1398 999 1474 1072 Filii
1491 1005 1538 1074 tui
1558 1005 1593 1074 in
1612 1003 1783 1078 mundum:
1806 1009 1978 1100 justorum,
1998 1010 2058 1083 ele-

717 1127 849 1192 ctorum
882 1129 917 1191 ot
950 1127 1162 1208 sanctorum,
1200 1120 1256 1212 qui
1288 1139 1351 1214 per
1383 1116 1526 1190 inediam
1562 1122 1821 1194 exsiccaverunt
1853 1145 1985 1220 corpora
2011 1148 2058 1199 sm

480 1253 487 1281 ¹
552 1227 619 1280 'tm
721 1246 861 1332 propter
885 1244 935 1308 te:
962 1233 1150 1331 Martyrium
1176 1235 1320 1306 victoria
1338 1233 1357 1269 ¹*
1373 1236 1588 1308 vestitorum:
1615 1235 1874 1328 confessorum,
1901 1244 1951 1335 qui
1974 1246 2060 1315 omna
2187 1253 2188 1256 ’

721 1361 886 1425 tormenta
918 1355 1013 1448 passi
1043 1361 1136 1425 sunt:
1171 1352 1318 1424 omnium
1351 1348 1483 1422 molem
1515 1354 1571 1446 qui
1606 1352 1649 1426 als
1683 1356 1777 1427 initio
1808 1376 1914 1450 mque
1937 1356 1975 1429 ad
1994 1357 2061 1432 lanc
2187 1357 2188 1382 ¹

722 1469 810 1542 diem
836 1473 870 1541 iu
898 1472 955 1542 viu
982 1471 1134 1542 veritatis
1161 1465 1431 1539 ambulaverunt:
1466 1476 1500 1539 et
1524 1490 1587 1564 per
1613 1472 1783 1544 orau'ones
1808 1492 1924 1544 comm
1947 1472 2061 1562 dium,

721 1608 908 1684 praeserva
934 1607 996 1657 nos
1025 1582 1067 1657 eb
1095 1582 1247 1657 omnibus
1274 1582 1384 1679 plagis
1411 1586 1552 1678 asperis,
1579 1596 1614 1657 et
1638 1587 1768 1660 custodi
1793 1609 1858 1660 nos
1878 1587 1920 1660 ab
1938 1589 2062 1662 omnihus

721 1702 975 1798 tempestatibu
1001 1711 1036 1773 et
1060 1699 1215 1773 luculos
1240 1702 1383 1794 peccati,
1410 1702 1487 1795 quia
1512 1709 1548 1774 tu
1574 1723 1613 1775 es
1638 1702 1790 1776 salvator
1808 1705 2061 1779 nosterlicmine:

720 1818 846 1914 tibique
871 1817 1017 1912 gloriam
1044 1826 1078 1889 et
1102 1815 1233 1888 lauden
1260 1814 1448 1906 referimus,
1472 1825 1510 1888 ct
1535 1820 1706 1911 unigenito
1733 1821 1819 1894 Filio
1847 1832 1917 1922 tiro,
1942 1832 1997 1894 ctc

821 1934 986 2030 Populos.
1036 1933 1159 2006 Arnen.

822 2050 1004 2123 Secum
1015 2050 1211 2121 inclinatae.
1244 2049 1387 2123 Praesta
1403 2051 1547 2123 Domine
1564 2053 1759 2124 memoriam
1784 2052 1907 2126 bouem
1933 2064 1965 2126 et
1986 2078 2062 2128 mn-

720 2172 995 2242 memoraiionem
1022 2165 1209 2260 sublimem,
1237 2165 1389 2239 omnibus
1414 2165 1569 2240 Patribus
1595 2178 1629 2239 et
1655 2167 1852 2243 Pastorilus
1880 2171 2064 2266 electis,1pi

718 2286 896 2358 induerunt
917 2305 1041 2358 nornen
1068 2293 1176 2371 mum,
1208 2294 1365 2378 tanquam
1390 2286 1641 2357 vestimentum:
1674 2289 1903 2381 mysterioque
1929 2298 1980 2359 tuo
2003 2298 2063 2359 tan-

717 2424 818 2498 quam
844 2401 945 2494 galea
971 2401 1091 2473 armati
1117 2410 1210 2472 siut:
1237 2397 1517 2496 praemiorumque
1543 2400 1719 2497 praeclare
1743 2405 1843 2496 gregi
1875 2413 1945 2492 tuo,
1975 2426 2065 2501 popu—

717 2520 851 2615 lumque
877 2528 967 2590 tuum
990 2514 1269 2609 gubernaverint
1282 2515 1463 2589 secundumn
1482 2521 1659 2590 veritatem
1676 2528 1776 2609 mam,
1803 2504 1962 2616 primitiis
1974 2524 2065 2615 gregis

717 2638 781 2709 rui:
808 2644 1078 2731 acceperuntque
1102 2653 1249 2706 coronas
1276 2635 1450 2706 victoriae.

823 2751 974 2823 mecam
998 2772 1126 2822 ccccm
1178 2748 1304 2821 Eorum
1330 2751 1386 2845 qvi
1412 2753 1635 2824 sicomorum
1652 2752 1798 2846 pericula
1819 2762 1854 2823 et
1875 2752 2066 2825 adversitates

718 2871 812 2965 passi
839 2876 915 2939 suut
941 2875 1078 2964 propter
1104 2887 1227 2938 numen
1253 2875 1344 2939 tirum
1369 2877 1530 2940 sanctim.
1569 2868 1720 2960 Dignere
1744 2866 1880 2942 illorum
1905 2871 2066 2942 meminsse

718 2986 884 3075 Domine,
911 2988 967 3079 qui
992 2983 1163 3078 adjutores
1191 2992 1225 3055 et
1249 2981 1502 3078 praedicatores
1528 2982 1661 3056 luerunt
1686 2987 1853 3057 veritatis:
1888 2989 1941 3079 qui
1971 2985 2067 3058 aelffi-

719 3113 883 3175 caverunt
909 3100 1081 3174 Ecclesiae
1108 3108 1262 3188 sanctas3
1289 3103 1345 3193 qui
1369 3098 1575 3189 firndatores,
1602 3111 1636 3173 et
1662 3110 1834 3174 erectores
1856 3100 2067 3173 iueruntten·

719 3219 848 3316 plorum
876 3240 1034 3291 verorum
1061 3219 1187 3290 nomini
1212 3226 1270 3288 tuo
1297 3217 1567 3288 constitutorum:
1601 3218 1657 3311 qui
1688 3228 1827 3314 propter
1861 3227 1896 3289 te
1927 3238 2066 3313 persecu
2189 3203 2190 3214 ¹

717 3338 828 3406 tiones
860 3337 1103 3424 sustinuerunt,
1136 3343 1173 3404 et
1206 3330 1355 3427 colaphis
1389 3335 1480 3404 caesi
1511 3343 1587 3404 sunt
1617 3343 1755 3428 propter
1786 3337 1963 3407 veritatem
1986 3343 2066 3403 uam:

720 3453 776 3544 qui
803 3461 956 3524 errantes
982 3448 1026 3521 ad
1053 3461 1088 3522 te
1114 3457 1368 3521 converterunt:
1403 3449 1458 3543 qui
1483 3456 1701 3543 portaverunt
1726 3473 1862 3523 crucem
1889 3454 1921 3522 in
1946 3447 2067 3545 populis:

720 3575 756 3637 et
781 3565 1055 3658 glorificaverunt
1079 3586 1204 3638 nomen
1231 3573 1321 3636 tuum
1346 3564 1581 3656 ingentibus:
1614 3576 1648 3638 et
1678 3588 1741 3661 per
1773 3569 1945 3639 orationes
1975 3583 2066 3636 emon
2189 3606 2190 3609 π

721 3681 864 3771 divinas,
891 3683 1017 3756 extolle
1044 3692 1079 3754 et
1105 3682 1205 3753 eleva
1230 3703 1295 3753 uos
1323 3681 1366 3753 ad
1392 3690 1437 3769 te,
1465 3690 1500 3753 et
1525 3681 1618 3753 trahe
1643 3686 1868 3775 cogitationes
1895 3675 2067 3756 noso-asad

720 3802 897 3872 veritatem
924 3808 1024 3873 tuam.
1066 3801 1207 3872 Praesta
1232 3800 1332 3869 etiam
1357 3797 1456 3871 nohis
1484 3807 1518 3869 et
1543 3798 1696 3872 omnibus
1721 3803 1777 3893 qui
1804 3800 2066 3878 laudavemnttc
2189 3859 2190 3874 1

720 3924 756 3987 ot
781 3915 967 3989 referamus
993 3915 1052 3989 tihi
1078 3913 1222 4008 gloriam
1248 3923 1283 3986 et
1307 3913 1450 4003 laudem,
1476 3917 1711 4010 unigenitoque
1736 3916 1824 3989 Filio
1850 3928 1921 4008 tuo,
1947 3924 2002 3988 etc.

819 4032 986 4126 Populus.
1038 4031 1159 4105 Amen

824 4150 1014 4221 Diaconos.
1067 4150 1136 4221 Pro
1163 4146 1337 4220 destructis.

826 4264 1002 4339 Sacerdos
1033 4265 1226 4337 inclinatos.
1278 4264 1447 4337 Memento
1479 4264 1623 4336 Domine
1656 4266 1801 4334 omnium
1835 4285 1952 4335 eomm
1981 4263 2067 4356 pria

723 4384 860 4456 saeculo
887 4381 946 4454 tihi
972 4383 1181 4480 placuerunt3
1207 4380 1438 4470 Sacerdotrm,
1464 4379 1707 4468 macenorum,
1739 4391 1872 4475 petrum
1897 4392 1932 4453 et
1955 4379 2066 4451 mum

721 4508 922 4590 nostrorum,
948 4521 1145 4595 pauperum,
1171 4499 1437 4594 peregrinorum,
1463 4506 1497 4568 et
1523 4499 1666 4569 omnium
1687 4498 1749 4592 vqui
1774 4517 1850 4568 cum
1878 4504 1983 4591 spect
1997 4489 2065 4562 ilu-

721 4613 775 4689 c'ia
802 4619 835 4688 in
862 4626 908 4707 te,
934 4639 981 4688 ex
1006 4618 1078 4699 vita
1103 4614 1167 4686 hec
1192 4612 1368 4710 temporali
1393 4616 1631 4705 migravemnt.

825 4732 977 4804 Elcocoe
1018 4753 1144 4803 ccccm
1171 4730 1400 4826 Deprecamur
1425 4739 1460 4801 te
1485 4726 1633 4802 clemens
1658 4740 1694 4801 et
1719 4732 1912 4803 misericors
1936 4725 2063 4804 Domo&

722 4871 784 4944 pro
812 4852 923 4922 servis
949 4850 1012 4919 tuis
1040 4870 1124 4942 quos
1151 4845 1315 4938 formasti,
1341 4855 1375 4917 et
1400 4867 1463 4942 per
1488 4847 1691 4936 migemum
1718 4854 1807 4918 tuum
1832 4845 1980 4929 salvasti,
2003 4840 2063 4932 qii-

724 4988 790 5059 que
818 4987 880 5061 per
905 4963 1110 5037 voluntatem
1137 4974 1226 5035 tuam
1254 4985 1300 5034 ex
1325 4961 1386 5034 hec
1412 4963 1482 5034 vita
1507 4964 1744 5054 migraverunt.
1776 4959 1901 5033 Libere
1926 4970 1958 5032 et
1979 4973 2063 5054 prce-

726 5100 827 5153 serva
848 5103 909 5155 eos
935 5103 998 5176 per
1023 5081 1256 5155 miserationes
1284 5090 1368 5172 tuus,
1395 5076 1437 5150 ab
1464 5079 1551 5171 ignis
1577 5078 1756 5174 supplici03
1783 5074 1989 5174 operantibus
2010 5069 2063 5140 iui-
