4525 6034
687 575 762 651 380
1254 577 1485 656 nolin

684 762 761 825 nihil
780 763 860 843 quod
880 762 1031 825 hamerina
1052 765 1158 843 sapiat
1176 764 1364 826 inveniatur:
1386 765 1447 826 uno
1465 765 1505 827 de
1525 764 1644 827 Jacaho
1665 765 1820 829 fflessem
1841 768 1953 829 metilia
1970 769 2006 847 fit
2022 769 2051 829 iu

686 861 871 925 Calendario
892 863 1112 925 Maronitarum
1134 864 1184 925 die
1205 863 1258 928 27.
1280 862 1442 939 ianuarii,
1463 883 1526 925 urm
1548 884 1616 926 cum
1636 874 1744 928 saneto
1765 865 1907 945 Epltrem.
1951 868 2052 929 Sancti

684 962 816 1042 Ephrem
837 961 998 1038 Doctorts,
1027 970 1057 1024 et
1082 961 1114 1024 S.
1136 953 1249 1026 Jaeohi
1269 963 1426 1041 Edesseni,
1449 966 1535 1043 eujus
1557 983 1634 1026 acca
1656 966 1770 1027 ussait
1789 965 1997 1043 Barehraenr,
2023 966 2051 1028 id

685 1068 733 1124 est
753 1059 986 1145 Abuliaragius,
1014 1063 1131 1124 initium
1159 1062 1301 1124 imbuisse
1326 1063 1451 1144 hymnos
1479 1064 1547 1124 illos
1572 1064 1625 1143 qui
1645 1062 1785 1126 Canaces
1807 1066 1920 1127 Graeci
1938 1086 2051 1128 nmen·

682 1168 804 1240 pautur.
850 1160 950 1222 Verba
973 1168 1057 1222 sant:
1081 1159 1177 1242 Atque
1199 1164 1290 1222 etiarn
1311 1162 1366 1222 suh
1390 1180 1467 1223 oeoo
1489 1165 1590 1224 sancti
1608 1162 1721 1224 tacobi
1740 1162 1897 1240 Edessam
1921 1173 1952 1225 et
1968 1167 2050 1226 electi

685 1261 812 1341 Georpti
829 1263 961 1341 pontiam
982 1260 1202 1336 Arabicarum,
1229 1269 1392 1340 cooperunt
1412 1261 1514 1343 hymni
1534 1262 1586 1341 pati
1607 1260 1747 1324 Oenones
1767 1262 1955 1325 &necamur
1976 1283 2052 1323 nica-

686 1370 844 1441 cupcotnr.
867 1360 942 1422 llinc
955 1360 1069 1441 colligit
1078 1360 1230 1424 Naironus
1253 1359 1405 1423 diversum
1427 1360 1508 1422 illum
1531 1378 1601 1423 esse
1616 1379 1634 1423 a
1647 1361 1790 1440 Zanualo,
1814 1380 1903 1443 quem
1920 1363 2052 1424 eumdem

687 1459 781 1524 fuisse
804 1477 871 1522 cum
893 1459 1060 1537 Edessena,
1083 1478 1172 1523 nemo
1195 1460 1275 1542 qaod
1298 1461 1390 1523 sciam
1413 1460 1604 1524 existimavit.

773 1561 863 1624 Circa
885 1559 1092 1623 illuhamedani
1121 1560 1239 1640 imperii
1268 1562 1351 1622 initia
1378 1559 1493 1621 vixisse
1514 1557 1660 1622 Jacobum
1682 1558 1870 1622 Edessenum
1893 1560 2051 1622 verisimile

686 1669 741 1726 est
785 1658 826 1721 Al
848 1659 1055 1723 Orthadoxum
1084 1659 1166 1721 illum
1188 1659 1300 1736 luisse,
1322 1676 1421 1740 neque
1443 1657 1676 1740 Aballaragius,
1699 1676 1798 1740 neque
1820 1660 1950 1723 idoneus
1972 1659 2048 1721 ullus

685 1761 765 1822 inter
793 1758 962 1821 Orientales
980 1757 1094 1836 dator,
1125 1760 1286 1822 memoriae
1316 1758 1457 1840 prodidit.
1503 1757 1683 1839 Stephanum
1705 1758 1898 1821 Edenensem
1919 1759 2051 1820 Maroni-

685 1868 782 1923 tarum
804 1857 1004 1921 Patriarcham
1031 1857 1268 1937 Antiochenam,
1296 1878 1385 1940 quem
1409 1856 1528 1920 adducit
1550 1860 1580 1919 in
1603 1859 1802 1922 testimonium
1826 1858 1993 1935 Naironus,
2023 1868 2053 1920 et

686 1975 801 2036 omnes,
826 1964 973 2040 quotquot
995 1966 1064 2020 sunt
1086 1965 1138 2019 aul
1159 1958 1280 2020 fuerunt
1302 1958 1481 2032 Maronitas,
1504 1957 1576 2019 nihil
1599 1974 1764 2034 moramur,
1787 1960 1817 2020 in
1840 1959 1948 2039 quibus
1971 1975 2052 2018 arnor

685 2060 810 2140 patriae,
834 2058 860 2119 si
883 2057 1018 2120 veritalis
1040 2058 1181 2120 limitibus
1204 2059 1423 2134 contineretur,
1447 2065 1529 2120 esset
1551 2056 1759 2119 excusandus:
1781 2075 1886 2118 verum
1908 2058 1940 2118 in
1962 2056 2052 2119 rebus

686 2158 724 2219 ad
745 2157 899 2219 historiam
921 2156 1166 2244 Ecclesiasticam
1188 2156 1411 2239 spectantibus,
1438 2156 1565 2218 illudere
1593 2156 1776 2233 lectoribus,
1804 2157 1874 2236 quia
1896 2157 1986 2237 pauci
2007 2155 2052 2216 his

686 2256 792 2320 studiis
815 2275 940 2338 operam
962 2255 1124 2335 dederunt,
1155 2263 1186 2318 et
1208 2256 1282 2318 alios
1306 2274 1410 2319 omnes
1432 2254 1539 2318 fallere
1563 2254 1651 2318 facile
1674 2263 1731 2334 est,
1755 2258 1834 2318 omni
1857 2258 2051 2318 excusatione

686 2365 777 2420 carel.
823 2356 908 2430 Quae
938 2358 1016 2420 enim
1044 2363 1112 2418 sunt
1143 2357 1279 2418 nationes
1307 2354 1480 2421 Catholicae
1508 2354 1676 2417 Orientales
1706 2375 1722 2417 a
1755 2356 1862 2437 quibus
1884 2355 1990 2417 iacobi
2012 2353 2052 2414 illi

686 2456 745 2519 duo
768 2455 937 2519 Orthodoxi
955 2455 1079 2536 judicati
1102 2454 1222 2532 luerint,
1245 2455 1303 2516 nisi
1324 2455 1479 2517 Jacobilae
1502 2455 1719 2517 sincerissimi?
1763 2457 1837 2517 Nam
1860 2454 1903 2516 illi
1925 2456 1956 2516 in
1970 2454 2051 2517 Con-

685 2553 818 2618 fessione
848 2556 935 2634 fidei,
966 2572 1044 2637 quae
1066 2554 1103 2616 ab
1127 2553 1307 2616 Ordinandis
1330 2555 1480 2635 exigitur,
1508 2554 1586 2615 inter
1612 2554 1762 2617 Doctores
1791 2554 1950 2616 Ecclesiae
1978 2572 2049 2616 suae

683 2654 911 2735 probatissimos
927 2653 1073 2716 iacobum
1084 2653 1272 2716 Edessenum
1295 2651 1539 2735 etSemgensem
1562 2653 1733 2717 nominant:
1756 2672 1859 2716 eoram
1883 2653 2049 2716 testimonia

683 2754 892 2836 producuntur
919 2771 936 2815 a
966 2753 1128 2836 'theologis
1165 2752 1203 2814 ad
1236 2752 1468 2835 impugnandam
1498 2751 1624 2816 Concilii
1654 2753 1910 2816 Calchedonensis
1947 2752 2048 2825 lidem3

685 2855 865 2934 tandemque
886 2852 1004 2916 illorum
1018 2851 1173 2935 Litargiae
1194 2851 1343 2914 habentur
1365 2853 1395 2914 in
1410 2851 1573 2915 codicibus
1594 2851 1777 2931 Jacobiticis,
1800 2852 1852 2914 ubi
1875 2869 1980 2915 eorum
2001 2852 2049 2932 qm

684 2962 756 3034 post
777 2953 848 3016 illud
870 2953 1010 3015 vixerunt
1033 2951 1276 3015 Orthodcxorum
1299 2951 1379 3015 nulla
1400 2952 1561 3033 reperitur.
1606 2952 1673 3015 Pari
1695 2956 1811 3016 ratione
1835 2952 1958 3028 Severi,
1981 2950 2048 3012 Phi-

684 3053 797 3131 loxeni,
819 3051 980 3115 Barsamae
1003 3059 1034 3115 et
1056 3051 1182 3114 aliorum
1195 3050 1414 3115 haereticorum
1430 3050 1505 3113 fama
1517 3052 1705 3135 purgabitur,
1722 3052 1792 3132 quia
1802 3052 1922 3113 nomina
1935 3050 2047 3113 illomm

685 3160 789 3216 extant
811 3153 841 3216 in
862 3152 1018 3234 Diptychis
1040 3151 1258 3232 Liturgiarum,
1287 3169 1362 3231 quas
1384 3151 1549 3215 Maronitas
1573 3152 1630 3214 sibi
1653 3152 1814 3230 vindicant,
1839 3170 1905 3213 cum
1928 3150 2047 3212 Jacobi-

682 3261 779 3316 tarum
793 3252 933 3334 propriae
950 3253 1017 3327 sint,
1041 3259 1073 3313 al
1094 3251 1163 3313 alibi
1184 3250 1387 3333 probavimus.
1414 3250 1495 3312 ldem
1519 3250 1556 3313 de
1570 3250 1749 3314 calendario
1771 3250 1822 3313 illo
1842 3250 2046 3332 judicandum:

684 3371 785 3433 neque
807 3351 974 3414 0rlh0doxi
993 3351 1123 3432 judicari
1144 3356 1307 3431 potuerunt
1327 3349 1459 3413 lacobus
1481 3351 1671 3427 Edessenus‚
1702 3359 1732 3414 et
1755 3351 1952 3434 Serugensis‚
1974 3350 2046 3430 ‚quia

685 3452 757 3514 nihil
780 3453 912 3517 occurrit
933 3452 962 3512 in
985 3468 1089 3513 eorum
1111 3449 1246 3531 scriptis,
1277 3466 1336 3531 qna
1359 3448 1434 3512 fides
1457 3448 1611 3513 Catholica
1633 3450 1820 3529 offendatur,
1852 3450 1910 3512 nisi
1932 3450 1970 3510 ab
1992 3448 2045 3510 illis

686 3552 737 3634 qui
767 3551 816 3615 illa
845 3569 884 3614 ne
915 3570 954 3614 ex
982 3550 1066 3613 tilulo
1094 3551 1213 3632 quidem
1244 3557 1409 3612 noverunt:
1441 3568 1507 3612 cum
1537 3558 1641 3613 cantra
1670 3550 1828 3613 laudentur
1856 3548 2045 3625 alaeobitis,

686 3652 767 3734 quod
789 3652 934 3715 adversus
957 3650 1222 3715 calchedonenses
1245 3651 1394 3731 antiquam
1423 3648 1512 3711 lidem
1539 3657 1662 3712 strenue
1680 3649 1951 3731 propugnaverinl.
1975 3647 2046 3728 Epi-

685 3768 811 3832 scopum
833 3752 926 3814 luisse
948 3750 1092 3814 laconum
1108 3749 1295 3813 Edessenum
1318 3756 1430 3812 certum
1453 3757 1501 3812 est
1523 3770 1562 3813 ex
1575 3751 1769 3831 inscriptione
1781 3749 1901 3811 Codicis
1912 3747 2044 3825 llledicei,

685 3852 714 3913 in
739 3870 799 3932 quo
822 3851 1182 3930 continenturllerponsa
1204 3851 1269 3931 ejus
1293 3849 1330 3911 de
1351 3849 1425 3912 lure
1439 3848 1591 3912 Canonico
1616 3851 1659 3911 ad
1674 3850 2046 3930 quueenonesproposttoa

686 3950 726 4012 ab
748 3948 855 4013 Adara
876 3952 1005 4032 quadum
1027 3950 1195 4012 sacerdote.
1240 3950 1273 4012 ln
1303 3951 1439 4032 margine
1467 3956 1497 4012 et
1520 3948 1625 4012 cadem
1647 3967 1706 4031 qua
1728 3948 1828 4011 codex
1850 3947 1980 4029 scriptus
2001 3953 2043 4008 est

686 4069 783 4129 manu,
810 4053 931 4131 antiqua
954 4069 1027 4112 sane
1050 4057 1080 4112 et
1102 4049 1266 4127 sexcentis,
1289 4057 1321 4111 ul
1342 4049 1501 4127 minimum,
1525 4049 1610 4111 annis
1633 4049 1809 4125 vetustiore,
1833 4047 1954 4130 legitur.
1985 4046 2043 4107 lioc

687 4169 763 4230 aput
789 4150 905 4230 foetum
929 4149 1039 4229 fuisse
1057 4167 1138 4210 unna
1170 4149 1357 4211 Graecorum
1387 4146 1649 4212 accccxcvlll.
1700 4147 1728 4210 ls
1757 4155 1856 4210 autem
1886 4145 2042 4227 respondet

687 4267 765 4312 anno
789 4249 890 4312 herae
915 4247 1100 4310 Christianae
1122 4246 1345 4312 DCLXXXVll.
1369 4247 1602 4310 hluhamedanae
1623 4246 1739 4311 vall.
1772 4248 1816 4309 Ea
1838 4248 1930 4329 igilur
1950 4251 2041 4307 aetate

686 4350 802 4412 vixisse
824 4348 969 4412 iacobum
982 4348 1170 4411 Edessenum
1193 4357 1307 4411 certum
1330 4348 1458 4427 videtur,
1481 4348 1539 4410 hoc
1561 4354 1609 4410 est
1630 4347 1750 4409 labente
1773 4348 1901 4428 septimo
1916 4343 2038 4409 saeculo.

778 4613 813 4685 2.
854 4612 997 4706 Linquit
1022 4634 1111 4705 quae
1137 4614 1312 4704 accipiunt
1336 4633 1436 4681 unum
1462 4609 1593 4702 Corpus
1618 4616 1770 4680 conclaue
1794 4611 1956 4703 uniqemh'

1235 4728 1320 4797 Flln·
1345 4729 1405 4814 tut,
1433 4732 1496 4796 etc.

786 4902 1052 4987 Fanomnrrssmn
1074 4922 1121 4977 est
1143 4913 1220 4976 haec
1241 4913 1354 4977 locutio
1376 4914 1407 4975 in
1420 4913 1562 4994 Syrorum
1584 4911 1813 4992 sacrisOlhciis,
1835 4921 1866 4975 el
1887 4910 2033 4993 praecipue

688 5019 717 5080 in
742 5018 927 5081 orationihus
949 5019 1112 5099 gratiarum
1143 5018 1268 5079 actionis
1295 5025 1364 5098 post
1386 5017 1645 5096 communionem,
1673 5025 1731 5079 tam
1758 5019 1789 5080 in
1818 5019 1884 5079 istis
1910 5011 2031 5097 quanin

689 5118 813 5182 aliarum
833 5116 1038 5181 Ecclesierum
1069 5115 1264 5181 Orientalium
1285 5116 1442 5200 Liturgiis:
1472 5136 1531 5181 nec
1552 5120 1648 5181 minus
1668 5116 1824 5181 familiaris
1846 5118 1923 5180 inter
1943 5114 2031 5175 Theo·
