4525 6034
639 577 714 653 114
1084 573 1306 652 ultonem
1332 574 1364 651 S.
1392 571 1610 651 annuenti

636 765 746 837 Patris
790 764 989 859 principium
1036 783 1105 834 non
1152 759 1316 851 habentis,
1355 787 1428 855 χου
1452 754 1606 851 πατρός,
1632 756 1689 831 ὅτι
1714 755 1827 841 οὕτως
1848 752 2035 856 ἠγάπησας

637 871 792 963 συσσίτια
828 875 1005 961 tantopere
1053 864 1198 936 dilexisti
1239 884 1314 950 nos,
1359 861 1453 957 ἡμᾶς
1485 859 1547 935 καί
1584 858 1720 944 tonnae
1753 860 1905 934 σεαυτὸν
1943 858 2034 959 ὑπὲρ

637 981 673 1043 et
699 969 817 1042 dedisti
843 979 876 1040 te
903 972 1010 1063 ipsum
1036 989 1099 1062 pro
1118 964 1218 1038 nobis
1246 968 1316 1037 im·
1359 964 1477 1060 ἡμίν,
1492 959 1511 997 *
1528 961 1790 1064 ίσφαγιαίσθης.
1832 959 2036 1062 Κεχάρισας

636 1073 790 1146 molatus.
846 1068 1004 1143 Concede
1034 1068 1132 1142 nobis
1159 1091 1221 1165 per
1246 1071 1316 1139 im·
1360 1067 1461 1163 ἠμῖν,
1483 1064 1547 1142 διαί
1569 1074 1637 1141 τοῦ
1659 1064 1844 1165 ἆχραίντου
1865 1090 1934 1140 σου
1954 1062 2034 1140 σοί-

637 1175 838 1247 maoulatum
872 1195 995 1270 corpus
1029 1184 1137 1261 tuum,
1170 1180 1205 1243 et
1229 1192 1316 1266 pre-
1359 1199 1485 1266 ματος,
1497 1168 1558 1244 καί
1570 1176 1637 1245 τοῦ
1648 1171 1773 1266 τιμίου
1785 1194 1854 1244 σου
1871 1172 2036 1262 ullamne,

638 1282 760 1351 tiosum
785 1288 875 1349 tuum
906 1278 1102 1369 sanguinem
1128 1273 1316 1346 redemtio·
1359 1271 1427 1370 τὴν
1447 1270 1716 1370 ἀπολύτρωσιν,
1741 1272 1791 1356 oio
1814 1272 2037 1368 κατηξίωσας

637 1404 727 1470 πται,
744 1383 829 1453 sieut
846 1379 992 1470 benigne
1009 1380 1204 1473 praestitisti
1219 1375 1317 1449 nobis
1360 1376 1530 1472 ἡμᾶςνῦν
1542 1373 1783 1477 φιλάνθρωπα
1794 1372 2037 1468 teatinam

638 1505 725 1555 nuile
746 1494 789 1554 ¹ut
815 1506 861 1556 ex
886 1486 969 1577 ipsis
981 1480 1224 1553 Eucharistiam
1251 1502 1317 1550 ae-
1361 1482 1399 1559 ἐξ
1413 1478 1535 1555 αὐτόν
1550 1473 1792 1580 cognotorum*
1817 1477 1884 1555 Διὸ
1901 1479 2037 1572 ἐξομο-

639 1590 837 1682 eiperemus.
864 1584 994 1683 idcireo
1029 1583 1224 1656 eonfitemur
1258 1581 1318 1654 titi
1360 1588 1541 1683 loyotipu‘n
1575 1608 1634 1658 σοι
1674 1590 1745 1659 νῦν
1778 1579 2037 1679 φιλάνθρωπα,

639 1711 727 1761 nune
753 1687 899 1781 benigne
927 1698 962 1760 et
987 1688 1088 1776 bone,
1115 1697 1150 1758 et
1161 1683 1220 1757 tihi
1233 1683 1317 1777 glo·
1359 1683 1492 1786 ἀγαθέ,
1507 1685 1569 1760 καί
1585 1710 1645 1760 σοι
1662 1684 1731 1781 τὴν
1748 1683 1877 1775 δόξαν,
1894 1681 1955 1757 καί
1968 1680 2037 1777 τὴν

639 1796 742 1882 riam,
789 1791 953 1864 honorem
1005 1800 1040 1863 et
1086 1790 1317 1863 adorationem
1359 1786 1489 1887 τιμήν,
1511 1786 1572 1863 καί
1593 1787 1662 1885 τὴν
1684 1784 1927 1889 προςκύνησιν
1952 1783 2038 1881 διη-

641 1897 796 1968 eontinue
836 1892 1023 1986 offerimus,
1066 1916 1141 1965 eum
1174 1900 1317 1986 experte
1359 1899 1468 1976 νεκῶς
1476 1887 2038 1988 ἀναπεμπομναῦντῴἆνάρχῳ

640 2000 793 2094 principii
819 1997 920 2069 Patre
947 2008 1025 2088 tuo,
1052 2005 1087 2068 et
1113 2004 1232 2069 saneto
1259 2003 1316 2065 tuo
1360 2020 1430 2070 σου
1452 1993 1562 2093 πατρί
1584 1994 1647 2071 καί
1664 2002 1717 2092 τῷ
1731 1995 1824 2096 ἁγίῳ
1839 2018 1908 2068 σου
1924 1988 2038 2067 πνεύ-

640 2101 777 2196 Spiritu‚
804 2122 904 2190 nunc,
931 2109 994 2172 ete.
1359 2126 1462 2194 poet,
1480 2106 1559 2175 νύν.

692 2203 881 2274 Diaconos.
936 2200 1055 2298 Capito
1087 2212 1205 2275 vestra
1236 2201 1317 2274 Do·
1364 2204 1367 2219 ’
1409 2205 1443 2280 ‘0
1464 2205 1627 2291 Διᾶκσνος
1648 2210 1744 2299 λέγει.
1799 2193 2039 2298 Ταίςκεφαλᾶς

640 2309 730 2379 mino
755 2304 922 2378 inclinate.
1359 2303 1466 2401 ὑμῶν
1482 2312 1535 2402 τῷ
1550 2304 1666 2405 κυρίῳ
1679 2304 1831 2379 κλίνασα
2018 2302 2020 2305 ’

645 2544 647 2548 ’
759 2515 857 2571 Oratio
878 2512 1062 2570 minutionis
1083 2513 1192 2585 capntt's.
1523 2502 1600 2572 Εὗχὴ
1619 2506 1666 2569 τῆς
1683 2505 1882 2568 κεφολσκίισίας.

646 2648 650 2657 ’
696 2667 838 2754 Quies,
867 2666 1040 2760 συίοτασ,
1076 2675 1111 2736 et
1136 2668 1259 2737 venisti
1284 2667 1319 2736 in
1415 2656 1549 2749 Ὀᾶίν,
1580 2656 1601 2729 ὁ
1627 2652 1685 2751 ἦν,
1710 2654 1732 2728 ὁ
1758 2652 1882 2730 ἐλθών
1908 2656 1954 2738 τίς
1973 2652 2040 2731 τόν

643 2767 798 2842 mundum
818 2765 860 2839 ed
888 2789 963 2838 eum
984 2766 1251 2858 illuminandum,
1265 2770 1321 2863 qui
1363 2760 1505 2861 κόσμον
1512 2767 1581 2835 τοῦ
1593 2760 1751 2858 φωτίσαι
1766 2755 1927 2833 αὐτόνὸ
1944 2781 2039 2856 σαρ-

643 2894 779 2945 oarnem
806 2890 993 2961 assumens„
1019 2866 1119 2942 homo
1134 2868 1243 2943 facus
1270 2892 1321 2961 ee,
1363 2865 1507 2955 καθείς,
1530 2857 1824 2960 ἐνανθρυατήσας,
1846 2857 1908 2934 καί
1923 2886 2041 2934 σταυ-

643 2986 677 3048 et
709 2974 886 3046 crucifixus
921 2993 959 3046 es
992 2994 1055 3069 pro
1090 2970 1205 3060 nobis,
1234 2995 1320 3068 pas·
1365 2967 1496 3068 ρωθείς
1514 2963 1563 3039 δι’
1580 2965 1685 3061 ἡμᾶς,
1703 2962 1764 3039 καί
1779 2961 1916 3038 παθών
1933 2966 2041 3037 ἑκου-

644 3099 769 3171 susque
795 3074 984 3149 voluntarie
1005 3079 1039 3146 in
1065 3097 1186 3163 earne,
1218 3098 1321 3148 man·
1364 3073 1449 3156 σίως
1478 3069 1606 3167 σαρκί,
1639 3066 1700 3141 καί
1728 3067 1851 3162 μείνας
1880 3063 2040 3160 ἀπαθής,

644 3182 717 3254 sisti
742 3178 956 3276 impassibilis
989 3188 1026 3250 ut
1051 3179 1165 3251 Deus:
1201 3177 1321 3273 sepul·
1363 3174 1412 3258 tric
1436 3170 1537 3255 θεός·
1562 3169 1623 3245 καί
1648 3170 1780 3269 ταφείς,
1803 3168 1865 3243 καί
1882 3166 2040 3252 ἀναστάς

644 3293 776 3378 ιυσριια,
785 3285 882 3354 tertia
891 3281 944 3352 die
957 3283 1321 3368 resurrexistiasoen-
1364 3284 1408 3373 τῇ
1429 3277 1533 3375 τρίτῃ
1557 3274 1685 3372 ἡραίρᾳ,
1714 3271 1775 3347 καί
1801 3269 1972 3347 οίνελθαίν
1995 3273 2042 3354 είς

645 3386 794 3478 densque
838 3388 872 3455 in
922 3384 1073 3473 coelum,
1118 3383 1233 3457 sedisti
1279 3384 1322 3455 ud
1366 3374 1560 3481 οὐρανούς,
1598 3375 1659 3451 καὶ
1687 3375 1845 3458 καθίσας
1873 3377 1913 3450 ἐν
1942 3372 2043 3468 ὃεξίᾳ

645 3487 818 3559 dexteram
845 3487 1078 3578 magnitudinis
1102 3485 1234 3578 gloriae
1248 3486 1323 3559 Pa·
1364 3490 1426 3579 τῆς
1460 3477 1707 3582 μεγαλοσύνης
1740 3484 1801 3573 τῆς
1839 3474 1948 3574 δόξης
1976 3482 2045 3550 τοῦ

644 3593 723 3661 tris:
757 3589 924 3677 divinum,
959 3600 1130 3679 sanetum,
1169 3588 1322 3661 consub-
1365 3583 1510 3685 πατρός,
1524 3580 1566 3659 τό
1581 3611 1619 3658 τε
1638 3585 1753 3671 θεῖον,
1768 3577 1829 3655 καί
1844 3580 1965 3680 ἅγιον,
1982 3577 2044 3653 καί

645 3691 832 3765 stantialem
877 3692 1027 3785 aequalis
1068 3695 1245 3788 potestatis
1289 3701 1324 3763 et
1366 3685 1586 3784 ὁμοούσιον,
1610 3685 1671 3761 καί
1697 3680 1956 3779 ὁμοίύναμον,
1983 3680 2044 3756 καὶ

645 3793 797 3887 gloriae,
838 3803 873 3865 et
912 3804 1127 3866 coaeternum
1163 3795 1321 3890 Spiritum
1370 3788 1567 3888 ὁμόδοξον,
1595 3786 1657 3864 καί
1680 3785 1873 3862 συναίδιον
1900 3791 2044 3879 πνεῦμα

645 3900 763 3969 misisti
798 3918 901 3991 snper
936 3906 1071 3970 sanctos
1107 3907 1183 3971 tuos
1215 3897 1321 3969 disci·
1365 3899 1601 3993 καταπέμψας
1630 3890 1686 3965 ἐπί
1714 3888 1797 3974 τούς
1827 3889 1952 3990 ἁγίους
1974 3912 2044 3963 σου

645 4000 743 4095 pulos
771 4009 807 4071 et
830 3998 1031 4094 Apostolos
1058 4010 1232 4095 atqueper
1247 4021 1322 4071 eum
1365 3996 1551 4094 μαθητάς,
1568 3993 1629 4070 καί
1645 3991 1878 4081 ἀποστόλους,
1896 3990 1957 4066 καί
1980 3988 2043 4064 διαί

645 4103 721 4176 illos
747 4101 936 4174 illuminasti
962 4112 996 4173 et
1021 4124 1083 4196 per
1116 4124 1178 4175 eos
1206 4100 1323 4174 orbem
1365 4099 1501 4177 τούτου
1529 4098 1689 4199 φατίσας
1719 4102 1789 4194 μίν
1818 4093 1961 4184 αὐτούς,
1992 4091 2042 4167 δι’

644 4209 858 4294 universum3
915 4202 1047 4277 Christe
1095 4228 1180 4278 vere
1227 4206 1322 4278 Dens
1365 4202 1489 4280 αὐτῶν
1513 4201 1555 4277 ίί
1582 4207 1706 4276 πᾶσαν
1730 4197 1800 4295 τὴν
1826 4201 2044 4294 οίκουρανην

645 4317 770 4382 noster.
1365 4311 1517 4407 Χριστί,
1543 4304 1564 4378 ὁ
1587 4301 1763 4399 ἀληθινὸς
1788 4300 1873 4385 θεὸς
1886 4302 2003 4397 niptris.

578 4476 583 4485 .
808 4466 815 4483 .
844 4408 981 4482 Gabriel
1007 4420 1041 4483 et
1066 4410 1228 4507 Raphael.
1502 4405 1564 4483 καί
1582 4404 1749 4505 Γαβριὴλ
1766 4400 2003 4504 καίῬαφαήλ.

694 4511 740 4586 Et
778 4512 990 4606 Angelorum
1039 4513 1323 4609 quadrimulum,
1419 4511 1494 4587 Καὶ
1509 4518 1586 4587 τῶν
1601 4508 1766 4637 ἀγγέλων
1779 4506 2044 4608 τετραμόρφων

645 4614 833 4687 animalium
861 4619 1157 4711 incorporeorum
1186 4625 1222 4688 et
1242 4616 1323 4688 An·
1367 4613 1721 4708 temtempestas·
1750 4640 1811 4687 και
1835 4640 1911 4688 των
1931 4637 2045 4709 αγγε-

644 4718 811 4811 gelorum‚
828 4722 947 4810 viginti
970 4729 1112 4814 quatuor
1126 4718 1323 4809 Seniorum3
1366 4725 1464 4809 λων,
1490 4716 1601 4793 εἰίτοσι
1626 4713 1813 4814 τεσσάρων
1841 4716 2046 4813 πρεσβυτέ-

645 4827 818 4916 sanctique
844 4822 985 4914 gloriosi
999 4821 1189 4918 Prophetae
1215 4844 1323 4917 praa-
1367 4851 1453 4922 ραν.
1493 4828 1569 4895 Τοῦ
1585 4819 1694 4947 a‘plov
1712 4815 1878 4909 ἐνδόξου,
1895 4813 2045 4915 προφή-

645 4927 816 5014 cursoris,
856 4927 1029 5022 Baptistae
1078 4935 1112 4997 et
1162 4924 1323 5022 Martyris
1365 4952 1455 5015 του,
1476 4922 1712 5022 προδρομου,
1737 4922 1962 5021 βαπτίστου,
1984 4915 2046 4992 καί

644 5025 796 5102 ioannis.
1366 5026 1552 5130 μᾶίῑυρθς
1564 5024 1737 5103 Ἰωάννου.
