4525 6034
359 612 409 687 llll
426 609 681 688 LITURGlARUll
695 609 947 686 ORIENTALthl
964 607 1113 686 OlllGlllE
1124 610 1172 685 El
1188 608 1434 686 AUTORITATE.
1502 605 1580 678 XLl

231 820 293 872 neu
322 798 364 872 ab
396 796 461 871 illis
486 796 662 870 haereticis
694 799 827 869 novitm
852 794 1036 884 inductum,
1065 806 1102 867 ut
1127 799 1212 868 sicut
1237 797 1270 867 in
1297 794 1475 868 Occidente
1501 796 1578 869 ne-

230 913 439 1005 iermatores,
464 914 605 987 Latinae
630 915 766 1006 linguae
790 934 886 984 mum
910 911 1097 985 vernaculis
1124 921 1425 1002 commutaverunt,
1451 915 1497 984 ita
1523 912 1579 1006 illi,

232 1028 389 1101 Graecam
416 1054 501 1127 quae
527 1054 548 1102 a
573 1030 682 1103 mdis
708 1051 775 1102 non
800 1028 1054 1121 intelligebatur,
1080 1029 1284 1124 reliquerint:
1310 1050 1407 1119 nam,
1441 1037 1476 1099 ut
1502 1028 1580 1102 alibi

230 1146 490 1239 observabimus,
506 1145 669 1220 Graecam
688 1144 860 1218 tacebitne
886 1143 1060 1240 ahquando
1074 1152 1325 1241 usurpaverunt
1351 1144 1478 1216 Verum
1493 1144 1579 1239 qaod

229 1264 460 1336 consuetudine
492 1274 662 1359 receptum
693 1273 777 1352 erat,
804 1261 987 1350 tenebatur,
1019 1283 1128 1356 neque
1155 1259 1243 1355 qued
1267 1260 1403 1353 linguae
1428 1259 1579 1354 vulgaris

133 1399 136 1402 ’
229 1388 325 1471 esset,
351 1380 475 1453 idcirco
502 1405 523 1453 a
549 1383 655 1453 sacris
682 1380 789 1450 arceri
815 1377 938 1450 debere
965 1375 1222 1450 existimabatur.

325 1494 475 1569 Proximi
487 1498 656 1593 Aegyptia
675 1495 875 1591 Aethiopes,
895 1495 949 1588 qui
969 1491 1012 1566 ab
1034 1493 1098 1566 illis
1121 1493 1219 1566 fidem
1242 1503 1454 1590 acceperunt,
1475 1496 1579 1567 misso
1604 1500 1898 1570 rnatuupuneuu-

230 1612 353 1685 adeas
379 1602 441 1708 per
464 1612 681 1686 Athanasium
716 1611 926 1701 Frumentio,
959 1612 1078 1704 quique
1113 1620 1191 1706 post
1216 1609 1384 1683 subactam
1410 1633 1430 1681 a
1456 1608 1579 1681 blaha-
1592 1591 1660 1656 ⁹³⁰⁸·

230 1727 369 1802 medanis
395 1729 602 1826 Aegyptum,
629 1729 672 1800 ad
696 1726 913 1801 tacebiticam
939 1725 1093 1799 haeresin
1119 1726 1297 1799 transducti
1323 1736 1398 1799 sunt
1421 1748 1483 1821 per
1499 1728 1582 1813 ble-¹

229 1844 396 1940 tropolitas
421 1844 631 1919 Alexandria
671 1848 814 1936 misbes,
848 1842 969 1916 habent
1007 1867 1027 1914 a
1059 1842 1169 1913 miultis
1213 1840 1355 1915 saecuhs
1394 1841 1580 1934 liturgiam

231 1960 384 2057 depticae
415 1961 515 2034 valde
542 1961 693 2053 similem,
719 1959 914 2055 Aethiopica
948 1981 1009 2032 suu
1042 1958 1176 2052 lingua,
1209 1980 1294 2054 quae
1327 1956 1404 2030 olim
1429 1957 1579 2052 vulgaris

228 2077 293 2167 luit,
319 2100 405 2149 nunc
430 2081 561 2151 nonnisi
587 2101 607 2149 a
634 2078 738 2150 doctis
764 2076 962 2168 intelligitur.

324 2195 464 2267 Armeni
491 2217 552 2268 suo
579 2217 711 2291 quoque
736 2196 848 2265 nahae
862 2176 1015 2265 sermone
1041 2190 1160 2264 dudum
1187 2214 1284 2266 sacra
1306 2190 1487 2283 celebrant,
1513 2202 1580 2263 tum
1593 2208 1697 2262 umens
1713 2206 1854 2260 amoueo.

229 2313 279 2406 qai
304 2310 535 2384 Orthodoxam
559 2309 660 2383 iidem
685 2313 900 2397 retinuerunt,
926 2318 993 2379 tum
1012 2307 1197 2401 tacebitne,
1222 2318 1258 2380 ut
1271 2307 1492 2399 Moscevitae,
1521 2332 1580 2383 sen

226 2425 383 2499 Rutheni:
419 2426 803 2523 Constantinopolitanae
836 2424 907 2498 sedi
942 2423 1081 2516 subjecti
1112 2423 1272 2520 Russico,
1312 2434 1346 2497 et
1372 2424 1426 2496 alii
1452 2425 1582 2520 qudam

228 2542 267 2614 de
293 2541 411 2639 quibus
436 2565 544 2638 pauca
570 2541 744 2615 admodum
771 2545 903 2615 scimus.
930 2541 1044 2636 ltaque
1070 2551 1288 2614 commentum
1304 2540 1382 2614 illud
1408 2541 1450 2612 de
1476 2541 1580 2614 tribus

227 2668 346 2731 tantum
371 2658 492 2752 lingaIs
519 2658 561 2731 ad
586 2657 814 2731 Eucharistiae
849 2654 1105 2730 celebrationem
1139 2655 1346 2751 adhibendis,
1378 2681 1422 2731 ue
1454 2656 1582 2751 vulga-

227 2779 306 2848 rimn
332 2796 413 2847 usus
440 2774 618 2870 approbari
648 2776 817 2865 videaur,
843 2773 935 2846 hrtile
959 2795 1097 2869 prorsus
1124 2784 1158 2847 et
1188 2774 1307 2847 falsum
1342 2783 1408 2847 est:
1436 2797 1508 2846 cum
1535 2793 1581 2844 ex

228 2893 326 2965 tribus
358 2890 422 2964 illis
453 2895 559 2988 prima
584 2892 693 2965 locum
718 2896 752 2962 in
776 2890 927 2983 Liturgia
952 2912 1116 2986 uunquam
1140 2889 1306 2965 habuerit:
1342 2890 1428 2962 duae
1456 2888 1581 2962 alterae

226 3007 380 3101 vulgares
406 3030 469 3103 per
501 3009 626 3104 aliquot
651 3008 785 3082 saecula
810 3006 948 3096 inerint3
973 3007 1120 3102 reliquae
1156 3007 1199 3080 dc
1225 3007 1341 3103 quibus
1368 3006 1509 3079 diximus
1536 3003 1580 3077 ad

227 3124 345 3196 nnllam
369 3127 467 3195 trium
492 3125 612 3197 referri
644 3127 791 3221 possint,
823 3132 933 3196 certus
960 3132 1071 3195 tamen
1097 3126 1139 3196 sit
1165 3124 1292 3196 illarum
1317 3145 1416 3215 usus,
1443 3121 1521 3194 elim
1547 3127 1582 3191 et

226 3239 286 3313 hnc
309 3261 428 3333 usque,
455 3262 476 3311 a
500 3239 662 3314 Romanis
688 3239 900 3312 Pontificibus
925 3261 994 3312 uen
1019 3239 1233 3336 improbatus.
1562 3331 1565 3337 ⁴

326 3356 566 3449 Protestantes,
591 3355 634 3428 ad
661 3378 744 3452 quoe
770 3353 970 3429 refellendos
1002 3353 1086 3429 haec
1118 3364 1312 3449 argumenta
1338 3353 1580 3429 inconsiderate
1610 3361 1805 3416 Praestandum
1819 3375 1899 3459 araa-

227 3475 415 3565 excegitata
449 3483 541 3561 sunt,
582 3496 627 3544 ex
652 3472 884 3570 praejudicatis
918 3474 987 3546 suis
1023 3473 1232 3569 opinionibus
1265 3473 1416 3546 abierunt
1447 3476 1481 3544 in
1516 3470 1579 3544 alia
1592 3457 1676 3589 ἔξω
1692 3450 1752 3587 ¹:¹¹⁰
1765 3455 1900 3502 '‘mm''

227 3591 352 3661 emm'a:
379 3610 520 3683 cumque
545 3600 715 3685 receptam
741 3585 828 3684 apud
852 3608 916 3662 nos
943 3584 1148 3687 disciplinam
1173 3589 1215 3661 de
1230 3589 1401 3662 retinenda
1417 3591 1452 3660 in
1475 3591 1580 3661 sacris
1652 3551 1698 3589 ’ω

225 3701 340 3775 Latina
365 3702 479 3796 lingua
506 3706 777 3795 conculcassent,
813 3726 859 3776 ex
885 3704 1028 3779 diversis
1053 3705 1246 3803 Scripturae
1272 3704 1368 3797 locis,
1395 3715 1428 3777 et
1454 3705 1581 3779 Orien-

226 3817 334 3890 talium
364 3818 590 3893 Ecelesiamm
623 3821 778 3918 exemplo
812 3829 905 3892 recte
939 3844 977 3894 se
1011 3821 1134 3896 iecisse
1165 3820 1310 3918 probare
1343 3823 1453 3894 conati
1492 3831 1578 3913 sunt,

229 3935 312 4030 qued
337 3935 452 4028 lingua
476 3937 610 4030 vulgari
635 3936 757 4033 ubique
783 3936 888 4011 efficia
915 3960 975 4011 sua
1001 3939 1216 4013 celebrarent.
1242 3938 1294 4011 Ea
1312 3941 1490 4014 occasione
1508 3963 1582 4012 cum

227 4051 313 4123 multi
340 4051 474 4125 diversa
500 4056 688 4126 testimonia
715 4054 939 4148 collegissent,
966 4056 1085 4151 prodiit
1115 4066 1191 4129 ante
1217 4079 1322 4130 annos
1349 4056 1471 4153 aliquot
1498 4077 1582 4150 epus

227 4166 431 4262 posthumum
457 4167 575 4242 taceat
601 4170 744 4260 Usserii,
771 4192 838 4266 quo
868 4193 983 4247 sacras
1009 4171 1122 4244 literas
1148 4182 1182 4245 et
1208 4171 1316 4245 officia
1342 4172 1581 4245 Ecclesiastico

228 4282 344 4377 linguis
358 4284 547 4359 vernaculis
561 4286 630 4381 legi
642 4296 677 4358 ct
701 4285 864 4359 celebrari
890 4298 1047 4384 opertere
1061 4287 1265 4385 probandum
1292 4291 1446 4383 suscepit.
1471 4286 1582 4358 Prae-

230 4402 354 4495 cipuum
382 4412 609 4494 argumentum
637 4403 731 4475 duxit
756 4402 798 4477 ab
826 4404 1039 4478 Orientalium
1053 4405 1280 4478 Ecclesiamm
1306 4404 1481 4500 exemplo;
1502 4404 1584 4497 Syri

230 4521 321 4605 coiea
348 4520 463 4613 inquit,
490 4519 645 4613 Syriaca,
672 4526 709 4591 ut
735 4521 864 4594 Graeci
890 4522 1045 4595 Graece:
1074 4522 1231 4617 Coptitee
1258 4523 1416 4615 Cepttce,
1442 4522 1585 4594 Arataei

230 4635 419 4721 Acucaica
445 4636 633 4731 Aethiopes
649 4636 855 4732 Aethiopica
879 4663 984 4711 secra
1005 4642 1149 4733 fument.
1174 4640 1223 4713 lta
1241 4662 1340 4728 sane;
1366 4661 1474 4734 neque
1501 4648 1584 4710 tan·

232 4758 293 4822 tam
318 4772 446 4847 operae
470 4751 658 4847 ponendum
683 4752 810 4847 inerat,
846 4754 889 4827 ad
914 4759 965 4828 rei
998 4755 1148 4849 vulgaris
1175 4766 1209 4829 et
1234 4757 1426 4829 notissimae
1450 4753 1581 4851 preba-

233 4866 366 4939 tienem:
400 4889 509 4963 neque
541 4868 604 4943 illis
640 4870 803 4967 exemplis
833 4869 988 4945 Ecclesia
1021 4873 1174 4946 Romana
1214 4872 1370 4963 laeditur3
1403 4894 1476 4961 eum
1510 4874 1582 4970 ipsa

233 5001 357 5078 quoque
382 4983 533 5057 Latinam
558 4985 716 5078 lingnam,
743 4987 818 5058 dum
844 5010 906 5084 per
932 4989 1146 5062 Occidentem
1172 4982 1398 5083 vulgatissima
1424 4989 1524 5079 leret,
1541 4987 1583 5060 ad

233 5098 440 5190 psalmodiam
466 5111 500 5175 et
525 5100 740 5176 Sacramenta
774 5103 972 5185 adhibuerit:
1006 5129 1069 5181 nec
1093 5104 1155 5180 fuit
1180 5130 1321 5204 unquam
1346 5109 1431 5180 inter
1457 5107 1584 5180 Orien-

255 5235 363 5283 romt
1355 5224 1379 5296 6
