4525 6034
642 562 743 641 2188
1169 566 1548 652 COMMENTARIUS

668 746 861 826 Colbertinc,
885 770 925 811 ex
949 768 1008 829 quo
1031 751 1123 815 editio
1147 762 1308 833 procurata
1331 762 1396 833 est,
1420 756 1475 820 sed
1498 758 1535 821 ad
1558 763 1738 840 paucissima
1767 765 1864 845 capita
1896 765 2043 845 perducta

668 854 722 910 est.
766 847 799 910 ln
822 867 859 911 ea
883 867 957 911 vero
981 867 1043 912 non
1066 852 1156 914 modo
1178 855 1360 933 praecipuas
1383 855 1453 918 illas
1476 859 1646 937 versiones,
1669 862 1724 924 sed
1747 862 1939 927 samaritanis
1963 886 2045 949 pro-

665 949 761 1028 priam
785 947 872 1009 aliam
896 947 1044 1026 adhibuit,
1069 952 1208 1031 quisquis
1232 951 1409 1016 conferendi
1432 955 1566 1019 laborem
1590 962 1734 1041 suscepit.
1778 960 1821 1023 lta
1844 982 1885 1026 ex
1899 972 1943 1028 tot
1965 986 2045 1029 ver-

665 1050 781 1111 sionum
804 1046 1000 1110 Arabicarum
1031 1047 1185 1130 farragine
1208 1059 1298 1113 natae
1320 1060 1390 1114 sunt
1418 1053 1567 1118 editiones
1591 1057 1767 1122 Parisiensis
1797 1069 1829 1123 et
1861 1064 2044 1128 Londinen·

664 1149 725 1225 sis,
756 1164 882 1228 quarum
910 1146 991 1208 nulla
1020 1156 1068 1210 est
1097 1151 1177 1211 inter
1207 1149 1394 1214 Christianos
1422 1151 1593 1217 Orientales
1623 1160 1784 1238 autoritas,
1820 1162 1913 1226 multo
1944 1165 2045 1226 minor

544 1297 546 1299 .
665 1266 767 1309 earum
792 1266 869 1329 quae
893 1245 929 1306 ab
954 1245 1020 1307 aliis
1042 1247 1167 1311 ludaeis
1190 1248 1289 1311 lectae
1312 1251 1342 1311 in
1365 1251 1560 1315 bibliothecis
1589 1253 1785 1339 delitescunt,
1820 1271 1852 1324 ut
1881 1262 1932 1324 illa
1961 1281 2043 1343 quae

358 1654 497 1708 versiones
514 1657 581 1711 llovi
599 1657 651 1711 Te·

341 1744 465 1793 stamenti.

367 3952 406 4005 De
423 3954 644 4022 interpretationi·

333 4038 381 4089 bus
399 4039 425 4090 in
440 4039 543 4092 modurn
559 4040 645 4092 bomi-

332 4123 432 4176 licium.

665 1347 746 1409 edita
768 1356 816 1409 est
845 1349 881 1409 ab
912 1348 1063 1430 Erpenio,
1093 1347 1233 1430 Lugduni
1261 1348 1459 1428 Batavorum,
1493 1352 1690 1417 Pentateucbi
1718 1359 1848 1421 Arabica
1879 1361 2043 1442 interpre-

664 1447 748 1507 tatio.
793 1448 894 1527 Atque
917 1446 974 1509 bae
998 1448 1230 1511 observationes
1254 1448 1425 1511 versionem
1449 1452 1563 1513 veteris
1588 1452 1772 1519 Testamenti
1787 1465 1937 1538 spectant,
1962 1476 2044 1538 quae

665 1540 884 1609 eodem'modo
901 1546 1034 1627 ,Cepttce
1057 1554 1088 1609 et
1110 1545 1241 1608 Arabico
1264 1545 1408 1629 leguntur
1430 1549 1459 1610 in
1481 1548 1646 1629 Ecclesiis,
1670 1555 1750 1634 apud
1772 1553 1956 1637 Aegyptios.

750 1644 797 1706 De
821 1662 902 1707 novo
927 1645 1119 1707 Testamenta
1144 1645 1240 1705 minor
1262 1651 1309 1706 est
1332 1644 1509 1725 difficultas,
1531 1646 1603 1710 licet
1626 1651 1716 1713 etiam
1738 1653 1883 1715 nonnulla
1904 1654 2043 1718 nondum

664 1744 759 1823 dicta,
783 1745 864 1807 circa
894 1743 973 1806 illius
1001 1744 1161 1806 versiones
1192 1742 1351 1806 observari
1380 1744 1520 1809 debeant.
1572 1747 1698 1830 Coptica
1728 1770 1806 1833 quae
1833 1750 1864 1812 in
1891 1751 2042 1836 Aegypto

664 1843 791 1928 legitur,
816 1846 938 1924 antiqua
962 1851 1026 1921 est,
1050 1850 1080 1905 et
1104 1850 1246 1924 quantum
1264 1842 1395 1923 judicari
1416 1853 1532 1925 potest,
1556 1847 1688 1929 reliquas
1710 1856 1861 1914 vetustate
1878 1852 2042 1933 adaequat.

662 1943 744 2007 lnter
772 1961 877 2007 omnes
907 1942 1075 2007 Orientales
1105 1943 1230 2023 Syriaca
1259 1943 1463 2006 vetustissima
1493 1947 1641 2010 creditur:
1674 1949 1801 2029 Coptica
1831 1959 1931 2012 aetate
1959 1951 2043 2015 baud

661 2044 784 2107 multum
806 2041 932 2106 inferior
954 2052 1011 2121 est,
1034 2060 1096 2104 non
1118 2040 1198 2122 quod
1222 2060 1289 2103 eam
1312 2061 1329 2103 a
1347 2041 1451 2105 Marco
1474 2043 1670 2129 Evangelista
1693 2046 1800 2110 lectam
1820 2050 2041 2129 existimemus,

658 2145 744 2226 juxta
768 2143 946 2224 popularem
970 2140 1182 2217 traditionem,
1211 2139 1266 2202 sed
1297 2140 1377 2220 quod
1407 2148 1440 2202 ut
1468 2145 1609 2222 superius
1632 2146 1827 2208 observatum
1855 2156 1919 2226 est,
1948 2151 2042 2212 etiarn

663 2250 732 2305 ante
755 2250 891 2324 pacatam
914 2261 971 2323 per
993 2240 1225 2304 Constantinum
1235 2238 1418 2315 Ecclesiam,
1442 2239 1536 2304 lectas
1548 2241 1641 2305 luisse
1657 2244 1761 2327 lingua
1774 2244 1904 2328 vulgari,
1929 2266 2040 2311 sacras

662 2342 833 2422 Scripturas
862 2342 900 2404 ab
928 2341 1061 2403 Antonio
1091 2346 1122 2401 et
1152 2338 1217 2401 aliis
1246 2340 1359 2400 sanetis
1388 2340 1592 2405 Anacboretis
1620 2345 1818 2406 certissimum
1847 2347 1903 2409 sit:
1935 2366 2040 2429 neque

662 2442 758 2503 minus
787 2447 919 2518 certum,
951 2457 1013 2501 non
1041 2438 1178 2520 potuisse
1207 2437 1295 2499 aliter
1327 2456 1416 2518 quam
1443 2442 1541 2520 patria
1569 2440 1673 2525 lingua
1701 2443 1779 2527 legi,
1811 2447 2040 2528 memoriaeque

661 2540 882 2615 commendari,
911 2547 942 2601 et
964 2539 994 2600 in
1018 2556 1073 2601 ore
1095 2537 1201 2599 haberi
1225 2535 1261 2597 ab
1285 2536 1343 2597 illis
1366 2537 1535 2602 hominibus
1559 2542 1610 2621 qui
1633 2541 1751 2615 Graece
1779 2544 1956 2608 nesciebant
1964 2567 1974 2622 ;
2006 2554 2040 2608 ut

660 2657 761 2720 neque
784 2638 930 2718 eprcari
953 2637 990 2699 ad
1013 2636 1186 2718 populume
1208 2636 1368 2715 superiore
1380 2635 1460 2716 loco,
1484 2639 1520 2700 ab
1543 2639 1602 2702 illis
1617 2640 1787 2722 Episcopis,
1811 2644 1920 2725 quibus
1935 2645 2039 2709 Grae-

661 2755 764 2799 carum
791 2738 944 2800 literarum
975 2754 1036 2799 non
1065 2737 1140 2799 satis
1168 2743 1250 2813 erat,
1281 2742 1314 2797 ut
1342 2754 1451 2799 nomen
1481 2756 1567 2800 suum
1595 2741 1790 2803 subscribere
1819 2743 1850 2804 in
1879 2741 2037 2823 Conciliis,

660 2838 748 2901 aliter
771 2856 858 2920 quam
881 2836 1072 2920 Aegyptiace
1095 2842 1231 2917 possent.
1255 2835 1350 2917 lgitur
1373 2835 1498 2917 Coptica
1525 2840 1628 2900 versio
1650 2839 1869 2903 blobamedana
1896 2850 2038 2926 tempora

660 2937 773 3020 aliquot
796 2936 985 3000 saeculorum
1009 2937 1186 3016 antiquitate
1208 2942 1350 3015 superat:
1374 2934 1516 2998 Arabica.
1529 2938 1665 3018 ejusdem
1688 2941 1806 3019 versio,
1831 2959 1868 3003 ea
1888 2948 1936 3004 est
1956 2962 2038 3024 quae

658 3038 770 3120 legitur
793 3037 914 3119 publice
937 3038 968 3098 in
990 3036 1177 3117 Synaxibus,
1212 3035 1400 3114 Coptitisque
1424 3036 1547 3116 propria
1577 3044 1633 3101 est.
1681 3038 1751 3120 Syri
1779 3048 1838 3101 mm
1864 3041 2036 3120 lacebitee,

658 3157 746 3219 quam
773 3138 966 3215 Nestoriani,
997 3154 1056 3198 non
1085 3137 1182 3196 minus
1205 3151 1292 3214 quam
1315 3132 1475 3196 lllelcbitae
1498 3135 1584 3196 aliam
1611 3135 1722 3199 babent
1750 3156 1791 3199 ex
1819 3143 1941 3219 antiqua
1973 3142 2035 3222 Sp·

658 3240 741 3300 riaca
763 3239 905 3300 versione
928 3235 1053 3311 factam,
1077 3254 1117 3296 ex
1140 3251 1199 3314 qua
1223 3235 1311 3296 ctiam
1334 3233 1455 3295 Persica
1476 3234 1603 3314 prodiit,
1627 3254 1725 3318 eaque
1742 3237 1907 3318 multiplex.
1932 3238 2038 3303 Grae-

659 3354 727 3398 cum
757 3335 892 3398 codicem
923 3335 1128 3416 exprimentes
1158 3332 1309 3394 Arabicae
1339 3332 1411 3394 novi
1441 3333 1624 3397 Testamenti
1655 3337 1832 3415 versiones,
1862 3346 1931 3400 sunit
1961 3339 2036 3403 illae

658 3453 737 3517 qaae
758 3435 907 3497 lllelchitis
931 3437 1030 3515 potius
1054 3452 1143 3514 quam
1166 3432 1231 3494 aliis
1254 3432 1397 3512 propriae
1424 3439 1510 3507 sunt;
1541 3433 1707 3516 pleraeque
1738 3442 1839 3497 tamen
1864 3438 1904 3498 ita
1933 3439 2037 3501 inter-

658 3534 777 3616 polatae
800 3553 839 3596 ex
862 3532 986 3595 aliarum
1010 3533 1185 3595 versionum
1209 3532 1450 3611 comparatione,
1473 3539 1506 3593 ut
1529 3534 1608 3596 inter
1630 3552 1683 3595 eas
1704 3533 1907 3612 diversitates,
1931 3539 2036 3601 Grae-

660 3652 727 3697 cum
750 3633 907 3714 exemplar
929 3633 1110 3713 primitivum
1136 3632 1260 3713 agnosci
1284 3649 1344 3692 non
1367 3630 1456 3693 lacilc
1479 3634 1585 3711 possit.
1632 3631 1738 3694 Omnia
1764 3651 1840 3695 vero
1870 3653 1949 3715 quae
1973 3638 2036 3700 huc

657 3751 754 3814 usquc
777 3731 814 3795 de
837 3732 901 3795 istis
924 3733 1094 3812 scripturae
1122 3729 1302 3793 lectionibus
1331 3729 1410 3792 dicta
1438 3736 1526 3808 sunt,
1555 3731 1720 3794 occasione
1741 3731 1930 3795 Paulinarum
1954 3736 2036 3816 Epi-

658 3833 812 3911 stolarum,
836 3832 874 3894 de
898 3830 1021 3912 reliquis
1044 3829 1129 3892 libris
1153 3837 1184 3892 et
1207 3829 1244 3891 de
1259 3828 1418 3911 Evangelli
1440 3829 1571 3892 lectione
1595 3838 1664 3893 sunt
1687 3848 1808 3911 quoque
1823 3832 2034 3914 intelligenda.

744 3934 889 4013 Superest
911 3939 943 3992 ut
967 3931 1004 3992 de
1029 3930 1168 4009 Talassir
1190 3929 1256 3990 sive
1278 3930 1576 4009 interpretationibus
1599 3948 1655 4010 per
1676 3930 1870 3992 Homiliarum
1899 3932 2033 4012 modum,

658 4032 774 4095 dicatur
796 4030 918 4113 aliquid.
958 4029 1052 4113 Origo
1084 4046 1188 4090 earum
1210 4030 1305 4108 prima
1334 4034 1364 4088 et
1397 4028 1615 4108 simplicissima
1639 4046 1655 4090 a
1679 4031 1869 4093 sermonibus
1897 4032 2034 4111 petenda

658 4140 716 4210 est,
740 4149 816 4213 quos
839 4138 908 4211 post
931 4130 1148 4210 scripturarum
1160 4126 1321 4189 lectionem
1337 4127 1433 4188 sancti
1453 4126 1568 4206 Patres,
1590 4129 1770 4208 praesertim
1794 4127 1949 4210 Episcopi,
1972 4128 2034 4190 ba-

657 4229 769 4294 bebant
791 4231 829 4294 ad
851 4228 1012 4311 populum,
1036 4235 1135 4290 sumto
1159 4246 1199 4289 ex
1221 4225 1327 4288 iisdem
1350 4225 1496 4287 llomiliac
1519 4235 1707 4309 argumento.
1752 4227 1798 4289 be
1820 4246 1857 4289 ca
1880 4229 2034 4290 communi

657 4333 786 4393 omnium
808 4329 1013 4392 Ecclesiarum
1035 4325 1253 4389 cousuetudine
1276 4332 1358 4388 extat
1381 4325 1563 4388 Constitutio
1587 4344 1675 4407 quam
1703 4327 1782 4388 inter
1805 4326 1945 4389 Cauones
1967 4327 2033 4390 Ba-

656 4429 714 4492 silii
736 4428 839 4511 Magni
862 4435 1036 4504 numerant,
1060 4433 1090 4488 et
1113 4443 1202 4506 quam
1224 4423 1319 4486 refert
1340 4423 1525 4487 Ebnassalus
1548 4426 1578 4487 in
1601 4425 1788 4488 Collectione
1811 4444 1867 4488 sua
1889 4443 1956 4506 cap.
1978 4425 2031 4493 12.

657 4526 730 4590 Com
753 4527 893 4589 obsoleta
919 4527 1016 4604 feerit
1045 4526 1150 4600 lectio,
1179 4522 1349 4603 Episcopus
1376 4525 1406 4585 si
1433 4525 1531 4601 adsit,
1565 4524 1661 4585 aerbo
1685 4525 1783 4602 faciet
1811 4525 1854 4586 od
1877 4526 2033 4604 populuum,

655 4627 884 4707 interpretando
908 4634 999 4705 caput
1020 4624 1211 4704 quodmodo
1240 4623 1348 4684 lectum
1375 4622 1492 4701 suerit.-
1521 4621 1673 4702 Episcopo
1707 4623 1830 4687 absente
1836 4669 1847 4699 ,
1874 4623 2033 4686 Sacerdos

652 4727 770 4804 peritam
792 4726 826 4787 id
844 4725 949 4803 faciet.
1000 4723 1109 4785 Postea
1140 4740 1228 4803 quam
1256 4738 1333 4784 vero
1363 4722 1462 4784 rarior
1488 4721 1544 4783 luit
1572 4721 1651 4803 apud
1679 4720 1850 4784 Orientales
1880 4721 2031 4800 doctrina,

655 4825 804 4904 paucique
838 4823 866 4885 id
897 4830 1053 4903 praestare
1084 4828 1241 4903 poterant,
1272 4838 1382 4882 versae
1413 4828 1483 4882 sunt
1510 4821 1540 4880 in
1570 4820 1728 4903 vulgarem
1757 4821 1887 4903 linguam
1917 4819 2032 4882 breves

655 4922 777 4984 Petrum
799 4922 964 5001 Aemiliae,
987 4919 1038 4983 vel
1066 4921 1168 5001 potius
1196 4907 1469 4998 Ἀπανθίσματα,
1496 4927 1530 4982 ut
1558 4919 1668 4982 Graeci
1697 4928 1821 4998 vocant,
1853 4936 1932 4999 quae
1960 4927 2031 4999 post

656 5022 821 5102 scripturas
843 5021 1036 5103 legerentur:
1060 5020 1180 5101 tandem
1210 5020 1327 5101 aliquae
1356 5019 1437 5102 stylo
1465 5019 1640 5101 simpliciori
1669 5027 1699 5082 et
1731 5018 1827 5103 magis
1857 5018 1895 5081 ad
1925 5016 2031 5099 populi
