4525 6034
709 559 785 634 556
912 553 1090 638 tuntum
1116 558 1254 638 nasim
1278 558 1329 635 EX
1354 557 1539 637 inuuunt
1563 559 1740 637 tuntum
1765 560 1878 638 HASD

708 747 928 842 delevistique
954 757 1095 844 peecata
1121 758 1250 836 nostra,
1276 771 1319 821 oe
1344 747 1502 841 dignutus
1527 768 1568 818 es
1593 768 1657 820 nos
1676 752 1864 845 sumptione
1887 758 2044 822 aarum

706 862 923 959 vitaliumque
948 873 1233 936 sacramentorum
1259 875 1408 955 morum,
1441 867 1476 935 iu
1501 885 1589 959 quae
1614 866 1715 936 etiam
1738 865 1866 957 Angeii
1888 868 1948 960 ipsi
1969 862 2045 936 ieri-

706 979 825 1052 derum
849 982 1055 1076 prospicere.
1111 979 1220 1054 Cedat
1245 982 1346 1073 igitur
1371 979 1470 1053 uobis
1497 984 1645 1075 ipsorum
1672 983 1824 1054 suavitas
1849 984 1883 1052 in
1900 980 2045 1075 pineum,

706 1099 980 1193 participatioque
1007 1099 1041 1168 in
1066 1101 1299 1172 remissionem
1323 1105 1550 1193 peecatorum,
1577 1119 1664 1192 quae
1689 1095 2047 1170 mutuaenutuae

706 1215 810 1285 missa
836 1223 928 1301 sunt,
964 1222 1064 1308 atquo
1095 1217 1128 1285 in
1161 1212 1358 1286 medicinam
1391 1234 1508 1284 eorum
1543 1216 1576 1283 io
1611 1211 1731 1308 quilius
1756 1213 1864 1285 adhue
1886 1233 2048 1286 versamur:

708 1327 851 1424 denique
879 1330 911 1400 in
938 1328 1097 1421 effugium
1122 1329 1392 1425 praesidiumque
1418 1328 1583 1401 adversus
1604 1352 1660 1416 ea,
1685 1327 1922 1424 quaepoethae
1937 1351 1956 1398 a
1971 1326 2048 1398 nobis

707 1448 866 1516 committi
898 1455 1053 1541 possent:
1090 1455 1124 1518 et
1156 1449 1190 1517 in
1224 1445 1380 1538 goudium
1416 1456 1516 1540 utque
1550 1445 1790 1518 exultationem
1814 1443 1902 1539 apud
1928 1453 2050 1528 suetos,

707 1564 763 1655 qui
791 1560 868 1632 inde
896 1583 916 1631 a
942 1561 1079 1634 saeculo
1114 1560 1310 1656 placuerunt
1341 1561 1415 1633 tibi:
1447 1564 1524 1655 quio
1556 1571 1646 1634 tuum
1680 1571 1734 1634 est
1766 1581 1924 1652 regumn,
1950 1559 2051 1655 tibique

707 1675 847 1750 debetur
873 1677 946 1748 laus
972 1688 1006 1750 et
1031 1679 1203 1770 unigenito
1228 1677 1315 1750 Filio
1342 1687 1412 1767 tuo,
1437 1699 1504 1748 una
1530 1700 1605 1750 eum
1632 1679 1842 1752 sanctissimo
1861 1686 1916 1748 tuo
1940 1676 2052 1772 Spiritu,

707 1790 811 1882 bono,
839 1792 1024 1882 odorando,
1052 1803 1115 1866 eto.
1272 1793 1436 1888 Populum
1488 1793 1609 1866 Amen.

811 1908 997 1982 Saeerdor.
1050 1912 1125 1983 Pax
1153 1907 1305 1984 omnibus
1332 1908 1444 1984 uobis.

811 2024 973 2119 Populus.
1026 2024 1071 2097 Et
1096 2029 1224 2123 spiritui
1252 2037 1318 2099 tuo.

809 2140 997 2212 Diaconum
1056 2142 1141 2214 Post
1171 2145 1392 2238 sumptionem
1434 2150 1626 2214 sanctorum
1668 2150 1951 2212 sacramentorum
1987 2159 2056 2232 quoe

706 2254 856 2329 exhibita
883 2267 969 2346 sunt,
997 2279 1112 2330 coram
1139 2257 1284 2332 Domino
1311 2243 1528 2332 misericorde
1554 2259 1664 2353 capita
1689 2267 1806 2329 nostra
1832 2255 2025 2328 inclinemus.

809 2372 972 2466 Populus.
1026 2373 1150 2446 Coram
1178 2386 1211 2447 te
1238 2374 1382 2448 Domine
1408 2374 1501 2447 Deus
1527 2384 1653 2448 noster.

809 2489 995 2566 Sacerdos.
1057 2488 1135 2562 Tibi
1171 2489 1246 2564 Deo
1280 2493 1381 2586 oapiti
1421 2494 1579 2563 vivorum
1618 2499 1653 2562 et
1685 2490 1832 2563 Domino
1864 2498 2058 2572 mortuoram,

708 2605 879 2680 offerimus
915 2605 1084 2702 supplices
1118 2629 1240 2701 preces
1272 2616 1424 2695 nostres,
1460 2617 1494 2679 et
1526 2629 1641 2682 eoram
1673 2616 1709 2678 te
1740 2606 1937 2681 inclinemus
1969 2606 2059 2699 capitu

704 2732 830 2810 nosue,
857 2743 921 2796 noa
948 2725 1043 2794 servi
1069 2726 1115 2795 tui
1141 2731 1175 2794 et
1200 2745 1290 2817 grex
1317 2733 1392 2798 tuus
1418 2723 1607 2797 rationalis:
1634 2731 1809 2819 sperantes
1824 2745 1891 2796 nos
1916 2724 2062 2795 mutuum

703 2842 744 2912 iri
771 2864 792 2912 a
819 2850 875 2912 tua
901 2841 1029 2932 gratie,
1064 2840 1098 2910 in
1131 2862 1197 2935 quo
1233 2842 1341 2914 omnia
1368 2839 1506 2914 subsidii
1533 2843 1633 2936 eopia
1660 2849 1712 2912 est
1737 2841 1861 2935 posita.
1913 2837 2061 2926 Benignus

702 2959 805 3048 igitur
830 2965 905 3028 esto
931 2954 1094 3044 Domine,
1127 2965 1163 3027 et
1194 2955 1328 3028 demitte
1361 2978 1461 3053 super
1491 2978 1556 3029 nos
1592 2955 1713 3029 donum
1740 2955 1843 3050 ,quod
1870 2954 1933 3027 aba
1959 2961 1991 3023 te
2013 2958 2062 3035 est,

703 3071 1017 3166 misericordiosque
1044 3081 1119 3143 tuos
1147 3071 1282 3144 divites:
1317 3095 1357 3145 ae
1391 3072 1466 3145 elue
1498 3081 1755 3169 expurgatoque
1786 3093 1855 3143 nos
1891 3070 1977 3143 omui
1999 3087 2062 3139 mu·

703 3187 779 3262 cula
806 3187 1027 3281 sordibusque
1061 3192 1193 3283 peceati
1228 3191 1339 3262 curnis
1372 3198 1406 3260 et
1438 3192 1588 3285 spiritus:
1623 3187 1734 3261 imbue
1759 3210 1825 3262 uos
1851 3184 2064 3260 benedictione

703 3303 919 3396 benignitatis
953 3314 1050 3389 tuae,
1085 3304 1285 3380 confirmans
1321 3327 1385 3378 nos
1424 3315 1517 3378 certa
1551 3328 1613 3401 spe
1647 3309 1909 3400 promissionum
1934 3312 2065 3384 tuorum

678 3434 805 3518 ‘atque
832 3423 864 3490 in
892 3417 980 3491 cultu
1007 3417 1312 3517 observatioueque
1343 3421 1455 3515 legum
1486 3433 1616 3495 tuarum
1648 3420 1858 3510 salutarium,
1896 3418 1986 3491 effice
2013 3435 2064 3485 uos

704 3536 865 3610 sollicitos
893 3547 926 3607 et
952 3547 1168 3610 reverentes:
1194 3540 1339 3613 invictos
1366 3560 1452 3611 vero
1479 3549 1598 3612 contro
1624 3541 1742 3634 copias
1768 3538 1986 3611 adversarias
2010 3529 2064 3600 du·

704 3673 907 3746 mnososque
935 3653 1152 3726 tentationes:
1180 3663 1280 3749 utque
1307 3677 1423 3728 omnes
1451 3657 1638 3750 iniquitates
1664 3658 1795 3752 peccati
1822 3650 1963 3728 anobis
1985 3667 2065 3721 surn-

704 3791 820 3858 move‚
847 3775 882 3837 ut
909 3767 1101 3859 odoremus,
1128 3768 1343 3865 profiteamur
1378 3781 1412 3842 et
1437 3768 1608 3846 laudemus
1635 3781 1669 3844 te
1693 3771 1857 3859 Domine,
1885 3771 2065 3856 Patremque

704 3893 806 3973 tuum,
834 3893 868 3954 et
886 3882 1045 3978 Spiritum
1072 3894 1160 3957 tuum
1188 3890 1444 3967 sanctissimum,
1469 3885 1604 3978 bouum,
1632 3886 1853 3978 adorandum,
1879 3889 1983 3958 vitam
2004 3877 2065 3950 ltr-

703 4004 863 4092 gientem,
890 4008 925 4071 et
951 3997 1010 4071 tibi
1036 4002 1069 4071 in
1097 4002 1282 4075 substantia
1309 4003 1495 4099 aequalem,
1520 4027 1608 4078 nuno
1634 4014 1668 4076 et
1694 4025 1850 4100 semper,
1877 4013 1914 4075 et
1938 4004 1973 4071 iu
1996 4016 2065 4068 sae-

704 4116 864 4190 culorum.
948 4117 1111 4210 Populus.
1152 4120 1273 4193 Amen.
1376 4120 1565 4195 Diooomo.
1596 4121 1744 4196 Benedie
1769 4119 1929 4193 Domine.

809 4230 993 4306 Sacerdos.
1046 4234 1194 4308 Benedio
1221 4235 1373 4309 omnihus
1399 4236 1507 4311 uobis.

1145 4577 1641 4623 ψ--
