4525 6034
442 534 491 608 Ill
510 530 750 611 caradrion
763 530 1108 611 AbllXAlIDRINORUII
1127 529 1323 608 irrorans.
1418 529 1562 605 LXXIX

197 723 300 797 duas
323 724 396 794 sine
416 724 593 797 versione:
620 719 774 795 sednon
800 723 907 795 miuus
934 724 1098 817 antiquos,
1125 722 1180 814 qui
1208 718 1297 791 Illam
1318 732 1561 815 repraesenta-

196 849 278 911 rent
308 836 346 911 ld
371 846 481 911 autem
507 858 586 910 esse
612 835 720 909 debile
745 859 884 932 prorsus
912 849 1140 931 argumentum
1168 835 1211 908 ad
1239 846 1382 911 aetatem
1409 836 1562 911 codicum

195 953 442 1047 designandam,
475 953 550 1027 sola
577 952 784 1049 discipliuae,
820 976 906 1048 qaae
941 953 1006 1027 buc
1039 975 1146 1049 usque
1183 974 1251 1024 uon
1284 957 1365 1026 satIs
1393 954 1560 1049 explicata

194 1070 265 1159 brit,
290 1073 375 1142 ratio
402 1069 615 1145 demonstrat.
654 1068 707 1141 Ea
731 1091 834 1164 porro
874 1070 948 1143 talis
983 1080 1043 1143 est.
1096 1070 1134 1143 lu
1165 1079 1235 1141 tota
1269 1092 1388 1143 sacrae
1420 1074 1560 1144 actionis

194 1190 283 1260 saule
307 1185 477 1261 Sacerdos
505 1188 675 1259 orationes
701 1206 818 1259 omnes
844 1207 912 1258 uon
939 1209 986 1259 cx
1011 1186 1097 1259 libro
1123 1189 1252 1275 recitat,
1280 1184 1341 1258 sed
1368 1191 1560 1260 memoriter

196 1301 282 1374 dicit
334 1302 430 1376 Unde
465 1297 658 1377 Gauonibns
684 1305 789 1375 variis
822 1312 976 1375 statuum
1011 1314 1075 1392 ast,
1106 1312 1143 1374 nt
1168 1324 1266 1405 nemo
1295 1303 1476 1393 ordinetur,
1505 1307 1561 1399 qui

193 1418 374 1511 biturgias,
392 1417 542 1493 Officirrm
567 1418 782 1513 baptismale,
808 1428 842 1490 et
868 1417 1030 1513 quaedam
1055 1418 1121 1491 alia
1135 1421 1324 1491 memoriter
1345 1440 1413 1490 non
1438 1430 1559 1493 teneat
1918 1506 1922 1515 Ι
2027 1484 2030 1493 ,

197 1534 314 1609 Omnia
340 1533 481 1630 Goptice
507 1534 669 1625 dicontur,
695 1534 830 1623 Psabni,
858 1532 1047 1625 Orationes,
1083 1532 1296 1623 TheodoIda3
1321 1532 1400 1605 nihil
1427 1538 1560 1609 omnino
1770 1512 1937 1633 *fissas
1965 1576 1970 1589 ·
2020 1568 2034 1589 a

196 1649 354 1739 Arabica,
380 1662 515 1746 praeter
540 1650 719 1724 Lectiones
746 1673 792 1722 ex
808 1649 969 1747 Epistobs
994 1650 1101 1742 Pauli,
1128 1634 1373 1743 erfSathobco,
1389 1655 1463 1723 sive
1485 1651 1560 1727 Ca·
1829 1674 1837 1681 ·

196 1767 323 1840 balivis
348 1766 522 1863 Epistolis,
549 1778 583 1839 et
607 1764 821 1859 Evangelin:
850 1791 935 1864 quae
956 1767 1137 1841 Lectiones
1164 1789 1231 1839 non
1257 1778 1374 1839 extant
1399 1772 1434 1838 in
1458 1772 1562 1841 Ana-

195 1886 321 1982 pbora,
356 1885 418 1957 sed
448 1889 483 1957 in
514 1885 674 1978 singulari
700 1883 803 1975 libro,
836 1884 922 1957 unde
954 1889 1022 1980 peti
1049 1886 1173 1959 solent:
1200 1887 1267 1956 imo
1295 1888 1327 1955 in
1354 1883 1560 1956 Munasterio

194 2007 298 2077 sancti
317 2000 457 2075 blacerii
483 2001 562 2075 ulbil
587 2024 730 2097 unquam
755 2000 904 2074 Arabico
918 2000 1050 2094 legitur,
1076 2024 1123 2073 ex
1149 2003 1256 2072 veteri
1283 2003 1449 2090 instituto;
1476 2010 1562 2071 teste

193 2117 400 2191 Abalbbcat

295 2235 369 2307 VII.
398 2232 481 2307 Cum
508 2238 608 2327 igitur
633 2232 784 2331 publicus
809 2238 1002 2307 versionum
1025 2233 1155 2307 Illorum
1180 2256 1261 2307 usus
1295 2235 1401 2307 nullus
1429 2237 1584 2338 omnino·
1611 2239 1750 2339 versiones
1766 2237 1885 2313 neviana

196 2355 244 2443 sit
278 2351 373 2425 multi
408 2350 544 2424 codices
571 2355 670 2424 etiam
695 2353 913 2425 recentissimi
939 2354 1130 2424 versionem
1157 2373 1226 2423 nou
1251 2348 1391 2455 babent:
1428 2361 1563 2423 etcum
1577 2326 1671 2379 ¹⁰⁴¹¹⁰¹⁸
1685 2342 1737 2379 ”⁰¹¹
1752 2331 1817 2376 Μ’·

198 2467 365 2541 Sacerdos
392 2490 460 2540 nou
494 2467 643 2561 legeret,
670 2467 732 2541 sed
757 2470 948 2541 memoriter
974 2488 1090 2540 sacras
1118 2469 1289 2540 orationes
1315 2469 1563 2562 pronunciaret,

196 2583 270 2655 uibiI
297 2587 476 2675 intererat,
511 2606 555 2655 au
582 2580 761 2656 codicibus
798 2583 933 2657 adesset
958 2586 1206 2679 interpretatio,
1234 2606 1276 2654 an
1302 2606 1387 2656 vero
1416 2584 1562 2658 deesset

200 2699 292 2772 Unde
319 2700 368 2791 fit,
393 2711 429 2772 ut
454 2701 605 2796 plerique
632 2703 732 2773 etiam
756 2710 893 2772 veteres
921 2711 954 2772 et
981 2702 1125 2796 optimae
1155 2710 1256 2772 notae
1282 2723 1324 2771 ea
1350 2700 1460 2772 forma
1488 2705 1563 2795 sint,

183 2825 239 2906 'ut
263 2818 332 2889 nisi
358 2838 458 2888 manu
484 2826 674 2906 tencantur,
700 2838 781 2889 usus
814 2839 892 2890 esse
922 2816 1042 2889 nullius
1068 2827 1217 2913 possunt
1269 2816 1381 2911 Atque
1411 2816 1495 2890 baec
1522 2818 1564 2891 de

198 2933 410 3006 versionibus
443 2932 599 3009 Arabicis
630 2943 722 3005 certa
754 2943 839 3024 sunt,
867 2956 1006 3029 quoram
1031 2936 1219 3026 ignorantia
1246 2932 1336 3024 lecit,
1363 2945 1399 3006 ut
1425 2958 1446 3006 a
1472 2958 1564 3008 non-

198 3049 292 3121 uulbs
320 3052 376 3143 qui
402 3048 444 3125 de
457 3048 587 3123 Ritibus
614 3049 675 3122 bac
702 3059 817 3122 nostra
838 3060 954 3123 aetate
980 3053 1195 3147 scripserunt,
1222 3053 1346 3146 passim
1373 3051 1565 3124 affirmatum

198 3167 237 3235 sit
258 3163 411 3236 Arabica
436 3165 561 3257 lingua,
589 3176 655 3237 tam
684 3165 770 3261 apud
797 3167 918 3263 Syros,
937 3189 1035 3261 quam
1061 3167 1149 3263 apud
1164 3168 1355 3262 Aegyptios
1381 3166 1577 3261 Litargiarn'

199 3278 371 3351 celebrari.
704 3292 714 3307 ‘

297 3396 385 3469 VIII.
412 3398 528 3493 Itaque
553 3420 629 3471 cum
656 3396 798 3472 dubitari
823 3422 889 3471 non
915 3404 1035 3496 possit,
1062 3402 1139 3496 quia
1166 3380 1314 3474 Arabica
1340 3400 1561 3496 biturgiarum
1600 3418 1638 3470 ne
1660 3417 1822 3486 espencaeum
1841 3416 1887 3467 m-

196 3515 308 3585 versio
340 3514 537 3586 secandarIa
571 3515 750 3610 quaedam,
784 3537 849 3587 non
884 3521 1057 3612 primaeva
1094 3517 1193 3590 edit10
1225 3520 1290 3607 sit3
1333 3522 1442 3590 statim
1476 3520 1563 3592 unde
1577 3506 1719 3604 “¹5⁸¹‘'”m
1737 3504 1886 3603 ’,ΨΜ

195 3630 300 3723 ipsum
328 3627 502 3725 Copticum
529 3631 703 3728 exemplar
735 3631 920 3728 proiectum
953 3632 1042 3705 foret
1075 3633 1321 3729 disquirendum
1355 3638 1563 3713 occurrebat.
1575 3591 1638 3731 :¹:2⁶
1655 3599 1765 3644 “mem
1778 3589 1888 3643 mh&

195 3744 230 3816 ld
253 3745 445 3818 Maronitas
470 3746 705 3839 neglexerrmt,
732 3770 841 3843 neque
868 3752 940 3844 ipse
958 3748 1112 3841 Scaliger
1138 3749 1377 3824 subdubitavit:
1405 3774 1447 3824 eo
1475 3756 1562 3824 enim

197 3859 270 3935 loco
299 3871 379 3934 tuno
404 3874 499 3935 eraut
525 3861 740 3938 Orientalium
766 3864 935 3937 literarum
964 3865 1091 3955 studia,
1124 3877 1160 3939 ut
1186 3870 1241 3962 qui
1274 3867 1316 3939 de
1342 3867 1562 3965 Aegyptiacis

197 3976 301 4051 literis
329 3979 504 4074 quidquam
531 3978 615 4053 alios
644 3979 766 4052 docere
792 3991 920 4077 posset,
946 4003 990 4054 ne
1017 3981 1148 4076 quIdem
1162 3982 1247 4057 ullus
1260 3987 1471 4079 reperiretur.
1491 3982 1562 4057 lias

167 4097 318 4187 primus
354 4094 520 4168 illustrare
551 4118 735 4189 aggressus
767 4108 820 4170 est
845 4097 1049 4171 Athanasius
1082 4098 1275 4189 liircberus,
1311 4100 1399 4172 edita
1435 4101 1562 4173 Gram-

197 4213 314 4282 matico
342 4222 376 4283 et
400 4210 586 4285 Prodromo
612 4213 932 4310 liugnaeCoptiaae,
960 4214 1190 4312 suppeditante
1216 4215 1322 4289 libros
1348 4217 1472 4311 aliquot
1494 4216 1563 4289 Ni-

198 4326 290 4398 oolao
317 4325 474 4400 Fabricio
501 4327 700 4425 Peprescio,
727 4333 782 4425 qui
810 4354 1014 4427 quacumque
1040 4334 1171 4404 ratione
1203 4333 1381 4406 literariam
1407 4332 1563 4430 Rempu·

198 4438 315 4516 blicam
330 4445 465 4535 juvare,
493 4445 647 4539 quamdiu
660 4448 758 4535 vixit,
784 4469 951 4542 nunqnam
970 4450 1151 4521 intermisit.
1172 4449 1242 4522 Sed
1258 4453 1408 4544 quamvis
1421 4450 1563 4523 Romam

200 4554 374 4631 Kircbenrs
401 4581 444 4632 eo
471 4572 672 4654 procurante
698 4574 839 4635 vocatus
856 4563 993 4654 luisset,
1019 4563 1076 4636 ubi
1102 4587 1169 4636 non
1190 4564 1304 4637 deerat
1330 4565 1375 4637 ilb
1403 4565 1564 4640 librorum

206 4672 415 4769 Coptieorum
442 4681 551 4773 copia,
578 4688 612 4751 et
636 4681 728 4775 ipsas
756 4703 840 4775 quac
866 4683 900 4752 in
925 4680 1088 4753 Vaticana
1114 4680 1319 4754 bibbotbeca
1346 4694 1479 4755 exstant
1499 4684 1563 4756 Li-

206 4794 329 4883 turgIas
361 4792 514 4886 vidisset,
548 4793 672 4891 aliquot
699 4798 892 4869 testimoniis
905 4796 1123 4869 Prodromum
1150 4820 1244 4869 suum
1272 4821 1459 4875 exornasse
1474 4823 1564 4873 con-

206 4914 320 4999 tentus,
348 4931 408 4981 eas
441 4933 606 5006 nunquam
634 4914 752 5005 attigit,
788 4924 824 4986 ut
850 4912 938 5010 quod
965 4912 1006 4985 ab
1035 4935 1077 4985 eo
1104 4911 1373 5009 exspectabatur,
1400 4940 1459 4992 eas
1485 4920 1564 4992 Ae-

207 5030 372 5121 gppnacc,
400 5028 545 5122 Graece,
570 5029 730 5123 Arabiae,
756 5041 791 5104 et
816 5030 934 5105 Latine
959 5028 1152 5129 pubbcaret.
