4525 6034
743 580 1068 657 PRAEFATIO.

221 773 318 852 iacile
334 771 418 850 tut:
448 771 532 850 nihil
557 783 674 849 tamen
694 775 730 848 in
750 780 848 849 textu
868 770 1074 848 mutandum
1092 773 1382 872 existimavimus,
1400 774 1592 849 asteriscos

221 909 429 1009 apposuisse
460 908 633 983 conteuti:
663 906 947 1007 sententiamque
972 904 1144 983 similibus
1170 907 1206 981 in
1230 904 1319 982 locis
1348 907 1593 1007 expressimus

105 1048 108 1055 ’
222 1039 415 1119 secundum
447 1042 653 1117 versionem
681 1036 881 1115 Arabicam.

338 1171 497 1275 Copticis
527 1169 746 1275 Graecisque
778 1170 946 1273 Liturgiis
982 1182 1084 1249 notas
1113 1170 1360 1274 adjunximus,
1396 1173 1430 1248 in
1462 1171 1593 1273 quibus
1641 1177 1731 1235 none.

223 1307 436 1409 explicantur
472 1330 514 1382 ea
554 1307 724 1408 quaein
764 1306 1018 1382 commentario
1061 1303 1106 1381 ad
1141 1308 1289 1406 primam
1327 1307 1487 1406 exposita
1520 1330 1593 1383 non

222 1440 375 1541 fuerant,
406 1451 466 1517 out
499 1463 591 1542 quae
619 1438 838 1541 singularem
866 1437 1018 1540 aliquam
1041 1436 1329 1516 observationem
1353 1436 1592 1540 merebantur,

222 1586 255 1651 et
283 1585 452 1676 quantum
479 1573 578 1650 licuit
608 1570 770 1649 brevitati
800 1570 1011 1648 studuimus.
1072 1569 1194 1674 Atque
1232 1570 1322 1649 haec
1356 1582 1458 1672 sunt,
1500 1595 1592 1675 quae

219 1710 325 1810 prima
347 1707 454 1811 hujus
477 1703 706 1784 collectionis
730 1716 830 1807 parte
854 1702 1138 1783 continebuntur.

336 1840 426 1933 Quia
457 1864 549 1917 vero
573 1838 620 1916 de
640 1838 878 1941 liturgiarum
908 1848 1103 1938 vetustate,
1135 1836 1306 1940 dignitate
1337 1847 1373 1915 et
1404 1839 1589 1914 autoritate
1623 1845 1822 1946 Dissensiones
1836 1868 1914 1920 pne-

219 1974 294 2053 talia
325 1972 397 2051 huc
426 1998 543 2076 usque
573 1972 717 2051 suerunt
748 1968 960 2050 Criticorum
998 1946 1150 2074 judicia,
1185 1962 1237 2047 vut
1273 1993 1393 2073 neque
1427 1973 1519 2046 inter
1551 1951 1665 2049 seVlae
1682 1937 1715 1989 ‘¹⁰
1732 1937 1862 2007 Lim·

219 2107 319 2185 lacile
351 2108 531 2185 conciliari
563 2110 720 2209 possint,
751 2130 880 2218 neque
897 2108 963 2183 nisi
995 2104 1104 2208 longa
1134 2128 1254 2182 rerum
1284 2127 1357 2181 non
1390 2102 1592 2207 vulgarium

218 2241 467 2343 observatione
509 2243 694 2339 constitui,
738 2264 830 2343 quae
870 2241 994 2341 sequi,
1037 2261 1129 2340 quae
1174 2236 1363 2338 repudiare
1407 2249 1593 2339 oporteat,

217 2374 348 2452 idcirco
371 2377 434 2452 toti
456 2377 556 2476 operi
575 2373 870 2451 Dissertatiouem
894 2371 1132 2475 adjunximus,
1154 2374 1189 2447 in
1213 2394 1282 2473 qua
1306 2369 1390 2473 quid
1414 2369 1460 2447 de
1481 2375 1592 2451 sacris

216 2509 280 2587 illis
315 2511 554 2587 monumentis
599 2510 751 2584 maxIme
787 2531 914 2583 verum
952 2504 1155 2606 videretur,
1197 2507 1439 2606 exposuimus.
1502 2502 1592 2582 Sin-

215 2643 377 2746 gularem
409 2641 604 2746 adjecimus
639 2641 686 2718 de
716 2638 968 2719 Alexandrinis
1000 2637 1170 2742 Liturgiis
1203 2637 1518 2739 Dissertatiouem,
1556 2641 1591 2716 in

216 2800 283 2879 qua
309 2775 418 2853 multa
450 2786 696 2878 proponentur
728 2774 833 2876 plane
865 2797 980 2874 nova,
1013 2784 1196 2851 ettamen
1232 2772 1276 2849 ad
1310 2769 1592 2850 Eucharisticam

216 2908 433 3011 disciplinam
456 2907 695 2987 illustrandam
716 2932 855 2987 summe
877 2906 985 3008 utilia,
1009 2931 1102 3010 quae
1126 2930 1173 2983 ex
1195 2903 1331 2984 Codice
1360 2903 1479 3008 Regio
1512 2906 1591 2983 solo

216 3046 366 3146 primum
388 3045 532 3146 cognita
555 3054 658 3143 suut,
689 3044 767 3120 sine
798 3066 870 3146 quo
898 3044 960 3118 vix
988 3040 1059 3117 ulla
1083 3049 1219 3117 extaret
1238 3037 1502 3117 Alexandrinae
1525 3037 1591 3114 Li-

216 3180 352 3280 turgiae
374 3179 565 3278 memoria,
597 3174 694 3279 quod
727 3200 805 3252 earn
829 3171 1205 3275 Constantinopolitani
1227 3171 1453 3249 Patriarclrae
1480 3196 1591 3274 pror-

217 3336 276 3389 sus
311 3314 593 3413 suppresserint:
647 3333 692 3387 ex
727 3307 837 3386 lllarci
876 3333 970 3412 quae
1011 3317 1197 3410 supererat
1229 3305 1326 3406 sola,
1369 3308 1457 3382 certi
1493 3302 1592 3405 nihil,

217 3445 443 3548 conjecturae
477 3455 611 3523 tantum
645 3442 728 3520 duci
766 3455 925 3545 possent.
985 3442 1042 3520 De
1083 3440 1304 3519 Adoratione
1345 3423 1591 3517 Eucharistiae

216 3578 321 3657 nrrlta
347 3577 542 3681 probabilia
561 3603 582 3655 a
599 3579 732 3656 nostris
751 3576 953 3655 hominibus
973 3574 1066 3654 dicta
1085 3585 1168 3655 suut
1186 3573 1361 3652 adversus
1377 3571 1592 3651 Protestan·

217 3721 281 3813 tes,
298 3716 360 3815 qui
378 3715 536 3816 ignorari
555 3710 648 3789 illam
665 3709 708 3787 ab
722 3708 971 3811 Orientalibus,
986 3721 1057 3789 tam
1077 3706 1300 3787 conlideuter
1312 3705 1590 3805 affirmaverunt,

216 3857 254 3924 ut
282 3845 414 3924 multos
444 3849 479 3923 in
500 3869 602 3925 suam
625 3845 836 3923 sententiam
857 3846 1045 3944 traxerint,
1078 3867 1123 3921 eo
1156 3840 1312 3940 facilius,
1344 3839 1442 3944 quod
1478 3862 1590 3941 prae·

217 3990 356 4081 ceptum
379 3978 426 4056 de
447 3979 619 4081 religioso
641 3975 887 4056 Eucharistiae
916 3977 1012 4055 cultu
1036 3977 1172 4056 nullum
1204 3980 1240 4054 in
1259 3975 1462 4055 lllissalibus
1492 3973 1590 4052 libris

217 4113 423 4217 apparebat·
478 4108 655 4206 Quantum
684 4137 774 4190 vero
806 4109 926 4190 Critici
953 4111 999 4188 illi
1033 4111 1231 4189 hallucinati
1253 4108 1403 4210 luerint,
1435 4108 1592 4186 demon-

217 4257 299 4326 strat
334 4259 498 4327 accurata
533 4248 836 4325 caeremoniarum
873 4234 1031 4323 omnium
1064 4243 1256 4346 descriptio
1287 4238 1492 4320 aGabriele
1515 4239 1592 4317 Pa-

217 4382 387 4483 triarcha,
420 4405 527 4484 quam
558 4380 784 4459 diversorum
817 4378 1093 4481 exemplarium,
1142 4388 1178 4455 et
1205 4388 1368 4455 automm
1406 4378 1465 4478 qui
1488 4373 1591 4452 Ritus

219 4516 503 4618 explicaverunt,
534 4516 734 4593 testimonia
766 4512 986 4591 confirmant.
1048 4511 1161 4590 llulto
1195 4521 1313 4587 tamen
1341 4512 1506 4611 superior
1537 4515 1593 4584 est

218 4653 383 4728 autoritas
406 4646 532 4726 Graeci
556 4647 707 4748 codicis,
739 4649 798 4750 qui
824 4671 903 4724 earn
925 4648 1116 4748 perspicue
1137 4641 1355 4747 praescribit.

336 4780 638 4861 Commentarium
673 4791 709 4858 et
738 4780 850 4859 Notas
884 4805 931 4857 ex
959 4779 1056 4858 libris
1090 4774 1328 4855 Orientalibus
1364 4772 1590 4878 collegimus,
1639 4806 1721 4860 von,
1740 4805 1807 4861 „nae
1821 4822 1914 4859 mer.

219 4940 332 5021 ueque
351 4929 490 4995 temere
508 4915 619 4994 ullurn
638 4917 824 4993 citavimus
841 4914 953 4993 aliena
964 4913 1049 5013 lide,
1071 4915 1142 4991 imo
1163 4909 1337 5014 quosdam
1353 4907 1591 5012 negleximus,
1604 4900 1671 4962 ΡΜ·

220 5051 312 5154 quod
336 5075 463 5129 eornm
489 5053 656 5128 autoritas
679 5073 751 5127 non
778 5052 862 5129 satis
885 5059 981 5127 certa
1007 5071 1090 5127 esse
1113 5043 1306 5124 videretur.
1370 5040 1475 5121 Tales
1509 5052 1592 5120 sunt

1337 5199 1356 5246 c
1363 5175 1382 5209 ἦ
