4525 6034
363 832 467 890 dicium.

685 546 815 620 LXXX
1166 552 1545 632 DISSERTATIO

389 748 506 803 mimam
523 751 556 806 aa
571 752 673 821 stratu·
789 739 848 810 IX.
896 739 1025 812 Eodem
1059 739 1166 849 ferme
1198 751 1350 838 ternpore
1382 738 1539 817 orandus
1572 743 1777 835 Salmasius,
1811 768 1885 817 cum
1911 745 2052 842 aliquam

687 853 840 926 inlibris
868 855 1190 951 Coptica-Arabicis
1223 879 1361 953 operam
1395 862 1579 953 posuisset,
1610 861 1695 933 vidit
1729 860 1862 956 aliquid,
1895 872 1930 933 et
1960 886 2052 936 non-

686 971 775 1042 nulla
805 975 840 1043 in
873 972 977 1045 literis
1011 973 1054 1045 ad
1080 977 1207 1046 amicos
1235 976 1384 1070 scripsit,
1418 998 1505 1081 quae
1542 980 1626 1049 recti
1661 978 1703 1050 de
1738 1000 1779 1049 ea
1805 976 1917 1069 lingua
1940 980 2054 1071 Jndioii

646 1156 650 1163 .
687 1098 916 1179 argumentum
943 1112 1022 1163 esse
1048 1099 1204 1185 possunt:
1232 1089 1293 1163 sed
1320 1114 1393 1163 cum
1420 1102 1554 1186 praeter
1581 1092 1702 1165 editum
1728 1093 1926 1167 allirobero
1945 1095 2053 1169 Glos-

687 1208 811 1277 sarium
836 1208 898 1278 vix
925 1206 1099 1302 quidquam
1114 1207 1266 1296 vidisset,
1292 1230 1361 1283 non
1378 1231 1440 1281 eos
1460 1231 1663 1305 progressus
1690 1209 1829 1309 iecerat,
1855 1221 1890 1281 nt
1917 1212 1961 1283 ad
1986 1214 2052 1285 Li-

685 1324 811 1413 turgias
837 1323 1101 1418 interpretandas
1131 1334 1249 1418 posset
1275 1323 1448 1397 accedere.
1491 1326 1576 1412 Quia
1602 1337 1713 1398 umen
1738 1326 1893 1419 religioni
1920 1324 2052 1402 Catho-

683 1435 772 1508 lioae
797 1448 992 1534 perpetuum
1024 1443 1079 1511 vir
1109 1439 1188 1511 nihil
1222 1444 1328 1513 minus
1363 1463 1461 1536 quam
1495 1441 1687 1535 Theologus
1718 1440 1840 1514 bellum
1874 1442 2053 1538 indixerat,

685 1552 827 1648 aliquam
854 1556 1033 1645 secundae
1061 1579 1149 1653 quae
1175 1553 1342 1649 Gregorio
1370 1557 1576 1649 adscribitur,
1603 1559 1797 1655 particulam
1815 1560 1920 1633 semel
1934 1566 2052 1657 attigit,

683 1671 718 1740 in
743 1670 894 1766 Epistola
922 1671 963 1743 ad
984 1672 1147 1744 loannem
1158 1671 1344 1762 Dallacum,
1372 1697 1458 1770 quae
1483 1684 1595 1747 tamen
1620 1698 1687 1749 non
1713 1676 1845 1772 prodiit,
1871 1680 1936 1749 nisi
1963 1679 2050 1751 sub-

683 1785 751 1858 lato
785 1790 918 1861 cuivis
946 1787 1122 1861 Salmasio.
1180 1790 1230 1862 Ita
1255 1812 1340 1862 vero
1376 1795 1408 1861 in
1443 1789 1546 1864 tribus
1577 1791 1753 1865 admodum
1777 1793 1908 1866 lineolis
1935 1795 2051 1889 expli-

682 1902 797 1974 candis
831 1913 987 1979 versatus
1019 1916 1090 1995 est,
1124 1915 1161 1977 ut
1192 1904 1332 2001 ubique,
1371 1904 1450 1979 alibi
1485 1912 1583 1980 etiarn
1617 1931 1691 1980 cum
1723 1910 1818 1981 locus
1844 1932 1912 1981 non
1947 1923 2051 2003 esset,

681 2015 941 2120 αἰγυπτιάζων,
980 2044 1023 2093 ne
1057 2020 1198 2095 verbum
1233 2023 1364 2118 quidem
1398 2025 1488 2095 circa
1531 2035 1656 2096 textam
1690 2024 1863 2122 Copticum
1899 2026 2049 2118 ejusdem

681 2140 843 2210 orationis
870 2137 1003 2227 lecerit3
1038 2138 1098 2210 sed
1125 2138 1294 2213 Arabicae
1327 2143 1475 2213 versioni
1502 2139 1708 2230 adhaerens,
1744 2165 1818 2214 eam
1844 2145 1989 2238 pessime
2016 2151 2051 2212 et

682 2252 906 2327 infidelissime
940 2253 1129 2346 reddiderit,
1163 2256 1251 2327 unde
1277 2259 1359 2329 satis
1386 2255 1463 2351 quid
1489 2260 1523 2329 iu
1548 2266 1618 2329 toto
1646 2280 1750 2354 opere
1776 2268 1950 2353 praestare
1976 2280 2047 2353 po-

681 2373 816 2458 tuisset,
850 2370 988 2462 intelligi
1021 2380 1141 2466 potest.
1194 2372 1360 2448 Nonnulla
1386 2364 1441 2446 vir
1467 2372 1585 2447 doctus
1618 2376 1652 2445 in
1686 2377 1774 2447 notis
1805 2373 1848 2446 ad
1881 2373 2049 2446 Gabrielis

680 2483 974 2581 Philadelphiensis
1010 2510 1116 2583 opera
1153 2512 1199 2567 ex
1224 2489 1288 2561 iltis
1314 2488 1471 2583 Liturgiis
1497 2490 1656 2581 laudavit,
1691 2490 1751 2563 sed
1778 2513 1824 2562 ex
1850 2492 1923 2564 sola
1948 2491 2048 2562 Ara-

612 2594 615 2601 ‘
680 2599 757 2673 bica
783 2607 949 2675 versione.
985 2604 1035 2676 lta
1066 2607 1167 2696 igitur
1202 2604 1330 2677 illarum
1355 2609 1481 2700 versio,
1515 2619 1548 2679 et
1575 2629 1660 2703 quae
1688 2606 1729 2678 de
1756 2606 1883 2678 illarum
1909 2606 2049 2679 historia

682 2728 717 2790 ct
742 2722 932 2814 antiquitate
959 2720 1022 2791 dici
1049 2721 1183 2813 debent,
1210 2743 1300 2794 nova
1326 2745 1465 2819 prorsus
1487 2734 1562 2796 sunt
1588 2733 1622 2796 et
1638 2721 1769 2796 Criticis
1795 2727 1927 2813 intacta,
1955 2746 2049 2819 qno-

681 2855 753 2904 rum
778 2831 985 2908 feracissima
1012 2847 1134 2927 tamen,
1162 2840 1191 2910 si
1218 2832 1304 2933 quae
1330 2862 1485 2935 unquam,
1511 2850 1626 2914 nostra
1651 2838 1736 2912 haec
1763 2849 1856 2912 aetas
1881 2840 1951 2911 fuit.

391 2924 559 3049 semgarrna
575 2983 666 3036 qm
783 2952 825 3023 X.
860 2952 1027 3048 Josephus
1061 2953 1191 3050 quidem
1219 2954 1373 3046 Scaliger
1399 2968 1457 3029 ex'
1472 2958 1566 3049 cujus
1592 2954 1797 3029 Bibliotheca
1823 2960 1962 3053 primum
1987 2957 2048 3030 lu-

354 3067 482 3118 ⁸⁰¹¹i⁰¹¹¹⁵³
507 3070 665 3137 tstitturer
679 3089 753 3138 cem
779 3067 945 3158 viderunt,
972 3073 1216 3166 antiquissimas
1242 3070 1315 3143 illas
1342 3093 1421 3145 esse
1446 3084 1538 3145 recte
1561 3073 1732 3165 judicarit,
1760 3073 1821 3146 sed
1852 3077 1898 3145 ita
1924 3084 1970 3163 ut,
1998 3097 2046 3145 ex

355 3164 413 3202 esse
428 3149 540 3210 Graecis.

354 3305 405 3377 ep.
421 3307 481 3360 ιιι.

679 3185 752 3274 ejus
779 3190 955 3277 sententia,
982 3184 1432 3262 Graecarumhodiemarum
1448 3192 1671 3285 antiquitatem
1698 3198 1902 3285 superarent.
1933 3188 2049 3261 Verba

679 3302 751 3391 ejus
787 3312 863 3373 sunt
897 3302 939 3373 ad
973 3303 1122 3375 Marcum
1156 3303 1344 3380 Vclserum.
1396 3306 1472 3401 Epo
1503 3308 1549 3376 aii
1591 3306 1746 3397 Venere,
1781 3307 1891 3377 audeo
1928 3306 2049 3376 dicere

679 3415 778 3511 inope
804 3423 996 3514 iuteqrioro
1023 3427 1058 3490 et
1081 3425 1271 3492 vetustiora
1296 3422 1357 3492 ttto
1373 3422 1532 3494 Arabico
1549 3445 1632 3512 eoae,
1660 3446 1758 3517 quom
1775 3429 1852 3495 ruat
1868 3445 1912 3493 eo
1928 3422 2050 3515 quidue

681 3532 808 3604 Graeci
834 3534 936 3606 bodie
961 3543 1116 3608 utuntur:
1152 3538 1242 3631 quod
1264 3538 1438 3630 probandi
1462 3542 1493 3610 ei
1517 3539 1599 3609 mtto·
1632 3543 1818 3611 ueceaaitaa
1843 3543 2047 3631 importatur,

680 3655 716 3718 et
739 3648 883 3721 libenter
907 3657 1039 3744 secero,
1067 3658 1102 3723 et
1125 3676 1208 3725 cero
1235 3657 1363 3726 cicero.
1397 3653 1523 3727 Verum
1550 3655 1626 3750 qnid
1653 3678 1699 3727 ex
1725 3654 1781 3726 illa
1796 3658 2048 3750 comparatione

679 3765 817 3858 intelligi
850 3765 954 3839 vellet
988 3767 1154 3862 Scaliger,
1188 3769 1275 3843 haud
1302 3770 1401 3842 facile
1434 3774 1640 3867 perspicitur.
1685 3770 1772 3844 Nam
1806 3770 1951 3843 Arabica
1989 3770 2047 3842 illa

679 3880 829 3954 Arabum
863 3886 897 3954 in
930 3883 1092 3982 Aegypto
1125 3886 1348 3960 dominatione
1383 3890 1566 3982 antiquiora
1605 3910 1671 3960 uon
1704 3910 1800 3978 esse,
1835 3890 1902 3959 imo
1935 3887 2045 3959 mulbs

681 4001 775 4069 annis
800 4002 1008 4093 recentiora,
1047 4001 1196 4074 dubitare
1231 4026 1298 4076 non
1329 4013 1449 4099 potest.
1487 4003 1618 4100 Quippe
1644 4007 1876 4100 Aegyptiacae
1909 4002 2044 4095 linguae

539 4167 548 4188 ,
678 4134 773 4184 usum
801 4119 892 4211 prius
918 4118 1125 4191 intercidisse
1160 4142 1303 4193 necesse
1337 4130 1420 4212 erat,
1455 4143 1553 4215 quam
1578 4120 1747 4194 Arabicae
1773 4123 1924 4191 versioni
1949 4119 2043 4194 locus

679 4251 757 4303 esse
783 4242 908 4327 posset.
961 4234 1077 4330 ltaque
1112 4236 1168 4307 illa
1194 4240 1361 4309 recentior
1394 4237 1498 4310 tribus
1525 4241 1656 4308 circiter
1683 4236 1844 4309 aetatibus
1871 4258 1949 4309 esse
1975 4240 2042 4310 de-

677 4344 758 4438 buit,
786 4373 882 4445 quam
912 4350 1086 4448 Copticum
1113 4354 1297 4449 exemplar,
1325 4377 1371 4425 ex
1397 4376 1463 4448 quo
1489 4357 1674 4433 certissime
1694 4352 1835 4424 iorrnata
1862 4363 1929 4425 est:
1956 4357 2044 4429 istud

677 4486 762 4536 vero
787 4466 829 4538 de
854 4459 993 4540 Graecis
1017 4490 1216 4563 expressum
1235 4469 1339 4543 inisse
1356 4481 1481 4542 certum
1497 4482 1560 4561 est,
1573 4492 1641 4543 nou
1667 4473 1782 4543 minus.
1816 4470 1863 4541 At
1884 4467 2045 4543 hodierna

678 4580 823 4671 Graeca,
847 4582 964 4678 quibus
978 4581 1100 4656 Graeci
1117 4596 1261 4676 utuntur,
1279 4586 1396 4658 eadem
1416 4590 1548 4658 omnino
1566 4608 1643 4660 esse
1664 4609 1749 4681 quae
1765 4585 2044 4681 usurpabantura

678 4702 792 4794 primis
804 4698 981 4773 Ecclesiae
998 4701 1154 4792 saeculiS,
1168 4711 1234 4775 tam
1252 4702 1351 4777 facile
1368 4702 1622 4793 demonstratur,
1642 4712 1678 4774 ut
1699 4705 1822 4798 opponi
1836 4700 1914 4772 nibil
1931 4711 2042 4794 queat.

677 4815 796 4911 Neque
815 4816 849 4887 id
866 4819 987 4912 opinor
1000 4818 1156 4911 Scaliger
1176 4820 1292 4892 voluit.
1315 4819 1441 4891 Vemm
1454 4842 1528 4891 cum
1549 4818 1666 4891 inillis
1686 4842 1773 4914 quae
1790 4821 1880 4913 typis
1893 4838 2044 4888 excusae

678 4943 754 5004 sunt
768 4932 937 5025 liturgiis,
952 4939 1151 5031 praesertim
1164 4935 1281 5009 Basilii
1295 4947 1328 5008 et
1346 4935 1591 5031 chrysostomi,
1605 4936 1723 5031 quibus
1740 4935 1821 5009 solis
1837 4933 1956 5005 dudum
1965 4931 2042 5004 Ec-

678 5047 781 5122 clesia
809 5048 939 5122 Graeca
965 5054 1012 5123 uti
1039 5052 1149 5146 solet,
1176 5053 1330 5146 adjuncta
1355 5051 1457 5125 multa
1484 5056 1565 5146 sint,
1597 5056 1672 5126 sive
1697 5054 1731 5124 in
1756 5054 1830 5147 ipsa
1857 5054 2043 5123 orationum
