4525 6034
683 594 759 667 212
1261 588 1493 664 NOTAE

393 778 458 832 ntor.
477 780 507 832 de
523 776 668 830 secabat
684 751 943 855 Constantinopoli
966 774 1003 835 de
1026 773 1085 837 tide
1108 773 1297 836 collationem
1320 790 1387 834 curn
1412 771 1595 837 Orthodoxis
1618 771 1801 850 babuerunt,
1831 772 1945 834 illorum
1965 774 2042 853 primi

357 863 388 916 P·
406 867 433 921 2.
456 883 479 918 0·
503 867 527 916 ¹·
553 863 670 930 Mmt-
683 876 860 938 testimoniis
891 875 937 935 usi
967 880 1054 952 sunt,
1086 872 1166 954 quod
1195 890 1212 933 a
1239 873 1312 933 viris
1343 872 1523 935 doctissimis
1555 872 1665 934 dudum
1695 871 1749 933 luit
1776 872 1975 934 observatum.
2014 873 2043 934 ln

358 949 396 1002 Dc
414 952 508 1003 daciam
526 950 626 1016 Dionys.

683 975 775 1036 variis
799 972 999 1035 collectaneis
1022 972 1238 1034 sententiarum
1262 989 1302 1031 ex
1324 972 1452 1051 antiquis
1476 971 1629 1048 Patribus,
1659 970 1697 1033 ad
1726 971 1875 1051 opinionis
1903 989 1973 1033 suae
1993 971 2044 1035 de-

597 1110 601 1116 ·
682 1073 862 1149 sensionem,
887 1077 990 1133 extant
1004 1070 1168 1133 nonnullae
1188 1089 1229 1131 ex
1251 1070 1399 1150 ejusmodi
1414 1069 1511 1132 libris:
1535 1078 1565 1132 ct
1587 1089 1623 1132 ea
1646 1072 1773 1147 ratione,
1797 1070 1956 1150 Dionysius
1976 1072 2055 1153 inter

682 1171 840 1234 Ecclesiae
862 1169 1011 1233 Doctores
1034 1171 1064 1231 in
1087 1168 1244 1250 biptychis
1267 1166 1444 1249 frequenter
1466 1163 1650 1234 numeratur.
1692 1169 1795 1249 Atque
1826 1169 1879 1231 illa
1906 1169 2044 1231 verisim-

682 1270 719 1332 lis
743 1287 834 1332 causa
857 1277 914 1348 est,
938 1286 993 1330 cur
1015 1270 1080 1349 ejus
1104 1266 1404 1348 nomineLiturgiem
1426 1268 1611 1350 singularem
1634 1268 1870 1348 composuerint,
1893 1286 1953 1330 non
1974 1268 2044 1349 quud

683 1369 775 1432 multa
804 1367 841 1429 ad
871 1385 978 1429 sacros
1000 1368 1075 1429 ritus
1098 1369 1265 1447 spectantia
1287 1366 1443 1429 hauserint
1464 1386 1505 1429 ex
1526 1366 1611 1429 libris
1634 1367 1672 1429 de
1694 1365 1910 1429 Ecclesiastico
1931 1366 2045 1428 llierar-

683 1467 767 1542 chia;
790 1485 857 1527 nam
881 1475 1023 1547 quantum
1046 1465 1083 1527 ad
1106 1465 1292 1546 disciplinam
1308 1465 1545 1528 Eucharisticam
1562 1473 1689 1547 spectat,
1713 1467 1766 1527 vix
1787 1483 1918 1546 unquam
1939 1465 2044 1527 itlomn

683 1566 890 1628 meminerunt.
935 1564 1048 1626 Eodem
1063 1566 1184 1626 nomine
1207 1566 1287 1626 edita
1310 1572 1358 1626 est
1381 1566 1410 1624 in
1429 1564 1543 1627 blissali
1560 1555 1879 1645 ChaldaicoLiturgia,
1902 1564 1956 1626 sed
1977 1581 2044 1644 quae

683 1672 807 1746 praeter
829 1664 944 1726 titulum
968 1682 1035 1725 cum
1058 1665 1115 1725 ista
1138 1682 1295 1726 commune
1318 1663 1390 1724 nihil
1412 1663 1514 1741 habet,
1538 1683 1604 1725 curn
1628 1665 1658 1726 in
1677 1663 1792 1726 blissali
1814 1663 1960 1724 tribuatur
1978 1663 2043 1724 Dio-

682 1761 771 1841 nysio
793 1761 938 1825 Barsalibi
961 1763 1115 1844 Episcopo
1138 1762 1286 1824 Amideno
1309 1762 1465 1824 Jacobitae
1489 1763 1705 1840 larnnsissimo,
1734 1763 1773 1825 de
1801 1781 1862 1843 quo
1890 1762 2045 1825 diceturin

684 1860 948 1924 observationibus
972 1862 1008 1923 ad
1032 1862 1168 1924 eamdem
1190 1861 1366 1942 liturgiam,
1392 1868 1423 1922 et
1444 1864 1557 1941 passim
1578 1861 1649 1924 alibi
1671 1864 1781 1924 dictum
1804 1869 1868 1938 cst,
1892 1879 1957 1924 curn
1976 1861 2044 1922 illius

683 1959 861 2023 testimoniis
890 1963 920 2022 in
948 1969 1012 2025 toto
1035 1962 1094 2023 hoc
1117 1979 1213 2043 opere
1236 1961 1413 2041 saepissime
1434 1968 1563 2024 utamur.
1605 1962 1714 2041 Neque
1736 1961 1814 2023 ullus
1837 1967 1886 2022 est
1909 1961 2045 2043 ambigui-

682 2056 737 2118 tati
759 2056 861 2135 locus,
889 2068 940 2123 aut
969 2060 1135 2141 suspicioni
1158 2060 1197 2121 de
1226 2061 1341 2122 meuria
1369 2059 1573 2123 librariorum:
1604 2080 1672 2123 cum
1702 2062 1731 2122 in
1760 2060 1867 2123 iisdem
1898 2058 2043 2123 Codicibua

684 2161 811 2237 utraque
834 2157 971 2241 Liturgia
992 2177 1087 2240 saepe
1109 2160 1291 2240 reperiatur.
1337 2160 1369 2221 ln
1400 2160 1457 2221 ista
1484 2177 1559 2222 vero
1590 2178 1685 2241 pauca
1713 2168 1879 2222 occurrunt
1902 2177 1977 2239 quae
1996 2155 2045 2217 ali-

684 2271 771 2334 quam
795 2256 1027 2337 explicationem
1049 2258 1235 2320 desiderent.

1015 2569 1049 2640 2.
1094 2568 1233 2640 Oredite
1260 2568 1352 2663 qaod
1377 2589 1503 2661 corpus
1528 2589 1635 2637 mcum
1661 2574 1721 2637 eat.

792 2774 869 2862 Issa
890 2804 953 2849 vox
975 2786 1191 2850 additaverbis
1209 2787 1320 2851 Christi
1342 2787 1454 2849 tamin
1476 2784 1574 2848 sonna
1596 2788 1696 2868 panis,
1719 2806 1808 2868 quam
1831 2788 1863 2850 in
1887 2788 1978 2849 altera
1998 2805 2044 2849 ca-

683 2887 750 2951 licis
773 2890 990 2967 consecrandi,
1021 2890 1135 2954 nullum
1163 2893 1195 2953 in
1224 2890 1350 2952 vetustis
1381 2890 1505 2951 Graecis
1527 2890 1672 2973 Liturgiis
1700 2890 1872 2972 exemplum
1897 2891 1998 2969 habet,
2011 2895 2044 2952 'ut

684 3005 785 3069 neque
809 2989 840 3049 in
862 2988 1086 3066 Alexandrinis,
1109 2989 1166 3052 sed
1189 2996 1300 3051 tantum
1322 2990 1352 3051 in
1373 3006 1432 3051 una
1455 2997 1506 3051 aut
1528 2989 1624 3052 altera
1647 2988 1792 3071 Syriacis.

752 3296 788 3368 3.
835 3295 900 3381 Oui
927 3301 1025 3368 tincti
1050 3304 1127 3369 aunt
1152 3302 1317 3390 sanquine
1345 3305 1413 3387 luo,
1441 3307 1476 3370 et
1500 3305 1628 3396 siponti
1653 3302 1892 3382 Sacramenlia
1918 3305 1989 3373 loia.

785 3519 859 3598 Ona
881 3531 1011 3594 fidelium
1034 3552 1091 3613 per
1112 3533 1319 3596 Eucharistiae
1341 3539 1566 3617 susceptionem
1590 3539 1664 3621 tingi
1694 3540 1842 3619 sanguine
1866 3539 1992 3617 Christi,
2018 3546 2045 3599 nt

684 3640 789 3713 postes
813 3634 967 3697 domorum
990 3635 1147 3699 israelitici
1169 3638 1273 3719 populi
1294 3640 1325 3699 in
1338 3639 1481 3722 Aegypto
1507 3641 1616 3703 tinctos
1638 3644 1786 3724 sanguine
1809 3645 1882 3725 agni
1895 3640 2044 3718 Paschalis,

638 3769 644 3790 .
684 3733 849 3794 communis
880 3743 927 3796 est
957 3734 1152 3798 Orientalium
1182 3736 1333 3816 doctrina,
1365 3757 1452 3819 quam
1481 3740 1548 3802 luse
1573 3740 1704 3820 explicat
1728 3740 1862 3803 Severus
1886 3741 2044 3822 Episcopus

683 3829 879 3918 Aschmonin,
903 3834 933 3894 in
956 3849 1051 3914 opere
1073 3835 1111 3896 de
1133 3835 1224 3918 Agna
1247 3836 1383 3899 Paschali
1407 3837 1646 3911 etEucbaristia.
1675 3839 1756 3902 ldem
1778 3839 1892 3923 legitur
1914 3842 1944 3902 in
1966 3841 2044 3902 uariis

643 3960 647 3966 -
684 3931 884 4008 orationibus,
913 3934 1091 4011 praesertim
1114 3934 1173 3996 illis
1206 3954 1283 4014 quae
1301 3937 1439 3999 dicuntur
1458 3947 1529 4018 post
1548 3940 1803 4016 communionem,
1832 3940 1870 4001 ad
1894 3940 2045 4020 gratiarum

684 4030 841 4092 actionem.
875 4030 992 4112 signati
1005 4030 1206 4095 Sacramentis
1221 4033 1361 4095 dicuntur
1381 4036 1541 4098 Christiani
1563 4055 1620 4118 per
1640 4036 1839 4118 Baptismum,
1871 4057 1929 4118 per
1949 4038 2043 4117 hirson

683 4144 741 4189 seu
763 4126 938 4190 Chrismatis
960 4131 1199 4210 impressionem,
1223 4142 1253 4194 et
1275 4152 1331 4214 per
1343 4133 1569 4200 Eucharistiam.
1603 4135 1647 4198 Ea
1669 4136 1823 4239 locutione
1845 4137 1919 4198 nihil
1940 4138 1969 4198 in
1990 4135 2044 4195 istis

630 4307 636 4321 Χ
686 4223 797 4287 Ollleiis
820 4225 1017 4308 frequentius.

918 4539 953 4607 l.
1004 4538 1048 4609 ut
1070 4562 1137 4631 per
1163 4539 1319 4632 illapsum
1346 4548 1380 4612 et
1407 4542 1696 4614 obumbrationem
1721 4566 1826 4614 suum.

783 4744 836 4822 Du
859 4756 984 4818 vocibus
1009 4776 1086 4836 quae
1109 4760 1139 4820 in
1162 4758 1218 4821 hac
1248 4762 1384 4823 oratione
1414 4771 1598 4844 usurpantur
1627 4762 1664 4824 ab
1693 4762 1915 4842 Orientalibus,
1946 4764 2043 4824 dictura

684 4868 732 4922 est
760 4858 855 4922 fusius
884 4860 915 4920 in
942 4860 1022 4921 notis
1045 4860 1082 4921 ad
1110 4861 1190 4923 hunc
1212 4862 1311 4924 locum
1332 4864 1487 4947 Litargiae
1509 4866 1612 4929 Basilii
1634 4866 1788 4946 Copticae.
1830 4855 2044 4950 'Enrqaolcqau

684 4975 744 5039 qua
766 4976 843 5021 voce
867 4957 976 5021 Gracci
998 4961 1183 5040 potissimum
1205 4963 1247 5023 uti
1268 4962 1378 5042 solent,
1401 4967 1573 5046 exprimunt
1585 4965 1655 5047 Syri
1665 4985 1721 5046 per
1734 4986 1800 5028 eam
1816 4983 1904 5046 quarn
1918 4966 2044 5044 illapsum

683 5059 844 5122 vertimus:
868 5076 927 5140 qua
951 5060 1040 5122 etiam
1061 5067 1195 5143 utuntur,
1218 5059 1287 5124 dum
1309 5063 1475 5128 mirabilem
1492 5065 1653 5129 adventum
1675 5063 1804 5146 Spiritus
1826 5066 1923 5128 sancti
1944 5078 2044 5144 super-
