4525 6034
561 624 601 700 ht
627 624 834 702 llTURGhlll
859 623 1037 702 DIOSCORI
1062 623 1242 704 EPISCDPI.
1513 631 1589 705 dot

215 811 351 890 sostomi,
373 829 413 873 ex
428 828 487 892 qua
506 810 671 873 verisimile
688 816 735 871 est
757 810 936 892 migravisse
958 812 988 872 in
1011 811 1163 891 Syriacam
1185 811 1326 875 Nestoris
1349 812 1498 893 tributam,
1522 835 1589 878 cum

216 911 241 973 is
265 910 613 993 Constantinopolitanae
628 908 786 972 Ecclesiae
808 909 1004 990 disciplinam,
1028 918 1061 972 ut
1082 910 1162 973 illius
1184 910 1268 973 urbis
1292 912 1441 992 quondam
1456 914 1589 996 Episco-

216 1027 284 1090 pus,
308 1008 345 1069 ad
367 1027 441 1072 suae
464 1018 566 1073 sectae
588 1010 723 1072 homines
745 1008 833 1071 facile
856 1006 1023 1072 transferre
1045 1012 1186 1090 potuerit.
1214 1011 1355 1074 Dioscuri
1377 1011 1478 1093 igitur,
1501 1014 1587 1077 istius

216 1109 303 1172 cilicii
326 1111 438 1172 autoris
461 1111 631 1173 testimonio
661 1115 793 1185 constat,
821 1107 900 1194 dona
929 1112 1088 1190 proposita
1117 1109 1182 1172 lieri
1213 1128 1324 1192 corpus
1352 1120 1383 1174 et
1411 1114 1589 1195 sanguinem

218 1207 339 1285 Christi,
364 1229 424 1275 non
447 1230 503 1291 per
517 1210 604 1272 iidem
620 1208 856 1288 suscipientium,
879 1209 934 1270 sed
957 1226 1013 1289 per
1036 1211 1324 1289 transmutationem,
1348 1229 1436 1292 quam
1458 1229 1528 1282 esse
1544 1213 1590 1274 rei

216 1310 247 1371 in
269 1330 343 1392 rem,
369 1320 400 1376 et
423 1311 608 1374 substantiae
629 1310 659 1370 in
682 1308 877 1371 substantiam
900 1309 1063 1390 perspicue
1087 1308 1198 1371 docent
1212 1309 1415 1373 Jacobitarum
1429 1310 1588 1395 Theologi.

217 1408 303 1482 Quae
324 1419 493 1494 sequuntur
515 1409 620 1473 eadem
642 1426 741 1490 prope
761 1405 856 1469 verba
879 1414 949 1469 sunt
971 1408 1079 1488 quibus
1095 1407 1245 1489 Coptitac,
1270 1408 1354 1490 Syris
1377 1412 1407 1471 in
1430 1408 1489 1473 lide
1512 1428 1590 1472 con-

163 1577 165 1580 ,
212 1511 403 1591 junctissimi,
428 1512 470 1574 uti
493 1510 592 1573 solent
615 1509 644 1569 in
667 1508 776 1569 eximia
797 1505 848 1568 illa
870 1507 939 1570 hdei
957 1506 1170 1587 Confessione,
1194 1526 1283 1589 quam
1305 1510 1499 1590 pronuntiant
1521 1518 1590 1574 ante

218 1609 480 1675 Sacramentorum
503 1608 749 1672 distributionem.

354 1946 389 2014 l.
430 1942 506 2013 Hoc
533 1946 585 2012 est
611 1960 737 2031 corpas
763 1944 798 2008 ct
823 1941 962 2032 sanquis
989 1935 1116 2008 Christi
1142 1936 1213 2007 Dei
1238 1944 1359 2028 nostri,
1387 1947 1451 2012 etc.

333 2137 368 2215 lu
391 2147 525 2228 Liturgia
550 2144 672 2226 Syriaca
695 2141 801 2205 Jacobi
829 2149 859 2203 et
882 2143 912 2204 in
935 2141 1001 2203 aliis
1024 2158 1121 2222 prope
1144 2141 1300 2220 omnihus,
1332 2151 1401 2225 post
1424 2147 1590 2208 orationem

216 2253 465 2335 praecedentem,
497 2266 574 2330 quae
604 2249 761 2309 veritatem
793 2246 931 2326 corporis
962 2252 992 2307 et
1015 2244 1171 2328 sanguinis
1196 2245 1307 2311 Christi
1342 2255 1401 2309 tam
1433 2250 1590 2312 enucleate

217 2354 357 2430 inculcat,
381 2349 512 2429 Populus
535 2346 665 2428 subjicit.
688 2345 800 2407 Amce:
824 2363 882 2426 qua
905 2345 971 2408 sola
993 2363 1071 2406 voce
1093 2346 1265 2407 continetur
1288 2348 1468 2430 approbatio
1486 2367 1590 2412 eorum

218 2471 294 2534 quae
318 2470 389 2513 mox
412 2469 429 2511 a
452 2447 619 2512 Sacerdote
641 2447 831 2527 pronuntiata
855 2451 938 2523 sunt,
963 2452 993 2506 et
1016 2463 1094 2524 quae
1118 2445 1148 2505 in
1171 2447 1269 2508 veteri
1291 2443 1431 2509 Ecclesia
1453 2447 1590 2511 subicere

214 2552 421 2635 judicabatur,
451 2566 518 2611 cum
549 2544 718 2623 Sacerdos,
748 2543 796 2606 vel
826 2544 978 2606 Diaconos
1003 2543 1134 2622 diceret,
1167 2543 1286 2625 Corpus
1308 2543 1432 2612 Christi.
1477 2546 1510 2609 ln
1533 2548 1591 2610 ista

217 2668 292 2714 vero
315 2648 477 2731 singularis
500 2653 548 2709 est
569 2643 727 2727 prolixior,
750 2643 902 2716 confessio
925 2645 1005 2706 circa
1022 2642 1095 2706 illud
1118 2647 1303 2726 mysterium,
1328 2647 1450 2725 quaein
1468 2646 1591 2710 Eucha-

217 2753 303 2814 ristia
325 2750 476 2814 Christum
498 2752 689 2828 praesentem
713 2746 838 2826 agnosci
861 2752 1006 2822 testatur,
1030 2761 1091 2806 non
1115 2744 1205 2807 modo
1229 2752 1261 2807 ut
1283 2745 1449 2822 homiuem,
1479 2746 1534 2810 sed
1558 2755 1591 2809 ut

216 2850 329 2914 Deum:
354 2858 384 2912 et
405 2849 435 2911 id
449 2846 595 2909 Jacohitis
618 2844 775 2920 familiare,
796 2851 829 2928 ut
851 2863 891 2906 ex
914 2844 1005 2905 variis
1028 2844 1206 2906 testimoniis
1230 2862 1308 2926 quae
1332 2844 1402 2907 alibi
1424 2847 1590 2923 retulimus,

217 2950 406 3012 manifestum
429 2955 484 3010 est.
531 2944 616 3018 Quae
639 2962 712 3006 vero
735 2944 820 3005 istius
844 2941 1044 3006 confessionis
1067 2963 1158 3006 causa
1187 2945 1295 3024 luerit,
1327 2947 1383 3008 etsi
1416 2945 1472 3009 alia
1503 2966 1590 3027 quarn

218 3047 370 3131 plenitudo
393 3047 463 3110 lidei
486 3045 524 3107 de
546 3043 751 3121 Eucharistia,
781 3044 886 3123 quaeri
909 3060 970 3105 non
992 3061 1084 3122 posse
1108 3044 1263 3124 videatur,
1293 3052 1461 3108 esttamen
1484 3047 1589 3126 altera,

217 3148 277 3210 nisi
298 3147 428 3209 fallimur
450 3145 578 3212 maxime
600 3142 782 3207 verisimilis.
806 3142 952 3224 Dionysio
966 3141 1133 3205 Barsalibio
1158 3152 1235 3207 teste
1259 3144 1590 3225 dicebantNastoriani,

217 3267 278 3309 non
300 3246 415 3325 nucipi
435 3246 467 3306 in
488 3243 685 3305 Eucharistia
707 3262 818 3322 eorpus
846 3241 934 3303 Verbi
953 3241 1027 3316 Dei,
1057 3243 1113 3303 sed
1139 3244 1269 3305 bominis
1297 3252 1327 3306 et
1354 3244 1483 3309 Mariae.
1528 3246 1592 3309 Nos

219 3353 335 3423 autem,
365 3344 477 3425 inquit,
507 3344 651 3418 dicimus,
682 3361 748 3404 esse
775 3341 864 3403 Verbi
883 3341 953 3417 Dei,
975 3350 1009 3403 nt
1030 3349 1159 3404 testatur
1180 3342 1294 3404 Paulus
1315 3344 1364 3405 his
1392 3345 1512 3422 ambis,
1541 3346 1592 3427 qni

218 3444 376 3507 manducat
399 3461 509 3523 corpus
535 3442 663 3519 Domini,
691 3450 721 3504 et
751 3440 824 3503 bibit
847 3443 911 3522 ejus
934 3442 1127 3524 sanguinem:
1163 3450 1193 3504 et
1219 3461 1308 3518 mos,
1336 3461 1396 3505 non
1425 3444 1591 3527 dijudicans

220 3564 332 3626 corpus
355 3543 481 3606 Domini.
524 3542 606 3604 Ecce
629 3560 740 3622 corpus
761 3547 792 3602 et
812 3542 987 3621 sanquinem
1009 3540 1134 3603 Domini
1154 3549 1245 3603 vocnt
1265 3543 1348 3619 illud,
1369 3565 1430 3606 non
1452 3546 1590 3608 hominis.

218 3645 324 3726 Itaque
345 3661 457 3723 cmpos
478 3649 508 3702 et
528 3643 703 3721 sanquinem
730 3640 818 3702 Verbi
838 3639 898 3700 Dei
918 3641 1112 3719 sumptarus,
1137 3640 1218 3720 quod
1241 3640 1336 3704 fusius
1359 3641 1468 3706 deinde
1491 3660 1592 3725 expo-

220 3745 278 3822 nit,
307 3749 337 3805 et
366 3743 424 3805 illis
451 3740 554 3804 verbis
584 3759 661 3820 quae
691 3758 758 3801 cum
788 3741 845 3801 ista
872 3740 1009 3801 oratione
1040 3742 1198 3804 maximam
1225 3742 1336 3805 habent
1359 3744 1590 3808 similitudinem.

219 3844 384 3907 Dioscorus
408 3843 434 3904 si
456 3848 489 3903 ut
511 3839 639 3902 diximus
661 3840 748 3921 hujus
769 3838 923 3921 liturgiae
947 3846 1050 3918 autor,
1078 3839 1186 3902 Cardis
1209 3840 1378 3923 Episcopus
1402 3843 1473 3923 luit,
1501 3847 1531 3907 in
1555 3863 1592 3908 ca

219 3944 348 4025 regione
370 3942 456 4020 vixit,
480 3958 558 4022 quae
581 3940 768 4003 Nestorianis
791 3938 880 4019 plena
903 3946 987 4000 erat:
1012 3939 1081 4002 olim
1094 3940 1172 4002 onim
1184 3938 1379 4005 Orthodoxos
1396 3950 1427 4005 et
1438 3944 1591 4007 Jacobitas

220 4044 253 4105 in
276 4045 333 4106 ista
355 4033 522 4121 vicinisque
544 4040 708 4120 provinciis
730 4055 856 4100 numero
879 4044 910 4099 et
933 4039 1092 4101 autoritate
1115 4039 1308 4120 superabant.
1342 4041 1381 4104 Ut
1404 4043 1495 4123 igitur
1518 4061 1591 4106 suos

220 4142 374 4206 Jacobitas
395 4141 447 4203 ille
463 4142 592 4202 muniret
615 4139 762 4202 adversus
785 4138 872 4200 talam
896 4137 1141 4200 Nestorianorum
1164 4139 1346 4221 opinionem,
1370 4140 1407 4203 de
1422 4148 1592 4223 quatamen

222 4244 274 4305 vix
296 4241 392 4307 simile
415 4240 574 4321 quidquam
598 4237 668 4301 alibi
690 4239 812 4322 legitur,
836 4237 922 4300 istam
945 4236 1167 4301 confessionem
1185 4237 1339 4324 liturgiae
1354 4258 1427 4303 suae
1450 4243 1592 4303 inseren-

224 4342 290 4404 dam
310 4341 465 4424 judicavit.

463 4639 498 4708 5.
535 4635 601 4721 Qut
625 4638 764 4706 veniunt
789 4635 836 4705 ad
862 4633 1055 4704 thesaurum
1083 4636 1207 4706 usnam
1234 4656 1357 4706 eornm.

335 4829 462 4907 lusionis
480 4840 565 4902 locus
579 4837 616 4902 de
632 4838 828 4902 veneratione
850 4837 1054 4920 reliquiarum,
1078 4857 1155 4920 quae
1178 4857 1290 4901 summa
1314 4845 1360 4900 est
1382 4838 1461 4919 apud
1479 4837 1592 4900 Orien-

223 4946 299 5007 tales
330 4964 369 5007 ex
398 4945 497 5007 veteri
526 4943 692 5025 disciplina.
737 4942 810 5006 lude
837 4945 868 5006 in
895 4944 1001 5007 vicinis
1024 4942 1200 5025 regionibus
1233 4940 1363 5004 celebris
1398 4941 1452 5004 fuit
1474 4941 1592 5024 Marty-

223 5043 349 5124 ropolis,
373 5044 497 5125 Syrisce
520 5043 599 5105 dicta
614 5042 816 5105 Beit-Gorme'
838 5043 922 5124 quasi
946 5028 1142 5120 Ossucrium,
1166 5040 1245 5103 unde
1264 5040 1435 5103 Nestoriani
1453 5039 1591 5103 fecerunt

222 5141 360 5222 Bajermi
380 5141 512 5208 Arabico
535 5142 719 5207 scribentes:
747 5143 848 5224 ibique
876 5142 1057 5224 histropolin
1079 5143 1220 5223 propriae
1236 5149 1338 5205 sectae
1361 5140 1589 5204 constituerunt.

275 5267 361 5310 rimus
374 5268 397 5310 n
1329 5246 1377 5318 67
