4525 6034
547 614 588 690 IN
613 610 820 690 numana
846 609 1007 688 JOANMS
1033 610 1276 690 aaronitas.
1526 611 1603 692 435

81 886 86 894 ,
316 814 347 876 5.
390 802 504 881 Aaron
527 811 615 895 hujus
644 811 811 895 liturgiae,
834 820 867 874 ut
896 812 1012 876 mediae
1035 811 1142 875 aetatis
1166 812 1335 894 scriptores
1356 813 1527 877 uariorum
1549 831 1606 876 sa·

229 927 350 979 crorum
371 934 470 999 propo
493 933 610 996 omnes,
633 913 753 997 longius
775 915 1042 995 recessitaprima
1064 914 1114 978 illa
1136 916 1326 997 simplicitate
1340 917 1461 998 quaein
1475 915 1601 979 Graecis

109 999 113 1005 ⁵
228 1016 421 1094 observatur,
443 1022 474 1077 et
496 1033 585 1096 quam
607 1013 721 1096 pariter
742 1013 839 1076 secati
860 1019 930 1074 sunt
951 1014 1040 1095 primi
1062 1014 1253 1095 Syriacarum
1277 1024 1411 1094 autores,
1433 1015 1484 1078 vel
1505 1018 1604 1078 inter-

228 1122 344 1197 pretes.
393 1113 469 1176 'lota
497 1121 597 1176 tamen
630 1111 709 1173 illias
739 1109 933 1191 paraphrasis
959 1113 1150 1175 institutionis
1181 1113 1409 1192 Eucharistiae,
1439 1133 1480 1176 ex
1509 1116 1605 1176 sacris

227 1213 325 1277 literis
351 1220 505 1291 contexa,
529 1211 601 1274 nihil
623 1210 713 1273 hahet
734 1208 815 1272 unde
838 1211 936 1290 possit
964 1213 1114 1288 accusari,
1137 1231 1205 1274 cum
1228 1214 1322 1276 verba
1345 1214 1501 1276 Dominica
1525 1230 1604 1275 cou-

228 1312 334 1390 tinoat,
356 1319 388 1374 ut
410 1312 441 1373 in
463 1310 633 1392 Evangelii,
663 1318 695 1372 et
723 1308 789 1370 aliis
811 1308 955 1390 biturgiis
978 1309 1131 1392 leguntur.
1161 1310 1333 1386 Occurrunt
1354 1314 1385 1374 in
1408 1312 1521 1374 Latinis
1543 1330 1604 1372 re-

229 1413 317 1474 tustis
355 1411 510 1473 codicibus
546 1409 685 1490 exempla
718 1407 831 1488 aliquot
864 1408 987 1470 fusioris
1029 1407 1239 1490 explicationis
1276 1413 1489 1493 mysteriorum
1531 1419 1603 1491 post

228 1509 381 1573 Sanctus:
409 1527 515 1573 verum
542 1526 610 1571 cum
637 1508 675 1570 ad
703 1525 740 1570 ea
762 1507 857 1568 verba
878 1515 1001 1571 ventam
1023 1516 1085 1585 est,
1112 1511 1166 1590 qui
1189 1512 1293 1590 pridie
1320 1530 1411 1592 mom
1434 1517 1603 1590 poteretur,

230 1611 328 1672 oratio
351 1610 477 1672 brevior
499 1616 546 1671 est
569 1616 600 1670 et
621 1607 797 1689 simplicior.

366 1867 403 1940 6.
446 1866 596 1938 Calicem
620 1867 709 1938 hona
735 1869 881 1961 efficiat,
907 1867 954 1937 ad
978 1869 1210 1939 remanerem
1232 1874 1466 1961 peccatoram.

324 2059 534 2137 lismonam
556 2068 738 2150 reliquarum
761 2087 828 2132 cum
856 2070 912 2131 isla
946 2070 1132 2151 comparatio
1165 2068 1236 2132 iacit
1266 2078 1299 2132 ut
1327 2072 1356 2133 iu
1386 2070 1445 2134 hac
1472 2071 1604 2137 luvoca-

228 2175 317 2236 tionis
340 2174 469 2254 Spiritus
491 2174 588 2235 sancti
609 2172 705 2234 forma
728 2172 838 2234 deesse
867 2170 963 2258 verba
985 2171 1126 2235 nonnulla
1157 2174 1356 2254 suspicemur.
1406 2173 1467 2237 lsta
1488 2178 1605 2240 scilicet

227 2281 262 2335 at
283 2272 415 2335 Calicem
436 2273 515 2334 hunc
537 2269 652 2352 efficiat
672 2271 854 2351 Sanguinem
883 2273 947 2350 ejus
965 2274 1143 2351 pretiosam,
1166 2279 1221 2336 etc.
1244 2275 1277 2334 ira
1298 2276 1508 2337 remissionem
1525 2295 1604 2356 pec-

230 2379 377 2434 catoram.
414 2370 476 2433 Cur
498 2371 578 2433 enim
600 2370 773 2432 omittantur
796 2388 862 2431 cum
881 2376 997 2432 extent
1024 2372 1054 2431 in
1078 2368 1203 2432 Graecis
1226 2378 1256 2433 et
1280 2372 1346 2435 aliis
1369 2373 1519 2450 omuibus,
1541 2383 1604 2436 tum

229 2472 319 2533 etiam
341 2471 371 2532 in
393 2470 491 2550 prima
514 2468 649 2552 ejusdem
672 2470 817 2531 orationis
846 2475 945 2549 parte,
968 2486 1061 2532 causa
1082 2469 1163 2532 nulia
1186 2477 1244 2532 est.
1291 2470 1322 2533 Si
1352 2473 1419 2551 quis
1441 2471 1602 2537 lectionem

227 2569 377 2649 integram
407 2586 478 2631 esse
507 2567 687 2646 contendat,
710 2575 743 2629 ut
765 2566 903 2629 eliciatur
925 2567 1005 2647 inde,
1029 2585 1090 2629 nou
1114 2587 1155 2631 ex
1177 2568 1379 2632 luvocatiouis
1391 2569 1500 2634 Verbis
1523 2590 1604 2636 con-

228 2668 448 2746 secrationem,
481 2675 532 2730 aut
563 2667 642 2730 illius
669 2668 818 2750 integram
845 2667 905 2728 vim
932 2669 963 2728 in
992 2667 1042 2730 illa
1071 2686 1141 2730 esse
1175 2669 1320 2749 positam,
1353 2686 1415 2731 non
1445 2669 1604 2734 admodum

229 2767 441 2849 pugnabimus,
465 2784 532 2828 cum
554 2766 585 2828 id
607 2765 727 2828 aliunde
754 2767 827 2827 satis
856 2772 983 2827 constet.
1037 2768 1151 2829 Verum
1181 2774 1278 2829 umen
1301 2769 1454 2849 supererit
1477 2771 1603 2831 maxima

229 2864 396 2944 difficultas,
419 2882 456 2928 eo
480 2864 561 2947 quod
583 2865 702 2946 integra
735 2864 774 2926 sit
797 2862 950 2926 luvocatio
973 2882 1068 2947 super
1088 2882 1198 2946 panem
1226 2865 1481 2946 Eucharistioam,
1512 2877 1602 2949 atque

228 2964 306 3027 adeo
329 2964 398 3026 talis
421 2982 490 3027 esse
513 2981 606 3044 super
629 2962 754 3026 calicem
777 2962 903 3026 debeat:
928 2963 1009 3042 quod
1032 2963 1179 3046 explicari
1201 2964 1358 3028 commode
1381 2966 1433 3027 vin
1455 2972 1585 3054 potest„

521 3223 556 3294 7.
593 3221 726 3293 Panem
752 3244 799 3292 cs
824 3222 937 3294 simila
961 3226 1092 3294 mistam
1119 3246 1193 3294 cum
1220 3224 1306 3295 oleo.

320 3415 402 3508 Quia
426 3425 572 3507 Syrorum
594 3442 708 3488 morem
730 3425 760 3486 in
782 3425 923 3505 parandis
946 3424 1055 3489 oblatis
1069 3425 1285 3488 Eucharisticis
1300 3424 1602 3489 loannesllasoren-

230 3533 273 3594 sis
296 3533 410 3608 innuat,
432 3545 494 3591 non
515 3527 635 3590 videtur
658 3527 864 3591 dubitandum:
889 3528 1026 3591 subtilius
1050 3536 1166 3605 tamen,
1189 3528 1218 3590 id
1247 3529 1397 3611 significat
1424 3548 1512 3612 quam
1534 3531 1601 3593 bla-

227 3629 335 3692 thaeus
357 3629 462 3691 Pastor
484 3627 514 3688 iu
537 3627 594 3688 hac
616 3625 752 3708 liturgia
781 3627 832 3706 qui
861 3644 970 3707 panem
1000 3625 1186 3708 perfectum,
1218 3626 1278 3689 hoc
1307 3637 1354 3691 est
1384 3629 1501 3710 qualem
1529 3630 1599 3712 Syri

227 3726 341 3791 ollerra
362 3726 463 3790 solent
485 3725 636 3789 Christum
658 3727 816 3806 accepisse
839 3723 923 3800 dixit,
947 3743 1015 3787 cum
1037 3724 1075 3788 de
1098 3745 1136 3789 eo
1159 3725 1284 3789 verbum
1306 3727 1419 3789 nullum
1440 3728 1473 3790 in
1493 3727 1601 3790 Evan-

226 3827 321 3910 gelio,
343 3844 401 3889 nec
424 3828 453 3888 in
476 3825 560 3887 Pauli
581 3825 719 3907 Epistola
749 3824 787 3887 ad
811 3824 993 3904 Corinthios,
1015 3843 1074 3887 nec
1097 3826 1127 3886 in
1153 3826 1283 3888 vetustis
1306 3825 1416 3890 Officiis
1447 3832 1599 3890 occurrat.

226 3927 339 3988 Veram
361 3944 428 3988 cum
450 3926 481 3987 in
503 3923 640 3987 Levitico
663 3923 776 3987 oblatio
799 3942 839 3987 ex
860 3923 957 3986 simila
987 3942 1062 4006 pura
1087 3923 1157 3987 olco
1180 3941 1347 4006 conspersa
1369 3925 1495 3988 deberet
1517 3942 1600 4001 esse,

227 4023 375 4106 simulque
397 4041 527 4105 granum
549 4022 645 4086 thuris
668 4025 791 4104 imponi,
814 4022 845 4083 id
870 4024 1115 4086 commemoravit
1137 4032 1235 4102 autor,
1259 4031 1400 4105 tanquam
1423 4024 1600 4107 disciplinae

227 4121 387 4185 Ecclesiae
409 4140 483 4185 suae
505 4121 740 4202 fundamentum,
765 4120 876 4185 frustra
898 4137 988 4183 sanc:
1012 4140 1070 4184 neo
1093 4123 1172 4184 enim
1194 4122 1304 4203 frigido
1335 4123 1394 4186 boc
1423 4131 1601 4205 argumento

226 4221 360 4284 Joaunes
383 4219 555 4284 Patriarcha
578 4220 714 4303 ejusdam
735 4228 850 4298 sectae,
873 4221 924 4301 qui
947 4219 1092 4301 Syrorum
1115 4219 1298 4304 Apologiam
1320 4223 1452 4303 scripsit,
1476 4221 1599 4284 multum

226 4319 370 4382 tribuisse
392 4321 477 4382 visus
500 4327 557 4383 est.
602 4318 722 4400 Quippe
744 4322 773 4381 iu
795 4318 911 4383 similae
942 4319 1094 4383 oblatione
1119 4319 1187 4381 thus
1209 4320 1429 4401 imponebatur,
1452 4322 1538 4402 cujus
1563 4319 1602 4382 ad
1705 4349 1710 4359 ·

226 4417 338 4481 Panem
359 4417 600 4481 Eucharisticum
622 4436 696 4480 usus
718 4418 818 4481 nullus
841 4426 901 4482 est:
925 4418 981 4482 sed
1003 4418 1086 4482 salis:
1116 4417 1154 4481 de
1178 4436 1238 4498 quo
1261 4419 1454 4483 admiscendo
1476 4418 1548 4481 nihil
1571 4419 1600 4479 in

225 4517 323 4579 veteri
347 4517 504 4601 disciplina
526 4518 722 4598 praecipitur.
766 4516 861 4599 Hujus
883 4536 978 4600 porro
1001 4517 1145 4581 misturae
1175 4517 1248 4581 salis
1277 4526 1308 4581 et
1337 4518 1397 4581 olei
1426 4520 1600 4597 occasione,

224 4617 449 4679 retractandum
484 4622 532 4679 est
567 4614 648 4696 quod
677 4617 708 4677 in
738 4615 959 4679 Commentario
996 4616 1034 4679 ad
1064 4616 1199 4679 Officium
1233 4617 1379 4700 generale
1413 4619 1601 4700 scripsimus,

223 4712 403 4794 Dionysium
424 4715 571 4777 Barsalihi
594 4713 674 4776 illius
703 4732 765 4777 non
794 4716 965 4779 meminisse
994 4717 1025 4777 in
1048 4715 1270 4779 Commentario
1300 4716 1339 4779 ad
1368 4716 1476 4779 Jacobi
1497 4719 1605 4794 bitur-v

224 4812 314 4892 giam.
345 4811 421 4876 Cum
443 4814 523 4876 enim
545 4813 614 4876 olim
637 4812 719 4875 illum
744 4814 775 4876 in
789 4813 902 4877 Codice
926 4814 1117 4897 legissemus,
1140 4816 1170 4876 in
1193 4832 1254 4896 quo
1277 4815 1349 4877 nibil
1372 4815 1468 4880 simile
1489 4836 1603 4882 occur-
1650 4842 1715 4912 st,
1733 4845 1777 4896 ⁶⁶,

223 4911 321 4990 rebat,
345 4913 386 4974 ita
416 4914 650 4995 scripseramus;
681 4913 737 4976 sed
764 4912 892 4976 alterum
920 4913 988 4976 dum
1016 4913 1092 4976 haec
1121 4913 1214 4976 editio
1246 4914 1431 4996 procederet
1459 4913 1602 4981 codicem

224 5008 365 5090 vidimus,
387 5013 418 5073 in
442 5029 502 5093 quo
525 5013 672 5075 mistionis
695 5012 785 5088 illius,
809 5019 950 5094 tanquam
972 5032 989 5076 a
1013 5014 1098 5095 Syris
1122 5022 1288 5094 usurpatae
1310 5015 1452 5079 meminit.

276 5134 399 5178 romuli
1348 5119 1398 5191 58
