<?xml version="1.0" encoding="UTF-8"?>
<!DOCTYPE html PUBLIC "-//W3C//DTD XHTML 1.0 Transitional//EN"
    "http://www.w3.org/TR/xhtml1/DTD/xhtml1-transitional.dtd">
<html xmlns="http://www.w3.org/1999/xhtml" xml:lang="en" lang="en">
 <head>
  <title>
</title>
<meta http-equiv="Content-Type" content="text/html;charset=utf-8" />
  <meta name='ocr-system' content='tesseract 3.04.00' />
  <meta name='ocr-capabilities' content='ocr_page ocr_carea ocr_par ocr_line ocrx_word'/>
</head>
<body>
  <div class='ocr_page' id='page_1' title='image "./liturgiarumorie00unkngoog/liturgiarumorie00unkngoog_1070.png"; bbox 0 0 4525 6034; ppageno 0'>
   <div class='ocr_carea' id='block_1_1' title="bbox 682 570 1547 650">
    <p class='ocr_par' dir='ltr' id='par_1_1' title="bbox 682 570 1547 650">
     <span class='ocr_line' id='line_1_1' title="bbox 682 570 1547 650; baseline -0.003 -1"><span class='ocrx_word' id='word_1_1' title='bbox 682 575 759 650; x_wconf 89' lang='grc'><strong>360</strong></span> <span class='ocrx_word' id='word_1_2' title='bbox 1187 570 1547 648; x_wconf 80' lang='lat' dir='ltr'><strong>tttnnutl</strong></span> 
     </span>
    </p>
   </div>
   <div class='ocr_carea' id='block_1_2' title="bbox 630 755 2047 2706">
    <p class='ocr_par' dir='ltr' id='par_1_2' title="bbox 630 755 2047 2252">
     <span class='ocr_line' id='line_1_2' title="bbox 681 755 2037 859; baseline -0.008 -23"><span class='ocrx_word' id='word_1_3' title='bbox 681 785 790 859; x_wconf 83' lang='lat' dir='ltr'><strong>aequo</strong></span> <span class='ocrx_word' id='word_1_4' title='bbox 817 771 852 834; x_wconf 89' lang='lat' dir='ltr'><strong>et</strong></span> <span class='ocrx_word' id='word_1_5' title='bbox 872 765 980 855; x_wconf 77' lang='lat' dir='ltr'><strong>Justo:</strong></span> <span class='ocrx_word' id='word_1_6' title='bbox 1008 760 1140 855; x_wconf 82' lang='lat' dir='ltr'><strong>quando</strong></span> <span class='ocrx_word' id='word_1_7' title='bbox 1168 755 1363 832; x_wconf 87' lang='lat' dir='ltr'><strong>abscondita</strong></span> <span class='ocrx_word' id='word_1_8' title='bbox 1390 755 1642 843; x_wconf 86' lang='lat' dir='ltr'><strong>revelabuntur,</strong></span> <span class='ocrx_word' id='word_1_9' title='bbox 1676 766 1710 829; x_wconf 90' lang='lat' dir='ltr'><strong>et</strong></span> <span class='ocrx_word' id='word_1_10' title='bbox 1736 779 1840 853; x_wconf 90' lang='lat' dir='ltr'><strong>opera</strong></span> <span class='ocrx_word' id='word_1_11' title='bbox 1874 757 2037 827; x_wconf 82' lang='lat' dir='ltr'><strong>examina-</strong></span> 
     </span>
     <span class='ocr_line' id='line_1_3' title="bbox 681 869 2039 967; baseline -0.007 -16"><span class='ocrx_word' id='word_1_12' title='bbox 681 879 817 967; x_wconf 86' lang='lat' dir='ltr'><strong>buntur,</strong></span> <span class='ocrx_word' id='word_1_13' title='bbox 849 889 883 950; x_wconf 89' lang='lat' dir='ltr'><strong>et</strong></span> <span class='ocrx_word' id='word_1_14' title='bbox 909 899 1026 951; x_wconf 92' lang='lat' dir='ltr'><strong>omnes</strong></span> <span class='ocrx_word' id='word_1_15' title='bbox 1052 874 1203 947; x_wconf 92' lang='lat' dir='ltr'><strong>homines</strong></span> <span class='ocrx_word' id='word_1_16' title='bbox 1230 871 1364 947; x_wconf 90' lang='lat' dir='ltr'><strong>stabunt</strong></span> <span class='ocrx_word' id='word_1_17' title='bbox 1395 897 1469 947; x_wconf 85' lang='lat' dir='ltr'><strong>curn</strong></span> <span class='ocrx_word' id='word_1_18' title='bbox 1506 877 1625 946; x_wconf 88' lang='lat' dir='ltr'><strong>timore</strong></span> <span class='ocrx_word' id='word_1_19' title='bbox 1660 883 1695 944; x_wconf 89' lang='lat' dir='ltr'><strong>et</strong></span> <span class='ocrx_word' id='word_1_20' title='bbox 1725 883 1887 947; x_wconf 86' lang='lat' dir='ltr'><strong>tremore:</strong></span> <span class='ocrx_word' id='word_1_21' title='bbox 1922 875 1955 942; x_wconf 91' lang='lat' dir='ltr'><strong>iu</strong></span> <span class='ocrx_word' id='word_1_22' title='bbox 1984 869 2039 942; x_wconf 90' lang='lat' dir='ltr'><strong>bac</strong></span> 
     </span>
     <span class='ocr_line' id='line_1_4' title="bbox 630 986 2039 1089; baseline -0.006 -21"><span class='ocrx_word' id='word_1_23' title='bbox 630 1022 633 1029; x_wconf 85' lang='lat'>·</span> <span class='ocrx_word' id='word_1_24' title='bbox 680 996 763 1068; x_wconf 89' lang='lat' dir='ltr'><strong>hora</strong></span> <span class='ocrx_word' id='word_1_25' title='bbox 789 997 944 1084; x_wconf 89' lang='lat' dir='ltr'><strong>Domine,</strong></span> <span class='ocrx_word' id='word_1_26' title='bbox 970 994 1070 1089; x_wconf 92' lang='lat' dir='ltr'><strong>plena</strong></span> <span class='ocrx_word' id='word_1_27' title='bbox 1097 991 1411 1081; x_wconf 72' lang='lat' dir='ltr'><strong>misericordiarum,</strong></span> <span class='ocrx_word' id='word_1_28' title='bbox 1437 1013 1481 1062; x_wconf 94' lang='lat' dir='ltr'><strong>ne</strong></span> <span class='ocrx_word' id='word_1_29' title='bbox 1500 1001 1636 1063; x_wconf 75' lang='lat' dir='ltr'><strong>avertas</strong></span> <span class='ocrx_word' id='word_1_30' title='bbox 1654 988 1774 1062; x_wconf 87' lang='lat' dir='ltr'><strong>faciem</strong></span> <span class='ocrx_word' id='word_1_31' title='bbox 1789 1001 1880 1062; x_wconf 92' lang='lat' dir='ltr'><strong>tuam</strong></span> <span class='ocrx_word' id='word_1_32' title='bbox 1901 986 2039 1059; x_wconf 89' lang='lat' dir='ltr'><strong>anobis:</strong></span> 
     </span>
     <span class='ocr_line' id='line_1_5' title="bbox 681 1105 2039 1203; baseline -0.007 -17"><span class='ocrx_word' id='word_1_33' title='bbox 681 1136 725 1185; x_wconf 92' lang='lat' dir='ltr'><strong>ne</strong></span> <span class='ocrx_word' id='word_1_34' title='bbox 750 1117 855 1185; x_wconf 89' lang='lat' dir='ltr'><strong>intres</strong></span> <span class='ocrx_word' id='word_1_35' title='bbox 881 1114 915 1182; x_wconf 94' lang='lat' dir='ltr'><strong>in</strong></span> <span class='ocrx_word' id='word_1_36' title='bbox 938 1110 1094 1203; x_wconf 75' lang='lat' dir='ltr'><strong>Judicium</strong></span> <span class='ocrx_word' id='word_1_37' title='bbox 1121 1106 1311 1195; x_wconf 90' lang='lat' dir='ltr'><strong>nobiscum,</strong></span> <span class='ocrx_word' id='word_1_38' title='bbox 1347 1130 1390 1179; x_wconf 92' lang='lat' dir='ltr'><strong>ne</strong></span> <span class='ocrx_word' id='word_1_39' title='bbox 1422 1129 1566 1179; x_wconf 82' lang='lat' dir='ltr'><strong>examen</strong></span> <span class='ocrx_word' id='word_1_40' title='bbox 1600 1128 1759 1179; x_wconf 88' lang='lat' dir='ltr'><strong>severum</strong></span> <span class='ocrx_word' id='word_1_41' title='bbox 1785 1105 1962 1178; x_wconf 88' lang='lat' dir='ltr'><strong>adversum</strong></span> <span class='ocrx_word' id='word_1_42' title='bbox 1985 1124 2039 1176; x_wconf 91' lang='lat' dir='ltr'><strong>nos</strong></span> 
     </span>
     <span class='ocr_line' id='line_1_6' title="bbox 681 1221 2041 1317; baseline -0.008 -16"><span class='ocrx_word' id='word_1_43' title='bbox 681 1233 851 1302; x_wconf 78' lang='lat' dir='ltr'><strong>instituas:</strong></span> <span class='ocrx_word' id='word_1_44' title='bbox 884 1248 928 1299; x_wconf 91' lang='lat' dir='ltr'><strong>ne</strong></span> <span class='ocrx_word' id='word_1_45' title='bbox 955 1225 1139 1299; x_wconf 87' lang='lat' dir='ltr'><strong>conlundas</strong></span> <span class='ocrx_word' id='word_1_46' title='bbox 1165 1246 1229 1296; x_wconf 90' lang='lat' dir='ltr'><strong>nos</strong></span> <span class='ocrx_word' id='word_1_47' title='bbox 1262 1222 1462 1297; x_wconf 87' lang='lat' dir='ltr'><strong>confusione</strong></span> <span class='ocrx_word' id='word_1_48' title='bbox 1496 1233 1649 1296; x_wconf 88' lang='lat' dir='ltr'><strong>aeterna:</strong></span> <span class='ocrx_word' id='word_1_49' title='bbox 1682 1244 1726 1295; x_wconf 90' lang='lat' dir='ltr'><strong>ne</strong></span> <span class='ocrx_word' id='word_1_50' title='bbox 1758 1221 1904 1317; x_wconf 85' lang='lat' dir='ltr'><strong>repellas</strong></span> <span class='ocrx_word' id='word_1_51' title='bbox 1936 1242 1994 1294; x_wconf 91' lang='lat' dir='ltr'><strong>nos</strong></span> <span class='ocrx_word' id='word_1_52' title='bbox 2023 1243 2041 1290; x_wconf 94' lang='lat' dir='ltr'><strong>a</strong></span> 
     </span>
     <span class='ocr_line' id='line_1_7' title="bbox 683 1343 2042 1445; baseline -0.011 -26"><span class='ocrx_word' id='word_1_53' title='bbox 683 1368 859 1420; x_wconf 89' lang='lat' dir='ltr'><strong>servorum</strong></span> <span class='ocrx_word' id='word_1_54' title='bbox 886 1354 1016 1415; x_wconf 77' lang='lat' dir='ltr'><strong>morum</strong></span> <span class='ocrx_word' id='word_1_55' title='bbox 1043 1363 1206 1445; x_wconf 84' lang='lat' dir='ltr'><strong>numero,</strong></span> <span class='ocrx_word' id='word_1_56' title='bbox 1235 1362 1345 1434; x_wconf 79' lang='lat' dir='ltr'><strong>neque</strong></span> <span class='ocrx_word' id='word_1_57' title='bbox 1377 1343 1534 1436; x_wconf 82' lang='lat' dir='ltr'><strong>projicias</strong></span> <span class='ocrx_word' id='word_1_58' title='bbox 1561 1361 1624 1414; x_wconf 90' lang='lat' dir='ltr'><strong>nos</strong></span> <span class='ocrx_word' id='word_1_59' title='bbox 1651 1363 1671 1411; x_wconf 90' lang='lat' dir='ltr'><strong>a</strong></span> <span class='ocrx_word' id='word_1_60' title='bbox 1698 1348 1882 1435; x_wconf 91' lang='lat' dir='ltr'><strong>conspectu</strong></span> <span class='ocrx_word' id='word_1_61' title='bbox 1907 1347 1977 1407; x_wconf 78' lang='lat' dir='ltr'><strong>bro:</strong></span> <span class='ocrx_word' id='word_1_62' title='bbox 2004 1357 2042 1405; x_wconf 90' lang='lat' dir='ltr'><strong>ua</strong></span> 
     </span>
     <span class='ocr_line' id='line_1_8' title="bbox 682 1455 2044 1559; baseline -0.01 -25"><span class='ocrx_word' id='word_1_63' title='bbox 682 1461 836 1559; x_wconf 82' lang='lat' dir='ltr'><strong>expellas</strong></span> <span class='ocrx_word' id='word_1_64' title='bbox 862 1482 925 1532; x_wconf 92' lang='lat' dir='ltr'><strong>nos</strong></span> <span class='ocrx_word' id='word_1_65' title='bbox 952 1457 994 1531; x_wconf 90' lang='lat' dir='ltr'><strong>ab</strong></span> <span class='ocrx_word' id='word_1_66' title='bbox 1022 1462 1109 1530; x_wconf 90' lang='lat' dir='ltr'><strong>ostio</strong></span> <span class='ocrx_word' id='word_1_67' title='bbox 1145 1456 1278 1530; x_wconf 86' lang='lat' dir='ltr'><strong>thalami</strong></span> <span class='ocrx_word' id='word_1_68' title='bbox 1311 1461 1373 1545; x_wconf 88' lang='lat' dir='ltr'><strong>tui,</strong></span> <span class='ocrx_word' id='word_1_69' title='bbox 1410 1480 1519 1552; x_wconf 83' lang='lat' dir='ltr'><strong>neque</strong></span> <span class='ocrx_word' id='word_1_70' title='bbox 1556 1457 1648 1530; x_wconf 91' lang='lat' dir='ltr'><strong>dicas</strong></span> <span class='ocrx_word' id='word_1_71' title='bbox 1680 1455 1795 1545; x_wconf 90' lang='lat' dir='ltr'><strong>nobis;</strong></span> <span class='ocrx_word' id='word_1_72' title='bbox 1829 1455 1945 1547; x_wconf 74' lang='lat' dir='ltr'><strong>nescio</strong></span> <span class='ocrx_word' id='word_1_73' title='bbox 1974 1472 2044 1539; x_wconf 90' lang='lat' dir='ltr'><strong>vos,</strong></span> 
     </span>
     <span class='ocr_line' id='line_1_9' title="bbox 681 1568 2044 1677; baseline -0.01 -26"><span class='ocrx_word' id='word_1_74' title='bbox 681 1583 851 1677; x_wconf 89' lang='lat' dir='ltr'><strong>quianon</strong></span> <span class='ocrx_word' id='word_1_75' title='bbox 878 1574 1120 1668; x_wconf 83' lang='lat' dir='ltr'><strong>abnegavimus</strong></span> <span class='ocrx_word' id='word_1_76' title='bbox 1148 1595 1269 1646; x_wconf 90' lang='lat' dir='ltr'><strong>nomen</strong></span> <span class='ocrx_word' id='word_1_77' title='bbox 1296 1583 1386 1645; x_wconf 89' lang='lat' dir='ltr'><strong>tunm</strong></span> <span class='ocrx_word' id='word_1_78' title='bbox 1413 1581 1582 1662; x_wconf 88' lang='lat' dir='ltr'><strong>sanctum;</strong></span> <span class='ocrx_word' id='word_1_79' title='bbox 1608 1572 1669 1645; x_wconf 90' lang='lat' dir='ltr'><strong>sed</strong></span> <span class='ocrx_word' id='word_1_80' title='bbox 1690 1580 1894 1644; x_wconf 90' lang='lat' dir='ltr'><strong>convertere</strong></span> <span class='ocrx_word' id='word_1_81' title='bbox 1912 1568 2044 1640; x_wconf 90' lang='lat' dir='ltr'><strong>Domina</strong></span> 
     </span>
     <span class='ocr_line' id='line_1_10' title="bbox 682 1686 2044 1787; baseline -0.011 -18"><span class='ocrx_word' id='word_1_82' title='bbox 682 1694 959 1780; x_wconf 75' lang='lat' dir='ltr'><strong>misericorditer,</strong></span> <span class='ocrx_word' id='word_1_83' title='bbox 994 1712 1096 1787; x_wconf 90' lang='lat' dir='ltr'><strong>parce</strong></span> <span class='ocrx_word' id='word_1_84' title='bbox 1130 1701 1164 1761; x_wconf 91' lang='lat' dir='ltr'><strong>et</strong></span> <span class='ocrx_word' id='word_1_85' title='bbox 1196 1693 1357 1761; x_wconf 89' lang='lat' dir='ltr'><strong>miserere</strong></span> <span class='ocrx_word' id='word_1_86' title='bbox 1389 1688 1496 1763; x_wconf 91' lang='lat' dir='ltr'><strong>nobis.</strong></span> <span class='ocrx_word' id='word_1_87' title='bbox 1555 1689 1701 1781; x_wconf 84' lang='lat' dir='ltr'><strong>lgnosce</strong></span> <span class='ocrx_word' id='word_1_88' title='bbox 1725 1692 1876 1784; x_wconf 91' lang='lat' dir='ltr'><strong>peccatis</strong></span> <span class='ocrx_word' id='word_1_89' title='bbox 1902 1686 2044 1770; x_wconf 79' lang='lat' dir='ltr'><strong>Domine,</strong></span> 
     </span>
     <span class='ocr_line' id='line_1_11' title="bbox 683 1804 2046 1906; baseline -0.008 -22"><span class='ocrx_word' id='word_1_90' title='bbox 683 1811 807 1884; x_wconf 86' lang='lat' dir='ltr'><strong>dimitte</strong></span> <span class='ocrx_word' id='word_1_91' title='bbox 833 1813 1025 1906; x_wconf 87' lang='lat' dir='ltr'><strong>insipienter</strong></span> <span class='ocrx_word' id='word_1_92' title='bbox 1051 1809 1244 1894; x_wconf 91' lang='lat' dir='ltr'><strong>commissa,</strong></span> <span class='ocrx_word' id='word_1_93' title='bbox 1269 1827 1374 1901; x_wconf 89' lang='lat' dir='ltr'><strong>parce</strong></span> <span class='ocrx_word' id='word_1_94' title='bbox 1400 1804 1609 1894; x_wconf 80' lang='lat' dir='ltr'><strong>criminibus,</strong></span> <span class='ocrx_word' id='word_1_95' title='bbox 1642 1805 1718 1878; x_wconf 91' lang='lat' dir='ltr'><strong>audi</strong></span> <span class='ocrx_word' id='word_1_96' title='bbox 1743 1826 1851 1877; x_wconf 91' lang='lat' dir='ltr'><strong>voces</strong></span> <span class='ocrx_word' id='word_1_97' title='bbox 1880 1824 2046 1877; x_wconf 88' lang='lat' dir='ltr'><strong>servornm</strong></span> 
     </span>
     <span class='ocr_line' id='line_1_12' title="bbox 681 1918 2046 2019; baseline -0.007 -21"><span class='ocrx_word' id='word_1_98' title='bbox 681 1937 832 2013; x_wconf 86' lang='lat' dir='ltr'><strong>tuorum;</strong></span> <span class='ocrx_word' id='word_1_99' title='bbox 860 1927 994 2019; x_wconf 88' lang='lat' dir='ltr'><strong>suscipe</strong></span> <span class='ocrx_word' id='word_1_100' title='bbox 1020 1923 1274 2019; x_wconf 85' lang='lat' dir='ltr'><strong>deprecationes</strong></span> <span class='ocrx_word' id='word_1_101' title='bbox 1301 1922 1507 1995; x_wconf 89' lang='lat' dir='ltr'><strong>adorantium</strong></span> <span class='ocrx_word' id='word_1_102' title='bbox 1535 1932 1593 2013; x_wconf 87' lang='lat' dir='ltr'><strong>te;</strong></span> <span class='ocrx_word' id='word_1_103' title='bbox 1624 1925 1806 2017; x_wconf 89' lang='lat' dir='ltr'><strong>propitiare</strong></span> <span class='ocrx_word' id='word_1_104' title='bbox 1833 1918 2046 2016; x_wconf 90' lang='lat' dir='ltr'><strong>supplicatio-</strong></span> 
     </span>
     <span class='ocr_line' id='line_1_13' title="bbox 682 2037 2047 2137; baseline -0.007 -23"><span class='ocrx_word' id='word_1_105' title='bbox 682 2041 779 2115; x_wconf 87' lang='lat' dir='ltr'><strong>nibus</strong></span> <span class='ocrx_word' id='word_1_106' title='bbox 806 2041 1053 2137; x_wconf 88' lang='lat' dir='ltr'><strong>dcprecantium</strong></span> <span class='ocrx_word' id='word_1_107' title='bbox 1080 2049 1139 2128; x_wconf 89' lang='lat' dir='ltr'><strong>te;</strong></span> <span class='ocrx_word' id='word_1_108' title='bbox 1166 2048 1200 2110; x_wconf 92' lang='lat' dir='ltr'><strong>et</strong></span> <span class='ocrx_word' id='word_1_109' title='bbox 1225 2061 1287 2134; x_wconf 94' lang='lat' dir='ltr'><strong>pro</strong></span> <span class='ocrx_word' id='word_1_110' title='bbox 1314 2037 1384 2127; x_wconf 90' lang='lat' dir='ltr'><strong>his,</strong></span> <span class='ocrx_word' id='word_1_111' title='bbox 1415 2048 1515 2134; x_wconf 81' lang='lat' dir='ltr'><strong>atque</strong></span> <span class='ocrx_word' id='word_1_112' title='bbox 1541 2042 1574 2110; x_wconf 92' lang='lat' dir='ltr'><strong>in</strong></span> <span class='ocrx_word' id='word_1_113' title='bbox 1601 2038 1687 2112; x_wconf 92' lang='lat' dir='ltr'><strong>huno</strong></span> <span class='ocrx_word' id='word_1_114' title='bbox 1714 2038 1848 2110; x_wconf 90' lang='lat' dir='ltr'><strong>modum</strong></span> <span class='ocrx_word' id='word_1_115' title='bbox 1882 2039 2047 2132; x_wconf 88' lang='lat' dir='ltr'><strong>poenitens</strong></span> 
     </span>
     <span class='ocr_line' id='line_1_14' title="bbox 682 2152 2047 2252; baseline -0.008 -22"><span class='ocrx_word' id='word_1_116' title='bbox 682 2157 836 2230; x_wconf 82' lang='lat' dir='ltr'><strong>Ecclesia</strong></span> <span class='ocrx_word' id='word_1_117' title='bbox 863 2167 918 2229; x_wconf 89' lang='lat' dir='ltr'><strong>tna</strong></span> <span class='ocrx_word' id='word_1_118' title='bbox 946 2155 1143 2252; x_wconf 90' lang='lat' dir='ltr'><strong>deprecatur</strong></span> <span class='ocrx_word' id='word_1_119' title='bbox 1169 2164 1216 2245; x_wconf 88' lang='lat' dir='ltr'><strong>te,</strong></span> <span class='ocrx_word' id='word_1_120' title='bbox 1243 2165 1277 2226; x_wconf 91' lang='lat' dir='ltr'><strong>et</strong></span> <span class='ocrx_word' id='word_1_121' title='bbox 1302 2177 1365 2251; x_wconf 89' lang='lat' dir='ltr'><strong>per</strong></span> <span class='ocrx_word' id='word_1_122' title='bbox 1391 2164 1435 2242; x_wconf 87' lang='lat' dir='ltr'><strong>te,</strong></span> <span class='ocrx_word' id='word_1_123' title='bbox 1463 2165 1497 2226; x_wconf 89' lang='lat' dir='ltr'><strong>et</strong></span> <span class='ocrx_word' id='word_1_124' title='bbox 1523 2165 1631 2228; x_wconf 91' lang='lat' dir='ltr'><strong>tecum</strong></span> <span class='ocrx_word' id='word_1_125' title='bbox 1651 2156 1785 2227; x_wconf 89' lang='lat' dir='ltr'><strong>Patrem</strong></span> <span class='ocrx_word' id='word_1_126' title='bbox 1811 2163 1904 2225; x_wconf 88' lang='lat' dir='ltr'><strong>tuum</strong></span> <span class='ocrx_word' id='word_1_127' title='bbox 1933 2152 2047 2224; x_wconf 85' lang='lat' dir='ltr'><strong>dicens.</strong></span> 
     </span>
    </p>

    <p class='ocr_par' dir='ltr' id='par_1_3' title="bbox 788 2274 1174 2366">
     <span class='ocr_line' id='line_1_15' title="bbox 788 2274 1174 2366; baseline -0.01 -21"><span class='ocrx_word' id='word_1_128' title='bbox 788 2274 947 2366; x_wconf 81' lang='lat' dir='ltr'><strong>Populus.</strong></span> <span class='ocrx_word' id='word_1_129' title='bbox 1000 2274 1174 2345; x_wconf 85' lang='lat' dir='ltr'><strong>Miserere.</strong></span> 
     </span>
    </p>

    <p class='ocr_par' dir='ltr' id='par_1_4' title="bbox 785 2386 1266 2482">
     <span class='ocr_line' id='line_1_16' title="bbox 785 2386 1266 2482; baseline -0.01 -21"><span class='ocrx_word' id='word_1_130' title='bbox 785 2388 969 2461; x_wconf 83' lang='lat' dir='ltr'><strong>Sacerdos.</strong></span> <span class='ocrx_word' id='word_1_131' title='bbox 1022 2386 1094 2459; x_wconf 93' lang='lat' dir='ltr'><strong>Nos</strong></span> <span class='ocrx_word' id='word_1_132' title='bbox 1122 2409 1266 2482; x_wconf 86' lang='lat' dir='ltr'><strong>quoque.</strong></span> 
     </span>
    </p>

    <p class='ocr_par' dir='ltr' id='par_1_5' title="bbox 785 2503 1692 2598">
     <span class='ocr_line' id='line_1_17' title="bbox 785 2503 1692 2598; baseline 0 -23"><span class='ocrx_word' id='word_1_133' title='bbox 785 2503 945 2598; x_wconf 80' lang='lat' dir='ltr'><strong>Populus.</strong></span> <span class='ocrx_word' id='word_1_134' title='bbox 999 2504 1050 2575; x_wconf 82' lang='lat' dir='ltr'><strong>&#39;l&#39;e</strong></span> <span class='ocrx_word' id='word_1_135' title='bbox 1075 2504 1276 2594; x_wconf 85' lang='lat' dir='ltr'><strong>adoramus,</strong></span> <span class='ocrx_word' id='word_1_136' title='bbox 1304 2515 1338 2576; x_wconf 91' lang='lat' dir='ltr'><strong>te</strong></span> <span class='ocrx_word' id='word_1_137' title='bbox 1364 2503 1600 2597; x_wconf 84' lang='lat' dir='ltr'><strong>glorificamus,</strong></span> <span class='ocrx_word' id='word_1_138' title='bbox 1629 2512 1692 2576; x_wconf 88' lang='lat' dir='ltr'><strong>etc.</strong></span> 
     </span>
    </p>

    <p class='ocr_par' dir='ltr' id='par_1_6' title="bbox 785 2619 1615 2706">
     <span class='ocr_line' id='line_1_18' title="bbox 785 2619 1615 2706; baseline -0.002 -12"><span class='ocrx_word' id='word_1_139' title='bbox 785 2623 973 2694; x_wconf 80' lang='lat' dir='ltr'><strong>Diaconos.</strong></span> <span class='ocrx_word' id='word_1_140' title='bbox 1028 2620 1137 2706; x_wconf 82' lang='lat' dir='ltr'><strong>Quem</strong></span> <span class='ocrx_word' id='word_1_141' title='bbox 1163 2620 1307 2692; x_wconf 86' lang='lat' dir='ltr'><strong>timenda</strong></span> <span class='ocrx_word' id='word_1_142' title='bbox 1334 2628 1387 2693; x_wconf 89' lang='lat' dir='ltr'><strong>est</strong></span> <span class='ocrx_word' id='word_1_143' title='bbox 1412 2620 1497 2693; x_wconf 89' lang='lat' dir='ltr'><strong>haec</strong></span> <span class='ocrx_word' id='word_1_144' title='bbox 1522 2619 1615 2695; x_wconf 90' lang='lat' dir='ltr'><strong>bora.</strong></span> 
     </span>
    </p>
   </div>
   <div class='ocr_carea' id='block_1_3' title="bbox 797 2894 1954 2991">
    <p class='ocr_par' dir='ltr' id='par_1_7' title="bbox 797 2894 1954 2991">
     <span class='ocr_line' id='line_1_19' title="bbox 797 2894 1954 2991; baseline -0.003 -22"><span class='ocrx_word' id='word_1_145' title='bbox 797 2897 973 2969; x_wconf 76' lang='lat' dir='ltr'><strong>Sacerdos</strong></span> <span class='ocrx_word' id='word_1_146' title='bbox 998 2894 1182 2968; x_wconf 81' lang='lat' dir='ltr'><strong>inclinatus</strong></span> <span class='ocrx_word' id='word_1_147' title='bbox 1207 2897 1292 2967; x_wconf 88' lang='lat' dir='ltr'><strong>dicit</strong></span> <span class='ocrx_word' id='word_1_148' title='bbox 1322 2903 1337 2944; x_wconf 81' lang='lat'>³</span> <span class='ocrx_word' id='word_1_149' title='bbox 1368 2897 1622 2969; x_wconf 81' lang='lat' dir='ltr'><strong>invocationem</strong></span> <span class='ocrx_word' id='word_1_150' title='bbox 1648 2896 1800 2991; x_wconf 80' lang='lat' dir='ltr'><strong>Spiritus</strong></span> <span class='ocrx_word' id='word_1_151' title='bbox 1826 2898 1954 2967; x_wconf 84' lang='lat' dir='ltr'><strong>suncti.</strong></span> 
     </span>
    </p>
   </div>
   <div class='ocr_carea' id='block_1_4' title="bbox 682 3087 2082 4929">
    <p class='ocr_par' dir='ltr' id='par_1_8' title="bbox 682 3087 2082 3534">
     <span class='ocr_line' id='line_1_20' title="bbox 786 3087 2052 3182; baseline -0.006 -21"><span class='ocrx_word' id='word_1_152' title='bbox 786 3090 929 3161; x_wconf 88' lang='lat' dir='ltr'><strong>Domine</strong></span> <span class='ocrx_word' id='word_1_153' title='bbox 954 3088 1048 3160; x_wconf 90' lang='lat' dir='ltr'><strong>Deus</strong></span> <span class='ocrx_word' id='word_1_154' title='bbox 1076 3089 1302 3182; x_wconf 88' lang='lat' dir='ltr'><strong>omnipotens,</strong></span> <span class='ocrx_word' id='word_1_155' title='bbox 1337 3109 1460 3182; x_wconf 87' lang='lat' dir='ltr'><strong>precor</strong></span> <span class='ocrx_word' id='word_1_156' title='bbox 1494 3092 1657 3161; x_wconf 88' lang='lat' dir='ltr'><strong>miserere</strong></span> <span class='ocrx_word' id='word_1_157' title='bbox 1689 3090 1754 3159; x_wconf 91' lang='lat' dir='ltr'><strong>mei</strong></span> <span class='ocrx_word' id='word_1_158' title='bbox 1787 3087 1857 3158; x_wconf 91' lang='lat' dir='ltr'><strong>hoc</strong></span> <span class='ocrx_word' id='word_1_159' title='bbox 1892 3095 2052 3181; x_wconf 82' lang='lat' dir='ltr'><strong>tempore3</strong></span> 
     </span>
     <span class='ocr_line' id='line_1_21' title="bbox 684 3197 2082 3302; baseline -0.001 -23"><span class='ocrx_word' id='word_1_160' title='bbox 684 3207 873 3302; x_wconf 81' lang='lat' dir='ltr'><strong>aperiantur</strong></span> <span class='ocrx_word' id='word_1_161' title='bbox 899 3203 1072 3279; x_wconf 90' lang='lat' dir='ltr'><strong>coelorum</strong></span> <span class='ocrx_word' id='word_1_162' title='bbox 1098 3205 1195 3291; x_wconf 88' lang='lat' dir='ltr'><strong>ostia,</strong></span> <span class='ocrx_word' id='word_1_163' title='bbox 1223 3215 1257 3276; x_wconf 91' lang='lat' dir='ltr'><strong>et</strong></span> <span class='ocrx_word' id='word_1_164' title='bbox 1282 3207 1397 3276; x_wconf 88' lang='lat' dir='ltr'><strong>veniat</strong></span> <span class='ocrx_word' id='word_1_165' title='bbox 1423 3205 1566 3301; x_wconf 87' lang='lat' dir='ltr'><strong>Spiritus</strong></span> <span class='ocrx_word' id='word_1_166' title='bbox 1591 3215 1738 3293; x_wconf 88' lang='lat' dir='ltr'><strong>sauctus,</strong></span> <span class='ocrx_word' id='word_1_167' title='bbox 1764 3197 2082 3277; x_wconf 85' lang='lat' dir='ltr'><strong>consubstantialis.</strong></span> 
     </span>
     <span class='ocr_line' id='line_1_22' title="bbox 682 3318 2053 3417; baseline -0.007 -23"><span class='ocrx_word' id='word_1_168' title='bbox 682 3320 759 3409; x_wconf 89' lang='lat' dir='ltr'><strong>tibi,</strong></span> <span class='ocrx_word' id='word_1_169' title='bbox 795 3330 829 3393; x_wconf 90' lang='lat' dir='ltr'><strong>et</strong></span> <span class='ocrx_word' id='word_1_170' title='bbox 861 3322 1031 3413; x_wconf 84' lang='lat' dir='ltr'><strong>unigenito</strong></span> <span class='ocrx_word' id='word_1_171' title='bbox 1058 3319 1144 3393; x_wconf 88' lang='lat' dir='ltr'><strong>Filio</strong></span> <span class='ocrx_word' id='word_1_172' title='bbox 1180 3330 1254 3393; x_wconf 88' lang='lat' dir='ltr'><strong>tuo:</strong></span> <span class='ocrx_word' id='word_1_173' title='bbox 1289 3318 1557 3417; x_wconf 85' lang='lat' dir='ltr'><strong>descendatque,</strong></span> <span class='ocrx_word' id='word_1_174' title='bbox 1590 3319 1761 3408; x_wconf 89' lang='lat' dir='ltr'><strong>illabatur,</strong></span> <span class='ocrx_word' id='word_1_175' title='bbox 1800 3329 1837 3391; x_wconf 84' lang='lat' dir='ltr'><strong>ct</strong></span> <span class='ocrx_word' id='word_1_176' title='bbox 1869 3320 2053 3414; x_wconf 87' lang='lat' dir='ltr'><strong>requiescat</strong></span> 
     </span>
     <span class='ocr_line' id='line_1_23' title="bbox 684 3434 1996 3534; baseline -0.006 -23"><span class='ocrx_word' id='word_1_177' title='bbox 684 3460 786 3533; x_wconf 89' lang='lat' dir='ltr'><strong>super</strong></span> <span class='ocrx_word' id='word_1_178' title='bbox 811 3459 891 3527; x_wconf 90' lang='lat' dir='ltr'><strong>nos,</strong></span> <span class='ocrx_word' id='word_1_179' title='bbox 919 3447 954 3508; x_wconf 91' lang='lat' dir='ltr'><strong>et</strong></span> <span class='ocrx_word' id='word_1_180' title='bbox 979 3457 1081 3532; x_wconf 90' lang='lat' dir='ltr'><strong>super</strong></span> <span class='ocrx_word' id='word_1_181' title='bbox 1108 3434 1295 3508; x_wconf 90' lang='lat' dir='ltr'><strong>oblationes</strong></span> <span class='ocrx_word' id='word_1_182' title='bbox 1321 3435 1382 3511; x_wconf 90' lang='lat' dir='ltr'><strong>bas</strong></span> <span class='ocrx_word' id='word_1_183' title='bbox 1408 3442 1613 3534; x_wconf 91' lang='lat' dir='ltr'><strong>propositas,</strong></span> <span class='ocrx_word' id='word_1_184' title='bbox 1639 3446 1674 3510; x_wconf 90' lang='lat' dir='ltr'><strong>et</strong></span> <span class='ocrx_word' id='word_1_185' title='bbox 1698 3444 1900 3509; x_wconf 86' lang='lat' dir='ltr'><strong>transmutet</strong></span> <span class='ocrx_word' id='word_1_186' title='bbox 1927 3457 1996 3507; x_wconf 89' lang='lat' dir='ltr'><strong>eas.</strong></span> 
     </span>
    </p>

    <p class='ocr_par' dir='ltr' id='par_1_9' title="bbox 787 3553 1721 3627">
     <span class='ocr_line' id='line_1_24' title="bbox 787 3553 1721 3627; baseline -0.003 -2"><span class='ocrx_word' id='word_1_187' title='bbox 787 3553 964 3626; x_wconf 81' lang='lat' dir='ltr'><strong>Sacerdos</strong></span> <span class='ocrx_word' id='word_1_188' title='bbox 990 3553 1126 3623; x_wconf 78' lang='lat' dir='ltr'><strong>eternus</strong></span> <span class='ocrx_word' id='word_1_189' title='bbox 1151 3574 1277 3623; x_wconf 80' lang='lat' dir='ltr'><strong>vocem.</strong></span> <span class='ocrx_word' id='word_1_190' title='bbox 1329 3553 1461 3626; x_wconf 84' lang='lat' dir='ltr'><strong>Exaudi</strong></span> <span class='ocrx_word' id='word_1_191' title='bbox 1489 3577 1542 3626; x_wconf 88' lang='lat' dir='ltr'><strong>me</strong></span> <span class='ocrx_word' id='word_1_192' title='bbox 1568 3553 1721 3627; x_wconf 88' lang='lat' dir='ltr'><strong>Domine.</strong></span> 
     </span>
    </p>

    <p class='ocr_par' dir='ltr' id='par_1_10' title="bbox 787 3667 1925 3766">
     <span class='ocr_line' id='line_1_25' title="bbox 787 3667 1925 3766; baseline -0.004 -23"><span class='ocrx_word' id='word_1_193' title='bbox 787 3671 949 3764; x_wconf 80' lang='lat' dir='ltr'><strong>Populus.</strong></span> <span class='ocrx_word' id='word_1_194' title='bbox 1002 3668 1108 3765; x_wconf 78' lang='lat' dir='ltr'><strong>llyrie</strong></span> <span class='ocrx_word' id='word_1_195' title='bbox 1135 3667 1270 3742; x_wconf 90' lang='lat' dir='ltr'><strong>eleison.</strong></span> <span class='ocrx_word' id='word_1_196' title='bbox 1323 3669 1429 3766; x_wconf 82' lang='lat' dir='ltr'><strong>llyrie</strong></span> <span class='ocrx_word' id='word_1_197' title='bbox 1455 3671 1593 3744; x_wconf 91' lang='lat' dir='ltr'><strong>eleison.</strong></span> <span class='ocrx_word' id='word_1_198' title='bbox 1645 3669 1751 3765; x_wconf 73' lang='lat' dir='ltr'><strong>llyrie</strong></span> <span class='ocrx_word' id='word_1_199' title='bbox 1779 3667 1925 3741; x_wconf 87' lang='lat' dir='ltr'><strong>eleison.</strong></span> 
     </span>
    </p>

    <p class='ocr_par' dir='ltr' id='par_1_11' title="bbox 684 3764 2056 4000">
     <span class='ocr_line' id='line_1_26' title="bbox 787 3764 2056 3883; baseline -0.003 -25"><span class='ocrx_word' id='word_1_200' title='bbox 787 3786 972 3859; x_wconf 86' lang='lat' dir='ltr'><strong>Sacerdos.</strong></span> <span class='ocrx_word' id='word_1_201' title='bbox 1030 3785 1074 3857; x_wconf 85' lang='lat' dir='ltr'><strong>Et</strong></span> <span class='ocrx_word' id='word_1_202' title='bbox 1106 3764 1264 3858; x_wconf 67' lang='lat' dir='ltr'><strong>enbibeat</strong></span> <span class='ocrx_word' id='word_1_203' title='bbox 1297 3809 1418 3882; x_wconf 88' lang='lat' dir='ltr'><strong>panem</strong></span> <span class='ocrx_word' id='word_1_204' title='bbox 1454 3786 1585 3883; x_wconf 90' lang='lat' dir='ltr'><strong>quidem</strong></span> <span class='ocrx_word' id='word_1_205' title='bbox 1625 3788 1743 3878; x_wconf 64' lang='lat' dir='ltr'><strong>istum</strong></span> <span class='ocrx_word' id='word_1_206' title='bbox 1786 3806 1918 3881; x_wconf 84' lang='lat' dir='ltr'><strong>corpus</strong></span> <span class='ocrx_word' id='word_1_207' title='bbox 1958 3787 2056 3879; x_wconf 87' lang='lat' dir='ltr'><strong>ipsun</strong></span> 
     </span>
     <span class='ocr_line' id='line_1_27' title="bbox 684 3901 1426 4000; baseline -0.001 -26"><span class='ocrx_word' id='word_1_208' title='bbox 684 3907 866 4000; x_wconf 86' lang='lat' dir='ltr'><strong>pretiosum</strong></span> <span class='ocrx_word' id='word_1_209' title='bbox 892 3905 1027 3977; x_wconf 91' lang='lat' dir='ltr'><strong>Domini</strong></span> <span class='ocrx_word' id='word_1_210' title='bbox 1052 3906 1158 3976; x_wconf 91' lang='lat' dir='ltr'><strong>nostri</strong></span> <span class='ocrx_word' id='word_1_211' title='bbox 1184 3903 1268 3975; x_wconf 85' lang='lat' dir='ltr'><strong>lesu</strong></span> <span class='ocrx_word' id='word_1_212' title='bbox 1295 3901 1426 3976; x_wconf 84' lang='lat' dir='ltr'><strong>Christi.</strong></span> 
     </span>
    </p>

    <p class='ocr_par' dir='ltr' id='par_1_12' title="bbox 789 4019 1123 4112">
     <span class='ocr_line' id='line_1_28' title="bbox 789 4019 1123 4112; baseline 0 -22"><span class='ocrx_word' id='word_1_213' title='bbox 789 4019 951 4112; x_wconf 81' lang='lat' dir='ltr'><strong>Populus.</strong></span> <span class='ocrx_word' id='word_1_214' title='bbox 1003 4022 1123 4093; x_wconf 85' lang='lat' dir='ltr'><strong>Amen.</strong></span> 
     </span>
    </p>

    <p class='ocr_par' dir='ltr' id='par_1_13' title="bbox 685 4128 2056 4325">
     <span class='ocr_line' id='line_1_29' title="bbox 788 4128 2056 4232; baseline -0.003 -26"><span class='ocrx_word' id='word_1_215' title='bbox 788 4134 973 4207; x_wconf 78' lang='lat' dir='ltr'><strong>Sacerdos.</strong></span> <span class='ocrx_word' id='word_1_216' title='bbox 1027 4134 1071 4208; x_wconf 82' lang='lat' dir='ltr'><strong>Et</strong></span> <span class='ocrx_word' id='word_1_217' title='bbox 1104 4134 1244 4208; x_wconf 87' lang='lat' dir='ltr'><strong>calicem</strong></span> <span class='ocrx_word' id='word_1_218' title='bbox 1269 4135 1374 4224; x_wconf 85' lang='lat' dir='ltr'><strong>buno,</strong></span> <span class='ocrx_word' id='word_1_219' title='bbox 1408 4140 1516 4232; x_wconf 91' lang='lat' dir='ltr'><strong>ipsum</strong></span> <span class='ocrx_word' id='word_1_220' title='bbox 1551 4137 1748 4226; x_wconf 79' lang='lat' dir='ltr'><strong>sanguinem</strong></span> <span class='ocrx_word' id='word_1_221' title='bbox 1782 4137 1907 4205; x_wconf 91' lang='lat' dir='ltr'><strong>vivum</strong></span> <span class='ocrx_word' id='word_1_222' title='bbox 1933 4128 2056 4204; x_wconf 89' lang='lat' dir='ltr'><strong>Domini</strong></span> 
     </span>
     <span class='ocr_line' id='line_1_30' title="bbox 685 4249 1061 4325; baseline -0.003 -2"><span class='ocrx_word' id='word_1_223' title='bbox 685 4255 791 4325; x_wconf 89' lang='lat' dir='ltr'><strong>nostri</strong></span> <span class='ocrx_word' id='word_1_224' title='bbox 817 4250 899 4323; x_wconf 85' lang='lat' dir='ltr'><strong>lesu</strong></span> <span class='ocrx_word' id='word_1_225' title='bbox 928 4249 1061 4324; x_wconf 84' lang='lat' dir='ltr'><strong>Gbristi.</strong></span> 
     </span>
    </p>

    <p class='ocr_par' dir='ltr' id='par_1_14' title="bbox 790 4366 1125 4461">
     <span class='ocr_line' id='line_1_31' title="bbox 790 4366 1125 4461; baseline 0.006 -23"><span class='ocrx_word' id='word_1_226' title='bbox 790 4366 952 4461; x_wconf 75' lang='lat' dir='ltr'><strong>Populea.</strong></span> <span class='ocrx_word' id='word_1_227' title='bbox 1004 4370 1125 4443; x_wconf 91' lang='lat' dir='ltr'><strong>Amen.</strong></span> 
     </span>
    </p>

    <p class='ocr_par' dir='ltr' id='par_1_15' title="bbox 685 4482 2058 4929">
     <span class='ocr_line' id='line_1_32' title="bbox 790 4482 2057 4582; baseline -0.001 -27"><span class='ocrx_word' id='word_1_228' title='bbox 790 4483 975 4557; x_wconf 77' lang='lat' dir='ltr'><strong>Sacerdos.</strong></span> <span class='ocrx_word' id='word_1_229' title='bbox 1028 4482 1073 4556; x_wconf 68' lang='grc' dir='ltr'><strong>Εἰ</strong></span> <span class='ocrx_word' id='word_1_230' title='bbox 1097 4484 1201 4557; x_wconf 85' lang='lat' dir='ltr'><strong>iaciat</strong></span> <span class='ocrx_word' id='word_1_231' title='bbox 1231 4487 1245 4522; x_wconf 88' lang='lat'><strong>⁴</strong></span> <span class='ocrx_word' id='word_1_232' title='bbox 1272 4495 1446 4580; x_wconf 87' lang='lat' dir='ltr'><strong>utrumque</strong></span> <span class='ocrx_word' id='word_1_233' title='bbox 1477 4508 1576 4558; x_wconf 89' lang='lat' dir='ltr'><strong>unum</strong></span> <span class='ocrx_word' id='word_1_234' title='bbox 1609 4507 1750 4582; x_wconf 72' lang='lat' dir='ltr'><strong>respue,</strong></span> <span class='ocrx_word' id='word_1_235' title='bbox 1784 4493 1818 4555; x_wconf 89' lang='lat' dir='ltr'><strong>et</strong></span> <span class='ocrx_word' id='word_1_236' title='bbox 1853 4486 2057 4574; x_wconf 81' lang='lat' dir='ltr'><strong>sanguinem,</strong></span> 
     </span>
     <span class='ocr_line' id='line_1_33' title="bbox 685 4598 2056 4698; baseline -0.007 -24"><span class='ocrx_word' id='word_1_237' title='bbox 685 4624 786 4674; x_wconf 90' lang='lat' dir='ltr'><strong>unum</strong></span> <span class='ocrx_word' id='word_1_238' title='bbox 813 4610 963 4673; x_wconf 89' lang='lat' dir='ltr'><strong>sanctum</strong></span> <span class='ocrx_word' id='word_1_239' title='bbox 990 4601 1132 4696; x_wconf 86' lang='lat' dir='ltr'><strong>aequale</strong></span> <span class='ocrx_word' id='word_1_240' title='bbox 1159 4611 1192 4673; x_wconf 89' lang='lat' dir='ltr'><strong>at</strong></span> <span class='ocrx_word' id='word_1_241' title='bbox 1217 4604 1405 4698; x_wconf 76' lang='lat' dir='ltr'><strong>mysticum,</strong></span> <span class='ocrx_word' id='word_1_242' title='bbox 1431 4613 1468 4674; x_wconf 91' lang='lat' dir='ltr'><strong>ut</strong></span> <span class='ocrx_word' id='word_1_243' title='bbox 1493 4604 1700 4675; x_wconf 89' lang='lat' dir='ltr'><strong>commistum</strong></span> <span class='ocrx_word' id='word_1_244' title='bbox 1713 4598 1893 4673; x_wconf 88' lang='lat' dir='ltr'><strong>animabus</strong></span> <span class='ocrx_word' id='word_1_245' title='bbox 1921 4607 1956 4671; x_wconf 91' lang='lat' dir='ltr'><strong>et</strong></span> <span class='ocrx_word' id='word_1_246' title='bbox 1981 4615 2056 4667; x_wconf 90' lang='lat' dir='ltr'><strong>cor-</strong></span> 
     </span>
     <span class='ocr_line' id='line_1_34' title="bbox 686 4716 2056 4814; baseline -0.005 -24"><span class='ocrx_word' id='word_1_247' title='bbox 686 4717 824 4814; x_wconf 89' lang='lat' dir='ltr'><strong>poribus</strong></span> <span class='ocrx_word' id='word_1_248' title='bbox 850 4721 987 4806; x_wconf 79' lang='lat' dir='ltr'><strong>nostris,</strong></span> <span class='ocrx_word' id='word_1_249' title='bbox 1015 4722 1058 4791; x_wconf 91' lang='lat' dir='ltr'><strong>sit</strong></span> <span class='ocrx_word' id='word_1_250' title='bbox 1082 4716 1192 4807; x_wconf 85' lang='lat' dir='ltr'><strong>nobis,</strong></span> <span class='ocrx_word' id='word_1_251' title='bbox 1219 4728 1254 4790; x_wconf 92' lang='lat' dir='ltr'><strong>et</strong></span> <span class='ocrx_word' id='word_1_252' title='bbox 1278 4717 1358 4791; x_wconf 91' lang='lat' dir='ltr'><strong>illud</strong></span> <span class='ocrx_word' id='word_1_253' title='bbox 1384 4716 1636 4813; x_wconf 90' lang='lat' dir='ltr'><strong>accipientibus,</strong></span> <span class='ocrx_word' id='word_1_254' title='bbox 1663 4720 1933 4810; x_wconf 82' lang='lat' dir='ltr'><strong>inaugmentum</strong></span> <span class='ocrx_word' id='word_1_255' title='bbox 1960 4732 2056 4784; x_wconf 84' lang='lat' dir='ltr'><strong>verae</strong></span> 
     </span>
     <span class='ocr_line' id='line_1_35' title="bbox 687 4824 2058 4929; baseline -0.004 -25"><span class='ocrx_word' id='word_1_256' title='bbox 687 4837 720 4905; x_wconf 90' lang='lat' dir='ltr'><strong>in</strong></span> <span class='ocrx_word' id='word_1_257' title='bbox 747 4843 781 4904; x_wconf 86' lang='lat' dir='ltr'><strong>te</strong></span> <span class='ocrx_word' id='word_1_258' title='bbox 811 4824 905 4922; x_wconf 81' lang='lat' dir='ltr'><strong>lidei3</strong></span> <span class='ocrx_word' id='word_1_259' title='bbox 937 4844 971 4905; x_wconf 92' lang='lat' dir='ltr'><strong>et</strong></span> <span class='ocrx_word' id='word_1_260' title='bbox 997 4837 1030 4906; x_wconf 92' lang='lat' dir='ltr'><strong>in</strong></span> <span class='ocrx_word' id='word_1_261' title='bbox 1063 4834 1307 4908; x_wconf 89' lang='lat' dir='ltr'><strong>abstersionem</strong></span> <span class='ocrx_word' id='word_1_262' title='bbox 1340 4833 1543 4907; x_wconf 89' lang='lat' dir='ltr'><strong>macularum</strong></span> <span class='ocrx_word' id='word_1_263' title='bbox 1577 4837 1730 4907; x_wconf 88' lang='lat' dir='ltr'><strong>omnium.</strong></span> <span class='ocrx_word' id='word_1_264' title='bbox 1783 4833 1980 4929; x_wconf 80' lang='lat' dir='ltr'><strong>Expientur</strong></span> <span class='ocrx_word' id='word_1_265' title='bbox 2003 4848 2058 4923; x_wconf 88' lang='lat' dir='ltr'><strong>per</strong></span> 
     </span>
    </p>
   </div>
   <div class='ocr_carea' id='block_1_5' title="bbox 685 4938 2056 5165">
    <p class='ocr_par' dir='ltr' id='par_1_16' title="bbox 685 4938 2056 5165">
     <span class='ocr_line' id='line_1_36' title="bbox 685 4938 2056 5048; baseline -0.005 -27"><span class='ocrx_word' id='word_1_266' title='bbox 685 4949 765 5021; x_wconf 91' lang='lat' dir='ltr'><strong>illud</strong></span> <span class='ocrx_word' id='word_1_267' title='bbox 791 4938 1000 5047; x_wconf 79' lang='lat' dir='ltr'><strong>peccatores,</strong></span> <span class='ocrx_word' id='word_1_268' title='bbox 1030 4951 1276 5024; x_wconf 87' lang='lat' dir='ltr'><strong>sanctificentur</strong></span> <span class='ocrx_word' id='word_1_269' title='bbox 1301 4974 1363 5047; x_wconf 89' lang='lat' dir='ltr'><strong>per</strong></span> <span class='ocrx_word' id='word_1_270' title='bbox 1389 4951 1468 5023; x_wconf 92' lang='lat' dir='ltr'><strong>illud</strong></span> <span class='ocrx_word' id='word_1_271' title='bbox 1490 4956 1722 5048; x_wconf 88' lang='lat' dir='ltr'><strong>poenitentes,</strong></span> <span class='ocrx_word' id='word_1_272' title='bbox 1754 4951 1981 5044; x_wconf 86' lang='lat' dir='ltr'><strong>justificentur</strong></span> <span class='ocrx_word' id='word_1_273' title='bbox 2004 4963 2056 5039; x_wconf 83' lang='lat' dir='ltr'><strong>prr</strong></span> 
     </span>
     <span class='ocr_line' id='line_1_37' title="bbox 686 5060 2055 5165; baseline -0.004 -28"><span class='ocrx_word' id='word_1_274' title='bbox 686 5064 766 5137; x_wconf 91' lang='lat' dir='ltr'><strong>illud</strong></span> <span class='ocrx_word' id='word_1_275' title='bbox 793 5071 848 5162; x_wconf 89' lang='lat' dir='ltr'><strong>qui</strong></span> <span class='ocrx_word' id='word_1_276' title='bbox 874 5070 1070 5164; x_wconf 88' lang='lat' dir='ltr'><strong>insipienter</strong></span> <span class='ocrx_word' id='word_1_277' title='bbox 1096 5079 1252 5162; x_wconf 86' lang='lat' dir='ltr'><strong>egenmt,</strong></span> <span class='ocrx_word' id='word_1_278' title='bbox 1287 5079 1526 5143; x_wconf 90' lang='lat' dir='ltr'><strong>convertantur</strong></span> <span class='ocrx_word' id='word_1_279' title='bbox 1550 5091 1612 5165; x_wconf 90' lang='lat' dir='ltr'><strong>per</strong></span> <span class='ocrx_word' id='word_1_280' title='bbox 1638 5068 1718 5142; x_wconf 94' lang='lat' dir='ltr'><strong>illud</strong></span> <span class='ocrx_word' id='word_1_281' title='bbox 1743 5060 1911 5157; x_wconf 81' lang='lat' dir='ltr'><strong>errantes,</strong></span> <span class='ocrx_word' id='word_1_282' title='bbox 1939 5083 2055 5136; x_wconf 87' lang='lat' dir='ltr'><strong>recou-</strong></span> 
     </span>
    </p>
   </div>
   <div class='ocr_carea' id='block_1_6' title="bbox 0 0 2276 6034">
    <p class='ocr_par' dir='ltr' id='par_1_17' title="bbox 0 0 2276 6034">
     <span class='ocr_line' id='line_1_38' title="bbox 0 0 2276 6034; baseline 0 0"><span class='ocrx_word' id='word_1_283' title='bbox 0 0 2276 6034; x_wconf 95' lang='lat' dir='ltr'><strong> </strong></span> 
     </span>
    </p>
   </div>
  </div>
 </body>
</html>
