4525 6034
526 611 556 687 S.
583 606 786 686 loannis
817 603 1190 684 utanauttstau.
1468 610 1540 685 165

284 795 464 869 Sacerdos.
497 795 849 869 commemorationem
866 794 1119 890 dispensationis
1147 802 1223 866 tuae
1242 795 1394 870 salutaris
1408 795 1543 870 facien-

191 924 254 1000 tes,
279 911 409 986 Christe
434 913 527 986 Deus
554 922 688 1001 noster,
713 911 925 1006 imploramus
952 921 986 982 et
999 905 1217 1005 deprecamur
1233 912 1414 986 bonitatem
1440 926 1543 1005 mam,

188 1039 221 1101 ut
244 1051 313 1100 cum
339 1033 457 1102 venies
484 1032 517 1101 in
544 1029 652 1123 gloria
678 1050 752 1100 cum
762 1027 904 1120 Angelis
932 1030 995 1099 tuis
1011 1029 1147 1116 sanctis,
1175 1036 1209 1099 et
1236 1033 1416 1104 constitues
1442 1031 1544 1104 thr0··

187 1167 256 1216 num
288 1144 417 1237 gloriae
449 1155 545 1236 tuae,
575 1147 830 1241 praecipiesqua
863 1154 995 1232 terrae,
1027 1154 1062 1215 ut
1092 1145 1200 1239 pariat
1226 1166 1341 1218 omnes
1369 1145 1544 1221 defunctos

187 1259 226 1332 ad
250 1261 398 1334 standum
424 1284 537 1335 coram
563 1271 597 1333 te
623 1264 656 1332 in
683 1265 800 1331 timore
827 1270 862 1332 et
886 1271 1047 1332 tremore:
1074 1281 1149 1330 cum
1176 1259 1356 1335 collocabis
1375 1285 1482 1355 agnos
1500 1263 1543 1337 ad

188 1375 355 1448 dexteram
381 1389 470 1450 tuam
496 1387 530 1448 et
555 1375 683 1449 hoedos
710 1376 752 1447 ad
777 1380 942 1448 sinistram
969 1385 1073 1464 uam,
1100 1386 1134 1447 ct
1160 1381 1383 1475 unusquisque
1409 1402 1542 1475 exspe-

186 1490 282 1564 ctabit
313 1488 555 1589 competentem
590 1491 654 1566 sibi
684 1491 952 1581 retributionem,
987 1502 1020 1563 et
1051 1489 1234 1566 habitacula
1270 1495 1331 1568 sibi
1365 1495 1543 1569 destinata:

187 1629 227 1678 nc
250 1608 393 1681 Domine
419 1611 588 1682 audiamus
614 1631 636 1680 a
661 1619 694 1680 te
719 1630 839 1680 vocem
865 1606 953 1679 illam
979 1607 1153 1699 acerbam,
1189 1620 1222 1681 et
1253 1611 1472 1685 mortiferam:
1498 1635 1544 1684 ne

185 1722 271 1796 dicim
295 1723 414 1812 nobis',
439 1727 600 1814 Domine,
626 1724 774 1797 recedita
801 1749 820 1797 a
846 1748 901 1796 me
927 1723 1107 1811 maledicti,
1138 1723 1226 1798 abite
1252 1729 1284 1797 in
1311 1732 1438 1820 ignem,
1465 1732 1542 1824 qnia

184 1861 246 1931 ego
271 1862 340 1914 non
364 1843 444 1912 novi
475 1863 550 1914 vos.
602 1841 671 1928 Ne,
703 1843 862 1931 Domine,
895 1843 996 1913 simus
1028 1838 1126 1912 alieni
1163 1865 1182 1912 a
1217 1840 1438 1916 familiaritate
1471 1855 1542 1917 tua:

183 1977 224 2026 ne
249 1965 402 2042 avertas,
428 1956 592 2046 Domina,
618 1957 736 2029 faciem
757 1968 845 2028 tuam
872 1981 892 2027 a
917 1954 1032 2028 nobis:
1058 1959 1272 2051 neaspicias,
1299 1960 1452 2048 Domine,
1477 1982 1543 2033 nos

182 2071 389 2163 indignanter
414 2077 448 2144 in
474 2077 537 2146 ira:
563 2096 623 2161 ne,
650 2075 809 2161 Domine,
837 2073 1018 2144 ascendant
1043 2084 1184 2167 peccata
1211 2084 1245 2145 et
1271 2077 1406 2147 crimina
1429 2087 1544 2148 nostm

184 2190 215 2257 in
249 2209 312 2259 cor
344 2198 433 2261 tuum
467 2199 633 2262 sanctum:
671 2212 733 2276 ne,
771 2189 928 2277 Domine,
962 2192 1064 2261 intres
1097 2191 1130 2260 in
1165 2190 1321 2283 judicium
1352 2190 1543 2265 uobiscum:

181 2324 285 2399 neque
315 2326 399 2396 agas
425 2327 507 2398 erga
534 2328 615 2394 nos,
642 2317 796 2401 tanquam
824 2327 994 2398 argaeos
1022 2327 1160 2401 quorum
1193 2329 1271 2404 spes
1297 2310 1450 2403 praecisa
1478 2318 1544 2381 est:

181 2441 286 2515 neque
315 2420 472 2493 ultionem
496 2419 603 2494 facias
630 2421 671 2493 de
698 2420 816 2511 nobis,
842 2425 936 2517 quasi
963 2425 1111 2494 inimicis.
1165 2422 1241 2494 Non
1274 2432 1425 2518 tanquam
1454 2422 1544 2496 alie-

181 2557 240 2609 nos
266 2536 414 2633 repellas
439 2558 521 2609 nos:
548 2560 592 2610 ne
616 2541 775 2634 projicias
801 2560 876 2627 nos,
902 2540 1055 2628 Domine,
1083 2537 1208 2611 afacic
1235 2550 1310 2638 tua,
1341 2542 1396 2635 qui
1421 2563 1544 2614 nomen

181 2661 267 2724 tuum
294 2661 445 2725 sanctam
473 2656 711 2745 cognovimus,
738 2664 772 2725 et
798 2652 1000 2726 divinitatem
1027 2665 1114 2726 tuam
1142 2653 1289 2729 comessi
1316 2677 1438 2729 sumus.
1475 2655 1544 2729 Sed

180 2765 231 2839 fac
264 2767 440 2841 nobiscum
473 2768 651 2841 secundum
683 2773 922 2865 promissiones
956 2781 1029 2843 tuas
1062 2793 1182 2860 veras,
1221 2780 1257 2843 et
1286 2794 1353 2845 non
1386 2770 1543 2843 fallaces:

184 2882 310 2955 dimitte
337 2884 454 2956 delicta
479 2893 614 2973 nostra,
640 2889 800 2982 propitius
828 2896 900 2960 esto
926 2890 1239 2981 peccatisnostris:
1267 2898 1301 2960 et
1325 2887 1381 2960 fac
1406 2888 1544 2958 miseri-

181 2999 328 3074 cordiam
355 3023 456 3098 super
481 2998 717 3073 haereditatem
744 3012 844 3091 tuam,
872 3013 904 3074 et
923 3025 1024 3099 super
1038 3026 1123 3076 oves
1142 3026 1288 3099 pascuae
1307 3015 1394 3094 tuae,
1421 3025 1543 3098 quem·

180 3114 355 3188 admodum
381 3122 554 3213 poenitens
579 3116 735 3191 Ecclesia
762 3129 817 3190 tua
845 3118 1008 3215 supplicat
1033 3120 1107 3210 tibi,
1143 3132 1177 3193 et
1209 3132 1316 3193 tecam
1351 3122 1440 3193 Patri
1473 3130 1544 3211 tuo,

182 3231 305 3305 boens.

282 3349 445 3443 Populos.
471 3351 634 3425 Miserere
660 3355 775 3426 nostri.

282 3465 467 3538 Sacerdos.
494 3469 566 3542 Nos
594 3491 734 3563 quoque.

286 3582 448 3675 Populus.
475 3585 526 3656 Te
551 3583 732 3656 laudamus.

283 3695 467 3771 Sacerdos.
495 3700 688 3797 Praecipue.

280 3813 469 3886 Diaconos.
497 3816 604 3902 Quam
631 3814 774 3888 timenda
800 3826 852 3887 est
877 3814 961 3887 baec
987 3813 1084 3910 hora,
1111 3827 1174 3889 etc.

282 3930 458 4003 Sacerdos
483 3933 673 4005 inclinatas.
699 3934 842 4005 Domine
869 3930 1029 4020 clemens,
1063 3943 1096 4005 et
1130 3934 1251 4006 multae
1283 3929 1543 4024 misericordiae,

176 4050 449 4139 misereremei,
477 4060 519 4120 et*
536 4054 640 4146 mitte,
654 4071 756 4146 super
781 4071 835 4121 mc
862 4058 895 4120 et
921 4071 1021 4144 super
1053 4048 1238 4123 oblationes
1265 4055 1359 4141 istas,
1386 4050 1542 4145 Spiritum

176 4167 294 4235 vivum
307 4173 342 4234 et
358 4176 524 4256 sanctim,
551 4167 783 4253 vivificantem,
812 4176 844 4236 et
863 4168 972 4237 omnia
988 4167 1258 4256 sanctificantem,
1284 4166 1543 4261 largitoremque

178 4282 378 4352 sanctitatis:
414 4285 519 4378 ipsum
556 4286 609 4379 qni
645 4286 679 4354 iu
702 4282 875 4378 Prophetis
902 4285 1025 4354 sanctis
1052 4281 1181 4354 locutus
1209 4293 1271 4373 est,
1299 4295 1332 4356 et
1356 4281 1542 4380 Apostolos

177 4405 336 4482 sanctos,
362 4409 594 4496 martyresque
619 4404 810 4473 coronavit:
836 4403 974 4495 ipseque
1000 4397 1151 4471 illabatur
1177 4400 1381 4497 superhaec
1406 4411 1541 4496 myste-

177 4516 228 4583 ria
258 4522 293 4583 et
319 4514 500 4588 sanctificat
525 4515 589 4587 illa.

284 4628 445 4723 Populos.
471 4633 603 4705 Exaudi
630 4657 702 4722 me,
728 4633 878 4707 Domina.
1447 4707 1449 4718 ,

283 4744 458 4821 Sacerdos
492 4750 628 4821 eleemos
660 4772 784 4823 ccccm.
820 4749 864 4822 Ut
903 4748 1058 4838 illabens,
1102 4750 1220 4824 efficiat
1255 4773 1375 4847 panem
1412 4748 1542 4845 quidem

178 4864 298 4951 istum,
325 4884 447 4959 corpus
475 4865 596 4940 Christi
621 4868 685 4939 Dei
711 4870 827 4940 nostri.

285 4978 445 5072 Populus.
471 4983 590 5054 Amen.

286 5093 469 5170 Sacerdos.
495 5096 540 5169 llt
565 5098 702 5172 calicem
727 5103 845 5191 iatum,
873 5102 1066 5193 sanguinem
1093 5099 1216 5174 Christi
1241 5098 1305 5170 Dei
1330 5101 1444 5171 nosci.

1265 5216 1317 5292 24
1330 5216 1348 5252 ⁴*
