4525 6034
685 587 750 660 XII
1186 588 1565 666 ulssuurnrlo

788 774 982 847 Orationem
1009 773 1206 845 dominicam
1231 777 1386 864 recitari,
1413 778 1637 851 vetustissima
1656 799 1788 872 quoque
1806 778 1979 875 disciphna
1992 791 2057 870 est,

682 887 804 984 ubique
832 889 1022 963 observata.

784 1022 838 1093 De
865 1022 1061 1095 adoratione
1086 1019 1332 1113 Eucharistiae,
1368 1047 1442 1095 cum
1476 1026 1732 1119 expressissima
1768 1026 1834 1097 sint
1865 1035 2057 1097 sanctorum

680 1137 815 1208 Patrum
841 1141 1050 1229 testimonia,
1076 1136 1217 1209 dubitari
1242 1160 1310 1209 non
1335 1149 1467 1235 potest,
1495 1143 1623 1215 etiamsi
1648 1143 1731 1212 ritus
1758 1140 1965 1232 singulares,
1991 1163 2056 1211 se-

682 1252 823 1323 cundum
863 1276 947 1346 quos
982 1252 1101 1343 fiebat,
1139 1275 1207 1324 non
1248 1252 1440 1325 habeamus.
1493 1254 1580 1326 Nam
1616 1255 1705 1350 quod
1738 1254 1904 1327 elevatam
1945 1260 2056 1328 statim
2159 1332 2167 1346 ‚

679 1365 785 1437 fuisse
823 1366 1081 1457 Eucharistiem,
1124 1377 1203 1463 post
1239 1373 1448 1463 pronuntiata
1485 1368 1606 1441 Christi
1640 1369 1768 1459 verba,
1803 1381 1839 1441 ut
1872 1370 1959 1464 apud
1991 1392 2055 1443 nos

679 1479 753 1551 heri
779 1503 799 1551 a
826 1482 935 1553 multis
968 1481 1109 1554 saeculis
1146 1482 1250 1571 solet,
1288 1483 1420 1576 quidam
1454 1506 1499 1555 ex
1525 1485 1639 1557 Basilii
1671 1485 1786 1556 verbis
1813 1507 1913 1579 supra
1939 1484 2054 1557 relatis

680 1594 816 1689 probari
852 1596 1070 1687 contendunt,
1102 1597 1222 1668 nullius
1255 1601 1413 1669 momenti
1448 1608 1508 1669 est.
1561 1598 1706 1670 Elevant
1733 1598 1920 1671 Orientales
1956 1622 2055 1672 sacra

678 1711 839 1803 mysteria
866 1705 927 1783 sed
952 1710 1052 1806 paulo
1080 1720 1158 1783 ante
1186 1709 1476 1802 Communionem,
1504 1736 1578 1784 cum
1605 1713 1721 1784 dicitur
1746 1714 1881 1785 Sancta
1903 1714 2053 1799 Smrctis,

678 1846 745 1895 non
771 1833 887 1895 antea:
914 1847 1032 1898 verum
1060 1836 1137 1898 tunc
1155 1825 1243 1898 illam
1262 1826 1422 1919 adorant,
1438 1850 1547 1922 neque
1574 1828 1751 1923 quidquam
1777 1829 1899 1902 iaciunt
1926 1833 1958 1899 in
1986 1851 2054 1923 quo

677 1948 775 2011 vetus
801 1939 954 2012 Ecclesia
981 1964 1049 2013 non
1075 1946 1266 2037 praeiverit.
1961 1934 1963 1942 ’

780 2089 1002 2162 Denunciatio
1039 2102 1148 2163 autem
1180 2092 1236 2164 illa
1277 2091 1420 2165 celebris
1451 2094 1584 2165 Sancta
1624 2063 1771 2180 sanctia,
1812 2104 1879 2164 tam
1919 2095 2052 2187 antiqua

677 2213 730 2278 est
756 2215 790 2276 et
816 2214 864 2277 tot
889 2209 1107 2278 monumentis
1134 2206 1381 2281 Ecclesiasticis
1409 2212 1625 2300 consignata,
1652 2219 1688 2280 ut
1714 2209 1756 2280 de
1783 2209 1868 2280 illius
1882 2216 2052 2280 vetustate

677 2328 712 2390 et
737 2325 913 2392 autoritate
940 2320 1072 2393 dubium
1098 2344 1177 2394 esse
1203 2324 1324 2394 nrdlum
1352 2327 1467 2419 possit.

781 2464 1028 2540 Conimunionis
1056 2467 1320 2540 distributionem
1346 2469 1538 2564 descripsit,
1570 2480 1604 2541 et
1633 2491 1740 2564 prope
1772 2467 1877 2539 oculis
1910 2465 2053 2558 subjecit

676 2578 823 2676 Cprillus
849 2581 1194 2677 Hierosolymitanus,
1220 2606 1341 2679 nempe
1367 2588 1412 2654 ita
1438 2594 1474 2654 ut
1501 2606 1622 2679 corpus
1640 2582 1762 2656 Christi
1781 2583 1932 2655 manibus
1959 2584 2051 2654 dde-

675 2697 754 2797 lium
781 2702 1023 2793 susciperetur,
1055 2695 1145 2768 calix
1178 2722 1198 2767 a
1232 2697 1385 2771 Diacono
1418 2699 1655 2795 praeberetur,
1689 2721 1774 2794 quae
1808 2698 1980 2793 disciphna
2007 2697 2049 2769 ab

677 2811 749 2882 aliis
777 2815 1010 2906 antiquissimis
1026 2812 1197 2885 autoribus
1223 2816 1443 2886 testimonium
1459 2813 1567 2885 hahet.
1620 2816 1825 2887 Accessisse
1840 2815 1882 2886 ad
1899 2818 2050 2910 primae-

674 2949 752 2998 vam
780 2928 1020 3023 simplicitatem
1045 2928 1221 3018 nonnulla,
1249 2951 1335 3023 quae
1363 2928 1405 3000 ad
1423 2929 1671 3025 imprimendam
1694 2929 1956 3002 Christianorum
1972 2931 2051 2999 ani-

673 3045 735 3112 mis
762 3046 923 3134 majorem
950 3043 1079 3114 illorum
1106 3048 1357 3116 venerationem
1386 3055 1539 3140 spectare
1573 3044 1788 3136 videbantur,
1821 3048 1938 3115 mirum
1971 3066 2050 3115 esse

672 3179 740 3228 non
754 3157 871 3247 debet,
898 3182 974 3229 cum
1000 3182 1046 3230 ex
1072 3159 1137 3230 lide
1164 3182 1262 3255 quarn
1291 3159 1553 3232 deEucharistia
1568 3159 1753 3251 habebant,
1780 3160 1886 3232 cultus
1907 3160 1961 3230 ille
1987 3182 2051 3231 re-

672 3271 812 3363 hgiosus
839 3277 948 3345 statim
973 3285 1178 3346 nasceretur.
1234 3275 1332 3360 Quod
1358 3298 1442 3348 vero
1460 3274 1654 3365 infantibus,
1682 3276 1771 3369 quod
1790 3275 1924 3347 infirmis
1941 3295 2050 3368 prae-

671 3386 808 3459 beretur
825 3387 1048 3478 Eucharistia,
1076 3393 1140 3462 etsi
1166 3391 1339 3480 Liturgiae
1365 3414 1431 3463 non
1458 3393 1676 3486 praecipiunt,
1703 3400 1739 3462 ιιι
1763 3414 1827 3462 neo
1854 3390 1954 3461 multa
1984 3388 2049 3459 alia

671 3525 759 3595 quae
779 3506 953 3595 antiquitus
969 3501 1151 3574 observata
1166 3503 1271 3576 fuisse
1289 3506 1507 3577 certissimum
1535 3516 1599 3597 est,
1625 3516 1675 3578 tot
1701 3505 1863 3602 exemplis
1888 3515 1922 3577 et
1947 3507 2049 3575 testi-

671 3619 790 3689 moniis
817 3616 995 3709 probatur,
1023 3627 1059 3687 ut
1074 3628 1172 3689 extra
1187 3624 1449 3725 controversiam
1469 3644 1547 3695 esse
1574 3620 1703 3692 debeat.

773 3765 829 3836 Ex
861 3768 902 3836 iis
932 3788 1018 3860 quae
1052 3765 1116 3836 huo
1150 3789 1255 3862 usque
1291 3768 1377 3839 dicta
1413 3780 1508 3859 sunt,
1545 3769 1659 3861 colligi
1693 3770 1916 3842 verisimditer
1946 3790 2049 3863 posse

671 3879 819 3968 videtur,
849 3891 966 3975 quarto
994 3881 1130 3954 saeculo
1158 3887 1311 3973 ineunte,
1339 3894 1395 3955 aut
1425 3889 1566 3980 scriptas
1593 3907 1660 3956 non
1690 3884 1794 3956 luisse
1819 3883 2049 3955 Eucharistiae

673 3994 893 4068 celebrandae
920 3997 1064 4085 formas,
1093 4008 1166 4088 aut,
1193 4002 1221 4070 si
1256 4003 1400 4094 scriptae
1433 3999 1572 4089 suerint,
1605 4022 1673 4071 non
1699 4003 1869 4091 integras,
1904 4008 1939 4069 ut
1973 4009 2049 4071 sunt

670 4111 806 4202 lacobi,
832 4112 944 4184 Basilii
971 4124 1004 4184 et
1034 4112 1266 4208 chrysostomi
1292 4139 1374 4207 cum,
1395 4114 1546 4189 omnibus
1572 4114 1728 4210 precibus
1755 4125 1789 4186 et
1815 4118 2045 4202 caeremoniis,

671 4228 731 4300 sed
757 4232 943 4301 summatim
970 4239 1115 4319 tantum,
1149 4228 1254 4301 fuisse
1282 4230 1487 4327 descriptas,
1517 4233 1563 4300 ita
1595 4241 1631 4302 ut
1664 4241 1778 4325 partes
1813 4229 1887 4301 illas
1921 4239 2045 4301 tanum

667 4334 757 4438 quae
780 4347 982 4438 praecipuae
1009 4354 1100 4435 sunt,
1127 4350 1344 4418 continerent.
1397 4346 1524 4416 Verum
1550 4345 1755 4439 probabilius
1782 4348 1915 4418 omnino
1941 4346 2046 4416 vide-

668 4470 738 4549 tur,
766 4458 947 4533 secundum
972 4460 1084 4533 Basilii
1110 4466 1349 4551 testimonium,
1377 4485 1396 4532 a
1423 4464 1555 4532 nemine
1591 4472 1782 4534 sanctorum
1815 4464 1938 4554 scripto
1969 4471 2045 4532 tra-

668 4575 762 4647 ditas.
814 4576 884 4647 Sed
911 4599 985 4647 cum
1012 4576 1096 4663 haec
1123 4578 1304 4672 disquisitio
1331 4577 1525 4673 prolixioris
1550 4599 1675 4672 operae
1695 4581 1756 4667 sit,
1785 4599 1858 4648 eam
1888 4579 1920 4645 in
1944 4576 2044 4649 dubio

667 4690 908 4783 relinquemus,
936 4691 1171 4788 dabimusque,
1198 4695 1227 4765 si
1253 4692 1344 4765 lubet
1369 4692 1653 4784 Protestantibus,
1680 4693 1713 4763 id
1737 4693 1824 4787 quod
1843 4692 1915 4763 aliis
1933 4714 2043 4783 argu-

669 4808 788 4875 mentis
814 4807 959 4900 probare
988 4811 1143 4900 aggressi
1169 4818 1263 4900 sunt,
1299 4808 1360 4881 sed
1394 4832 1511 4904 parum
1542 4807 1701 4898 feliciter,
1733 4829 1792 4881 eas
1824 4829 1907 4902 quas
1933 4806 2044 4880 habe-

669 4940 743 4989 mus
769 4918 939 5012 liturgias
966 4921 1008 4993 ab
1037 4923 1100 4994 illis
1128 4927 1270 5019 scriptas
1296 4948 1364 4997 non
1390 4947 1489 5015 osse,
1526 4947 1664 5019 quorum
1691 4925 1803 4997 titulos
1836 4919 2044 5018 praeierunt:

669 5054 735 5103 non
763 5044 858 5105 erunt
883 5036 1007 5110 idcirco
1034 5042 1119 5141 inteq
1146 5043 1259 5134 spuria
1286 5049 1320 5112 et
1345 5040 1462 5113 nullius
1489 5043 1672 5115 autoritatis
1699 5044 1823 5134 scripta
1852 5037 2043 5130 rejicienda.
