4525 6034
686 594 762 669 338
1191 593 1550 672 nituisti

684 780 914 873 Evangelicae
940 779 1189 854 illustraverunt
1215 780 1372 855 tenebras
1385 783 1545 877 gentium,
1573 790 1607 852 et
1632 784 1799 877 persecuti
1826 793 1903 855 eunt
1929 782 2057 855 obscu-

683 919 755 968 mm
784 918 933 968 errorem
960 894 1162 984 haereseon,
1190 921 1276 993 quae
1302 895 1578 994 blasphemabant
1611 899 1712 992 impie
1747 897 1912 969 adversus
1938 900 2058 971 lucar-

682 1013 852 1082 nationem
878 1009 984 1082 Verbi
1011 1015 1170 1104 unigeniti
1197 1012 1272 1085 Filii
1296 1016 1353 1103 tui,
1380 1024 1414 1086 et
1445 1009 1468 1050 ⁷‘
1485 1017 1639 1084 unionem
1666 1015 1843 1101 innamra,
1869 1037 2058 1086 cumcuma

684 1139 830 1199 assumta
859 1150 904 1198 ex
931 1137 1045 1199 sancta
1072 1131 1235 1220 genitrice
1261 1130 1325 1200 Dei
1353 1128 1563 1218 dividebant3
1589 1150 1798 1223 gregemque
1815 1127 2058 1200 socerdotalem

684 1240 726 1314 ab
755 1241 907 1315 omnibus
933 1245 1128 1338 perniciosis
1155 1248 1291 1340 pascuis
1318 1243 1507 1337 dogmatum
1533 1265 1771 1340 perversorum
1799 1243 2057 1334 elongaverunt:

684 1361 760 1450 quia
789 1358 830 1429 ad
858 1362 1027 1431 orationes
1055 1381 1172 1430 eorum
1200 1358 1423 1451 confligimus,
1450 1370 1486 1432 ut
1511 1363 1545 1431 in
1571 1359 1636 1432 lide
1651 1357 1832 1454 prudentes
1851 1361 1967 1445 simne,
1993 1357 2057 1430 ba-

683 1472 904 1567 bitacultsque
931 1495 1046 1545 eonrm
1074 1473 1190 1545 lucidis
1218 1474 1308 1566 digni
1336 1475 1526 1566 efficiamur,
1553 1485 1588 1547 et
1612 1466 1734 1545 lumine
1760 1473 1872 1544 vultus
1900 1475 1959 1561 tui,
1986 1496 2058 1551 cum

683 1587 857 1684 voluptate
883 1588 1134 1685 perfundamur:
1163 1593 1240 1685 quia
1266 1602 1302 1663 tu
1327 1590 1492 1684 benignus
1524 1613 1562 1663 es
1596 1611 1679 1681 erga
1712 1610 1980 1683 unumquemque
2006 1590 2058 1682 qui

682 1705 717 1773 in
746 1712 777 1774 te
805 1715 928 1800 sperat,
955 1714 989 1775 et
1015 1704 1071 1775 tibi
1098 1705 1240 1796 gloriam
1267 1704 1455 1795 referimus,
1483 1718 1546 1780 etc.

788 1818 949 1912 Populus.
1005 1821 1124 1892 Amen.

786 1933 963 2006 Sacerdos
990 1937 1182 2008 inclinatur.
1234 1936 1404 2008 Memento
1437 1936 1581 2009 Domine
1616 1958 1678 2031 per
1717 1932 1941 2007 abundantem
1983 1932 2055 2004 cle-

683 2052 838 2121 mentiam
866 2058 965 2142 tuam,
992 2055 1136 2123 omnium
1164 2050 1393 2124 defunctorum
1427 2050 1591 2140 fidelium,
1625 2055 1680 2149 qui
1714 2074 1762 2123 ex
1794 2047 1859 2122 boc
1891 2048 1970 2119 leco
2004 2056 2057 2120 aut

683 2186 729 2235 ex
755 2164 853 2237 nobis
880 2178 988 2239 morte
1016 2166 1113 2239 divisi
1140 2177 1233 2256 sunt,
1260 2172 1293 2237 in
1326 2166 1540 2240 confessione
1576 2165 1790 2252 Orthodoxa,
1825 2175 1926 2257 atque
1961 2167 2056 2234 etiam

683 2301 730 2349 ex
758 2284 846 2351 omni
873 2279 965 2352 loeo:
991 2292 1134 2375 patrum,
1161 2281 1365 2376 fratrumque
1390 2291 1593 2370 nostrorum,
1621 2291 1687 2352 tam
1714 2280 1895 2354 seeundum
1923 2301 2056 2351 carnem

683 2418 782 2489 quam
815 2396 996 2469 secumdum
1037 2400 1204 2493 spiritum:
1238 2396 1480 2488 Sacerdotum,
1519 2396 1764 2483 Diaconorum,
1803 2391 2054 2481 Monaebomm,

558 2586 562 2591 ,
682 2507 860 2607 hospitum,
887 2511 1079 2600 alienorum,
1107 2515 1306 2609 praesertim
1333 2535 1418 2586 vero
1445 2535 1561 2585 eorum
1594 2535 1656 2607 pro
1685 2512 1803 2606 quibus
1833 2509 1971 2583 offertur
1995 2510 2054 2583 boc

681 2627 890 2700 sacrificium.

785 2744 935 2814 Elaeam
965 2763 1091 2813 vocem.
1145 2741 1290 2814 Domine
1324 2743 1417 2815 Deus
1451 2742 1623 2837 spirituum
1658 2751 1690 2811 et
1725 2743 1831 2813 omnis
1863 2746 1978 2813 carnis
2004 2740 2053 2811 fac

681 2869 718 2930 ut
743 2857 789 2929 illi
817 2879 932 2931 omnes
960 2878 1099 2952 quorum
1126 2859 1352 2944 meminimus,
1381 2866 1414 2927 et
1440 2855 1485 2927 illi
1512 2858 1612 2928 etiam
1640 2876 1777 2949 quorum
1804 2877 1873 2927 non
1900 2859 2053 2929 memini-

681 2995 766 3058 mus,
794 2975 909 3066 quiin
936 2972 999 3044 lide
1027 2969 1225 3044 Ortbodoxa
1259 2994 1305 3043 ex
1337 2975 1407 3044 vita
1433 2968 1496 3042 bac
1523 2970 1669 3042 mutabili
1696 2975 1939 3063 migraverunt,
1969 2971 2054 3063 digni

681 3088 761 3160 fiant
787 3091 857 3158 vita
884 3085 1114 3174 indefectibili,
1146 3089 1181 3158 in
1214 3091 1287 3158 sinu
1319 3085 1512 3177 Abrabam,
1546 3086 1643 3157 Isaac
1679 3097 1713 3156 et
1738 3085 1865 3173 Jacob,
1901 3085 1960 3157 ubi
1986 3097 2055 3157 suut

683 3224 801 3275 omnes
828 3206 949 3275 sancti:
977 3201 1033 3273 ubi
1060 3202 1196 3275 dolores
1222 3211 1258 3273 et
1283 3205 1460 3293 angustiae
1474 3224 1541 3274 non
1563 3205 1783 3297 reperiuntur,
1810 3200 1872 3273 sed
1889 3198 1947 3272 ubi
1970 3199 2053 3273 bea-

682 3317 786 3390 titudo
819 3329 853 3389 et
888 3317 1043 3410 gaudium
1076 3326 1218 3409 regnant
1252 3315 1495 3389 tantummodo:
1536 3316 1592 3388 ubi
1625 3316 1813 3408 unigenitus
1845 3314 1950 3385 Filius
1985 3328 2052 3387 tuus

685 3443 795 3503 tecum
823 3432 865 3505 ab
894 3431 1046 3505 omnibns
1073 3431 1298 3524 glorificatur3
1332 3452 1394 3527 per
1425 3453 1522 3525 quem
1555 3433 1653 3502 etiam
1680 3420 1945 3503 misericordiam
1972 3452 2054 3503 con-

683 3552 796 3640 sequi,
830 3558 863 3618 et
896 3527 1138 3619 revelationem
1169 3545 1269 3618 faciei
1305 3567 1420 3616 coram
1453 3554 1488 3616 te
1521 3566 1714 3640 speramus,
1746 3555 1781 3616 et
1813 3554 1951 3638 propter
1984 3567 2053 3616 eum

682 3670 750 3732 tam
777 3660 874 3734 nobis
902 3685 1001 3756 quam
1030 3663 1120 3757 ipsis.
1537 3666 1541 3671 ’

787 3776 948 3869 Rapum.
1001 3776 1156 3862 Quietem
1182 3786 1327 3873 praesta.

786 3890 969 3963 Sacerdos.
1024 3892 1177 3978 Quietem
1216 3901 1350 3987 praesta
1389 3890 1531 3961 Domine
1570 3894 1604 3959 in
1647 3888 1835 3961 habitaculo
1875 3891 1972 3980 regni
2004 3892 2048 3959 tui

683 4005 837 4077 omnibns
863 4009 917 4100 qui
944 4009 979 4076 in
1005 4027 1066 4102 spe
1094 4019 1149 4077 tua
1177 4004 1442 4094 obdormierunt,
1477 4014 1511 4076 et
1543 4001 1651 4075 libera
1685 4026 1749 4076 nos
1784 4015 1884 4098 atque
1909 4002 1984 4075 illes
2008 4004 2047 4075 ab

682 4122 762 4218 igne
795 4119 1053 4212 inextinguibili,
1089 4130 1123 4191 et
1156 4143 1175 4191 a
1208 4140 1325 4203 verme
1361 4122 1416 4214 qui
1447 4142 1514 4194 non
1549 4122 1695 4191 moritur.
1738 4118 1870 4211 Dignos
1903 4117 1959 4190 iae
1990 4140 2049 4193 noa

682 4232 856 4328 voluptate
888 4236 944 4307 illa
981 4258 1078 4329 quam
1113 4234 1234 4307 oculus
1255 4257 1322 4305 non
1348 4234 1443 4323 vidit,
1471 4245 1504 4307 et
1531 4238 1620 4306 auris
1646 4256 1714 4306 non
1741 4233 1860 4323 audiit,
1887 4236 2048 4327 nequein

685 4371 747 4422 eor
772 4348 915 4422 bominis
943 4351 1093 4424 aseendit
1119 4371 1206 4443 qnae
1232 4347 1349 4422 electis
1375 4353 1439 4422 tuis
1466 4359 1665 4444 praeparata
1694 4358 1763 4433 est,
1796 4355 1832 4417 ut
1865 4350 1898 4417 in
1929 4348 1991 4419 boc
2015 4358 2047 4418 et

681 4466 716 4532 in
744 4463 896 4537 omnibus
922 4463 1127 4556 glorificetur
1154 4475 1189 4535 et
1214 4462 1366 4536 laudetur
1390 4486 1513 4537 nomen
1545 4475 1634 4536 tuum
1661 4461 1887 4552 benedictum,
1914 4469 1948 4532 et
1971 4465 2046 4532 uni-

682 4581 786 4668 geniti
812 4578 887 4649 Filii
916 4582 960 4650 tui
987 4592 1021 4652 et
1047 4579 1190 4675 Spiritus
1217 4582 1263 4649 tui
1290 4582 1405 4650 sancti.

772 4678 947 4786 ¹Pepalur.
1000 4693 1056 4783 Ut,
1083 4703 1145 4765 etc.

786 4807 970 4878 Sacerdos.
1023 4808 1106 4879 Pax.

787 4921 948 5013 Populus.
1001 4921 1045 4993 Et
1071 4943 1145 4992 cum
1172 4925 1289 5016 spiritu
1315 4933 1383 4995 tuo.

790 5035 974 5107 Sacerdos.
1028 5037 1263 5110 illiserationes
1289 5037 1355 5111 Ilei
1381 5040 1445 5112 sint
1470 5059 1572 5134 super
1597 5058 1662 5111 vos
1689 5055 1817 5108 omnes.
