4525 6034
557 620 587 697 S.
612 620 927 700 PETRl'PRlllGlPlS
953 621 1236 700 apostolatum
1499 626 1571 701 149

213 806 347 881 Domini
360 808 424 879 Dei
441 807 665 882 etSalvatoris
680 813 785 881 nostri
800 810 882 882 lesu
900 808 1033 897 Christi,
1047 809 1087 881 ad
1104 812 1335 883 remissionem
1351 836 1466 886 eorum
1487 836 1572 908 quae

212 927 403 1021 insipienter
429 928 607 997 commissa
633 935 726 1015 sunt,
752 935 787 998 et
811 926 1053 999 relaxationem
1072 937 1283 1022 peccatorum
1307 930 1571 1024 suscipientibus.

316 1040 475 1133 Populus.
526 1042 646 1113 Amen.

315 1157 499 1229 Sacerdos.
539 1155 646 1230 Nobis
674 1166 782 1228 autem
809 1160 864 1252 qui
890 1156 1020 1227 iborum
1046 1160 1225 1254 participes
1251 1158 1350 1231 lunari
1376 1183 1501 1251 sumna,
1528 1164 1572 1233 sit

210 1274 251 1347 ad
277 1277 512 1370 purgationem
539 1277 718 1345 animarum
746 1283 779 1344 et
805 1295 1001 1369 corporum,
1035 1271 1078 1344 ad
1109 1296 1222 1347 mores
1256 1274 1504 1369 Evangeho'os,
1539 1289 1573 1349 et

209 1389 251 1463 ad
283 1390 565 1463 confirmationem
599 1388 775 1462 Ecclesiae
808 1400 945 1462 sanctae
985 1386 1197 1479 Catholicae,
1234 1415 1319 1487 quae
1352 1392 1485 1467 lundata
1521 1405 1573 1466 est

208 1530 312 1603 super
338 1517 467 1603 petram
494 1506 583 1596 fidei,
610 1505 652 1578 de
679 1528 743 1601 qua
770 1504 899 1595 dixisti,
932 1504 1020 1600 quod
1051 1517 1170 1602 portae
1204 1507 1300 1580 inferi
1324 1531 1392 1582 non
1419 1532 1571 1605 praeva-

206 1623 322 1696 lebunt
358 1623 520 1695 adversus
553 1643 642 1711 eam,
677 1621 822 1694 liberans
855 1622 943 1694 illam
976 1620 1017 1694 ab
1051 1622 1245 1697 haeresibus
1284 1635 1317 1697 et
1351 1650 1372 1698 a
1405 1625 1571 1699 scandalis

207 1743 415 1837 operantium
441 1729 714 1834 iniquitatemin
739 1736 875 1813 saecula
901 1737 1119 1811 saeculorum.

309 1855 486 1926 Sacerdos
524 1853 714 1924 indicatas.
773 1852 914 1949 Suscipe
954 1854 1201 1929 confessionem
1238 1870 1384 1930 nostram
1429 1881 1450 1931 o
1492 1857 1571 1931 Rex

205 1982 342 2064 noster,
377 1982 411 2043 et
442 1993 504 2067 per
537 1992 612 2042 eam
637 1968 851 2059 conciliatus,
882 1970 1146 2067 tranrprillitatem
1172 1972 1259 2046 dona
1284 1974 1408 2070 poptdo
1436 1985 1510 2060 tuo,
1538 1985 1571 2046 et

203 2112 325 2185 pacem
350 2091 450 2180 gregi
476 2096 546 2176 tuo,
572 2095 606 2157 et
632 2089 922 2158 conservationem
947 2087 1120 2161 Pastorum
1149 2087 1435 2164 Orthodoxorum:
1462 2113 1569 2187 prae-

203 2210 302 2303 cipue
330 2227 415 2277 vero
442 2201 654 2275 Patriarchae
687 2205 792 2275 nostri
823 2203 955 2275 Domini
990 2203 1030 2275 N.
1058 2214 1091 2276 et
1117 2205 1158 2277 D.
1185 2204 1226 2277 N.
1259 2207 1420 2304 Episcopi
1453 2211 1569 2292 nostri,

203 2345 278 2394 curn
317 2320 453 2417 reliquis
491 2318 642 2392 omnihus
682 2319 859 2415 Episcopis
903 2318 1117 2395 Orthodoxis.
1170 2321 1317 2396 Verbum
1360 2323 1570 2420 praeclarum

202 2439 355 2513 concede
381 2436 458 2527 illis,
483 2446 519 2507 ut
543 2438 599 2533 pie
619 2439 717 2532 gregi
743 2446 800 2508 tuo
827 2447 1020 2509 ornamento
1047 2440 1123 2528 sint,
1151 2449 1185 2510 et
1208 2461 1229 2510 a
1251 2438 1400 2513 doctrina
1418 2463 1569 2514 errorum

202 2579 277 2629 eum
304 2552 512 2653 prohibeant.

305 2673 458 2744 Electram
483 2691 608 2741 accam
663 2668 733 2740 Fac
767 2685 833 2740 eos'
864 2678 989 2742 santes
1021 2692 1095 2741 oum
1127 2670 1220 2744 vultu
1250 2675 1392 2768 potenti,
1420 2684 1455 2745 et
1479 2685 1567 2745 ver-

200 2784 279 2861 bum
307 2791 459 2862 veritatis
485 2796 578 2858 recte
604 2783 866 2859 administrantes
893 2783 1014 2859 exhibe
1045 2785 1139 2877 illos,
1171 2799 1207 2860 ut
1239 2812 1365 2862 summa
1399 2789 1567 2883 dibgentia

201 2902 354 2994 illorum,
386 2925 471 2999 pace
502 2925 589 2997 quac
621 2925 641 2973 a
672 2913 706 2974 to
738 2914 807 2991 est,
841 2905 910 2974 vita
944 2901 1074 2975 illorum
1101 2885 1263 2994 abundet,
1296 2916 1330 2978 et
1355 2928 1481 2999 greges
1508 2906 1565 2979 tibi

202 3024 386 3116 acquisitos
411 3029 551 3117 pascant
576 3017 738 3091 alimentis
765 3017 881 3090 ahenis
909 3016 950 3091 ab
967 3023 1057 3092 omni
1075 3019 1202 3106 fraude,
1228 3044 1290 3118 per
1317 3027 1470 3115 gratiam,
1495 3026 1565 3093 mi-

201 3136 420 3210 sericordiam
446 3147 481 3209 et
506 3158 654 3208 amorem
680 3158 763 3229 erga
783 3135 931 3208 homines
957 3139 1116 3230 unigeniti
1135 3138 1209 3210 Filii
1236 3142 1294 3227 tui,
1320 3161 1382 3234 per
1409 3161 1506 3235 quern
1533 3149 1566 3209 et

202 3276 276 3325 cum
305 3247 372 3349 quo
399 3265 432 3327 te
458 3253 567 3343 decet,
594 3261 656 3324 etc.

306 3370 469 3463 Papulae.
521 3369 640 3440 Amen.

306 3485 481 3557 Sacerdos
506 3485 696 3556 inclinatae.
747 3484 868 3556 Iterum
895 3484 1033 3577 dignare
1059 3486 1201 3558 Domine
1227 3491 1415 3560 meminisse
1439 3510 1565 3575 eorum,

199 3605 254 3698 qui
279 3612 525 3698 praeceperunt
550 3602 661 3689 nobis,
686 3609 722 3671 ut
747 3604 780 3672 in
805 3598 868 3672 bac
893 3600 975 3674 hora
1002 3605 1197 3675 memoriam
1224 3624 1339 3675 eorum
1367 3603 1564 3678 haberemus

199 3721 233 3789 in
265 3721 391 3792 nostris
428 3716 514 3814 apud
547 3727 580 3789 te
612 3716 835 3790 orationibus:
868 3728 901 3789 et
927 3740 1042 3790 eorum
1069 3721 1122 3814 qui
1148 3718 1208 3792 has
1240 3718 1426 3793 oblationes
1459 3720 1564 3792 obtu-

199 3833 321 3925 lerunt,
348 3856 528 3930 eorumque
554 3856 616 3929 pro
643 3831 905 3928 quibusoblatae
918 3844 1010 3906 sunt:
1036 3856 1100 3906 neo
1125 3857 1192 3908 non
1210 3834 1341 3907 illorum
1359 3840 1414 3930 qui
1441 3839 1564 3910 ollerre

200 3951 333 4047 quidem
358 3951 544 4039 voluerunt,
572 3950 632 4023 scd
659 3971 724 4021 non
750 3958 935 4046 potuerunt.
1404 4047 1406 4052 Ι

302 4067 452 4138 Elecana
486 4089 611 4138 nocero.
663 4063 831 4138 Memento
862 4066 1023 4155 Domine,
1056 4077 1089 4138 et
1123 4065 1253 4139 illoram
1286 4072 1341 4164 qui
1380 4070 1413 4139 in
1450 4072 1561 4140 animo

199 4193 400 4273 statuerunt,
440 4194 476 4255 ut
506 4182 693 4256 Ecclesiam
727 4192 813 4255 trram
845 4194 994 4256 sanctam
1028 4182 1233 4256 Cetbobcam
1266 4194 1300 4255 et
1330 4184 1562 4282 Apostolicam

196 4302 355 4391 juvarent
379 4299 487 4374 verbo
516 4300 686 4372 doctrinae
711 4304 823 4388 vitae,
854 4308 887 4371 et
914 4299 1070 4396 operibus
1103 4323 1188 4396 quae
1224 4299 1266 4373 ad
1301 4305 1452 4372 veritatis
1485 4291 1562 4371 tuae

199 4421 401 4509 agnitionem
428 4416 629 4507 conterrent,
656 4419 772 4513 eisque
798 4415 961 4508 rcbrgium
987 4426 1021 4487 et
1046 4415 1178 4508 adjutor
1204 4429 1300 4506 esto,
1326 4416 1472 4490 liberans
1499 4439 1560 4489 eos

200 4533 240 4606 ab
268 4536 358 4606 omni
385 4532 590 4627 daemonum,
616 4531 840 4628 malorumque
865 4532 1030 4604 hominum
1057 4543 1090 4604 et
1115 4533 1370 4607 inexorabilium
1401 4531 1562 4625 maligui-

198 4658 282 4722 tate:
309 4672 370 4747 per
396 4653 546 4743 gratiam,
573 4649 835 4723 misericordiam
868 4659 902 4720 et
934 4670 1081 4721 amorem
1108 4672 1191 4742 erga
1227 4651 1376 4725 homines
1402 4651 1562 4740 unigeniti
1598 4663 1602 4670 ·

198 4764 275 4837 Filii
301 4768 359 4856 tui,
386 4789 571 4864 perquem
599 4776 633 4837 et
659 4789 733 4838 cum
759 4789 825 4862 quo
852 4776 885 4837 te
912 4763 1009 4837 decet
1034 4763 1154 4857 gloria,
1181 4777 1243 4839 etc.

301 4882 475 4955 Sacerdos
500 4882 690 4954 inclinatae.
716 4881 885 4955 Memento
912 4885 1024 4972 etiam,
1040 4883 1195 4973 Domine,
1220 4883 1350 4955 illorum
1366 4892 1399 4953 et
1423 4879 1561 4967 illarum,

200 5001 254 5093 qui
272 5021 413 5092 regnum
439 4997 624 5095 temporale
651 4997 798 5071 obtinent
829 4998 993 5089 fidebam,
1018 5009 1054 5070 ut
1086 5011 1154 5072 tam
1187 5021 1250 5071 nos
1285 5022 1383 5094 quam
1407 4998 1452 5070 illi
1464 5010 1562 5073 tran-

201 5114 332 5210 quiham
359 5127 394 5190 et
420 5119 564 5213 quietam
589 5117 692 5190 vitem
720 5138 881 5210 agamus,
908 5119 942 5189 in
969 5118 1058 5188 omui
1084 5119 1202 5188 timore
1227 5115 1292 5187 Dei
1319 5125 1353 5187 et
1378 5119 1537 5190 castitate.

1272 5234 1321 5308 22
1336 5233 1354 5269 ⁴*
