4525 6034
577 552 1202 631 SANCTlBhSlLll.
1527 553 1576 627 21

633 840 755 911 Oratio
778 843 860 932 post
883 839 995 910 Pater
1019 844 1148 911 norton

309 1060 355 1132 lta
379 1080 501 1153 nempe
526 1077 687 1150 rogamus
722 1065 773 1148 te,
808 1055 959 1128 oPater
993 1066 1109 1129 sancte
1149 1065 1184 1128 et
1214 1053 1326 1149 hone,
1356 1053 1585 1151 bonitatisque

230 1185 351 1265 mator,
377 1196 421 1246 ue
447 1194 510 1246 nos
536 1172 674 1244 inducas
700 1174 734 1243 in
760 1173 994 1262 tentationem,
1024 1194 1135 1267 neque
1169 1175 1341 1268 permittas
1374 1171 1475 1245 ullam
1510 1176 1581 1244 iui-

229 1295 360 1387 quitatem
386 1293 421 1361 in
447 1309 510 1362 nos
536 1286 717 1377 dominari,
743 1289 811 1359 imo
836 1290 948 1383 potius
973 1285 1082 1359 libera
1106 1308 1171 1359 nos
1198 1285 1239 1360 ab
1267 1287 1453 1362 actionibus
1476 1290 1580 1360 inuti-

227 1404 310 1495 libus,
322 1428 501 1501 earumque
513 1403 790 1497 cogitationibus,
806 1424 920 1475 carrum
933 1401 1090 1494 motibus,
1108 1403 1301 1499 aspectibus
1316 1426 1443 1493 aarum,
1458 1403 1580 1476 illece-

225 1520 282 1595 hris
295 1544 418 1594 earum:
444 1523 726 1615 tentationemque
741 1520 902 1611 exdngue
916 1528 951 1590 et
967 1518 1095 1615 repelle
1110 1542 1130 1590 a
1147 1516 1255 1593 nohis.
1308 1518 1442 1593 Coerce
1457 1524 1583 1615 pariter

223 1645 315 1711 motus
338 1636 469 1710 illarum
495 1640 550 1731 grui
576 1640 611 1708 in
636 1633 734 1707 uobis
761 1636 967 1725 excitantur,
994 1644 1029 1706 et
1042 1657 1184 1709 remove
1202 1659 1223 1706 a
1239 1634 1337 1708 nobis
1356 1658 1476 1721 causas
1496 1659 1583 1730 quae

222 1774 274 1824 uos
296 1753 334 1823 ad
358 1751 563 1849 peccandum
590 1750 778 1848 impellunt:
806 1752 900 1847 eripe
925 1771 989 1823 nos
1015 1772 1078 1847 per
1102 1760 1301 1847 potestatem
1327 1760 1418 1823 tuam
1434 1761 1584 1824 sanctam

223 1889 276 1961 per
298 1867 461 1941 Christum
486 1867 604 1941 lesum
629 1866 808 1939 Dominum
834 1875 994 1939 nostrum.
1410 1874 1415 1889 “

310 1985 488 2057 Diaconnr
514 1985 615 2056 dicct.
668 1982 828 2057 Inclinato
854 1985 963 2078 capita
989 1993 1106 2058 vestra
1132 1981 1288 2055 Domino.

310 2100 470 2194 Popnlna.
524 2097 649 2174 Coram
676 2109 710 2171 te
735 2099 888 2172 Domine.
990 2140 996 2145 ·

382 2381 567 2453 Sacerdos·
583 2382 676 2453 dicet
702 2383 900 2453 Orationem
925 2380 1159 2454 inclinationis
1186 2382 1233 2452 cd
1258 2381 1410 2453 Patren.

312 2597 603 2695 Superahundavit
630 2600 738 2692 gratia
764 2599 929 2672 bonorum
947 2600 1075 2694 opificis
1102 2598 1178 2670 Filii
1203 2599 1250 2670 tui
1275 2599 1437 2691 unigeniti
1451 2597 1585 2671 Domini
1598 2598 1674 2673 Eini
1695 2607 1740 2670 nn
1758 2607 1911 2671 ascalonit-

217 2714 274 2786 Dei
305 2724 339 2786 et
373 2713 562 2788 salvatoris
591 2718 698 2788 nostri
729 2715 814 2788 Jesu
849 2714 980 2790 Christi.
1044 2711 1249 2788 Confitemur
1286 2717 1480 2810 passionem
1512 2717 1585 2808 ejus
1598 2696 1660 2747 σῶς·

218 2829 405 2920 salutarem,
431 2841 573 2903 mortem
601 2833 674 2923 ejus
702 2835 956 2921 annunciamus,
989 2830 1221 2925 credimusque
1252 2832 1326 2922 ejus
1357 2834 1586 2904 resurrectio-

218 2966 305 3035 nem,
337 2949 489 3044 mysterii
523 2946 811 3043 complementum.
871 2945 1005 3020 Gratias
1040 2948 1171 3039 agimus
1204 2944 1280 3035 tibi,
1315 2943 1460 3018 Domine
1492 2947 1586 3020 Deus

220 3066 435 3158 omnipotens,
463 3066 540 3158 quia
567 3063 795 3135 misericordia
820 3072 877 3136 tua
904 3085 1024 3156 magna
1049 3062 1110 3134 luit
1137 3084 1220 3156 erga
1247 3084 1311 3135 uos
1338 3084 1412 3133 cum
1434 3084 1587 3160 praepa-

220 3183 340 3251 raveris
366 3177 465 3251 nobis
492 3202 534 3251 ea
562 3201 649 3273 quae
675 3179 800 3271 Angeli
834 3179 953 3252 videre
985 3181 1128 3275 cupiunt.
1182 3179 1328 3252 Petimus
1360 3199 1587 3271 rogamusque

223 3301 267 3381 te,
292 3298 420 3365 amator
452 3294 636 3385 hominum,
676 3307 712 3366 ut
737 3317 801 3367 nos
827 3316 944 3368 omnes
972 3293 1127 3391 pantices
1155 3303 1189 3366 et
1222 3294 1265 3366 ad
1290 3304 1325 3366 te
1357 3293 1500 3385 colligas
1525 3315 1588 3389 per

225 3412 478 3481 communionem
505 3419 654 3482 nostram
680 3413 915 3507 mysteriorum
934 3410 1119 3483 divinorum
1138 3419 1281 3501 tuorum,
1296 3419 1332 3480 ut
1349 3408 1438 3505 pleni
1456 3409 1586 3482 efficia-

224 3544 288 3593 mur
311 3525 434 3622 Spiritu
461 3534 517 3596 tuo
544 3536 678 3618 sancto,
705 3527 1004 3622 confirmemurque
1031 3529 1064 3599 in
1091 3525 1157 3598 fide
1182 3535 1276 3598 recta
1302 3525 1390 3620 pleni
1416 3527 1494 3597 item
1521 3525 1587 3596 de-

226 3637 332 3711 siderio
359 3643 509 3713 caritatis
535 3651 614 3713 tuae
639 3663 764 3733 verae,
791 3652 826 3715 et
851 3643 993 3735 gloriam
1020 3651 1109 3715 tuam
1135 3643 1225 3714 omni
1257 3650 1407 3737 tempore
1442 3663 1588 3713 enarre-

228 3772 289 3825 mus
312 3779 372 3852 per
398 3758 514 3830 lesum
542 3757 707 3831 Christum
734 3759 912 3831 Dominum
938 3768 1098 3831 nostrum.
1654 3746 1820 3874 unoozhno
1861 3813 1915 3860 93„

315 3875 501 3946 Dioconm
554 3873 775 3949 Attendamus
802 3873 879 3948 Deo
910 3897 985 3947 cum
1012 3877 1144 3963 timore.
1602 3889 1669 3960 μετὰ
1691 3891 1784 3958 narn.
1897 3859 1904 3878 ‘

591 4131 712 4202 Oratio
739 4129 964 4201 absolutionis
990 4129 1037 4199 cd
1062 4127 1214 4200 Patrem.

320 4335 502 4409 Sacerdos.
554 4335 699 4407 Domine
724 4334 870 4406 Domine
887 4332 980 4405 Deus
1007 4336 1235 4430 omnipotens,
1262 4336 1317 4429 qui
1335 4355 1436 4409 sanas
1452 4336 1591 4426 animas,

240 4462 358 4539 corpora
384 4460 419 4523 et
445 4452 580 4547 spiritus
605 4461 764 4538 nostros,
790 4458 825 4521 tu
851 4470 890 4521 es
918 4452 973 4543 qui
999 4449 1111 4521 dixisti
1137 4449 1239 4522 Petro
1266 4451 1353 4546 patri
1375 4457 1504 4543 nostro,
1530 4473 1593 4548 per

242 4575 272 4627 ⁰⁸
291 4560 356 4637 lilii
381 4568 428 4637 tui
453 4568 612 4660 unigeniti
639 4565 774 4639 Domini
799 4565 865 4637 Dei
892 4576 926 4638 et
952 4565 1140 4638 Salvatoris
1166 4569 1273 4639 nostri
1297 4566 1381 4640 lesu
1396 4565 1531 4659 Christi,
1556 4576 1593 4640 tu

243 4688 272 4741 ts
292 4674 401 4756 Petrus
429 4692 464 4754 ct
490 4704 592 4778 super
618 4682 705 4757 hanc
730 4692 860 4779 petram
887 4678 1069 4755 ae'dillcaho
1094 4680 1284 4755 Ecclesiam
1298 4703 1426 4773 meam,
1453 4689 1488 4754 et
1503 4704 1592 4779 por-

243 4790 285 4856 lte
305 4795 392 4869 inferi
420 4819 488 4870 non
514 4798 759 4894 praevalebunt
785 4798 950 4871 adversus
977 4819 1073 4889 eam,
1100 4806 1135 4869 et
1161 4795 1249 4872 dabo
1277 4797 1335 4870 tibi
1354 4798 1469 4873 claves
1495 4803 1593 4892 regni

244 4904 406 4985 coelorum:
434 4912 524 5008 quod
548 4914 711 5007 ligaveris
726 4937 828 5011 super
854 4924 989 5006 terram,
1016 4916 1080 4987 erit
1103 4912 1242 5006 ligatum
1258 4917 1291 4987 iu
1309 4914 1426 5006 coelis,
1453 4925 1488 4988 et
1505 4915 1595 5011 quod

244 5016 361 5102 solveris
388 5051 491 5125 super
517 5040 656 5123 terram,
683 5012 747 5104 erit
767 5031 911 5105 solutum
925 5034 960 5105 in
985 5030 1100 5105 coelis.
1153 5030 1229 5104 Sint
1244 5032 1422 5105 etiamnum
1436 5031 1593 5127 Domine,
