4525 6034
695 588 1108 667 LITURGIAE.
1562 590 1587 663 7

315 775 503 846 Mones.
546 775 681 849 Stemus
708 776 868 849 decenter
893 779 928 849 in
954 781 1107 850 oratione
1134 786 1169 849 et
1193 775 1349 873 precibus
1376 798 1491 849 coram
1512 777 1587 850 Deo

214 893 380 982 Deorum,
407 899 442 963 et
466 891 611 965 Domino
639 891 875 984 Dominorum,
901 915 1017 966 coram
1042 892 1142 986 Rege
1167 892 1319 987 Regum,
1345 916 1462 968 coram
1490 893 1587 965 altari

212 1010 462 1105 propitiatorio,
489 1018 523 1080 et
548 1032 663 1083 coram
688 1013 857 1105 mysteriis
878 1009 1081 1106 praeclaris,
1109 1020 1144 1083 et
1166 1009 1455 1084 vivisSalvatoris
1469 1013 1586 1100 nostri,

211 1147 286 1196 cum
313 1122 515 1198 aromatibus
540 1128 703 1222 impositis
729 1125 990 1199 misericordiam
1018 1137 1106 1198 mam
1133 1125 1346 1223 imploramus
1372 1129 1525 1201 Domine.

315 1239 491 1313 Sacerdos
511 1248 613 1336 ponit
637 1247 823 1331 tacemus,
856 1250 891 1314 et
917 1243 1011 1314 dicit.
1056 1242 1112 1316 Ad
1137 1242 1269 1314 laudem
1293 1252 1328 1315 et
1353 1243 1504 1336 gloriam.
1548 1250 1587 1314 ut

210 1381 326 1451 supra
382 1358 459 1428 Hac
494 1358 571 1430 toco
606 1363 801 1431 inseruntur
838 1359 970 1453 aliquot
1000 1363 1178 1431 orationes
1209 1364 1316 1431 metro
1350 1359 1584 1453 prrcrnitico

211 1481 272 1544 aad
296 1472 509 1562 docebitico,
537 1496 626 1569 quae
652 1477 810 1547 dicantar
835 1479 872 1547 in
897 1478 1007 1546 variis
1031 1475 1300 1547 solemnitatibus
1321 1481 1438 1568 jueta,
1464 1480 1584 1567 cujus-

212 1613 275 1684 qae
301 1590 484 1662 Ecclesiae
509 1594 792 1663 consuetudinem.
824 1593 891 1664 Ter
914 1590 1032 1663 oblata
1049 1594 1206 1662 incensat
1231 1594 1268 1662 in
1293 1592 1424 1663 moduni
1450 1592 1583 1679 circuli,

211 1706 349 1778 dicens:

315 1822 459 1895 Sanctus
485 1823 596 1912 Deus,
624 1834 758 1897 sancus
784 1821 899 1914 fortis,
926 1832 1059 1897 sendus
1084 1823 1289 1896 immortalis.

313 1938 501 2011 Diaconos.
554 1941 719 2013 Miserere
747 1938 856 2012 nobis.

314 2053 498 2128 Sacerdos.
552 2056 677 2129 Sancte
704 2066 738 2128 et
763 2055 957 2146 laudabilis,
982 2065 1103 2150 potens
1126 2066 1161 2127 et
1179 2055 1390 2146 immortalis,
1416 2055 1510 2128 Deus
1528 2057 1584 2151 qni

208 2173 242 2241 in
267 2173 393 2243 sanctis
420 2171 571 2264 habitas,
598 2184 632 2244 et
657 2177 691 2244 in
718 2175 843 2244 sanctis
869 2174 1073 2267 requiescis,
1099 2171 1271 2245 voluntate
1296 2170 1476 2245 divinitatis
1493 2182 1583 2261 tuae,

209 2287 379 2359 sanctifica
405 2289 548 2361 Domine
574 2293 794 2383 cogitationes
821 2299 974 2379 nostras,
1005 2298 1038 2359 et
1064 2299 1193 2361 mentes
1218 2298 1352 2361 nostras
1384 2288 1505 2360 munda
1538 2286 1580 2361 ab

208 2403 362 2478 omnibus
391 2404 545 2479 sordibus
571 2410 760 2496 criminum,
787 2415 823 2478 ut
848 2404 1005 2502 hymnum
1031 2405 1230 2501 inculpatum
1252 2403 1436 2478 reseramus
1458 2404 1528 2497 tibi,
1548 2408 1583 2477 in

207 2516 364 2592 Ecclesia
390 2532 445 2592 tua
472 2534 588 2595 sancta
613 2545 701 2595 nunc
727 2526 762 2594 et
787 2544 939 2618 semper,
966 2528 1028 2593 etc.

311 2636 491 2709 Diaconos
516 2639 602 2710 dicit
626 2639 798 2711 Psalmum
822 2639 1028 2714 Decidicam
1053 2637 1106 2708 illi
1132 2638 1204 2709 dici
1231 2641 1448 2734 asdpnctuni.
1495 2639 1582 2710 Mon

208 2753 302 2824 dicit.

251 2882 254 2889 '
314 2869 421 2955 Quem
449 2872 533 2944 vidit
557 2872 674 2949 blases
701 2873 734 2943 iu
760 2869 865 2963 rubo,
891 2882 925 2944 et
945 2869 1103 2943 Ezechiel
1121 2893 1223 2967 super
1242 2893 1391 2958 currum,
1418 2872 1492 2966 ipse
1510 2893 1580 2967 po-

207 2988 294 3057 nitur
322 3008 424 3082 super
449 2987 553 3061 altare
580 2998 746 3061 sanctum:
774 2990 1004 3085 accipiuntque
1030 2987 1119 3060 illum
1145 2987 1279 3084 populi,
1305 2996 1339 3060 et
1364 2989 1491 3059 vivunt.
1521 2985 1582 3058 llle

208 3106 260 3173 oui
289 3102 469 3176 Cherubim
496 3116 530 3177 et
555 3102 728 3199 Seraphim
755 3126 879 3196 magno
905 3127 980 3175 oum
1007 3108 1125 3176 umore
1153 3108 1321 3191 serviunt,
1349 3125 1431 3174 ecce
1445 3100 1582 3173 ollertur

208 3240 310 3312 super
337 3218 458 3308 altare,
486 3223 714 3317 accipiuntque
742 3218 829 3291 illum
855 3219 970 3316 populi
998 3228 1031 3290 et
1056 3223 1184 3292 vivunt.
1221 3220 1314 3292 Deus
1343 3223 1398 3315 qui
1423 3240 1486 3314 per
1512 3220 1580 3289 mi-

208 3333 424 3407 sericordiam
450 3344 540 3408 mam
566 3337 742 3431 suscepisti
770 3335 963 3409 sacrificium
990 3337 1156 3426 justorum
1189 3340 1413 3431 antiquorum,
1447 3337 1580 3431 suscipe

207 3472 268 3545 per
294 3451 557 3524 misericordiam
583 3461 672 3524 tuam
699 3450 894 3523 sacrificium
920 3463 1082 3541 nostrum,
1110 3463 1145 3525 et
1171 3462 1328 3548 acceptas
1353 3451 1440 3524 habe
1457 3473 1578 3548 preces

206 3578 351 3641 nostras.
470 3664 473 3669 Α
1642 3606 1645 3613 ·

312 3685 489 3756 Canticum
514 3684 617 3755 aliud.
657 3670 817 3779 'Populus
844 3694 919 3757 tuus
946 3683 1087 3758 Christe.
1117 3685 1318 3757 Benedictus
1336 3683 1496 3765 ¹Christus
1523 3688 1579 3779 qui

208 3799 397 3872 aedificavit
422 3800 610 3874 Ecclesiam
636 3823 731 3873 suam
758 3822 859 3895 super
885 3801 1072 3889 Simonem,
1105 3812 1140 3873 et
1170 3801 1272 3894 elegit
1297 3800 1501 3874 Sacerdotes
1536 3800 1578 3871 ad

208 3914 420 3989 dividendum
446 3920 480 3987 in
506 3939 548 3988 ea
575 3938 699 4011 corpus
726 3926 760 3989 et
786 3920 981 4008 sanguinem
1008 3939 1112 3990 suum.
1139 3918 1177 3990 ln
1202 3922 1321 3991 timore
1346 3939 1469 4010 magno
1490 3926 1578 3989 stam

209 4032 433 4120 Sacerdotes,
460 4055 535 4104 cum
567 4031 728 4106 Diaconis
760 4040 795 4104 et
829 4032 1023 4105 distribuunt
1053 4056 1176 4130 corpus
1208 4043 1242 4105 et
1275 4038 1469 4126 sanguinem
1502 4030 1579 4103 Filii

206 4149 279 4220 Dei.
321 4147 415 4220 Oves
440 4157 518 4220 tuae
545 4147 700 4240 Christe,
724 4156 811 4224 stant
837 4148 880 4220 ad
907 4152 1025 4222 ostium
1052 4159 1164 4222 mum:
1193 4149 1370 4222 comedunt
1394 4170 1517 4246 corpus
1544 4157 1578 4219 et

207 4261 323 4336 bibunt
350 4268 543 4356 sanguinem
572 4276 677 4353 tuum,
705 4276 892 4362 canuntque
918 4265 1060 4358 gloriam
1086 4266 1247 4339 divinitati
1274 4277 1359 4338 tuae.

311 4380 490 4453 Diaconos
515 4381 597 4477 lepit
622 4382 812 4474 Epistolara
841 4382 954 4452 Pauli.
1008 4382 1156 4455 Benedic
1181 4384 1335 4456 Domine.
1387 4380 1443 4453 Ex
1469 4381 1574 4455 Panlo

208 4496 374 4593 Apostolo
400 4496 534 4571 Domini
558 4501 665 4570 nostri
690 4497 772 4571 Jesu
800 4496 941 4590 Christi,
967 4510 1030 4572 etc.
1274 4486 1279 4495 ’

310 4615 432 4687 Lectio
450 4618 557 4705 jacta
579 4618 673 4707 festa
699 4622 734 4686 et
759 4623 921 4708 tempora.

311 4729 494 4801 Sacerdos.
532 4729 648 4803 Gloria
675 4733 819 4804 Domino
847 4731 961 4823 Pauli,
987 4732 1248 4829 Prophetarum,
1275 4742 1310 4804 et
1326 4728 1575 4826 Apostolorum.

209 4842 461 4919 Misericordiae
486 4846 620 4918 Domini
648 4850 713 4921 sint
739 4871 839 4945 super
864 4848 1009 4920 lectores
1035 4858 1070 4921 et
1096 4849 1282 4938 auditores,
1309 4857 1344 4921 et
1370 4869 1470 4943 super
1490 4845 1576 4919 hano

208 4963 343 5053 urbem,
369 4984 551 5059 omnesque
576 4963 761 5038 habitantes
787 4968 821 5036 in
847 4987 907 5057 ea,
933 4969 967 5036 in
993 4966 1147 5058 saecula,
1172 4967 1291 5041 Amen.

310 5079 498 5151 Diaconos.
550 5079 702 5156 Psalmus
727 5081 869 5157 Davidis
896 5082 1014 5155 dicihu
1040 5105 1157 5157 coram
1182 5081 1281 5156 Patre
1305 5092 1432 5160 nostro.
