4525 6034
440 548 450 567 “
571 578 831 656 marimens
847 576 1234 656 fflcnnsmsnn
1515 579 1589 653 aaa

231 769 375 825 accurate
405 763 608 844 scripserunt,
631 780 699 825 cum
721 763 938 826 caeremoniam
965 762 1046 825 illam
1072 771 1254 844 quaererent
1284 766 1315 826 in
1345 762 1413 827 loco
1440 779 1501 826 non
1523 781 1591 839 suo,

230 879 339 943 nempe
361 864 461 924 statim
483 869 573 945 atque
595 861 791 945 pronunciata
814 869 883 926 sunt
903 860 997 924 verba
1020 860 1141 925 Christi.
1190 862 1294 925 'lotius
1323 863 1435 943 quippe
1458 860 1591 925 Orientis

231 959 392 1024 Christiani
414 962 601 1027 consuetudo
623 961 699 1041 lert,
728 969 762 1024 ut
790 979 850 1025 nou
872 962 955 1042 prius
982 961 1118 1025 elevetur
1146 961 1386 1040 Sacramentum,
1418 966 1449 1023 et
1476 960 1589 1044 populo

229 1059 416 1140 ostendatur,
440 1080 527 1143 pam
550 1061 675 1140 dicatur,
697 1061 812 1124 wacta
833 1065 956 1125 coneda.
982 1061 1029 1124 Ex
1042 1062 1100 1125 boe
1114 1078 1221 1125 erroro
1242 1061 1351 1124 lautum
1374 1067 1423 1124 est
1443 1067 1476 1123 ut
1497 1058 1590 1137 multi,

228 1159 434 1223 Orientalibus
446 1160 592 1225 Ecclesiis
613 1163 745 1244 ignotam
767 1178 837 1224 esse
859 1160 1057 1224 elevationem
1079 1168 1193 1224 temere
1213 1160 1437 1236 ablnnaverint3
1461 1165 1491 1222 ct
1504 1160 1590 1240 quasi

228 1266 416 1340 compertum
438 1259 528 1340 toret,
550 1260 670 1324 adorari
693 1276 753 1322 non
774 1277 866 1341 posse
877 1258 1101 1339 Eucharistiam,
1125 1260 1182 1322 uisi
1193 1259 1328 1323 elevetur
1351 1267 1382 1322 et
1403 1257 1587 1337 ostendatur,

227 1360 350 1440 qnidam
372 1359 499 1424 ulterius
521 1361 692 1443 progressi,
721 1360 832 1423 nullam
854 1359 932 1422 illius
967 1359 1172 1423 adorationem
1195 1360 1226 1421 iu
1247 1359 1371 1424 Oriente
1402 1359 1467 1421 fieri
1488 1365 1589 1421 statu-

226 1467 330 1524 eruut
374 1458 457 1523 Istud
478 1447 666 1543 παράδοξον
687 1478 753 1522 cum
781 1458 922 1522 Claudius
945 1458 1189 1523 Carentoniensis
1216 1476 1234 1521 a
1263 1458 1476 1522 sordidissimis
1499 1464 1591 1520 auto-

225 1558 315 1621 ribus
337 1565 509 1639 mutuatum,
533 1562 618 1641 quasi
641 1558 842 1640 exploratam,
870 1567 902 1621 et
929 1558 968 1622 de
990 1577 1049 1640 pua
1072 1558 1200 1621 dubitari
1221 1577 1284 1622 uon
1306 1565 1405 1634 esset,
1434 1558 1590 1631 veritatem

227 1659 452 1739 proposuisset,
474 1659 557 1724 velut
586 1658 666 1722 bello
697 1657 841 1721 adversus
872 1656 1042 1721 Catholicos
1071 1657 1200 1721 feliciter
1228 1656 1383 1736 coniecto,
1412 1657 1490 1720 inter
1518 1672 1591 1719 suos

227 1757 433 1839 triumphavit.
484 1758 525 1821 Αι
550 1759 636 1820 istius
673 1756 826 1840 liturgiae
862 1757 956 1821 solius
989 1758 1188 1822 testimonium
1215 1775 1319 1820 omnes
1353 1757 1432 1819 illius
1459 1755 1591 1818 rabones

228 1860 352 1937 evertit,
374 1876 441 1920 cum
464 1876 503 1920 en
525 1877 563 1921 eo
586 1863 715 1935 constet,
744 1855 959 1920 Eucharistiam
989 1857 1121 1937 elevari,
1150 1856 1327 1938 ostendique
1354 1855 1482 1938 populo;
1510 1853 1591 1917 unde

226 1957 313 2019 illam
335 1956 454 2021 adorari
476 1958 621 2039 sequitur,
643 1957 798 2038 exipsius
821 1956 935 2019 Claudii
958 1965 989 2020 et
1011 1957 1136 2020 aliorum
1158 1957 1232 2020 ratis
1254 1956 1420 2020 sententiis.
1454 1953 1590 2019 videnda

228 2075 312 2139 quae
335 2057 373 2120 de
395 2056 454 2121 boo
484 2063 662 2139 argumento
692 2055 761 2118 alibi
788 2056 900 2137 scripta
929 2062 1009 2135 sunt,
1038 2056 1146 2138 quibus
1175 2056 1274 2138 plura,
1296 2055 1323 2117 si
1350 2055 1410 2117 vita
1439 2061 1591 2137 suppetet,
1604 2063 1774 2134 Peperit.
1789 2064 1909 2118 teet.
2040 2054 2048 2067 ‘

228 2155 416 2238 adjiciemus.

318 2257 388 2321 Vox
409 2242 590 2319 Σπουδαόν
610 2273 688 2336 quae
707 2254 755 2317 bio
770 2255 912 2332 occurrit,
933 2253 1044 2317 frustra
1059 2262 1221 2336 quaeretur
1237 2255 1267 2317 in
1281 2254 1441 2319 Glossariis
1455 2253 1592 2317 Graeco-

226 2355 382 2435 Barbarie,
406 2373 467 2419 non
488 2356 584 2437 magis
606 2372 695 2436 quam
719 2354 900 2417 iuArabicis
913 2353 1032 2417 lexicis
1044 2362 1221 2451 partuum<
1238 2355 1410 2433 lsbudicort,
1434 2371 1503 2416 cum
1524 2370 1591 2416 eam

227 2456 425 2539 peregrinam
460 2471 530 2517 esse
563 2455 636 2516 satis
667 2461 822 2536 appareat.
872 2452 901 2515 Α
938 2452 1053 2518 Graeca
1087 2442 1291 2518 Aeomucaadv
1329 2453 1486 2515 lormatam
1519 2467 1591 2514 esse

226 2570 351 2634 nempe,
372 2562 406 2616 ut
426 2552 666 2637 subintelligatur
686 2549 792 2632 σῶμα,
814 2552 942 2616 dubitari
968 2572 1029 2618 non
1054 2562 1171 2637 potest:
1204 2560 1287 2618 certe
1316 2553 1407 2617 talem
1436 2551 1592 2634 signitica-

229 2653 344 2715 tionem
366 2653 445 2715 illam
471 2651 607 2730 babere,
629 2654 723 2715 series
752 2654 918 2715 orationum
948 2652 1141 2718 demonstrat.
1186 2652 1304 2736 Quippe
1332 2638 1514 2716 Σπουδικόν
1542 2657 1591 2712 est

226 2751 378 2834 particula
407 2753 494 2834 panis
522 2753 692 2814 consecrati
713 2754 817 2835 major,
840 2770 918 2833 quae
945 2771 962 2815 a
990 2755 1118 2817 caeteris
1140 2753 1326 2834 secernitur,
1355 2771 1397 2815 ex
1424 2768 1485 2832 pua
1511 2766 1588 2813 con-

227 2852 369 2935 siguatur
391 2851 485 2928 calix,
515 2857 545 2913 et
567 2869 645 2932 quae
667 2852 697 2913 in
720 2851 884 2914 meditullio
907 2851 982 2916 disci
1004 2853 1179 2917 collocatur.
1212 2853 1315 2934 ltaque
1344 2849 1425 2933 quod
1454 2866 1517 2912 vox
1541 2848 1592 2911 illa

227 2951 381 3033 signidem
407 2951 480 3013 satis
509 2956 556 3013 est
584 2951 789 3032 perspicuum:
819 2958 850 3014 et
880 2969 947 3015 oum
975 2952 1099 3033 dicitur,
1121 2952 1235 3015 Sancto
1256 2954 1387 3031 roawda,
1419 2948 1491 3013 nilril
1512 2947 1592 3010 uliud

227 3068 320 3132 quam
341 3049 528 3113 Eucharistia
549 3056 649 3131 potest
670 3050 833 3133 designari,
856 3069 923 3115 oum
945 3059 1066 3133 praeter
1094 3052 1174 3115 illam
1195 3041 1274 3134 ἅγια
1295 3059 1326 3114 et
1348 3040 1537 3134 dyademate
1559 3048 1589 3110 in

227 3150 319 3213 altari
340 3148 420 3212 nullu
442 3150 511 3228 sint,
534 3147 572 3210 ad
593 3168 671 3230 quae
692 3150 749 3212 soli
770 3151 867 3214 uncti
896 3150 1010 3215 admitti
1037 3150 1175 3215 debeant
1217 3151 1332 3214 &ncta
1353 3149 1403 3213 illu
1434 3166 1505 3213 ease
1526 3147 1591 3210 Eu-

228 3249 413 3329 cbarisdam,
435 3248 543 3331 probat
564 3249 678 3312 veteris
699 3249 856 3313 Ecclesiae
878 3250 1045 3332 disciplina,
1067 3269 1134 3316 eum
1156 3251 1254 3313 statim
1266 3249 1432 3313 commuuio
1454 3246 1592 3343 distribui

229 3348 355 3423 soleret
376 3356 408 3411 et
430 3364 468 3411 eo
491 3356 643 3430 spectaret
665 3349 793 3413 celebris
816 3350 867 3413 illa
889 3350 1069 3430 admonitio,
1098 3369 1138 3414 ne
1166 3351 1216 3415 alii
1244 3367 1332 3432 quam
1354 3351 1406 3431 qui
1428 3347 1467 3411 ad
1488 3348 1592 3430 perci-

228 3447 342 3529 pienda
365 3448 506 3528 mysteria
535 3449 644 3529 parati.
662 3457 781 3527 essent,
812 3450 1001 3514 accederent.
1044 3451 1170 3532 Jamque
1197 3451 1254 3512 etsi
1282 3449 1413 3514 nondum
1438 3455 1593 3530 percepta,

228 3547 350 3609 Sancte
371 3547 629 3609 existimabantur:
658 3555 689 3610 et
709 3548 872 3612 seeundum
894 3549 1037 3632 quosdam
1058 3551 1217 3613 versiones
1240 3548 1378 3632 Syriacas
1401 3550 1476 3615 baec
1499 3552 1591 3614 verba

228 3649 276 3710 ita
304 3645 562 3728 intelligebantur,
592 3655 625 3709 ut
653 3647 874 3732 significarent,
905 3668 974 3712 esse
1003 3649 1119 3713 Soracte
1146 3657 1327 3713 suatotorum.
1370 3649 1452 3714 llaec
1474 3652 1593 3733 quidem

230 3746 408 3810 acclamatio
430 3763 492 3809 non
513 3745 634 3809 extabat
656 3748 686 3810 in
707 3746 821 3811 Codice
843 3747 1053 3830 Scaligerano,
1083 3766 1142 3812 nee
1168 3751 1198 3811 in
1220 3748 1323 3831 Regiis
1346 3757 1397 3812 aut
1417 3750 1448 3812 in
1470 3759 1591 3815 nostro:

231 3864 340 3909 verum
361 3862 426 3908 eam
448 3853 658 3928 repraesentat
681 3844 787 3910 Codex
808 3846 921 3931 Regius
944 3868 984 3911 ex
1011 3850 1191 3913 recensione
1215 3848 1361 3912 Gabrielis
1391 3850 1591 3930 Patriurcbae,

232 3946 287 4026 qui
309 3952 339 4007 et
359 3945 438 4008 illius
462 3947 491 4008 in
513 3945 622 4009 liituali
644 3964 701 4010 suo
722 3949 870 4023 meminit,
898 3948 978 4012 amde
1006 3949 1085 4012 illam
1107 3951 1139 4011 in
1160 3950 1301 4012 versione
1323 3956 1427 4013 nostm
1449 3952 1592 4031 reposui·

232 4062 312 4122 mus,
334 4063 401 4107 cum
424 4045 503 4108 illam
525 4047 654 4110 omnium
676 4047 889 4130 cujuscumque
918 4049 1038 4133 linguae
1065 4049 1265 4132 liturgiarum
1293 4050 1480 4113 commendet
1502 4057 1592 4113 auto-

232 4144 320 4220 ritas,
342 4146 427 4211 istius
448 4145 625 4228 praesertim
646 4144 766 4227 Graeci,
788 4151 839 4228 qui
861 4148 1019 4230 Coptiouru
1038 4150 1212 4230 antiquitate
1235 4157 1367 4230 superat.

255 4378 258 4385 Ι
295 4404 334 4485 Ὀ
357 4405 463 4506 &pais
487 4412 578 4509 λέγει
602 4406 671 4505 τὴν
693 4407 913 4510 Ὀμολογίαν.
965 4410 1141 4483 Sacerdos
1165 4412 1250 4483 dicit
1275 4410 1535 4506 consessionem.

336 4614 508 4695 Conrrssro
535 4630 592 4694 ista
620 4631 651 4692 in
679 4631 815 4695 omnibus
843 4632 1055 4696 Alexandrinis
1083 4629 1208 4695 Graecis
1238 4640 1268 4695 et
1296 4630 1428 4714 Coptieis
1450 4631 1592 4717 Liturgiis

233 4733 396 4813 reperitur,
419 4742 524 4816 estque
546 4736 675 4818 insigne,
697 4736 724 4798 si
746 4734 827 4817 quud
849 4754 986 4818 unquam,
1008 4737 1076 4800 lidei
1098 4736 1137 4800 de
1160 4737 1287 4800 veritate
1308 4738 1446 4819 corporis
1469 4746 1498 4800 et
1520 4756 1594 4803 san-

235 4833 335 4912 guinis
358 4830 469 4897 Christi
495 4835 526 4896 iu
547 4834 752 4915 Eucharistia,
781 4835 897 4899 illamam
924 4837 1128 4900 Ecclesiarum
1155 4837 1364 4901 testimonium.
1408 4838 1593 4901 vetustatem

236 4929 316 4994 illius
342 4933 450 5014 probat
471 4934 604 5018 Liturgia
627 4935 745 4999 Graeca
769 4932 805 4997 lt.
832 4935 935 4999 llarci.
980 4935 1054 5000 Cum
1080 4955 1156 5002 vero
1185 4954 1245 5000 non
1280 4935 1399 5020 integra
1431 4938 1592 5019 reseratur,

235 5031 292 5094 sed
314 5034 428 5114 prmius
450 5040 561 5098 tanmm
583 5053 677 5099 vocas
700 5032 802 5115 Σῶμα
823 5022 931 5118 tyro:
961 5036 999 5100 de
1026 5044 1090 5100 tota
1120 5036 1199 5101 illius
1228 5035 1322 5099 forma
1350 5038 1445 5118 qualis
1472 5041 1504 5101 in
1526 5040 1594 5121 pri-

279 5170 392 5214 mast
1340 5156 1389 5231 57
