4525 6034
618 543 1155 682 Atuxthotlhh.
1484 601 1563 676 409

203 801 257 866 est
315 791 384 865 Sub
411 793 593 865 AnastasIo
620 791 776 865 XXXVI.
838 792 1038 866 Anastasius
1073 789 1303 864 Antiochcnus
1338 789 1566 863 Jacohitamm

201 908 403 996 Patriarcha,
429 931 497 981 non
522 908 622 981 modo
648 906 761 982 literas
788 909 978 1007 Synodieas
1012 910 1118 999 misit,
1158 906 1218 980 sed
1250 908 1325 1003 ipse
1354 907 1453 1003 paulo
1488 916 1567 1003 post

200 1030 230 1098 in
253 1027 447 1123 Aegyptum
472 1027 573 1098 venit
611 1024 830 1122 interruptam
855 1025 961 1098 iuIsse
986 1048 1048 1120 per
1072 1023 1180 1111 heho,
1207 1046 1296 1118 quaa
1314 1032 1418 1097 totum
1436 1022 1565 1094 Orien-

200 1151 259 1213 tem
291 1142 492 1238 depopulata
523 1151 618 1230 suot,
651 1141 819 1214 literarum
853 1145 1046 1214 missionem
1077 1139 1262 1214 ver‘mimhe
1288 1150 1355 1213 est:
1388 1162 1467 1212 nam
1502 1135 1565 1211 suh

199 1259 388 1351 Benjamino
416 1268 449 1331 et
475 1261 548 1351 ejus
573 1260 736 1353 proximis
763 1257 1016 1331 successorihus
1043 1256 1104 1331 suh
1120 1254 1272 1329 Arabum
1292 1257 1449 1353 Imperio,
1474 1254 1565 1328 nulla

199 1396 308 1445 earum
337 1376 480 1447 occurrit
505 1376 675 1446 memoria.
728 1371 853 1451 Ve‘rum
880 1373 942 1448 suh
958 1374 1094 1446 Simone
1115 1372 1219 1445 XLII.
1237 1377 1383 1469 antiqua,
1408 1380 1445 1444 nt
1463 1376 1565 1461 aiunt,

199 1489 400 1563 consuetudo
425 1499 586 1563 revocata
613 1501 682 1578 est,
716 1494 913 1587 scripsitque
939 1493 968 1563 is
993 1489 1199 1586 synodicam
1225 1489 1268 1561 ad
1293 1491 1458 1563 Julianmu
1484 1490 1564 1562 Au-

197 1605 389 1679 tiochenum.
441 1606 535 1680 Elias
561 1610 633 1700 ejus
660 1630 858 1698 successor,
885 1610 1019 1704 scripsit
1045 1606 1089 1679 ad
1113 1605 1345 1681 Alexandrum
1369 1606 1488 1679 XLIII.
1522 1606 1567 1679 ad

199 1747 291 1818 quem
333 1727 432 1796 etiam
473 1723 587 1797 literas
633 1726 720 1797 misit
759 1723 962 1797 Athanasius
1000 1722 1097 1796 Eliae
1130 1743 1320 1796 successor.
1371 1720 1487 1817 Usque
1522 1721 1567 1794 ad

197 1839 343 1912 Chailem
368 1839 490 1913 XLVI.
515 1842 605 1913 nulla
630 1843 808 1913 mIssarum
833 1839 1003 1912 literarum
1028 1841 1189 1913 memoria
1211 1840 1365 1911 occurrit.
1406 1839 1463 1912 Ad
1489 1861 1566 1911 eum

196 1957 331 2029 Isaacus
356 1954 546 2051 Episcopus
572 1956 704 2029 llarrau
731 1959 879 2053 scripsit,
907 1957 968 2029 sed
994 1977 1069 2028 cum
1095 1965 1213 2026 contra
1246 1954 1403 2028 Oenones
1436 1956 1565 2028 Antio-

197 2072 332 2143 chenam
367 2070 481 2144 sedem
517 2072 637 2146 lavore
667 2072 834 2147 Ahdallae
860 2072 989 2144 Sultani
1015 2080 1233 2167 occupasset,
1273 2074 1397 2144 occisis
1428 2071 1565 2144 hletro-

196 2188 304 2285 politis
334 2187 479 2280 duobus,
506 2192 562 2284 qui
587 2192 734 2262 maxime
759 2187 934 2262 conatibus
959 2191 1033 2283 ejus
1060 2186 1286 2274 obsistebant,
1313 2188 1387 2279 ejus
1412 2186 1566 2283 Epistola

197 2303 366 2401 Spnodica
395 2329 415 2377 a
442 2305 558 2379 Chaile
585 2316 722 2402 recepta
748 2303 919 2394 nonfuit,
946 2306 1098 2400 quamvis
1125 2326 1199 2376 earn
1225 2305 1372 2376 mimsset
1396 2327 1459 2400 per
1476 2303 1566 2400 Epi-

196 2443 318 2517 scopos
361 2420 464 2512 duos,
502 2421 749 2494 Damascenum
784 2430 818 2492 et
849 2418 1069 2493 Emesenum:
1102 2421 1168 2491 imo
1205 2423 1357 2495 invasori
1391 2401 1597 2493 anathema⁸

196 2536 434 2611 denunciatum.
485 2535 609 2611 Postea
634 2539 783 2611 loannes
809 2536 959 2610 XLVIII.
985 2538 1120 2632 scrIpsit
1151 2534 1194 2610 ad
1229 2535 1411 2630 Georgium
1438 2538 1566 2610 Antio-

197 2651 353 2742 chorum,
394 2656 449 2749 qui
490 2653 675 2727 Athanasio
724 2662 955 2743 successerat,
995 2651 1103 2726 electo
1147 2660 1227 2748 post
1267 2654 1377 2727 Isaaci
1414 2662 1565 2727 mortem

197 2769 363 2862 Georgius
390 2773 424 2841 in
449 2771 583 2843 vincirla
614 2774 787 2864 conjectus
820 2767 1011 2841 rescribere
1043 2791 1112 2841 non
1145 2771 1266 2863 potuit:
1305 2770 1380 2843 sed
1402 2770 1566 2867 Cyriacus

196 2888 264 2979 ejus
291 2908 490 2974 successor,
517 2890 571 2958 cui
596 2888 762 2975 loannes,
788 2897 822 2958 et
848 2888 904 2981 qui
930 2888 1085 2981 proxime
1111 2884 1311 2958 cathedram
1337 2890 1441 2959 tenuit
1466 2887 1566 2960 llor-

195 3025 269 3088 cos,
297 3004 544 3099 rescripserunt
570 3001 631 3076 suh
658 3000 788 3075 Jacoho
821 3000 860 3073 L.
893 3003 1077 3098 Dionysius
1109 3001 1304 3076 Paniarcha
1338 3001 1566 3105 Antiochcnus

195 3118 449 3215 inAegpptum
476 3122 634 3207 veniens,
663 3122 829 3214 antIpuam
856 3120 1120 3190 communionem
1147 3121 1318 3214 utriusque
1331 3119 1434 3210 sedis,
1461 3141 1568 3214 prae-

196 3257 270 3308 sens
311 3258 387 3307 cum
421 3258 463 3308 eo
499 3248 533 3309 et
565 3237 744 3332 Aegyptiis
774 3234 953 3331 Episcopis
987 3236 1186 3307 renovarit:
1222 3235 1369 3308 loannes
1401 3236 1568 3332 DionysIo

196 3351 351 3424 suffectus
387 3349 429 3424 ad
463 3349 634 3448 Vucahum
665 3352 734 3424 LII.
768 3355 922 3448 scripsit,
952 3351 1205 3447 Epistolampne
1240 3349 1447 3448 synodicam
1481 3353 1570 3424 misit

195 3491 253 3563 per
292 3469 486 3567 Episcopos
525 3469 629 3558 dnos,
671 3468 713 3541 ad
751 3491 834 3564 quas
866 3467 1023 3564 Yucahus
1055 3466 1239 3541 honorifice
1275 3467 1459 3562 respondit.
1512 3468 1569 3541 Ad

196 3584 346 3657 eunrdem
372 3585 534 3657 loannem
561 3583 704 3658 Cosmas
735 3584 822 3656 LIV.
856 3586 990 3681 scripsit
1024 3583 1191 3674 similiter,
1223 3583 1403 3680 Episcopis
1437 3584 1567 3659 duohus

195 3723 234 3773 ea
261 3725 366 3774 causa
391 3702 602 3774 Antiochiam
627 3699 766 3795 legatis:
792 3703 837 3773 ita
865 3702 1020 3774 Sanctius
1048 3705 1120 3796 ejus
1147 3723 1335 3776 successor.
1384 3702 1515 3775 Ioanne
1533 3705 1568 3774 in

195 3817 329 3889 callium
355 3817 453 3914 pulso
480 3841 595 3891 curam
620 3816 796 3889 Ecclesiae
822 3816 1070 3907 Antiochenae,
1098 3830 1253 3913 quantum
1279 3842 1341 3914 per
1360 3819 1514 3893 mandata
1532 3829 1568 3891 et

193 3930 304 4006 literas
331 3942 482 4030 poterat,
519 3937 626 4028 gessit
656 3932 837 4006 Zacharias
870 3931 990 4007 LXIV.
1019 3933 1249 4007 Christodulus
1284 3934 1404 4008 LXVI.
1433 3938 1567 4031 serIpsit

195 4072 326 4146 quoque
354 4050 396 4122 ad
422 4051 667 4125 Antiochcnus:
695 4072 834 4145 quorum
859 4049 1052 4123 Patriarcha
1078 4051 1262 4147 Dionysius
1289 4051 1331 4146 ad
1359 4074 1433 4125 eum
1451 4051 1565 4126 literas

195 4165 299 4256 dedit,
326 4165 389 4241 sed
415 4190 502 4263 quaa
526 4189 595 4239 non
628 4169 693 4239 nisi
724 4176 801 4263 post
835 4169 907 4260 ejus
943 4165 1068 4239 obitum
1102 4171 1293 4242 successori
1326 4171 1399 4260 ejus
1435 4167 1565 4264 Cprillo

194 4282 343 4355 redditae
375 4292 459 4355 sunt.
511 4282 560 4354 Ita
587 4282 745 4379 deioceps
778 4285 812 4354 ln
839 4305 880 4355 ea
906 4283 1144 4356 cousuetudine
1176 4297 1432 4380 perseveratum
1465 4296 1519 4357 est
1545 4308 1565 4356 a

194 4396 398 4471 Patriarchis
427 4408 495 4470 tam
526 4398 764 4471 AlexandrioIs
799 4417 898 4493 quant
930 4398 1164 4491 Antiochenis,
1202 4422 1313 4496 noque
1346 4400 1402 4475 illa
1435 4401 1567 4473 videtur
1709 4432 1719 4455 =

194 4515 374 4612 interropta
401 4514 520 4604 fuisse,
546 4518 611 4588 alsi
638 4519 818 4588 occasione
845 4514 1008 4589 hehomm
1035 4539 1121 4614 quae
1147 4526 1217 4591 toto
1246 4518 1384 4590 Oriente
1409 4538 1472 4613 per
1498 4539 1565 4589 an-

194 4652 255 4704 nos
290 4631 413 4705 multos
445 4643 662 4721 exarserunt,
700 4635 898 4728 praesertim
930 4655 977 4704 ex
1012 4657 1078 4730 quo
1111 4634 1234 4706 Franci
1259 4634 1565 4730 hierosolymitano

194 4768 302 4839 regno
329 4745 492 4838 stabilito,
518 4748 690 4822 Jacohitas
717 4747 893 4820 Antiochia
921 4760 1119 4842 exegerunt.
1157 4749 1234 4823 Mos
1260 4774 1365 4846 porro
1384 4750 1425 4824 ad
1453 4751 1566 4823 irltima

194 4885 301 4958 usque
327 4875 478 4962 tempora
503 4868 589 4938 iuter
615 4864 690 4938 illos
716 4865 928 4938 Patriarchas
955 4865 1156 4940 observatus
1182 4865 1258 4956 fuit,
1290 4874 1344 4956 ut,
1378 4869 1407 4938 si
1433 4867 1565 4963 quando

195 5001 305 5053 novus
330 4981 520 5054 Patriarcha
546 4981 589 5054 ad
616 4981 754 5054 alterum
771 4981 976 5078 SynodIcam
1002 4985 1243 5074 conmisisset,
1269 4985 1300 5057 is
1325 4986 1412 5056 luter
1432 4985 1563 5057 Missa-

195 5115 267 5167 rum
305 5096 473 5192 solennIa,
506 5121 628 5172 nomen
661 5102 733 5193 ejus
760 5121 806 5170 ex
831 5098 1006 5197 Diptpehis
1032 5104 1286 5175 commemorari
1312 5123 1379 5175 non
1405 5100 1564 5197 patieba-
