4525 6034
822 1060 902 1150 IN
964 1058 1369 1156 catabuli
1437 1060 1958 1155 GENERALEll

1095 1279 1180 1355 SIVE
1195 1277 1403 1356 LITURGIAM
1421 1276 1683 1355 AETHIOPICAE

1049 1486 1731 1607 OBSERVATIONES.

805 1829 929 1908 Ollius
944 1841 1147 1925 liturgiarum
1159 1839 1354 1903 Orientalium
1368 1840 1444 1903 baec
1465 1842 1571 1922 prima,
1594 1841 1625 1901 in
1647 1841 1770 1922 Europa
1792 1842 2051 1905 editaestAetbio·

705 1945 791 2026 pice,
821 1945 936 2008 Romae
965 1963 1043 2008 anno
1066 1944 1254 2007 lellLVlll.
1283 1952 1313 2006 et
1335 1945 1441 2008 Latine
1465 1962 1543 2007 anno
1566 1947 1713 2026 sequenti.
1759 1943 1834 2008 Cum
1858 1947 1934 2009 enim
1954 1955 2052 2009 vasula

704 2060 762 2123 per
774 2042 912 2105 Galarum
926 2051 955 2105 et
969 2042 1100 2107 Granhei
1110 2042 1319 2107 hluhamedani
1332 2044 1477 2126 Principis
1493 2045 1681 2106 incursiones
1694 2043 1865 2126 Aethiopia,
1887 2046 1917 2107 in
1938 2047 2052 2108 maximis

706 2143 852 2226 angustiis
866 2142 955 2221 loret,
970 2144 1146 2206 sacerdotes
1159 2143 1283 2225 aliquot,
1306 2160 1432 2226 quorum
1450 2143 1633 2225 praecipuus
1649 2151 1714 2204 erat
1727 2145 1846 2220 Petrus,
1869 2144 1953 2207 aliter
1972 2145 2053 2208 dicus

705 2242 919 2323 Teisa-Sion,
949 2239 1060 2304 Comos
1089 2243 1156 2306 sive
1183 2242 1438 2320 Archimandrita,
1468 2243 1590 2305 Romam
1620 2250 1783 2322 venerunt,
1814 2250 1847 2305 ut
1875 2243 1966 2307 libros
1990 2245 2054 2306 Novi

705 2343 886 2405 Testamenti
909 2360 964 2405 sua
985 2341 1088 2424 lingua
1110 2342 1313 2420 excuderent,
1343 2360 1382 2404 ne
1412 2343 1548 2424 perirent
1570 2341 1702 2404 funditus
1725 2342 1754 2403 in
1776 2341 1896 2423 publiea
1917 2342 1966 2405 illa
1985 2344 2054 2406 cala-

703 2443 815 2505 mitate.
859 2441 1046 2523 Adjecerunt
1068 2441 1212 2505 Ordinem
1234 2458 1420 2505 communem
1443 2441 1595 2525 Liturgiae
1618 2458 1703 2519 suae,
1726 2443 1776 2523 qui
1787 2441 1892 2504 Latine
1908 2460 2053 2504 conversus

704 2550 753 2604 est
775 2558 792 2603 a
815 2541 910 2604 doctis
934 2541 1045 2623 aliquot
1067 2540 1163 2618 ltalis,
1188 2560 1247 2622 ope
1271 2541 1445 2603 eorumdem
1467 2540 1659 2621 Aethiopum.
1705 2539 1756 2602 lsti
1779 2559 1855 2603 vero
1878 2559 1944 2603 cuna
1965 2543 2053 2604 Latine

702 2659 809 2723 parum
831 2641 958 2714 scirent,
988 2639 1075 2703 alteri
1097 2639 1277 2721 Aethiopice
1300 2656 1361 2701 uon
1383 2640 1491 2723 magis,
1514 2626 1695 2703 sententiam
1717 2658 1778 2701 non
1800 2659 1921 2722 semper
1943 2639 2053 2704 assecuti

703 2749 782 2805 sunt.
826 2740 900 2803 Erat
928 2748 999 2802 tunc
1029 2758 1142 2803 summa
1163 2739 1283 2802 liituum
1306 2738 1517 2817 Orientalium,
1547 2740 1699 2821 totiusque
1720 2738 1955 2804 Ecclesiasticae
1975 2741 2053 2803 disci-

702 2840 803 2921 plinae
825 2841 938 2902 veteris
954 2840 1135 2922 ignorantia,
1157 2857 1215 2921 per
1229 2856 1316 2919 quam
1339 2837 1459 2918 lactum,
1482 2846 1515 2901 ut
1537 2839 1624 2900 etiam
1646 2838 1677 2900 in
1700 2840 1843 2902 versione
1864 2858 1926 2903 non
1948 2856 2052 2922 prorsus

702 2938 963 3020 reprehendenda,
986 2946 1184 3002 occurrerent
1206 2937 1344 3000 salebrae
1366 2936 1610 3013 innumerabiles,
1633 2946 1778 3020 superatu
1792 2938 1938 3017 difficiles,
1961 2940 2053 3002 nisiex

703 3038 826 3100 aliarum
848 3038 1064 3117 Ecclesiarum,
1088 3037 1312 3101 Alexandrinae
1333 3038 1501 3118 praecipue
1524 3036 1692 3117 disciplina,
1715 3038 1768 3100 lux
1789 3038 1968 3119 allerretur,
1988 3037 2053 3121 quod

701 3154 790 3199 nemo
812 3145 883 3200 tunc
905 3145 1064 3220 praestare
1085 3137 1243 3218 potuisset.
1286 3136 1393 3218 Neque
1415 3138 1494 3199 enim
1515 3144 1605 3200 notae
1629 3144 1715 3199 erant
1738 3137 1948 3221 Aegyptiacae
1969 3139 2052 3200 bitur-

702 3239 782 3321 giae,
805 3257 883 3319 quae
894 3239 979 3300 istius
994 3238 1091 3303 lontes
1114 3246 1145 3301 et
1168 3238 1317 3319 originem
1340 3236 1542 3313 continebant,
1565 3238 1631 3299 sine
1654 3236 1763 3317 quibus
1776 3246 1876 3300 nmen
1890 3239 1929 3301 de
1943 3236 2051 3299 Aethio-

701 3339 770 3418 pica
792 3347 876 3399 recte
896 3338 1024 3419 judicari
1047 3356 1108 3400 non
1130 3344 1260 3419 poterat.
1295 3336 1375 3398 Nihil
1391 3336 1484 3419 igitur
1500 3335 1580 3417 quod
1602 3335 1639 3397 ad
1663 3335 1743 3398 illam
1765 3337 1974 3418 explicandam
1992 3352 2050 3416 per-

702 3437 813 3498 tineret
842 3438 974 3499 versioni
1004 3437 1176 3519 adjunctum
1206 3443 1267 3498 est:
1299 3434 1363 3516 ipsa
1393 3435 1542 3516 aliquibus
1571 3435 1602 3496 in
1632 3434 1710 3497 locis
1732 3434 1915 3517 interpolata
1938 3444 1998 3512 est,
2021 3450 2051 3495 ne

702 3553 860 3599 censuram
882 3536 1061 3598 incurreret.
1103 3534 1303 3617 Aethiopibus
1331 3552 1406 3597 vero
1434 3535 1516 3597 licuit
1542 3533 1623 3596 illam
1653 3552 1737 3597 suam
1766 3535 1946 3617 biturgiam,
1976 3536 2048 3597 utin

702 3634 864 3698 Codicibus
887 3637 948 3698 suis
971 3636 1110 3714 extabat,
1140 3636 1221 3716 typis
1244 3632 1408 3711 excudere,
1432 3651 1499 3696 cum
1521 3634 1673 3696 levissima
1696 3636 1877 3713 mutatione,
1905 3635 1997 3715 qualis
2014 3637 2050 3695 est

701 3734 812 3797 additio
826 3734 993 3814 particulae
1004 3736 1138 3817 Filioque
1151 3735 1183 3796 in
1192 3732 1347 3816 Symbolo,
1371 3740 1401 3795 et
1416 3734 1521 3815 paucis
1542 3733 1616 3797 aliis.
1646 3733 1733 3796 Edita
1755 3733 1864 3796 deinde
1886 3732 1943 3795 luit
1967 3732 2049 3796 eaden

700 3835 807 3897 Latina
829 3835 931 3898 versio
954 3835 984 3896 iu
1006 3834 1192 3898 Bibliotheca
1214 3835 1348 3913 Petrum,
1372 3835 1427 3897 sed
1450 3833 1564 3915 absque
1586 3833 1646 3895 ulla
1669 3833 1846 3895 mutatione:
1874 3837 2050 3896 accesserunt

701 3934 905 3997 tantummodo
928 3942 1017 3996 notae
1047 3934 1161 4016 aliquot
1183 3933 1334 3996 bominum
1355 3932 1479 4017 linguae
1491 3932 1690 4014 Aethiopicae
1713 3940 1743 3994 et
1766 3932 1944 4014 disciplinae
1959 3932 2048 3996 Orien·

701 4034 767 4097 talis
790 4052 887 4114 aeque
908 4034 1132 4115 imperitorum,
1163 4034 1243 4096 unde
1265 4032 1364 4095 nullus
1386 4050 1482 4114 prope
1502 4032 1540 4094 ad
1555 4032 1721 4095 Ecclesiam
1736 4031 1920 4095 Catholicain
1942 4030 2047 4108 fructos,

701 4134 752 4214 qui
774 4139 956 4195 tamennon
987 4133 1116 4216 exiguus
1145 4152 1185 4196 ex
1216 4149 1253 4196 ea
1283 4131 1418 4214 Liturgia
1440 4133 1508 4212 capi
1537 4139 1675 4213 poterat,
1703 4132 1887 4213 pervenerit.
1934 4130 2047 4194 Criticen

698 4235 729 4295 in
752 4250 788 4294 ea
810 4248 893 4294 suam
916 4230 1041 4295 Rivetus
1063 4234 1216 4309 exercuit,
1244 4249 1371 4312 prorsus
1394 4232 1538 4312 ineptam:
1561 4230 1736 4293 Albertinus
1759 4229 1885 4294 sormam
1906 4234 2046 4297 verborum

699 4329 810 4393 Christi
833 4348 910 4412 quae
933 4332 964 4392 in
986 4350 1022 4394 ea
1044 4331 1171 4414 legitur,
1203 4340 1341 4413 tanquam
1370 4338 1578 4414 argumentum
1600 4347 1660 4412 quo
1677 4328 1824 4392 Catholici
1842 4331 2045 4412 jugularentur,

698 4434 831 4513 arripuit.
876 4430 1009 4494 Tandem
1031 4434 1062 4494 in
1085 4432 1200 4495 celebri
1221 4431 1423 4513 disputatione
1445 4430 1483 4492 de
1504 4439 1654 4512 perpetuo
1668 4429 1826 4492 Ecclesiae
1847 4432 1929 4495 circa
1944 4430 2045 4495 Eucha-

697 4530 801 4593 ristiae
823 4529 911 4592 fidem
934 4549 1097 4608 consensu,
1119 4540 1265 4613 excerpta
1287 4551 1328 4595 ex
1343 4528 1466 4592 canone
1486 4530 1623 4611 generali
1646 4537 1677 4592 et
1699 4529 1764 4591 aliis
1781 4529 1924 4612 himrgiis
1937 4530 2045 4594 Aethio-

698 4630 774 4710 picis
803 4630 915 4691 inserta
946 4638 1031 4705 sunt,
1060 4630 1098 4693 de
1125 4630 1233 4711 quibus
1261 4632 1459 4711 triumphator
1488 4632 1539 4694 ille
1569 4631 1710 4695 Claudius
1739 4631 1864 4694 verbum
1892 4650 1954 4694 non
1983 4629 2044 4693 iecit.

698 4727 923 4808 Expectabatur
945 4750 962 4792 a
984 4730 1051 4792 viro
1073 4729 1253 4811 Aethiopiae
1276 4731 1462 4807 doctissimo,
1486 4733 1612 4814 ejusque
1634 4732 1756 4815 linguae
1778 4749 1835 4812 per
1857 4749 1951 4794 annos
1974 4747 2044 4793 sesa-

699 4828 781 4908 ginta
805 4836 836 4890 et
858 4828 983 4910 amplius
1007 4829 1123 4892 cultore
1136 4829 1288 4895 indefesso
1302 4831 1381 4895 lobo
1400 4831 1539 4911 Ludollo,
1562 4831 1722 4916 singularis
1744 4831 1843 4911 aliqua
1865 4832 2043 4914 Liturgiarun

699 4926 816 4988 illarum
838 4929 956 4991 notitia:
980 4946 1085 4991 verum
1107 4928 1180 4990 nihil
1202 4928 1253 4992 ille
1266 4932 1362 4993 minus
1376 4933 1534 5013 praestitit.
1568 4932 1635 4995 Duo
1649 4933 1727 4994 enim
1739 4949 1817 5012 quae
1828 4937 1926 4993 tamen
1939 4930 2043 4992 maxim

700 5029 872 5089 necessaria
896 5034 982 5090 erant
1003 5027 1044 5089 illi
1067 5028 1244 5093 defuerunt:
1268 5031 1346 5094 bona
1369 5031 1455 5110 fides,
1479 5040 1510 5095 et
1531 5051 1633 5096 rerum
1648 5032 1927 5095 Ecclesiastlcarum
1944 5028 2041 5112 peritia.
