4525 6034
617 584 658 661 IN
683 582 890 660 LITURCldll
917 580 1097 659 tamtan
1124 580 1155 657 S.
1180 579 1325 656 BdSlLll.
1568 577 1645 651 319

274 770 331 834 sed
353 770 531 851 plenumque
553 775 641 833 recte
663 776 694 832 et
715 767 861 845 fideliter,
884 775 916 830 ut
937 767 1089 848 interpres
1111 765 1199 848 hujus
1222 762 1375 828 Graecae:
1398 762 1546 827 blaronita
1568 781 1647 845 pes-

274 870 360 932 sime.
407 868 465 931 Ubi
485 875 598 932 mentm
618 875 756 931 ceraue:
779 885 846 930 cum
869 869 899 931 in
921 868 1034 931 nostris
1057 866 1230 944 codicibus,
1260 865 1380 948 llegiis,
1411 863 1592 928 colbertinis
1616 871 1649 927 et

273 969 342 1031 aliis
363 966 500 1052 legatur,
529 967 645 1031 Leonte
673 969 770 1030 cordo
798 976 916 1030 cestra:
946 974 976 1029 et
1002 966 1079 1029 Sacae
1108 966 1192 1046 opud
1210 965 1386 1043 bammum,
1417 982 1495 1045 quae
1523 963 1648 1027 Graecis

272 1070 348 1130 satis
370 1067 567 1149 respondent.
618 1067 736 1131 Deinde
766 1067 845 1130 idem
874 1067 1022 1131 blaronita
1051 1066 1220 1129 orationem
1249 1065 1292 1126 ita
1319 1063 1477 1145 pervertit.
1529 1063 1648 1144 Digams

273 1175 321 1228 est
342 1175 371 1229 et
383 1170 502 1247 jactata
526 1168 579 1248 pat
594 1176 755 1248 paraenet
772 1169 932 1248 praeceps,
953 1173 1059 1232 contm
1074 1164 1221 1227 Graecam
1243 1172 1275 1228 et
1297 1163 1453 1244 Copticam
1474 1162 1645 1239 lectionem,

275 1285 357 1348 quae
378 1275 411 1330 ut
433 1265 512 1347 apud
534 1285 638 1330 omnes
660 1266 815 1330 Ecclesiae
837 1268 878 1329 ita
900 1267 1012 1348 incipit
1055 1265 1187 1345 Dignum
1208 1271 1238 1326 ct
1250 1268 1367 1344 jambam
1389 1271 1451 1339 est,
1473 1271 1529 1328 etc.

362 1366 510 1430 Praefatio
533 1375 651 1446 auum,
673 1375 705 1429 ut
726 1366 820 1450 vulgo
842 1384 1004 1444 vocamus,
1031 1364 1136 1427 eadem
1159 1364 1307 1447 significat
1328 1364 1360 1427 iu
1382 1363 1518 1427 omnibus
1540 1363 1645 1427 Litur-

272 1468 352 1549 gicis
375 1467 479 1530 olllciis
502 1467 584 1529 etin
607 1465 717 1547 hymno
740 1464 890 1548 Angelicn
912 1464 1036 1528 desinit:
1065 1463 1103 1527 de
1132 1482 1192 1545 qua
1215 1461 1341 1526 eumad
1363 1460 1644 1545 CopticamBasilii

272 1566 441 1650 Liturgiam
463 1565 573 1629 dictum
595 1568 650 1642 sit,
671 1564 743 1628 nssal
765 1573 906 1647 superest
927 1564 1072 1646 singulari
1095 1563 1310 1627 observatione
1333 1563 1466 1646 dignum.

406 1824 520 1902 Τοῦτό
546 1830 619 1901 ἐστι
645 1824 688 1901 τὸ
714 1823 819 1922 σῶμά
844 1854 929 1921 μου.
983 1826 1059 1897 Hoc
1086 1832 1137 1897 est
1164 1848 1289 1920 corpor
1313 1848 1429 1915 mecm,
1457 1831 1520 1898 etc.

362 2038 456 2117 llaec
477 2056 526 2112 est
549 2047 791 2129 frequentissima
813 2048 974 2111 verbomun
989 2046 1101 2112 Christi
1122 2047 1415 2129 pronunciandorum
1438 2045 1544 2126 forma,
1567 2065 1646 2129 qua-

274 2154 348 2217 liter
368 2154 482 2237 legitur
503 2154 534 2215 in
557 2152 713 2235 Gregorii,
734 2151 889 2233 Marcique
913 2151 1036 2215 Graecis
1057 2150 1219 2233 Liturgiis,
1243 2157 1275 2213 ut
1297 2152 1387 2214 etiam
1407 2149 1555 2232 Copticis:
1577 2169 1645 2215 nam

275 2256 430 2317 nescimus
453 2270 512 2333 qua
534 2253 651 2315 ratione
674 2251 820 2314 Maronita
843 2252 994 2334 interpres
1016 2258 1120 2315 canna
1144 2253 1273 2314 omnium
1295 2250 1439 2313 librorum
1461 2251 1549 2315 iidem
1571 2269 1646 2314 ver-

272 2357 364 2432 terit,
396 2354 476 2433 praed
494 2372 553 2431 pro
575 2353 675 2414 mata
697 2353 852 2429 cadem,
882 2359 911 2414 et
928 2371 989 2431 pro
1010 2352 1110 2414 mutas
1131 2350 1273 2413 dabitur:
1302 2369 1369 2413 cum
1397 2348 1547 2414 Arabicae
1571 2370 1646 2414 ver-

277 2455 383 2518 siones
406 2470 512 2516 vocem
534 2451 664 2515 habeant
685 2469 763 2532 quae
785 2447 827 2534 τῇ
847 2436 1007 2555 κλώμενοι(
1028 2458 1171 2514 accurate
1199 2450 1380 2532 respondet,
1409 2458 1443 2513 ut
1471 2453 1559 2514 etiam
1583 2451 1647 2515 Cn-

273 2555 377 2633 plica,
400 2551 456 2615 sed
479 2553 563 2634 cnjus
586 2552 731 2614 rationem
753 2568 813 2612 non
841 2549 944 2613 babuit
968 2550 999 2615 in
1027 2557 1091 2613 toto
1118 2551 1374 2631 interpretationis
1402 2567 1476 2614 suae
1504 2548 1645 2617 decursu

277 2652 313 2716 ln
335 2653 442 2715 eadem
464 2651 588 2733 Coptica
611 2650 745 2732 liturgia
767 2650 963 2733 interjicitur‚
985 2650 1097 2727 dmm,
1119 2651 1151 2712 in
1172 2650 1326 2733 plerisque
1349 2650 1528 2729 Codicibus,
1558 2658 1591 2713 ul
1615 2653 1646 2714 in

276 2751 412 2827 Graeea;
435 2750 543 2814 sedin
566 2753 623 2813 ista
646 2749 717 2812 nibil
740 2750 857 2813 Graece
880 2749 1018 2833 adjicitur
1044 2758 1115 2832 post
1138 2749 1250 2815 Christi
1271 2750 1380 2813 verba:
1413 2749 1451 2813 ad
1478 2751 1646 2834 marginem

279 2851 409 2931 Coptica
431 2851 557 2932 legitur:
580 2850 645 2913 Hoc
666 2859 713 2912 eat
732 2851 765 2911 in
786 2851 835 2912 rei
853 2852 991 2912 cecitate.
1012 2849 1056 2912 lta
1077 2850 1108 2911 in
1130 2849 1244 2930 aliquot
1267 2849 1443 2914 Codicibus:
1466 2858 1496 2912 et
1510 2850 1647 2914 nonnulli

276 2950 410 3013 addunt:
435 2948 534 3012 Credo
556 2950 614 3012 boc
635 2951 667 3011 ἐκ
693 2950 822 3011 veritate
849 2951 895 3011 ito
922 2969 997 3014 erac.
1053 2949 1135 3012 llanc
1164 2949 1288 3013 brevem
1318 2948 1387 3012 lidei
1417 2948 1646 3014 Confessionem

274 3051 367 3112 unico
389 3049 484 3111 Αηιεη
506 3048 636 3125 includi,
666 3049 779 3110 veteris
803 3047 963 3112 Ecclesiae
991 3049 1162 3130 exemplum
1191 3050 1361 3112 confirmat:
1392 3050 1523 3129 pertinet
1551 3066 1646 3130 pprrc

275 3150 317 3213 ad
339 3149 563 3230 agnoscendam
585 3149 743 3211 veritatem
765 3147 928 3211 verborum
949 3147 1203 3230 Evangelicnrnm
1230 3149 1313 3211 circa
1344 3148 1560 3212 institutionem
1581 3149 1647 3212 Eu·

276 3249 454 3322 charistiae‚
477 3267 536 3329 quia
558 3249 675 3310 ratione
697 3247 785 3310 simul
808 3250 981 3311 continetur
1002 3248 1210 3311 Eucharistiae
1233 3248 1326 3326 fides,
1357 3249 1437 3329 quod
1467 3250 1539 3312 satis
1561 3250 1647 3313 veri-

276 3349 375 3412 simile
397 3355 455 3425 est,
478 3347 613 3428 wamvis
636 3346 795 3411 Coralessio
817 3355 887 3410 ante
909 3350 1146 3411 communionem
1174 3347 1254 3411 illam
1282 3348 1464 3412 sufficienter
1487 3350 1646 3431 exprimat,

278 3467 340 3530 qua
363 3446 401 3509 de
424 3444 591 3515 redictum
613 3456 661 3509 est
684 3446 721 3510 ad
745 3445 899 3526 Copticam
921 3445 1095 3531 Liturgiam.
1140 3446 1189 3509 Αη
1211 3447 1374 3529 antiquitus
1404 3450 1537 3513 extiterit
1566 3451 1647 3533 apud

279 3545 504 3611 Alexandrinos
528 3546 603 3608 haec
632 3544 776 3622 formula,
804 3564 865 3609 non
895 3549 1014 3610 omnino
1045 3555 1160 3610 certum
1189 3554 1252 3610 est:
1283 3566 1351 3610 cum
1380 3566 1420 3610 ex
1448 3547 1647 3614 Rubricatum

277 3646 400 3709 deiectu
422 3645 500 3708 leuis
522 3644 679 3708 admodum
701 3648 875 3727 conjectura
897 3648 948 3709 sil:
971 3648 1081 3711 multae
1103 3665 1212 3729 nempe
1230 3647 1439 3712 caeremoniae
1465 3650 1646 3714 observatae

276 3752 352 3811 sunt
373 3746 452 3807 inter
474 3745 623 3807 actionem
649 3762 784 3824 sacram,
815 3764 891 3826 quae
919 3749 1053 3828 scriptae
1082 3765 1144 3811 non
1171 3754 1268 3811 erent.
1315 3744 1459 3829 Copticae
1488 3750 1643 3832 liturgiae

276 3846 405 3909 tonnam
429 3861 517 3924 quam
538 3843 649 3906 babent
671 3863 712 3907 ex
734 3844 858 3908 Graecis
880 3864 1076 3927 expressam,
1099 3864 1162 3910 non
1183 3848 1302 3910 noviter
1323 3866 1489 3930 accepere,
1519 3869 1587 3913 cum
1615 3848 1647 3913 id

278 3944 393 4008 sactum
415 3944 470 4022 sit,
500 3943 591 4024 paulo
614 3951 684 4024 post
704 3943 987 4008 blubamedanorum
1010 3947 1101 4011 inilia.
1146 3946 1249 4027 ltaque
1272 3947 1344 4010 nibil
1373 3948 1412 4012 dc
1437 3948 1495 4012 bac
1522 3949 1646 4015 conlas-

277 4046 367 4108 sione
388 4043 491 4105 verbis
512 4042 705 4123 Evangelicis
733 4043 907 4126 subjuncta,
934 4053 1050 4108 temere
1078 4046 1197 4110 videtur
1225 4047 1429 4126 statuendum,
1458 4051 1524 4113 sive
1551 4048 1647 4114 forma

276 4148 458 4222 spectetur,
486 4144 552 4205 sive
580 4143 769 4226 significatio.
820 4144 988 4207 assensum
1022 4147 1185 4209 narrationi
1218 4166 1259 4208 ex
1285 4146 1453 4231 Evangelio
1485 4157 1648 4214 contextae

276 4242 448 4322 simplicem
477 4243 571 4305 verba
597 4245 663 4325 ipsa
693 4261 767 4324 prae
790 4262 825 4307 se
847 4244 964 4309 lerunt:
995 4254 1025 4308 at
1047 4245 1266 4309 consessionem
1289 4246 1327 4310 de
1349 4247 1478 4310 veritate
1506 4251 1646 4330 corporis

278 4342 393 4405 Christi
415 4342 446 4403 in
466 4342 655 4406 Eucharistia
677 4361 738 4406 non
761 4342 941 4419 excludunt,
964 4363 1031 4407 curn
1052 4344 1231 4428 Aethiopica
1253 4346 1388 4428 Liturgia
1419 4364 1496 4429 quae
1519 4366 1559 4411 ex
1582 4347 1647 4413 Cn-

277 4441 362 4521 ptica
386 4460 533 4522 expressa
556 4450 620 4522 est,
651 4450 682 4505 et
708 4461 725 4505 a
747 4442 927 4507 Patriarcbis
956 4442 1170 4508 Alexandrinis
1200 4445 1354 4528 ordinata,
1384 4454 1539 4529 utramque
1568 4468 1646 4512 con-

278 4540 382 4603 lineat

710 4751 888 4824 devocatio
914 4751 1066 4848 Spiritus
1091 4759 1212 4828 eoacti.

365 4940 479 5019 Novus
501 4961 532 5016 et
554 4953 674 5038 insigne
696 4956 783 5018 nobis
805 4955 881 5019 baec
895 4957 1029 5043 liturgia
1051 4969 1258 5045 argumentum
1281 4961 1483 5027 subministrat
1505 4983 1565 5047 quo
1588 4984 1646 5030 an·

278 5056 405 5137 tiqnitas
428 5056 514 5140 bajus
537 5058 699 5139 orationis,
731 5078 809 5141 qnae
836 5079 910 5144 prae
940 5065 1069 5128 cacteris
1092 5065 1129 5128 ad
1152 5066 1336 5146 probandam
1358 5086 1460 5132 veram
1481 5077 1512 5133 et
1531 5070 1645 5136 realem
