4525 6034
697 585 774 659 213
1210 587 1572 664 titulati

589 853 592 860 ,
697 774 912 863 ctificantem3
939 776 1136 867 sanguinem
1162 774 1296 845 Domini
1322 773 1387 845 Dei
1414 784 1449 845 et
1474 772 1664 848 Salvatoris
1690 779 1798 848 nostri
1829 776 1911 848 Jesu
1937 775 2061 866 Cbristi,

699 889 741 961 ad
767 895 1000 964 remissionem
1025 899 1260 986 peccatorum,
1287 893 1449 961 civitam
1477 901 1644 963 aeternam
1672 895 1930 987 suscipientium.

802 1007 963 1100 Populus.
1016 1008 1136 1078 Amen.

801 1123 985 1194 Sacerdos.
1039 1121 1112 1194 Nos
1140 1123 1240 1212 igitur
1267 1120 1413 1193 illatione
1440 1125 1675 1216 mysteriorum
1708 1124 1847 1194 istorum
1881 1134 2062 1195 sanctonum

698 1238 789 1331 digni
817 1239 942 1327 ellecti3
969 1246 1002 1309 et
1028 1260 1090 1333 per
1116 1239 1267 1307 veritatis
1295 1239 1500 1328 agnitionem
1528 1236 1740 1309 illuminatum
1766 1236 1928 1309 babentes
1954 1243 2062 1310 mentis

698 1355 848 1443 oculum,
875 1376 1034 1446 rogamus
1067 1364 1101 1425 et
1135 1352 1370 1439 obsecramus,
1403 1361 1437 1422 ut
1471 1356 1631 1448 mysteria
1666 1351 1749 1424 baec
1781 1356 1972 1448 proposita,
2005 1357 2064 1426 sint

697 1469 795 1542 nobis
823 1481 856 1541 et
883 1470 937 1542 illa
966 1469 1241 1563 suscipientibus,
1276 1467 1318 1538 ad
1352 1467 1563 1539 excitandam
1598 1467 1805 1560 vigilantiam
1842 1472 1988 1557 animae,
2025 1469 2062 1540 ad

698 1588 873 1658 sanitatem
902 1589 1074 1682 corporis,
1102 1584 1144 1656 ad
1170 1586 1458 1680 participationem
1485 1606 1602 1655 veram
1629 1584 1817 1680 adoptionis
1842 1583 2000 1672 liliorum,
2025 1583 2063 1656 ad

698 1705 1031 1776 communicationem
1058 1701 1201 1794 Spiritus
1228 1702 1351 1786 sancti,
1379 1698 1421 1769 ad
1447 1697 1685 1772 haereditatem
1705 1703 1803 1791 regni
1829 1698 2001 1773 coelestis:
2025 1700 2061 1771 ad

696 1818 929 1888 remissionem
956 1814 1150 1888 delictorum
1178 1825 1212 1885 et
1237 1822 1472 1910 peccatorum,
1500 1818 1577 1909 quia
1603 1814 1747 1886 tedccet
1772 1813 1906 1888 bonitas
1933 1826 1966 1888 et
1979 1839 2062 1888 amor

698 1952 781 2022 erga
810 1930 972 2018 homines,
1000 1930 1124 2025 tibique
1151 1927 1291 2021 gloriam
1308 1929 1483 2001 referimus
1498 1940 1533 2001 et
1549 1933 1731 2022 gratimmu
1746 1936 1925 2018 actionem,
1952 1931 2061 2006 simul-

698 2068 763 2140 que
790 2048 960 2137 unigenito
987 2044 1072 2117 Filio
1100 2055 1175 2135 tuo,
1202 2056 1266 2118 etc.

802 2161 965 2254 Populus.
1018 2161 1138 2234 Amen.

801 2276 977 2348 Sacerdos
1003 2276 1196 2348 inclinatus.
1249 2274 1371 2348 Coram
1400 2287 1433 2347 te
1465 2277 1608 2349 Domine
1641 2274 1877 2366 obsecramus,
1913 2303 1975 2375 per
2007 2278 2061 2349 boc

697 2392 892 2467 sacrificium
918 2392 1009 2487 quod
1034 2391 1219 2488 perlectum
1246 2402 1280 2463 et
1306 2392 1507 2487 completum
1542 2404 1595 2465 est
1626 2415 1688 2487 per
1720 2393 1876 2488 Spiritum
1912 2406 2060 2480 sanctum,

696 2530 759 2604 pro
785 2507 941 2580 Ecclesia
969 2518 1023 2580 tua
1051 2519 1167 2579 sancta
1196 2506 1367 2580 Catholica
1394 2520 1428 2579 et
1453 2506 1670 2603 Apostolica,
1703 2519 1738 2580 ut
1763 2522 1984 2582 conservetur
2007 2532 2061 2582 sc-

698 2648 778 2696 cure
806 2635 839 2695 et
865 2626 1084 2712 inconcusse,
1116 2645 1181 2694 nec
1215 2634 1334 2719 portae
1368 2621 1486 2693 inlerni
1521 2622 1740 2717 praevaleant
1775 2625 1958 2698 adversum
1988 2649 2061 2697 cam.

696 2738 741 2811 Et
766 2762 828 2834 pro
856 2740 1003 2835 patribus
1030 2743 1153 2811 nostris
1181 2742 1305 2811 sanctis
1332 2751 1366 2810 et
1397 2739 1585 2812 rectoribus
1617 2744 1760 2826 nostriS,
1792 2746 1977 2837 praecipue
2008 2765 2061 2837 pro

696 2854 826 2943 beatis,
853 2854 1042 2927 Patriarcba
1071 2865 1188 2927 nostro
1216 2854 1256 2925 D.
1283 2854 1324 2927 N.
1353 2865 1387 2926 et
1410 2854 1582 2950 Episcopo
1608 2866 1723 2929 nostro
1750 2857 1790 2928 D.
1815 2857 1857 2929 N.
1885 2881 1963 2930 cum
1986 2858 2061 2927 reli-

697 2976 770 3066 quis
795 2971 973 3066 Episcopis
1002 2971 1217 3045 Ortbodoxis.
1272 2968 1448 3044 Conserva
1476 2994 1537 3044 eos
1565 2970 1607 3044 ab
1634 2970 1878 3044 incursionibus
1904 2974 2009 3060 nralis,
2033 2983 2062 3044 ct

697 3110 717 3157 a
744 3089 879 3183 pascuis
905 3090 1120 3181 perniciosis:
1147 3090 1215 3160 Pro
1242 3086 1471 3160 sacerdotibus
1499 3098 1533 3159 et
1557 3090 1735 3172 Diaconis,
1772 3094 1931 3183 omnique
1958 3088 2061 3161 ordino

695 3200 954 3291 Ecclesiastico,
981 3226 1246 3299 unumquemque
1273 3221 1481 3276 conservans
1509 3206 1541 3274 in
1568 3226 1610 3274 ea
1639 3207 1819 3275 vocatione
1846 3227 1912 3297 qua
1932 3215 2061 3276 vocatus

698 3327 764 3404 est,
792 3317 920 3413 absque
947 3322 1100 3406 crimine,
1128 3330 1162 3391 et
1189 3324 1409 3393 accusatione.
1462 3318 1626 3392 Miserere
1653 3323 1752 3389 etiam
1780 3321 1951 3391 tenuitatis
1976 3341 2061 3391 meae

697 3433 879 3504 secundum
905 3435 1182 3523 misericordiam,
1210 3446 1244 3506 et
1269 3435 1488 3521 clementiam,
1515 3457 1624 3528 neque
1643 3433 1739 3505 simul
1765 3433 1887 3529 perdas
1917 3458 1972 3506 me
1997 3455 2060 3504 cnm

696 3550 919 3642 iniquitatibus
945 3554 1045 3638 meiS,
1073 3551 1134 3622 sed
1160 3549 1284 3623 exhibe
1311 3573 1393 3642 erga
1420 3572 1475 3621 me
1501 3550 1681 3637 bonitatem
1701 3560 1798 3635 tuam,
1828 3554 1983 3644 quamvis
2008 3552 2061 3620 sim

697 3663 865 3755 indignus:
893 3664 990 3738 salva
1017 3690 1071 3737 me
1095 3666 1279 3738 'secundum
1306 3665 1540 3737 multitudinem
1568 3664 1815 3736 misericordiae
1830 3674 1923 3754 tuae,
1951 3677 1986 3738 ut
2008 3685 2060 3760 per

695 3765 807 3850 'omnia
833 3779 1016 3871 glorificem
1045 3793 1077 3853 te
1104 3781 1257 3854 omnibus
1285 3780 1401 3852 diebus
1427 3785 1518 3853 vitae
1544 3803 1655 3852 meae:
1683 3792 1764 3853 uta
1797 3785 1943 3854 terrenis
1969 3784 2060 3872 cogi-

697 3894 876 3967 tationibus
903 3918 956 3967 me
983 3919 1182 3986 removeas,
1208 3918 1376 3991 purusque
1402 3895 1540 3984 nitidus,
1567 3907 1602 3966 et
1628 3895 1756 3990 absque
1782 3896 1911 3967 macida
1932 3901 2008 3983 sim,
2033 3906 2061 3966 ct

697 4015 782 4083 sicut
807 4011 1002 4103 vigilantiae
1028 4017 1062 4084 in
1088 4016 1270 4085 ministerio
1297 4014 1477 4108 requisitae
1493 4015 1662 4100 convenit,
1689 4021 1804 4082 sancte
1821 4023 1961 4084 tractem
1987 4010 2060 4082 baec

698 4129 868 4222 mysteria.
922 4128 989 4200 Pro
1016 4128 1079 4200 ibis
1106 4132 1207 4200 etiam
1234 4131 1288 4223 qui
1315 4128 1518 4199 infirmantur
1544 4149 1706 4221 corpore,
1735 4138 1768 4198 et
1794 4131 1922 4218 anima,
1949 4138 1983 4199 et
2006 4146 2060 4221 pro

697 4242 761 4313 illis
787 4241 923 4337 reliquis
951 4247 1005 4339 qui
1033 4247 1065 4315 in
1092 4243 1346 4340 purgationibus
1374 4244 1538 4331 timendis,
1565 4241 1721 4338 periculis
1745 4243 1873 4314 scilicet
1893 4243 2060 4336 exiliisque

697 4369 894 4450 versantur,
921 4369 957 4430 ut
981 4358 1045 4433 illis
1072 4360 1205 4454 quidem
1232 4364 1422 4447 sanitatem,
1449 4369 1484 4431 et
1509 4361 1782 4453 respirationem,
1809 4362 1882 4430 istis
1909 4382 1994 4431 vero
2018 4357 2059 4427 li-

696 4472 861 4546 bertatem
890 4484 925 4546 et
950 4475 1180 4548 liberationem
1197 4475 1375 4549 concedas.
1428 4474 1575 4546 Benedic
1601 4476 1701 4546 etiam
1727 4495 1877 4546 coronae
1905 4479 1982 4546 anni
2007 4493 2060 4568 per

696 4587 936 4680 benignitatem
964 4601 1070 4680 tuam3
1107 4594 1196 4664 aeris
1230 4614 1363 4687 quoque
1395 4600 1429 4663 et
1460 4593 1603 4662 omnium
1636 4601 1747 4662 terrae
1780 4591 1958 4679 lructuum,
1983 4611 2059 4686 per·

694 4715 796 4800 petuo
824 4706 1015 4778 recordare.

803 4821 962 4915 Populus.
1016 4821 1122 4918 llyrie
1149 4823 1287 4895 eleison.

804 4939 980 5009 Sacerdos
1005 4938 1143 5010 elevans
1167 4962 1293 5011 nocem
1345 4938 1390 5011 Et
1421 4961 1587 5012 conserva
1618 4939 1761 5011 Domine
1791 4938 1948 5035 populum
1979 4947 2057 5007 tuum

697 5053 846 5145 fidelem,
873 5065 907 5126 et
932 5053 1038 5127 libera
1063 5076 1127 5126 nos
1153 5055 1195 5129 ab
1223 5054 1375 5128 omnibus
1401 5055 1539 5130 maculis
1566 5066 1601 5127 et
1626 5057 1745 5128 naevis
1771 5058 1921 5151 peccati,
1959 5064 1991 5126 et
2020 5048 2057 5123 ab
